{
  "metadata" : {
    "screenerCompanyId" : "13",
    "companyCode" : "3MINDIA",
    "companyName" : "3M India",
    "screenerCompanyLink" : "https://www.screener.in/company/3MINDIA/",
    "screenerTechnicalHistoryLink" : "https://www.screener.in/api/company/13/chart/?q=Price-DMA50-DMA200-Volume&days=365",
    "screenerQuarterlyResultsLink" : "https://www.screener.in/api/company/13/chart/?q=GPM-OPM-NPM-Quarter+Sales&days=10000",
    "attributes" : {
      "companyCode" : "3MINDIA",
      "companyName" : "3M India",
      "marketCap" : 41235.00,
      "peRatio" : 74.40,
      "description" : "3M India is a subsidiary of 3M Company, USA. The Company manages its operations in four operating segments: Safety & Industrial , Transportation & Electronics, Health Care and Consumer. In India, the Company has manufacturing facilities at Ahmedabad, Bangalore, Pune and has a R&D Center in Bangalore.(Source : 202003 Annual Report Page No:137)"
    },
    "companyScore" : {
      "priceHigherThanDma50" : 5.00,
      "priceHigherThanDma100" : 5.00,
      "priceHigherThanDma200" : 5.00,
      "dma50HigherThanDma100" : 5.00,
      "dma50HigherThanDma200" : 5.00,
      "dma100HigherThanDma200" : 5.00,
      "pricePercentageAboveDma50" : 4.72,
      "pricePercentageAboveDma100" : 4.52,
      "pricePercentageAboveDma200" : 4.39,
      "weeklyVolumeHigherThanYearlyVolume" : 0.00,
      "salesGrowthPercentile" : 10.38,
      "operatingProfitMarginPercentile" : 18.97,
      "netProfitMarginPercentile" : 9.88,
      "totalTechnicalScore" : 43.62,
      "totalFundamentalScore" : 39.23,
      "totalScore" : 82.86
    }
  },
  "attributes" : {
    "companyCode" : "3MINDIA",
    "companyName" : "3M India",
    "marketCap" : 41235.00,
    "peRatio" : 74.40,
    "description" : "3M India is a subsidiary of 3M Company, USA. The Company manages its operations in four operating segments: Safety & Industrial , Transportation & Electronics, Health Care and Consumer. In India, the Company has manufacturing facilities at Ahmedabad, Bangalore, Pune and has a R&D Center in Bangalore.(Source : 202003 Annual Report Page No:137)"
  },
  "technicalHistory" : [ {
    "date" : "2025-02-10",
    "price" : 28107.95,
    "dma50" : 30239.56,
    "dma100" : null,
    "dma200" : 32292.62,
    "volume" : 15625.00
  }, {
    "date" : "2025-02-11",
    "price" : 27550.55,
    "dma50" : 30134.11,
    "dma100" : null,
    "dma200" : 32245.44,
    "volume" : 10298.00
  }, {
    "date" : "2025-02-12",
    "price" : 27664.80,
    "dma50" : 30037.28,
    "dma100" : null,
    "dma200" : 32199.86,
    "volume" : 11457.00
  }, {
    "date" : "2025-02-13",
    "price" : 27196.50,
    "dma50" : 29925.87,
    "dma100" : null,
    "dma200" : 32150.07,
    "volume" : 13379.00
  }, {
    "date" : "2025-02-14",
    "price" : 26739.95,
    "dma50" : 29800.94,
    "dma100" : null,
    "dma200" : 32096.24,
    "volume" : 14393.00
  }, {
    "date" : "2025-02-17",
    "price" : 26930.15,
    "dma50" : 29688.36,
    "dma100" : null,
    "dma200" : 32044.84,
    "volume" : 9897.00
  }, {
    "date" : "2025-02-18",
    "price" : 26678.00,
    "dma50" : 29570.30,
    "dma100" : null,
    "dma200" : 31991.43,
    "volume" : 2662.00
  }, {
    "date" : "2025-02-19",
    "price" : 27000.85,
    "dma50" : 29469.54,
    "dma100" : null,
    "dma200" : 31941.78,
    "volume" : 3105.00
  }, {
    "date" : "2025-02-20",
    "price" : 27442.80,
    "dma50" : 29390.06,
    "dma100" : null,
    "dma200" : 31897.01,
    "volume" : 2526.00
  }, {
    "date" : "2025-02-21",
    "price" : 27344.10,
    "dma50" : 29309.83,
    "dma100" : null,
    "dma200" : 31851.71,
    "volume" : 5319.00
  }, {
    "date" : "2025-02-24",
    "price" : 26780.10,
    "dma50" : 29210.62,
    "dma100" : null,
    "dma200" : 31801.24,
    "volume" : 8194.00
  }, {
    "date" : "2025-02-25",
    "price" : 26487.00,
    "dma50" : 29103.81,
    "dma100" : null,
    "dma200" : 31748.37,
    "volume" : 3236.00
  }, {
    "date" : "2025-02-27",
    "price" : 26467.10,
    "dma50" : 29000.41,
    "dma100" : null,
    "dma200" : 31695.82,
    "volume" : 5653.00
  }, {
    "date" : "2025-02-28",
    "price" : 26297.30,
    "dma50" : 28894.41,
    "dma100" : null,
    "dma200" : 31642.10,
    "volume" : 7526.00
  }, {
    "date" : "2025-03-03",
    "price" : 26275.90,
    "dma50" : 28791.72,
    "dma100" : null,
    "dma200" : 31588.71,
    "volume" : 4450.00
  }, {
    "date" : "2025-03-04",
    "price" : 25982.50,
    "dma50" : 28681.56,
    "dma100" : null,
    "dma200" : 31532.92,
    "volume" : 4798.00
  }, {
    "date" : "2025-03-05",
    "price" : 27781.65,
    "dma50" : 28646.27,
    "dma100" : null,
    "dma200" : 31495.60,
    "volume" : 12300.00
  }, {
    "date" : "2025-03-06",
    "price" : 27904.90,
    "dma50" : 28617.19,
    "dma100" : null,
    "dma200" : 31459.87,
    "volume" : 5483.00
  }, {
    "date" : "2025-03-07",
    "price" : 27723.30,
    "dma50" : 28582.14,
    "dma100" : null,
    "dma200" : 31422.69,
    "volume" : 4253.00
  }, {
    "date" : "2025-03-10",
    "price" : 27468.15,
    "dma50" : 28538.45,
    "dma100" : null,
    "dma200" : 31383.34,
    "volume" : 4123.00
  }, {
    "date" : "2025-03-11",
    "price" : 27948.35,
    "dma50" : 28515.31,
    "dma100" : null,
    "dma200" : 31349.16,
    "volume" : 6625.00
  }, {
    "date" : "2025-03-12",
    "price" : 27950.30,
    "dma50" : 28493.15,
    "dma100" : null,
    "dma200" : 31315.34,
    "volume" : 6464.00
  }, {
    "date" : "2025-03-13",
    "price" : 27880.30,
    "dma50" : 28469.12,
    "dma100" : null,
    "dma200" : 31281.16,
    "volume" : 2940.00
  }, {
    "date" : "2025-03-17",
    "price" : 27288.00,
    "dma50" : 28422.80,
    "dma100" : null,
    "dma200" : 31241.43,
    "volume" : 3465.00
  }, {
    "date" : "2025-03-18",
    "price" : 27564.35,
    "dma50" : 28389.14,
    "dma100" : null,
    "dma200" : 31204.84,
    "volume" : 4271.00
  }, {
    "date" : "2025-03-19",
    "price" : 28343.70,
    "dma50" : 28387.35,
    "dma100" : null,
    "dma200" : 31176.37,
    "volume" : 6070.00
  }, {
    "date" : "2025-03-20",
    "price" : 27972.50,
    "dma50" : 28371.09,
    "dma100" : null,
    "dma200" : 31144.49,
    "volume" : 6675.00
  }, {
    "date" : "2025-03-21",
    "price" : 28528.60,
    "dma50" : 28377.26,
    "dma100" : null,
    "dma200" : 31118.46,
    "volume" : 8272.00
  }, {
    "date" : "2025-03-24",
    "price" : 28530.80,
    "dma50" : 28383.28,
    "dma100" : null,
    "dma200" : 31092.72,
    "volume" : 4630.00
  }, {
    "date" : "2025-03-25",
    "price" : 28465.60,
    "dma50" : 28386.51,
    "dma100" : null,
    "dma200" : 31066.57,
    "volume" : 3898.00
  }, {
    "date" : "2025-03-26",
    "price" : 27948.60,
    "dma50" : 28369.34,
    "dma100" : null,
    "dma200" : 31035.55,
    "volume" : 2855.00
  }, {
    "date" : "2025-03-27",
    "price" : 27891.90,
    "dma50" : 28350.62,
    "dma100" : null,
    "dma200" : 31004.27,
    "volume" : 5153.00
  }, {
    "date" : "2025-03-28",
    "price" : 28889.15,
    "dma50" : 28371.73,
    "dma100" : null,
    "dma200" : 30983.22,
    "volume" : 10412.00
  }, {
    "date" : "2025-04-01",
    "price" : 28231.60,
    "dma50" : 28366.24,
    "dma100" : null,
    "dma200" : 30955.84,
    "volume" : 3352.00
  }, {
    "date" : "2025-04-02",
    "price" : 28671.15,
    "dma50" : 28378.20,
    "dma100" : null,
    "dma200" : 30933.11,
    "volume" : 2000.00
  }, {
    "date" : "2025-04-03",
    "price" : 28970.00,
    "dma50" : 28401.40,
    "dma100" : null,
    "dma200" : 30913.58,
    "volume" : 2113.00
  }, {
    "date" : "2025-04-04",
    "price" : 28326.10,
    "dma50" : 28398.45,
    "dma100" : null,
    "dma200" : 30887.83,
    "volume" : 3176.00
  }, {
    "date" : "2025-04-07",
    "price" : 27429.70,
    "dma50" : 28360.46,
    "dma100" : null,
    "dma200" : 30853.42,
    "volume" : 4133.00
  }, {
    "date" : "2025-04-08",
    "price" : 28251.15,
    "dma50" : 28356.17,
    "dma100" : null,
    "dma200" : 30827.53,
    "volume" : 2809.00
  }, {
    "date" : "2025-04-09",
    "price" : 28028.10,
    "dma50" : 28343.31,
    "dma100" : null,
    "dma200" : 30799.67,
    "volume" : 1055.00
  }, {
    "date" : "2025-04-11",
    "price" : 29006.30,
    "dma50" : 28369.31,
    "dma100" : null,
    "dma200" : 30781.83,
    "volume" : 4504.00
  }, {
    "date" : "2025-04-15",
    "price" : 30385.00,
    "dma50" : 28448.36,
    "dma100" : null,
    "dma200" : 30777.88,
    "volume" : 10723.00
  }, {
    "date" : "2025-04-16",
    "price" : 30715.00,
    "dma50" : 28537.24,
    "dma100" : null,
    "dma200" : 30777.26,
    "volume" : 7853.00
  }, {
    "date" : "2025-04-17",
    "price" : 30335.00,
    "dma50" : 28607.74,
    "dma100" : null,
    "dma200" : 30772.86,
    "volume" : 2698.00
  }, {
    "date" : "2025-04-21",
    "price" : 30090.00,
    "dma50" : 28665.87,
    "dma100" : null,
    "dma200" : 30766.06,
    "volume" : 6572.00
  }, {
    "date" : "2025-04-22",
    "price" : 29955.00,
    "dma50" : 28716.43,
    "dma100" : null,
    "dma200" : 30757.99,
    "volume" : 7864.00
  }, {
    "date" : "2025-04-23",
    "price" : 29995.00,
    "dma50" : 28766.57,
    "dma100" : null,
    "dma200" : 30750.40,
    "volume" : 3427.00
  }, {
    "date" : "2025-04-24",
    "price" : 29875.00,
    "dma50" : 28810.03,
    "dma100" : null,
    "dma200" : 30741.69,
    "volume" : 4257.00
  }, {
    "date" : "2025-04-25",
    "price" : 30020.00,
    "dma50" : 28857.48,
    "dma100" : null,
    "dma200" : 30734.51,
    "volume" : 7309.00
  }, {
    "date" : "2025-04-28",
    "price" : 29495.00,
    "dma50" : 28882.48,
    "dma100" : null,
    "dma200" : 30722.17,
    "volume" : 3580.00
  }, {
    "date" : "2025-04-29",
    "price" : 30035.00,
    "dma50" : 28927.68,
    "dma100" : null,
    "dma200" : 30715.34,
    "volume" : 3630.00
  }, {
    "date" : "2025-04-30",
    "price" : 30110.00,
    "dma50" : 28974.05,
    "dma100" : null,
    "dma200" : 30709.31,
    "volume" : 4986.00
  }, {
    "date" : "2025-05-02",
    "price" : 29755.00,
    "dma50" : 29004.67,
    "dma100" : null,
    "dma200" : 30699.82,
    "volume" : 2948.00
  }, {
    "date" : "2025-05-05",
    "price" : 30185.00,
    "dma50" : 29050.96,
    "dma100" : null,
    "dma200" : 30694.69,
    "volume" : 1210.00
  }, {
    "date" : "2025-05-06",
    "price" : 29640.00,
    "dma50" : 29074.06,
    "dma100" : null,
    "dma200" : 30684.20,
    "volume" : 1963.00
  }, {
    "date" : "2025-05-07",
    "price" : 29520.00,
    "dma50" : 29091.55,
    "dma100" : null,
    "dma200" : 30672.62,
    "volume" : 4769.00
  }, {
    "date" : "2025-05-08",
    "price" : 29340.00,
    "dma50" : 29101.29,
    "dma100" : null,
    "dma200" : 30659.36,
    "volume" : 1766.00
  }, {
    "date" : "2025-05-09",
    "price" : 29050.00,
    "dma50" : 29099.28,
    "dma100" : null,
    "dma200" : 30643.34,
    "volume" : 3260.00
  }, {
    "date" : "2025-05-12",
    "price" : 29200.00,
    "dma50" : 29103.23,
    "dma100" : null,
    "dma200" : 30628.98,
    "volume" : 3362.00
  }, {
    "date" : "2025-05-13",
    "price" : 29135.00,
    "dma50" : 29104.47,
    "dma100" : null,
    "dma200" : 30614.12,
    "volume" : 5000.00
  }, {
    "date" : "2025-05-14",
    "price" : 29270.00,
    "dma50" : 29110.97,
    "dma100" : null,
    "dma200" : 30600.74,
    "volume" : 6230.00
  }, {
    "date" : "2025-05-15",
    "price" : 29565.00,
    "dma50" : 29128.77,
    "dma100" : null,
    "dma200" : 30590.44,
    "volume" : 15539.00
  }, {
    "date" : "2025-05-16",
    "price" : 29680.00,
    "dma50" : 29150.39,
    "dma100" : null,
    "dma200" : 30581.38,
    "volume" : 3416.00
  }, {
    "date" : "2025-05-19",
    "price" : 29640.00,
    "dma50" : 29169.59,
    "dma100" : null,
    "dma200" : 30572.01,
    "volume" : 1956.00
  }, {
    "date" : "2025-05-20",
    "price" : 29340.00,
    "dma50" : 29176.27,
    "dma100" : null,
    "dma200" : 30559.75,
    "volume" : 2726.00
  }, {
    "date" : "2025-05-21",
    "price" : 30305.00,
    "dma50" : 29220.53,
    "dma100" : null,
    "dma200" : 30557.22,
    "volume" : 4978.00
  }, {
    "date" : "2025-05-22",
    "price" : 30225.00,
    "dma50" : 29259.93,
    "dma100" : null,
    "dma200" : 30553.91,
    "volume" : 3126.00
  }, {
    "date" : "2025-05-23",
    "price" : 30095.00,
    "dma50" : 29292.67,
    "dma100" : null,
    "dma200" : 30549.34,
    "volume" : 1233.00
  }, {
    "date" : "2025-05-26",
    "price" : 30110.00,
    "dma50" : 29324.73,
    "dma100" : null,
    "dma200" : 30544.97,
    "volume" : 1726.00
  }, {
    "date" : "2025-05-27",
    "price" : 30075.00,
    "dma50" : 29354.15,
    "dma100" : null,
    "dma200" : 30540.30,
    "volume" : 2601.00
  }, {
    "date" : "2025-05-28",
    "price" : 28925.00,
    "dma50" : 29337.32,
    "dma100" : null,
    "dma200" : 30524.22,
    "volume" : 18199.00
  }, {
    "date" : "2025-05-29",
    "price" : 28810.00,
    "dma50" : 29316.64,
    "dma100" : null,
    "dma200" : 30507.17,
    "volume" : 5820.00
  }, {
    "date" : "2025-05-30",
    "price" : 29275.00,
    "dma50" : 29315.01,
    "dma100" : null,
    "dma200" : 30494.91,
    "volume" : 4287.00
  }, {
    "date" : "2025-06-02",
    "price" : 29295.00,
    "dma50" : 29314.22,
    "dma100" : null,
    "dma200" : 30482.97,
    "volume" : 2908.00
  }, {
    "date" : "2025-06-03",
    "price" : 29830.00,
    "dma50" : 29334.45,
    "dma100" : null,
    "dma200" : 30476.47,
    "volume" : 5487.00
  }, {
    "date" : "2025-06-04",
    "price" : 29695.00,
    "dma50" : 29348.59,
    "dma100" : null,
    "dma200" : 30468.69,
    "volume" : 6157.00
  }, {
    "date" : "2025-06-05",
    "price" : 29630.00,
    "dma50" : 29359.62,
    "dma100" : null,
    "dma200" : 30460.35,
    "volume" : 1478.00
  }, {
    "date" : "2025-06-06",
    "price" : 29360.00,
    "dma50" : 29359.64,
    "dma100" : null,
    "dma200" : 30449.40,
    "volume" : 2462.00
  }, {
    "date" : "2025-06-09",
    "price" : 29425.00,
    "dma50" : 29362.20,
    "dma100" : null,
    "dma200" : 30439.21,
    "volume" : 2854.00
  }, {
    "date" : "2025-06-10",
    "price" : 29425.00,
    "dma50" : 29364.66,
    "dma100" : null,
    "dma200" : 30429.12,
    "volume" : 2969.00
  }, {
    "date" : "2025-06-11",
    "price" : 29325.00,
    "dma50" : 29363.11,
    "dma100" : null,
    "dma200" : 30418.13,
    "volume" : 2931.00
  }, {
    "date" : "2025-06-12",
    "price" : 29230.00,
    "dma50" : 29357.89,
    "dma100" : null,
    "dma200" : 30406.31,
    "volume" : 3214.00
  }, {
    "date" : "2025-06-13",
    "price" : 29145.00,
    "dma50" : 29349.54,
    "dma100" : null,
    "dma200" : 30393.76,
    "volume" : 3080.00
  }, {
    "date" : "2025-06-16",
    "price" : 29145.00,
    "dma50" : 29341.52,
    "dma100" : null,
    "dma200" : 30381.33,
    "volume" : 1632.00
  }, {
    "date" : "2025-06-17",
    "price" : 28970.00,
    "dma50" : 29326.95,
    "dma100" : null,
    "dma200" : 30367.29,
    "volume" : 2017.00
  }, {
    "date" : "2025-06-18",
    "price" : 29175.00,
    "dma50" : 29320.99,
    "dma100" : null,
    "dma200" : 30355.42,
    "volume" : 1751.00
  }, {
    "date" : "2025-06-19",
    "price" : 28875.00,
    "dma50" : 29303.50,
    "dma100" : null,
    "dma200" : 30340.69,
    "volume" : 1733.00
  }, {
    "date" : "2025-06-20",
    "price" : 28490.00,
    "dma50" : 29271.60,
    "dma100" : null,
    "dma200" : 30322.28,
    "volume" : 4822.00
  }, {
    "date" : "2025-06-23",
    "price" : 28390.00,
    "dma50" : 29237.03,
    "dma100" : null,
    "dma200" : 30303.05,
    "volume" : 1661.00
  }, {
    "date" : "2025-06-24",
    "price" : 28415.00,
    "dma50" : 29204.79,
    "dma100" : null,
    "dma200" : 30284.27,
    "volume" : 2181.00
  }, {
    "date" : "2025-06-25",
    "price" : 28500.00,
    "dma50" : 29177.15,
    "dma100" : null,
    "dma200" : 30266.51,
    "volume" : 4348.00
  }, {
    "date" : "2025-06-26",
    "price" : 28605.00,
    "dma50" : 29154.71,
    "dma100" : null,
    "dma200" : 30249.98,
    "volume" : 2160.00
  }, {
    "date" : "2025-06-27",
    "price" : 28650.00,
    "dma50" : 29134.92,
    "dma100" : null,
    "dma200" : 30234.06,
    "volume" : 3181.00
  }, {
    "date" : "2025-06-30",
    "price" : 28500.00,
    "dma50" : 29110.02,
    "dma100" : null,
    "dma200" : 30216.80,
    "volume" : 4385.00
  }, {
    "date" : "2025-07-01",
    "price" : 28690.00,
    "dma50" : 29093.55,
    "dma100" : null,
    "dma200" : 30201.61,
    "volume" : 1998.00
  }, {
    "date" : "2025-07-02",
    "price" : 28410.00,
    "dma50" : 29066.75,
    "dma100" : null,
    "dma200" : 30183.79,
    "volume" : 3854.00
  }, {
    "date" : "2025-07-03",
    "price" : 28720.00,
    "dma50" : 29053.15,
    "dma100" : null,
    "dma200" : 30169.22,
    "volume" : 4611.00
  }, {
    "date" : "2025-07-04",
    "price" : 28945.00,
    "dma50" : 29048.91,
    "dma100" : null,
    "dma200" : 30157.04,
    "volume" : 8876.00
  }, {
    "date" : "2025-07-07",
    "price" : 29255.00,
    "dma50" : 29056.99,
    "dma100" : null,
    "dma200" : 30148.06,
    "volume" : 6475.00
  }, {
    "date" : "2025-07-08",
    "price" : 29515.00,
    "dma50" : 29074.95,
    "dma100" : null,
    "dma200" : 30141.76,
    "volume" : 7102.00
  }, {
    "date" : "2025-07-09",
    "price" : 29495.00,
    "dma50" : 29091.42,
    "dma100" : 28710.87,
    "dma200" : 30135.33,
    "volume" : 4973.00
  }, {
    "date" : "2025-07-10",
    "price" : 29740.00,
    "dma50" : 29116.86,
    "dma100" : 28732.76,
    "dma200" : 30131.40,
    "volume" : 4516.00
  }, {
    "date" : "2025-07-11",
    "price" : 29700.00,
    "dma50" : 29139.72,
    "dma100" : 28753.12,
    "dma200" : 30127.10,
    "volume" : 3221.00
  }, {
    "date" : "2025-07-14",
    "price" : 29690.00,
    "dma50" : 29161.30,
    "dma100" : 28778.05,
    "dma200" : 30122.75,
    "volume" : 2978.00
  }, {
    "date" : "2025-07-15",
    "price" : 29760.00,
    "dma50" : 29184.78,
    "dma100" : 28808.25,
    "dma200" : 30119.14,
    "volume" : 3526.00
  }, {
    "date" : "2025-07-16",
    "price" : 30060.00,
    "dma50" : 29219.10,
    "dma100" : 28839.55,
    "dma200" : 30118.56,
    "volume" : 8331.00
  }, {
    "date" : "2025-07-17",
    "price" : 30000.00,
    "dma50" : 29249.73,
    "dma100" : 28872.77,
    "dma200" : 30117.38,
    "volume" : 3671.00
  }, {
    "date" : "2025-07-18",
    "price" : 29900.00,
    "dma50" : 29275.23,
    "dma100" : 28901.76,
    "dma200" : 30115.21,
    "volume" : 3595.00
  }, {
    "date" : "2025-07-21",
    "price" : 30210.00,
    "dma50" : 29311.89,
    "dma100" : 28929.43,
    "dma200" : 30116.16,
    "volume" : 6755.00
  }, {
    "date" : "2025-07-22",
    "price" : 31230.00,
    "dma50" : 29387.11,
    "dma100" : 28968.29,
    "dma200" : 30127.24,
    "volume" : 23355.00
  }, {
    "date" : "2025-07-23",
    "price" : 31525.00,
    "dma50" : 29470.95,
    "dma100" : 29015.74,
    "dma200" : 30141.15,
    "volume" : 13726.00
  }, {
    "date" : "2025-07-24",
    "price" : 31680.00,
    "dma50" : 29557.58,
    "dma100" : 29067.67,
    "dma200" : 30156.46,
    "volume" : 15138.00
  }, {
    "date" : "2025-07-25",
    "price" : 31230.00,
    "dma50" : 29623.16,
    "dma100" : 29115.30,
    "dma200" : 30167.14,
    "volume" : 8800.00
  }, {
    "date" : "2025-07-28",
    "price" : 30950.00,
    "dma50" : 29675.19,
    "dma100" : 29161.83,
    "dma200" : 30174.93,
    "volume" : 6673.00
  }, {
    "date" : "2025-07-29",
    "price" : 30915.00,
    "dma50" : 29723.81,
    "dma100" : 29208.22,
    "dma200" : 30182.29,
    "volume" : 4856.00
  }, {
    "date" : "2025-07-30",
    "price" : 30955.00,
    "dma50" : 29772.10,
    "dma100" : 29257.94,
    "dma200" : 30189.98,
    "volume" : 19016.00
  }, {
    "date" : "2025-07-31",
    "price" : 30755.00,
    "dma50" : 29810.64,
    "dma100" : 29287.68,
    "dma200" : 30195.61,
    "volume" : 5460.00
  }, {
    "date" : "2025-08-01",
    "price" : 30905.00,
    "dma50" : 29853.56,
    "dma100" : 29317.68,
    "dma200" : 30202.66,
    "volume" : 21048.00
  }, {
    "date" : "2025-08-04",
    "price" : 30560.00,
    "dma50" : 29881.26,
    "dma100" : 29346.04,
    "dma200" : 30206.22,
    "volume" : 11287.00
  }, {
    "date" : "2025-08-05",
    "price" : 30835.00,
    "dma50" : 29918.66,
    "dma100" : 29379.71,
    "dma200" : 30212.48,
    "volume" : 5929.00
  }, {
    "date" : "2025-08-06",
    "price" : 30885.00,
    "dma50" : 29956.56,
    "dma100" : 29409.08,
    "dma200" : 30219.17,
    "volume" : 4392.00
  }, {
    "date" : "2025-08-07",
    "price" : 32000.00,
    "dma50" : 30036.69,
    "dma100" : 29449.58,
    "dma200" : 30236.89,
    "volume" : 24444.00
  }, {
    "date" : "2025-08-08",
    "price" : 31615.00,
    "dma50" : 30098.59,
    "dma100" : 29486.92,
    "dma200" : 30250.60,
    "volume" : 11479.00
  }, {
    "date" : "2025-08-11",
    "price" : 31305.00,
    "dma50" : 30145.90,
    "dma100" : 29527.09,
    "dma200" : 30261.09,
    "volume" : 3602.00
  }, {
    "date" : "2025-08-12",
    "price" : 31025.00,
    "dma50" : 30180.37,
    "dma100" : 29561.70,
    "dma200" : 30268.69,
    "volume" : 6682.00
  }, {
    "date" : "2025-08-13",
    "price" : 30495.00,
    "dma50" : 30192.71,
    "dma100" : 29583.21,
    "dma200" : 30270.94,
    "volume" : 6282.00
  }, {
    "date" : "2025-08-14",
    "price" : 30350.00,
    "dma50" : 30198.88,
    "dma100" : 29606.99,
    "dma200" : 30271.73,
    "volume" : 4276.00
  }, {
    "date" : "2025-08-18",
    "price" : 30405.00,
    "dma50" : 30206.96,
    "dma100" : 29625.75,
    "dma200" : 30273.06,
    "volume" : 10380.00
  }, {
    "date" : "2025-08-19",
    "price" : 31160.00,
    "dma50" : 30244.34,
    "dma100" : 29652.04,
    "dma200" : 30281.88,
    "volume" : 9107.00
  }, {
    "date" : "2025-08-20",
    "price" : 30905.00,
    "dma50" : 30270.24,
    "dma100" : 29676.44,
    "dma200" : 30288.08,
    "volume" : 7629.00
  }, {
    "date" : "2025-08-21",
    "price" : 30875.00,
    "dma50" : 30293.96,
    "dma100" : 29705.70,
    "dma200" : 30293.92,
    "volume" : 3401.00
  }, {
    "date" : "2025-08-22",
    "price" : 30550.00,
    "dma50" : 30304.00,
    "dma100" : 29732.28,
    "dma200" : 30296.47,
    "volume" : 4006.00
  }, {
    "date" : "2025-08-25",
    "price" : 30520.00,
    "dma50" : 30312.47,
    "dma100" : 29748.59,
    "dma200" : 30298.70,
    "volume" : 3747.00
  }, {
    "date" : "2025-08-26",
    "price" : 30415.00,
    "dma50" : 30316.49,
    "dma100" : 29770.43,
    "dma200" : 30299.85,
    "volume" : 4248.00
  }, {
    "date" : "2025-08-28",
    "price" : 30475.00,
    "dma50" : 30322.71,
    "dma100" : 29788.46,
    "dma200" : 30301.60,
    "volume" : 4591.00
  }, {
    "date" : "2025-08-29",
    "price" : 30760.00,
    "dma50" : 30339.86,
    "dma100" : 29806.36,
    "dma200" : 30306.16,
    "volume" : 4249.00
  }, {
    "date" : "2025-09-01",
    "price" : 31295.00,
    "dma50" : 30377.31,
    "dma100" : 29836.05,
    "dma200" : 30316.00,
    "volume" : 3630.00
  }, {
    "date" : "2025-09-02",
    "price" : 31090.00,
    "dma50" : 30405.26,
    "dma100" : 29872.66,
    "dma200" : 30323.70,
    "volume" : 3373.00
  }, {
    "date" : "2025-09-03",
    "price" : 30980.00,
    "dma50" : 30427.80,
    "dma100" : 29899.94,
    "dma200" : 30330.23,
    "volume" : 3303.00
  }, {
    "date" : "2025-09-04",
    "price" : 30455.00,
    "dma50" : 30428.87,
    "dma100" : 29924.21,
    "dma200" : 30331.47,
    "volume" : 8086.00
  }, {
    "date" : "2025-09-05",
    "price" : 30385.00,
    "dma50" : 30427.15,
    "dma100" : 29938.00,
    "dma200" : 30332.00,
    "volume" : 3205.00
  }, {
    "date" : "2025-09-08",
    "price" : 30835.00,
    "dma50" : 30443.14,
    "dma100" : 29942.50,
    "dma200" : 30337.01,
    "volume" : 10108.00
  }, {
    "date" : "2025-09-09",
    "price" : 30830.00,
    "dma50" : 30458.31,
    "dma100" : 29943.65,
    "dma200" : 30341.91,
    "volume" : 10697.00
  }, {
    "date" : "2025-09-10",
    "price" : 30565.00,
    "dma50" : 30462.50,
    "dma100" : 29945.95,
    "dma200" : 30344.13,
    "volume" : 4187.00
  }, {
    "date" : "2025-09-11",
    "price" : 30970.00,
    "dma50" : 30482.40,
    "dma100" : 29954.75,
    "dma200" : 30350.36,
    "volume" : 5644.00
  }, {
    "date" : "2025-09-12",
    "price" : 30715.00,
    "dma50" : 30491.52,
    "dma100" : 29962.35,
    "dma200" : 30353.99,
    "volume" : 2287.00
  }, {
    "date" : "2025-09-15",
    "price" : 30575.00,
    "dma50" : 30494.79,
    "dma100" : 29968.15,
    "dma200" : 30356.19,
    "volume" : 2787.00
  }, {
    "date" : "2025-09-16",
    "price" : 30585.00,
    "dma50" : 30498.33,
    "dma100" : 29975.25,
    "dma200" : 30358.46,
    "volume" : 3290.00
  }, {
    "date" : "2025-09-17",
    "price" : 30255.00,
    "dma50" : 30488.79,
    "dma100" : 29977.60,
    "dma200" : 30357.43,
    "volume" : 4718.00
  }, {
    "date" : "2025-09-18",
    "price" : 30375.00,
    "dma50" : 30484.33,
    "dma100" : 29986.40,
    "dma200" : 30357.61,
    "volume" : 4093.00
  }, {
    "date" : "2025-09-19",
    "price" : 29915.00,
    "dma50" : 30462.00,
    "dma100" : 29985.20,
    "dma200" : 30353.20,
    "volume" : 6008.00
  }, {
    "date" : "2025-09-22",
    "price" : 29975.00,
    "dma50" : 30442.90,
    "dma100" : 29983.85,
    "dma200" : 30349.44,
    "volume" : 2317.00
  }, {
    "date" : "2025-09-23",
    "price" : 29835.00,
    "dma50" : 30419.06,
    "dma100" : 29984.65,
    "dma200" : 30344.32,
    "volume" : 3966.00
  }, {
    "date" : "2025-09-24",
    "price" : 29375.00,
    "dma50" : 30378.12,
    "dma100" : 29976.55,
    "dma200" : 30334.68,
    "volume" : 6929.00
  }, {
    "date" : "2025-09-25",
    "price" : 28920.00,
    "dma50" : 30320.94,
    "dma100" : 29969.35,
    "dma200" : 30320.60,
    "volume" : 5529.00
  }, {
    "date" : "2025-09-26",
    "price" : 29150.00,
    "dma50" : 30275.02,
    "dma100" : 29965.65,
    "dma200" : 30308.95,
    "volume" : 3225.00
  }, {
    "date" : "2025-09-29",
    "price" : 28835.00,
    "dma50" : 30218.55,
    "dma100" : 29960.60,
    "dma200" : 30294.29,
    "volume" : 4793.00
  }, {
    "date" : "2025-09-30",
    "price" : 29445.00,
    "dma50" : 30188.21,
    "dma100" : 29964.55,
    "dma200" : 30285.84,
    "volume" : 7063.00
  }, {
    "date" : "2025-10-01",
    "price" : 29135.00,
    "dma50" : 30146.91,
    "dma100" : 29963.90,
    "dma200" : 30274.39,
    "volume" : 2753.00
  }, {
    "date" : "2025-10-03",
    "price" : 29135.00,
    "dma50" : 30107.23,
    "dma100" : 29963.90,
    "dma200" : 30263.05,
    "volume" : 3136.00
  }, {
    "date" : "2025-10-06",
    "price" : 29325.00,
    "dma50" : 30076.55,
    "dma100" : 29964.45,
    "dma200" : 30253.71,
    "volume" : 1751.00
  }, {
    "date" : "2025-10-07",
    "price" : 29110.00,
    "dma50" : 30038.65,
    "dma100" : 29959.90,
    "dma200" : 30242.33,
    "volume" : 2441.00
  }, {
    "date" : "2025-10-08",
    "price" : 29200.00,
    "dma50" : 30005.76,
    "dma100" : 29955.10,
    "dma200" : 30231.96,
    "volume" : 1670.00
  }, {
    "date" : "2025-10-09",
    "price" : 29265.00,
    "dma50" : 29976.71,
    "dma100" : 29951.35,
    "dma200" : 30222.34,
    "volume" : 1963.00
  }, {
    "date" : "2025-10-10",
    "price" : 29590.00,
    "dma50" : 29961.54,
    "dma100" : 29953.85,
    "dma200" : 30216.05,
    "volume" : 2259.00
  }, {
    "date" : "2025-10-13",
    "price" : 28930.00,
    "dma50" : 29921.09,
    "dma100" : 29940.10,
    "dma200" : 30203.25,
    "volume" : 4364.00
  }, {
    "date" : "2025-10-14",
    "price" : 29100.00,
    "dma50" : 29888.89,
    "dma100" : 29928.85,
    "dma200" : 30192.28,
    "volume" : 2525.00
  }, {
    "date" : "2025-10-15",
    "price" : 29305.00,
    "dma50" : 29865.99,
    "dma100" : 29920.95,
    "dma200" : 30183.45,
    "volume" : 5903.00
  }, {
    "date" : "2025-10-16",
    "price" : 29395.00,
    "dma50" : 29847.52,
    "dma100" : 29913.80,
    "dma200" : 30175.60,
    "volume" : 1883.00
  }, {
    "date" : "2025-10-17",
    "price" : 29565.00,
    "dma50" : 29836.44,
    "dma100" : 29908.70,
    "dma200" : 30169.53,
    "volume" : 2953.00
  }, {
    "date" : "2025-10-20",
    "price" : 29675.00,
    "dma50" : 29830.11,
    "dma100" : 29916.20,
    "dma200" : 30164.61,
    "volume" : 2147.00
  }, {
    "date" : "2025-10-21",
    "price" : 29790.00,
    "dma50" : 29828.54,
    "dma100" : 29926.00,
    "dma200" : 30160.88,
    "volume" : 517.00
  }, {
    "date" : "2025-10-23",
    "price" : 29735.00,
    "dma50" : 29824.87,
    "dma100" : 29930.60,
    "dma200" : 30156.64,
    "volume" : 2635.00
  }, {
    "date" : "2025-10-24",
    "price" : 29735.00,
    "dma50" : 29821.35,
    "dma100" : 29935.00,
    "dma200" : 30152.44,
    "volume" : 1794.00
  }, {
    "date" : "2025-10-27",
    "price" : 30015.00,
    "dma50" : 29828.94,
    "dma100" : 29936.85,
    "dma200" : 30151.08,
    "volume" : 4376.00
  }, {
    "date" : "2025-10-28",
    "price" : 29545.00,
    "dma50" : 29817.81,
    "dma100" : 29935.35,
    "dma200" : 30145.05,
    "volume" : 1606.00
  }, {
    "date" : "2025-10-29",
    "price" : 29765.00,
    "dma50" : 29815.74,
    "dma100" : 29936.70,
    "dma200" : 30141.26,
    "volume" : 1589.00
  }, {
    "date" : "2025-10-30",
    "price" : 29865.00,
    "dma50" : 29817.67,
    "dma100" : 29941.75,
    "dma200" : 30138.52,
    "volume" : 1824.00
  }, {
    "date" : "2025-10-31",
    "price" : 29560.00,
    "dma50" : 29807.56,
    "dma100" : 29943.10,
    "dma200" : 30132.76,
    "volume" : 5709.00
  }, {
    "date" : "2025-11-03",
    "price" : 30700.00,
    "dma50" : 29842.56,
    "dma100" : 29955.85,
    "dma200" : 30138.40,
    "volume" : 26621.00
  }, {
    "date" : "2025-11-04",
    "price" : 35885.00,
    "dma50" : 30079.52,
    "dma100" : 30021.45,
    "dma200" : 30195.58,
    "volume" : 229084.00
  }, {
    "date" : "2025-11-06",
    "price" : 35790.00,
    "dma50" : 30303.46,
    "dma100" : 30087.05,
    "dma200" : 30251.25,
    "volume" : 55654.00
  }, {
    "date" : "2025-11-07",
    "price" : 35580.00,
    "dma50" : 30510.38,
    "dma100" : 30151.40,
    "dma200" : 30304.27,
    "volume" : 32554.00
  }, {
    "date" : "2025-11-10",
    "price" : 36025.00,
    "dma50" : 30726.64,
    "dma100" : 30220.20,
    "dma200" : 30361.19,
    "volume" : 31258.00
  }, {
    "date" : "2025-11-11",
    "price" : 36035.00,
    "dma50" : 30934.81,
    "dma100" : 30290.85,
    "dma200" : 30417.65,
    "volume" : 11282.00
  }, {
    "date" : "2025-11-12",
    "price" : 36005.00,
    "dma50" : 31133.64,
    "dma100" : 30359.15,
    "dma200" : 30473.25,
    "volume" : 8008.00
  }, {
    "date" : "2025-11-13",
    "price" : 36075.00,
    "dma50" : 31327.42,
    "dma100" : 30431.15,
    "dma200" : 30528.98,
    "volume" : 7955.00
  }, {
    "date" : "2025-11-14",
    "price" : 35910.00,
    "dma50" : 31507.13,
    "dma100" : 30505.35,
    "dma200" : 30582.53,
    "volume" : 5769.00
  }, {
    "date" : "2025-11-17",
    "price" : 36130.00,
    "dma50" : 31688.42,
    "dma100" : 30582.75,
    "dma200" : 30637.73,
    "volume" : 6643.00
  }, {
    "date" : "2025-11-18",
    "price" : 36090.00,
    "dma50" : 31861.03,
    "dma100" : 30659.50,
    "dma200" : 30691.98,
    "volume" : 5404.00
  }, {
    "date" : "2025-11-19",
    "price" : 35970.00,
    "dma50" : 32022.17,
    "dma100" : 30734.20,
    "dma200" : 30744.50,
    "volume" : 3862.00
  }, {
    "date" : "2025-11-20",
    "price" : 35685.00,
    "dma50" : 32165.81,
    "dma100" : 30805.00,
    "dma200" : 30793.65,
    "volume" : 3175.00
  }, {
    "date" : "2025-11-21",
    "price" : 35455.00,
    "dma50" : 32294.80,
    "dma100" : 30873.05,
    "dma200" : 30840.04,
    "volume" : 8517.00
  }, {
    "date" : "2025-11-24",
    "price" : 35350.00,
    "dma50" : 32414.61,
    "dma100" : 30941.55,
    "dma200" : 30884.91,
    "volume" : 6526.00
  }, {
    "date" : "2025-11-25",
    "price" : 35290.00,
    "dma50" : 32527.37,
    "dma100" : 31007.55,
    "dma200" : 30928.74,
    "volume" : 6956.00
  }, {
    "date" : "2025-11-26",
    "price" : 35520.00,
    "dma50" : 32644.73,
    "dma100" : 31078.65,
    "dma200" : 30974.43,
    "volume" : 4858.00
  }, {
    "date" : "2025-11-27",
    "price" : 35030.00,
    "dma50" : 32738.27,
    "dma100" : 31141.75,
    "dma200" : 31014.78,
    "volume" : 2886.00
  }, {
    "date" : "2025-11-28",
    "price" : 34840.00,
    "dma50" : 32820.69,
    "dma100" : 31200.70,
    "dma200" : 31052.84,
    "volume" : 2259.00
  }, {
    "date" : "2025-12-01",
    "price" : 34815.00,
    "dma50" : 32898.90,
    "dma100" : 31256.30,
    "dma200" : 31090.28,
    "volume" : 1816.00
  }, {
    "date" : "2025-12-02",
    "price" : 34750.00,
    "dma50" : 32971.49,
    "dma100" : 31308.65,
    "dma200" : 31126.69,
    "volume" : 2179.00
  }, {
    "date" : "2025-12-03",
    "price" : 34760.00,
    "dma50" : 33041.63,
    "dma100" : 31361.30,
    "dma200" : 31162.84,
    "volume" : 1386.00
  }, {
    "date" : "2025-12-04",
    "price" : 34750.00,
    "dma50" : 33108.62,
    "dma100" : 31411.40,
    "dma200" : 31198.54,
    "volume" : 4348.00
  }, {
    "date" : "2025-12-05",
    "price" : 34125.00,
    "dma50" : 33148.48,
    "dma100" : 31455.65,
    "dma200" : 31227.66,
    "volume" : 1926.00
  }, {
    "date" : "2025-12-08",
    "price" : 34915.00,
    "dma50" : 33217.75,
    "dma100" : 31507.90,
    "dma200" : 31264.35,
    "volume" : 12639.00
  }, {
    "date" : "2025-12-09",
    "price" : 34495.00,
    "dma50" : 33267.84,
    "dma100" : 31555.25,
    "dma200" : 31296.49,
    "volume" : 3833.00
  }, {
    "date" : "2025-12-10",
    "price" : 34585.00,
    "dma50" : 33319.50,
    "dma100" : 31600.50,
    "dma200" : 31329.21,
    "volume" : 2751.00
  }, {
    "date" : "2025-12-11",
    "price" : 34480.00,
    "dma50" : 33365.01,
    "dma100" : 31645.30,
    "dma200" : 31360.57,
    "volume" : 3850.00
  }, {
    "date" : "2025-12-12",
    "price" : 35465.00,
    "dma50" : 33447.36,
    "dma100" : 31700.95,
    "dma200" : 31401.41,
    "volume" : 5965.00
  }, {
    "date" : "2025-12-15",
    "price" : 35565.00,
    "dma50" : 33530.40,
    "dma100" : 31754.50,
    "dma200" : 31442.83,
    "volume" : 2231.00
  }, {
    "date" : "2025-12-16",
    "price" : 35370.00,
    "dma50" : 33602.54,
    "dma100" : 31795.90,
    "dma200" : 31481.91,
    "volume" : 2097.00
  }, {
    "date" : "2025-12-17",
    "price" : 35130.00,
    "dma50" : 33662.44,
    "dma100" : 31831.95,
    "dma200" : 31518.21,
    "volume" : 2586.00
  }, {
    "date" : "2025-12-18",
    "price" : 35015.00,
    "dma50" : 33715.49,
    "dma100" : 31865.30,
    "dma200" : 31553.00,
    "volume" : 1795.00
  }, {
    "date" : "2025-12-19",
    "price" : 34875.00,
    "dma50" : 33760.96,
    "dma100" : 31901.75,
    "dma200" : 31586.06,
    "volume" : 3977.00
  }, {
    "date" : "2025-12-22",
    "price" : 35435.00,
    "dma50" : 33826.61,
    "dma100" : 31946.60,
    "dma200" : 31624.36,
    "volume" : 2466.00
  }, {
    "date" : "2025-12-23",
    "price" : 35010.00,
    "dma50" : 33873.01,
    "dma100" : 31987.55,
    "dma200" : 31658.04,
    "volume" : 2388.00
  }, {
    "date" : "2025-12-24",
    "price" : 34575.00,
    "dma50" : 33900.54,
    "dma100" : 32023.75,
    "dma200" : 31687.07,
    "volume" : 1836.00
  }, {
    "date" : "2025-12-26",
    "price" : 34575.00,
    "dma50" : 33926.99,
    "dma100" : 32061.95,
    "dma200" : 31715.80,
    "volume" : 1692.00
  }, {
    "date" : "2025-12-29",
    "price" : 34315.00,
    "dma50" : 33942.21,
    "dma100" : 32096.05,
    "dma200" : 31741.67,
    "volume" : 1430.00
  }, {
    "date" : "2025-12-30",
    "price" : 35290.00,
    "dma50" : 33995.06,
    "dma100" : 32143.35,
    "dma200" : 31776.97,
    "volume" : 16705.00
  }, {
    "date" : "2025-12-31",
    "price" : 35115.00,
    "dma50" : 34038.98,
    "dma100" : 32186.15,
    "dma200" : 31810.19,
    "volume" : 2686.00
  }, {
    "date" : "2026-01-01",
    "price" : 36000.00,
    "dma50" : 34115.88,
    "dma100" : 32237.30,
    "dma200" : 31851.88,
    "volume" : 5111.00
  }, {
    "date" : "2026-01-02",
    "price" : 36170.00,
    "dma50" : 34196.44,
    "dma100" : 32279.00,
    "dma200" : 31894.84,
    "volume" : 8534.00
  }, {
    "date" : "2026-01-05",
    "price" : 36385.00,
    "dma50" : 34282.26,
    "dma100" : 32326.70,
    "dma200" : 31939.52,
    "volume" : 3344.00
  }, {
    "date" : "2026-01-06",
    "price" : 35020.00,
    "dma50" : 34311.19,
    "dma100" : 32363.85,
    "dma200" : 31970.17,
    "volume" : 4755.00
  }, {
    "date" : "2026-01-07",
    "price" : 34875.00,
    "dma50" : 34333.30,
    "dma100" : 32402.35,
    "dma200" : 31999.08,
    "volume" : 3070.00
  }, {
    "date" : "2026-01-08",
    "price" : 34830.00,
    "dma50" : 34352.78,
    "dma100" : 32445.70,
    "dma200" : 32027.25,
    "volume" : 2722.00
  }, {
    "date" : "2026-01-09",
    "price" : 34135.00,
    "dma50" : 34344.24,
    "dma100" : 32483.55,
    "dma200" : 32048.22,
    "volume" : 6381.00
  }, {
    "date" : "2026-01-12",
    "price" : 34830.00,
    "dma50" : 34363.29,
    "dma100" : 32527.80,
    "dma200" : 32075.90,
    "volume" : 3631.00
  }, {
    "date" : "2026-01-13",
    "price" : 34995.00,
    "dma50" : 34388.06,
    "dma100" : 32566.15,
    "dma200" : 32104.94,
    "volume" : 5639.00
  }, {
    "date" : "2026-01-14",
    "price" : 35435.00,
    "dma50" : 34429.12,
    "dma100" : 32611.45,
    "dma200" : 32138.08,
    "volume" : 3157.00
  }, {
    "date" : "2026-01-16",
    "price" : 35250.00,
    "dma50" : 34461.31,
    "dma100" : 32655.20,
    "dma200" : 32169.04,
    "volume" : 3780.00
  }, {
    "date" : "2026-01-19",
    "price" : 34445.00,
    "dma50" : 34460.67,
    "dma100" : 32694.15,
    "dma200" : 32191.69,
    "volume" : 2031.00
  }, {
    "date" : "2026-01-20",
    "price" : 33375.00,
    "dma50" : 34418.10,
    "dma100" : 32722.70,
    "dma200" : 32203.46,
    "volume" : 4479.00
  }, {
    "date" : "2026-01-21",
    "price" : 33980.00,
    "dma50" : 34400.92,
    "dma100" : 32758.35,
    "dma200" : 32221.14,
    "volume" : 4543.00
  }, {
    "date" : "2026-01-22",
    "price" : 33900.00,
    "dma50" : 34381.27,
    "dma100" : 32792.60,
    "dma200" : 32237.85,
    "volume" : 1912.00
  }, {
    "date" : "2026-01-23",
    "price" : 33315.00,
    "dma50" : 34339.46,
    "dma100" : 32818.15,
    "dma200" : 32248.56,
    "volume" : 1819.00
  }, {
    "date" : "2026-01-27",
    "price" : 33075.00,
    "dma50" : 34289.87,
    "dma100" : 32835.95,
    "dma200" : 32256.79,
    "volume" : 4749.00
  }, {
    "date" : "2026-01-28",
    "price" : 33780.00,
    "dma50" : 34269.88,
    "dma100" : 32862.85,
    "dma200" : 32271.94,
    "volume" : 1745.00
  }, {
    "date" : "2026-01-29",
    "price" : 34605.00,
    "dma50" : 34283.02,
    "dma100" : 32899.10,
    "dma200" : 32295.16,
    "volume" : 3077.00
  }, {
    "date" : "2026-01-30",
    "price" : 34390.00,
    "dma50" : 34287.21,
    "dma100" : 32938.45,
    "dma200" : 32316.00,
    "volume" : 4636.00
  }, {
    "date" : "2026-02-01",
    "price" : 34525.00,
    "dma50" : 34296.54,
    "dma100" : 32979.85,
    "dma200" : 32337.98,
    "volume" : 1378.00
  }, {
    "date" : "2026-02-02",
    "price" : 34490.00,
    "dma50" : 34304.13,
    "dma100" : 33016.40,
    "dma200" : 32359.40,
    "volume" : 2696.00
  }, {
    "date" : "2026-02-03",
    "price" : 35025.00,
    "dma50" : 34332.40,
    "dma100" : 33058.35,
    "dma200" : 32385.92,
    "volume" : 3836.00
  }, {
    "date" : "2026-02-04",
    "price" : 35765.00,
    "dma50" : 34388.58,
    "dma100" : 33110.35,
    "dma200" : 32419.54,
    "volume" : 5274.00
  }, {
    "date" : "2026-02-05",
    "price" : 35450.00,
    "dma50" : 34430.20,
    "dma100" : 33155.15,
    "dma200" : 32449.70,
    "volume" : 3226.00
  }, {
    "date" : "2026-02-06",
    "price" : 35190.00,
    "dma50" : 34460.00,
    "dma100" : 33199.90,
    "dma200" : 32476.96,
    "volume" : 4555.00
  }, {
    "date" : "2026-02-09",
    "price" : 36485.00,
    "dma50" : 34539.41,
    "dma100" : 33259.00,
    "dma200" : 32516.84,
    "volume" : 7370.00
  } ],
  "latestTechnicalAttributes" : {
    "date" : "2026-02-09",
    "price" : 36485.00,
    "dma50" : 34539.41,
    "dma100" : 33259.00,
    "dma200" : 32516.84,
    "volume" : 7370.00
  },
  "quarterlyResults" : [ {
    "date" : "2005-03-31",
    "sales" : 87.48,
    "salesGrowthYoY" : null,
    "grossProfitMargin" : 47.09,
    "grossProfit" : 41.19,
    "operatingProfitMargin" : 18.10,
    "operatingProfit" : 15.83,
    "netProfitMargin" : 11.04,
    "netProfit" : 9.66
  }, {
    "date" : "2005-06-30",
    "sales" : 88.70,
    "salesGrowthYoY" : null,
    "grossProfitMargin" : 48.73,
    "grossProfit" : 43.22,
    "operatingProfitMargin" : 20.35,
    "operatingProfit" : 18.05,
    "netProfitMargin" : 11.58,
    "netProfit" : 10.27
  }, {
    "date" : "2005-09-30",
    "sales" : 93.03,
    "salesGrowthYoY" : null,
    "grossProfitMargin" : 46.17,
    "grossProfit" : 42.95,
    "operatingProfitMargin" : 16.07,
    "operatingProfit" : 14.95,
    "netProfitMargin" : 9.10,
    "netProfit" : 8.47
  }, {
    "date" : "2005-12-31",
    "sales" : 110.68,
    "salesGrowthYoY" : null,
    "grossProfitMargin" : 44.12,
    "grossProfit" : 48.83,
    "operatingProfitMargin" : 13.97,
    "operatingProfit" : 15.46,
    "netProfitMargin" : 9.04,
    "netProfit" : 10.01
  }, {
    "date" : "2006-03-31",
    "sales" : 118.52,
    "salesGrowthYoY" : 35.48,
    "grossProfitMargin" : 43.33,
    "grossProfit" : 51.35,
    "operatingProfitMargin" : 16.29,
    "operatingProfit" : 19.31,
    "netProfitMargin" : 9.47,
    "netProfit" : 11.22
  }, {
    "date" : "2006-06-30",
    "sales" : 129.48,
    "salesGrowthYoY" : 45.98,
    "grossProfitMargin" : 45.42,
    "grossProfit" : 58.81,
    "operatingProfitMargin" : 17.67,
    "operatingProfit" : 22.88,
    "netProfitMargin" : 11.01,
    "netProfit" : 14.26
  }, {
    "date" : "2006-09-30",
    "sales" : 126.70,
    "salesGrowthYoY" : 36.19,
    "grossProfitMargin" : 43.36,
    "grossProfit" : 54.94,
    "operatingProfitMargin" : 14.51,
    "operatingProfit" : 18.38,
    "netProfitMargin" : 9.31,
    "netProfit" : 11.80
  }, {
    "date" : "2006-12-31",
    "sales" : 131.04,
    "salesGrowthYoY" : 18.40,
    "grossProfitMargin" : 41.74,
    "grossProfit" : 54.70,
    "operatingProfitMargin" : 14.87,
    "operatingProfit" : 19.49,
    "netProfitMargin" : 10.04,
    "netProfit" : 13.16
  }, {
    "date" : "2007-03-31",
    "sales" : 146.60,
    "salesGrowthYoY" : 23.69,
    "grossProfitMargin" : 41.86,
    "grossProfit" : 61.37,
    "operatingProfitMargin" : 16.84,
    "operatingProfit" : 24.69,
    "netProfitMargin" : 11.04,
    "netProfit" : 16.18
  }, {
    "date" : "2007-06-30",
    "sales" : 148.62,
    "salesGrowthYoY" : 14.78,
    "grossProfitMargin" : 45.16,
    "grossProfit" : 67.12,
    "operatingProfitMargin" : 16.35,
    "operatingProfit" : 24.30,
    "netProfitMargin" : 10.64,
    "netProfit" : 15.81
  }, {
    "date" : "2007-09-30",
    "sales" : 158.71,
    "salesGrowthYoY" : 25.26,
    "grossProfitMargin" : 46.20,
    "grossProfit" : 73.32,
    "operatingProfitMargin" : 18.71,
    "operatingProfit" : 29.69,
    "netProfitMargin" : 11.85,
    "netProfit" : 18.81
  }, {
    "date" : "2007-12-31",
    "sales" : 156.63,
    "salesGrowthYoY" : 19.53,
    "grossProfitMargin" : 46.04,
    "grossProfit" : 72.11,
    "operatingProfitMargin" : 16.40,
    "operatingProfit" : 25.69,
    "netProfitMargin" : 10.78,
    "netProfit" : 16.88
  }, {
    "date" : "2008-03-31",
    "sales" : 185.58,
    "salesGrowthYoY" : 26.59,
    "grossProfitMargin" : 42.71,
    "grossProfit" : 79.26,
    "operatingProfitMargin" : 15.47,
    "operatingProfit" : 28.71,
    "netProfitMargin" : 9.80,
    "netProfit" : 18.19
  }, {
    "date" : "2008-06-30",
    "sales" : 188.30,
    "salesGrowthYoY" : 26.70,
    "grossProfitMargin" : 42.97,
    "grossProfit" : 80.91,
    "operatingProfitMargin" : 12.89,
    "operatingProfit" : 24.27,
    "netProfitMargin" : 8.13,
    "netProfit" : 15.31
  }, {
    "date" : "2008-09-30",
    "sales" : 191.72,
    "salesGrowthYoY" : 20.80,
    "grossProfitMargin" : 40.33,
    "grossProfit" : 77.32,
    "operatingProfitMargin" : 9.34,
    "operatingProfit" : 17.91,
    "netProfitMargin" : 6.70,
    "netProfit" : 12.85
  }, {
    "date" : "2008-12-31",
    "sales" : 177.07,
    "salesGrowthYoY" : 13.05,
    "grossProfitMargin" : 37.17,
    "grossProfit" : 65.82,
    "operatingProfitMargin" : 10.23,
    "operatingProfit" : 18.11,
    "netProfitMargin" : 6.28,
    "netProfit" : 11.12
  }, {
    "date" : "2009-03-31",
    "sales" : 188.23,
    "salesGrowthYoY" : 1.43,
    "grossProfitMargin" : 38.99,
    "grossProfit" : 73.39,
    "operatingProfitMargin" : 11.71,
    "operatingProfit" : 22.04,
    "netProfitMargin" : 6.74,
    "netProfit" : 12.69
  }, {
    "date" : "2009-06-30",
    "sales" : 201.10,
    "salesGrowthYoY" : 6.80,
    "grossProfitMargin" : 42.63,
    "grossProfit" : 85.73,
    "operatingProfitMargin" : 15.36,
    "operatingProfit" : 30.89,
    "netProfitMargin" : 9.14,
    "netProfit" : 18.38
  }, {
    "date" : "2009-09-30",
    "sales" : 208.17,
    "salesGrowthYoY" : 8.58,
    "grossProfitMargin" : 40.67,
    "grossProfit" : 84.66,
    "operatingProfitMargin" : 10.56,
    "operatingProfit" : 21.98,
    "netProfitMargin" : 6.36,
    "netProfit" : 13.24
  }, {
    "date" : "2009-12-31",
    "sales" : 239.35,
    "salesGrowthYoY" : 35.17,
    "grossProfitMargin" : 43.71,
    "grossProfit" : 104.62,
    "operatingProfitMargin" : 14.18,
    "operatingProfit" : 33.94,
    "netProfitMargin" : 8.62,
    "netProfit" : 20.63
  }, {
    "date" : "2010-03-31",
    "sales" : 263.67,
    "salesGrowthYoY" : 40.08,
    "grossProfitMargin" : 40.37,
    "grossProfit" : 106.44,
    "operatingProfitMargin" : 16.29,
    "operatingProfit" : 42.95,
    "netProfitMargin" : 10.57,
    "netProfit" : 27.87
  }, {
    "date" : "2010-06-30",
    "sales" : 291.14,
    "salesGrowthYoY" : 44.77,
    "grossProfitMargin" : 42.25,
    "grossProfit" : 123.01,
    "operatingProfitMargin" : 17.36,
    "operatingProfit" : 50.54,
    "netProfitMargin" : 10.94,
    "netProfit" : 31.85
  }, {
    "date" : "2010-09-30",
    "sales" : 295.66,
    "salesGrowthYoY" : 42.03,
    "grossProfitMargin" : 41.39,
    "grossProfit" : 122.37,
    "operatingProfitMargin" : 12.60,
    "operatingProfit" : 37.25,
    "netProfitMargin" : 7.62,
    "netProfit" : 22.53
  }, {
    "date" : "2010-12-31",
    "sales" : 284.58,
    "salesGrowthYoY" : 18.90,
    "grossProfitMargin" : 43.28,
    "grossProfit" : 123.17,
    "operatingProfitMargin" : 9.75,
    "operatingProfit" : 27.75,
    "netProfitMargin" : 5.67,
    "netProfit" : 16.14
  }, {
    "date" : "2011-03-31",
    "sales" : 320.02,
    "salesGrowthYoY" : 21.37,
    "grossProfitMargin" : 41.00,
    "grossProfit" : 131.21,
    "operatingProfitMargin" : 12.47,
    "operatingProfit" : 39.91,
    "netProfitMargin" : 8.84,
    "netProfit" : 28.29
  }, {
    "date" : "2011-06-30",
    "sales" : 351.66,
    "salesGrowthYoY" : 20.79,
    "grossProfitMargin" : 40.41,
    "grossProfit" : 142.11,
    "operatingProfitMargin" : 13.72,
    "operatingProfit" : 48.25,
    "netProfitMargin" : 8.20,
    "netProfit" : 28.84
  }, {
    "date" : "2011-09-30",
    "sales" : 332.06,
    "salesGrowthYoY" : 12.31,
    "grossProfitMargin" : 38.00,
    "grossProfit" : 126.18,
    "operatingProfitMargin" : 7.17,
    "operatingProfit" : 23.81,
    "netProfitMargin" : 3.58,
    "netProfit" : 11.89
  }, {
    "date" : "2011-12-31",
    "sales" : 320.09,
    "salesGrowthYoY" : 12.48,
    "grossProfitMargin" : 38.91,
    "grossProfit" : 124.55,
    "operatingProfitMargin" : 3.47,
    "operatingProfit" : 11.11,
    "netProfitMargin" : 0.72,
    "netProfit" : 2.30
  }, {
    "date" : "2012-03-31",
    "sales" : 401.30,
    "salesGrowthYoY" : 25.40,
    "grossProfitMargin" : 36.03,
    "grossProfit" : 144.59,
    "operatingProfitMargin" : 9.44,
    "operatingProfit" : 37.88,
    "netProfitMargin" : 5.42,
    "netProfit" : 21.75
  }, {
    "date" : "2012-06-30",
    "sales" : 407.88,
    "salesGrowthYoY" : 15.99,
    "grossProfitMargin" : 35.81,
    "grossProfit" : 146.06,
    "operatingProfitMargin" : 7.89,
    "operatingProfit" : 32.18,
    "netProfitMargin" : 4.10,
    "netProfit" : 16.72
  }, {
    "date" : "2012-09-30",
    "sales" : 383.10,
    "salesGrowthYoY" : 15.37,
    "grossProfitMargin" : 34.87,
    "grossProfit" : 133.59,
    "operatingProfitMargin" : 6.66,
    "operatingProfit" : 25.51,
    "netProfitMargin" : 2.95,
    "netProfit" : 11.30
  }, {
    "date" : "2012-12-31",
    "sales" : 374.08,
    "salesGrowthYoY" : 16.87,
    "grossProfitMargin" : 36.82,
    "grossProfit" : 137.74,
    "operatingProfitMargin" : 4.63,
    "operatingProfit" : 17.32,
    "netProfitMargin" : 0.85,
    "netProfit" : 3.18
  }, {
    "date" : "2013-03-31",
    "sales" : 409.08,
    "salesGrowthYoY" : 1.94,
    "grossProfitMargin" : 39.81,
    "grossProfit" : 162.85,
    "operatingProfitMargin" : 8.68,
    "operatingProfit" : 35.51,
    "netProfitMargin" : 5.16,
    "netProfit" : 21.11
  }, {
    "date" : "2013-06-30",
    "sales" : 421.37,
    "salesGrowthYoY" : 3.31,
    "grossProfitMargin" : 39.54,
    "grossProfit" : 166.61,
    "operatingProfitMargin" : 7.02,
    "operatingProfit" : 29.58,
    "netProfitMargin" : 2.99,
    "netProfit" : 12.60
  }, {
    "date" : "2013-09-30",
    "sales" : 454.64,
    "salesGrowthYoY" : 18.67,
    "grossProfitMargin" : 34.85,
    "grossProfit" : 158.44,
    "operatingProfitMargin" : 3.57,
    "operatingProfit" : 16.23,
    "netProfitMargin" : 0.34,
    "netProfit" : 1.55
  }, {
    "date" : "2013-12-31",
    "sales" : 427.78,
    "salesGrowthYoY" : 14.36,
    "grossProfitMargin" : 35.99,
    "grossProfit" : 153.96,
    "operatingProfitMargin" : 4.30,
    "operatingProfit" : 18.39,
    "netProfitMargin" : 0.80,
    "netProfit" : 3.42
  }, {
    "date" : "2014-03-31",
    "sales" : 438.54,
    "salesGrowthYoY" : 7.20,
    "grossProfitMargin" : 38.29,
    "grossProfit" : 167.92,
    "operatingProfitMargin" : 10.65,
    "operatingProfit" : 46.70,
    "netProfitMargin" : 5.79,
    "netProfit" : 25.39
  }, {
    "date" : "2014-06-30",
    "sales" : 462.62,
    "salesGrowthYoY" : 9.79,
    "grossProfitMargin" : 39.32,
    "grossProfit" : 181.90,
    "operatingProfitMargin" : 10.85,
    "operatingProfit" : 50.19,
    "netProfitMargin" : 5.50,
    "netProfit" : 25.44
  }, {
    "date" : "2014-09-30",
    "sales" : 457.53,
    "salesGrowthYoY" : 0.64,
    "grossProfitMargin" : 39.51,
    "grossProfit" : 180.77,
    "operatingProfitMargin" : 10.47,
    "operatingProfit" : 47.90,
    "netProfitMargin" : 5.38,
    "netProfit" : 24.62
  }, {
    "date" : "2014-12-31",
    "sales" : 442.71,
    "salesGrowthYoY" : 3.49,
    "grossProfitMargin" : 38.46,
    "grossProfit" : 170.27,
    "operatingProfitMargin" : 7.98,
    "operatingProfit" : 35.33,
    "netProfitMargin" : 3.76,
    "netProfit" : 16.65
  }, {
    "date" : "2015-03-31",
    "sales" : 477.44,
    "salesGrowthYoY" : 8.87,
    "grossProfitMargin" : 42.15,
    "grossProfit" : 201.24,
    "operatingProfitMargin" : 14.60,
    "operatingProfit" : 69.71,
    "netProfitMargin" : 8.72,
    "netProfit" : 41.63
  }, {
    "date" : "2015-06-30",
    "sales" : 527.78,
    "salesGrowthYoY" : 14.08,
    "grossProfitMargin" : 42.70,
    "grossProfit" : 225.36,
    "operatingProfitMargin" : 13.84,
    "operatingProfit" : 73.04,
    "netProfitMargin" : 7.07,
    "netProfit" : 37.31
  }, {
    "date" : "2015-09-30",
    "sales" : 524.50,
    "salesGrowthYoY" : 14.64,
    "grossProfitMargin" : 44.27,
    "grossProfit" : 232.20,
    "operatingProfitMargin" : 16.13,
    "operatingProfit" : 84.60,
    "netProfitMargin" : 9.08,
    "netProfit" : 47.62
  }, {
    "date" : "2015-12-31",
    "sales" : 526.53,
    "salesGrowthYoY" : 18.93,
    "grossProfitMargin" : 43.47,
    "grossProfit" : 228.88,
    "operatingProfitMargin" : 15.78,
    "operatingProfit" : 83.09,
    "netProfitMargin" : 8.89,
    "netProfit" : 46.81
  }, {
    "date" : "2016-03-31",
    "sales" : 561.97,
    "salesGrowthYoY" : 17.70,
    "grossProfitMargin" : 44.93,
    "grossProfit" : 252.49,
    "operatingProfitMargin" : 17.25,
    "operatingProfit" : 96.94,
    "netProfitMargin" : 11.44,
    "netProfit" : 64.29
  }, {
    "date" : "2016-06-30",
    "sales" : 597.25,
    "salesGrowthYoY" : 13.16,
    "grossProfitMargin" : 44.07,
    "grossProfit" : 263.21,
    "operatingProfitMargin" : 15.55,
    "operatingProfit" : 92.87,
    "netProfitMargin" : 10.00,
    "netProfit" : 59.73
  }, {
    "date" : "2016-09-30",
    "sales" : 565.60,
    "salesGrowthYoY" : 7.84,
    "grossProfitMargin" : 42.66,
    "grossProfit" : 241.28,
    "operatingProfitMargin" : 13.30,
    "operatingProfit" : 75.22,
    "netProfitMargin" : 8.52,
    "netProfit" : 48.19
  }, {
    "date" : "2016-12-31",
    "sales" : 576.23,
    "salesGrowthYoY" : 9.44,
    "grossProfitMargin" : 42.79,
    "grossProfit" : 246.57,
    "operatingProfitMargin" : 11.29,
    "operatingProfit" : 65.06,
    "netProfitMargin" : 7.36,
    "netProfit" : 42.41
  }, {
    "date" : "2017-03-31",
    "sales" : 623.91,
    "salesGrowthYoY" : 11.02,
    "grossProfitMargin" : 47.13,
    "grossProfit" : 294.05,
    "operatingProfitMargin" : 21.74,
    "operatingProfit" : 135.64,
    "netProfitMargin" : 14.49,
    "netProfit" : 90.40
  }, {
    "date" : "2017-06-30",
    "sales" : 664.35,
    "salesGrowthYoY" : 11.23,
    "grossProfitMargin" : 43.99,
    "grossProfit" : 292.25,
    "operatingProfitMargin" : 14.89,
    "operatingProfit" : 98.92,
    "netProfitMargin" : 9.95,
    "netProfit" : 66.10
  }, {
    "date" : "2017-09-30",
    "sales" : 567.35,
    "salesGrowthYoY" : 0.31,
    "grossProfitMargin" : 49.85,
    "grossProfit" : 282.82,
    "operatingProfitMargin" : 16.36,
    "operatingProfit" : 92.82,
    "netProfitMargin" : 10.52,
    "netProfit" : 59.69
  }, {
    "date" : "2017-12-31",
    "sales" : 645.77,
    "salesGrowthYoY" : 12.07,
    "grossProfitMargin" : 48.88,
    "grossProfit" : 315.65,
    "operatingProfitMargin" : 19.60,
    "operatingProfit" : 126.57,
    "netProfitMargin" : 14.20,
    "netProfit" : 91.70
  }, {
    "date" : "2018-03-31",
    "sales" : 678.67,
    "salesGrowthYoY" : 8.78,
    "grossProfitMargin" : 49.23,
    "grossProfit" : 334.11,
    "operatingProfitMargin" : 22.07,
    "operatingProfit" : 149.78,
    "netProfitMargin" : 13.71,
    "netProfit" : 93.05
  }, {
    "date" : "2018-06-30",
    "sales" : 700.66,
    "salesGrowthYoY" : 5.47,
    "grossProfitMargin" : 48.30,
    "grossProfit" : 338.42,
    "operatingProfitMargin" : 22.03,
    "operatingProfit" : 154.36,
    "netProfitMargin" : 14.22,
    "netProfit" : 99.63
  }, {
    "date" : "2018-09-30",
    "sales" : 682.86,
    "salesGrowthYoY" : 20.36,
    "grossProfitMargin" : 48.02,
    "grossProfit" : 327.91,
    "operatingProfitMargin" : 13.90,
    "operatingProfit" : 94.92,
    "netProfitMargin" : 9.35,
    "netProfit" : 63.85
  }, {
    "date" : "2018-12-31",
    "sales" : 736.00,
    "salesGrowthYoY" : 13.97,
    "grossProfitMargin" : 47.20,
    "grossProfit" : 347.39,
    "operatingProfitMargin" : 21.32,
    "operatingProfit" : 156.92,
    "netProfitMargin" : 13.78,
    "netProfit" : 101.42
  }, {
    "date" : "2019-03-31",
    "sales" : 689.23,
    "salesGrowthYoY" : 1.56,
    "grossProfitMargin" : 44.74,
    "grossProfit" : 308.36,
    "operatingProfitMargin" : 14.24,
    "operatingProfit" : 98.15,
    "netProfitMargin" : 8.44,
    "netProfit" : 58.17
  }, {
    "date" : "2019-06-30",
    "sales" : 742.00,
    "salesGrowthYoY" : 5.90,
    "grossProfitMargin" : 45.02,
    "grossProfit" : 334.05,
    "operatingProfitMargin" : 18.98,
    "operatingProfit" : 140.83,
    "netProfitMargin" : 11.44,
    "netProfit" : 84.88
  }, {
    "date" : "2019-09-30",
    "sales" : 701.58,
    "salesGrowthYoY" : 2.74,
    "grossProfitMargin" : 42.05,
    "grossProfit" : 295.01,
    "operatingProfitMargin" : 16.95,
    "operatingProfit" : 118.92,
    "netProfitMargin" : 13.13,
    "netProfit" : 92.12
  }, {
    "date" : "2019-12-31",
    "sales" : 694.09,
    "salesGrowthYoY" : -5.69,
    "grossProfitMargin" : 39.98,
    "grossProfit" : 277.50,
    "operatingProfitMargin" : 13.36,
    "operatingProfit" : 92.73,
    "netProfitMargin" : 9.76,
    "netProfit" : 67.74
  }, {
    "date" : "2020-03-31",
    "sales" : 627.21,
    "salesGrowthYoY" : -9.00,
    "grossProfitMargin" : 39.29,
    "grossProfit" : 246.43,
    "operatingProfitMargin" : -1.81,
    "operatingProfit" : -11.35,
    "netProfitMargin" : -4.12,
    "netProfit" : -25.84
  }, {
    "date" : "2020-06-30",
    "sales" : 319.52,
    "salesGrowthYoY" : -56.94,
    "grossProfitMargin" : 37.05,
    "grossProfit" : 118.38,
    "operatingProfitMargin" : -14.37,
    "operatingProfit" : -45.92,
    "netProfitMargin" : -12.49,
    "netProfit" : -39.91
  }, {
    "date" : "2020-09-30",
    "sales" : 647.83,
    "salesGrowthYoY" : -7.66,
    "grossProfitMargin" : 39.27,
    "grossProfit" : 254.40,
    "operatingProfitMargin" : 16.48,
    "operatingProfit" : 106.76,
    "netProfitMargin" : 10.94,
    "netProfit" : 70.87
  }, {
    "date" : "2020-12-31",
    "sales" : 683.78,
    "salesGrowthYoY" : -1.49,
    "grossProfitMargin" : 39.73,
    "grossProfit" : 271.67,
    "operatingProfitMargin" : 11.83,
    "operatingProfit" : 80.89,
    "netProfitMargin" : 7.70,
    "netProfit" : 52.65
  }, {
    "date" : "2021-03-31",
    "sales" : 769.23,
    "salesGrowthYoY" : 22.64,
    "grossProfitMargin" : 36.59,
    "grossProfit" : 281.46,
    "operatingProfitMargin" : 12.43,
    "operatingProfit" : 95.62,
    "netProfitMargin" : 8.54,
    "netProfit" : 65.69
  }, {
    "date" : "2021-06-30",
    "sales" : 688.54,
    "salesGrowthYoY" : 115.49,
    "grossProfitMargin" : 33.44,
    "grossProfit" : 230.25,
    "operatingProfitMargin" : 6.45,
    "operatingProfit" : 44.41,
    "netProfitMargin" : 4.06,
    "netProfit" : 27.95
  }, {
    "date" : "2021-09-30",
    "sales" : 776.89,
    "salesGrowthYoY" : 19.92,
    "grossProfitMargin" : 38.22,
    "grossProfit" : 296.93,
    "operatingProfitMargin" : 11.93,
    "operatingProfit" : 92.68,
    "netProfitMargin" : 8.35,
    "netProfit" : 64.87
  }, {
    "date" : "2021-12-31",
    "sales" : 763.69,
    "salesGrowthYoY" : 11.69,
    "grossProfitMargin" : 39.58,
    "grossProfit" : 302.27,
    "operatingProfitMargin" : 12.94,
    "operatingProfit" : 98.82,
    "netProfitMargin" : 8.87,
    "netProfit" : 67.74
  }, {
    "date" : "2022-03-31",
    "sales" : 849.18,
    "salesGrowthYoY" : 10.39,
    "grossProfitMargin" : 39.40,
    "grossProfit" : 334.58,
    "operatingProfitMargin" : 17.60,
    "operatingProfit" : 149.46,
    "netProfitMargin" : 12.43,
    "netProfit" : 105.55
  }, {
    "date" : "2022-06-30",
    "sales" : 889.77,
    "salesGrowthYoY" : 29.23,
    "grossProfitMargin" : 36.34,
    "grossProfit" : 323.34,
    "operatingProfitMargin" : 12.49,
    "operatingProfit" : 111.13,
    "netProfitMargin" : 9.02,
    "netProfit" : 80.26
  }, {
    "date" : "2022-09-30",
    "sales" : 924.98,
    "salesGrowthYoY" : 19.06,
    "grossProfitMargin" : 35.67,
    "grossProfit" : 329.94,
    "operatingProfitMargin" : 12.39,
    "operatingProfit" : 114.61,
    "netProfitMargin" : 10.80,
    "netProfit" : 99.90
  }, {
    "date" : "2022-12-31",
    "sales" : 932.22,
    "salesGrowthYoY" : 22.07,
    "grossProfitMargin" : 38.38,
    "grossProfit" : 357.79,
    "operatingProfitMargin" : 16.57,
    "operatingProfit" : 154.47,
    "netProfitMargin" : 12.10,
    "netProfit" : 112.80
  }, {
    "date" : "2023-03-31",
    "sales" : 986.47,
    "salesGrowthYoY" : 16.17,
    "grossProfitMargin" : 38.78,
    "grossProfit" : 382.55,
    "operatingProfitMargin" : 18.20,
    "operatingProfit" : 179.54,
    "netProfitMargin" : 12.50,
    "netProfit" : 123.31
  }, {
    "date" : "2023-06-30",
    "sales" : 976.85,
    "salesGrowthYoY" : 9.79,
    "grossProfitMargin" : 39.04,
    "grossProfit" : 381.36,
    "operatingProfitMargin" : 16.21,
    "operatingProfit" : 158.35,
    "netProfitMargin" : 11.94,
    "netProfit" : 116.64
  }, {
    "date" : "2023-09-30",
    "sales" : 1039.52,
    "salesGrowthYoY" : 12.38,
    "grossProfitMargin" : 40.14,
    "grossProfit" : 417.26,
    "operatingProfitMargin" : 18.48,
    "operatingProfit" : 192.10,
    "netProfitMargin" : 14.06,
    "netProfit" : 146.16
  }, {
    "date" : "2023-12-31",
    "sales" : 1005.64,
    "salesGrowthYoY" : 7.88,
    "grossProfitMargin" : 40.77,
    "grossProfit" : 410.00,
    "operatingProfitMargin" : 17.76,
    "operatingProfit" : 178.60,
    "netProfitMargin" : 13.45,
    "netProfit" : 135.26
  }, {
    "date" : "2024-03-31",
    "sales" : 1032.72,
    "salesGrowthYoY" : 4.69,
    "grossProfitMargin" : 40.40,
    "grossProfit" : 417.22,
    "operatingProfitMargin" : 19.53,
    "operatingProfit" : 201.69,
    "netProfitMargin" : 15.61,
    "netProfit" : 161.21
  }, {
    "date" : "2024-06-30",
    "sales" : 1046.57,
    "salesGrowthYoY" : 7.14,
    "grossProfitMargin" : 42.43,
    "grossProfit" : 444.06,
    "operatingProfitMargin" : 19.63,
    "operatingProfit" : 205.44,
    "netProfitMargin" : 15.02,
    "netProfit" : 157.19
  }, {
    "date" : "2024-09-30",
    "sales" : 1110.80,
    "salesGrowthYoY" : 6.86,
    "grossProfitMargin" : 39.45,
    "grossProfit" : 438.21,
    "operatingProfitMargin" : 16.50,
    "operatingProfit" : 183.28,
    "netProfitMargin" : 12.04,
    "netProfit" : 133.74
  }, {
    "date" : "2024-12-31",
    "sales" : 1089.95,
    "salesGrowthYoY" : 8.38,
    "grossProfitMargin" : 38.80,
    "grossProfit" : 422.90,
    "operatingProfitMargin" : 14.14,
    "operatingProfit" : 154.12,
    "netProfitMargin" : 10.44,
    "netProfit" : 113.79
  }, {
    "date" : "2025-03-31",
    "sales" : 1198.23,
    "salesGrowthYoY" : 16.03,
    "grossProfitMargin" : 40.98,
    "grossProfit" : 491.03,
    "operatingProfitMargin" : 18.92,
    "operatingProfit" : 226.71,
    "netProfitMargin" : 5.96,
    "netProfit" : 71.41
  }, {
    "date" : "2025-06-30",
    "sales" : 1195.97,
    "salesGrowthYoY" : 14.28,
    "grossProfitMargin" : 43.24,
    "grossProfit" : 517.14,
    "operatingProfitMargin" : 20.21,
    "operatingProfit" : 241.71,
    "netProfitMargin" : 14.86,
    "netProfit" : 177.72
  }, {
    "date" : "2025-09-30",
    "sales" : 1266.49,
    "salesGrowthYoY" : 14.02,
    "grossProfitMargin" : 44.32,
    "grossProfit" : 561.31,
    "operatingProfitMargin" : 20.20,
    "operatingProfit" : 255.83,
    "netProfitMargin" : 15.11,
    "netProfit" : 191.37
  } ],
  "latestQuarterlyResult" : {
    "date" : "2025-09-30",
    "sales" : 1266.49,
    "salesGrowthYoY" : 14.02,
    "grossProfitMargin" : 44.32,
    "grossProfit" : 561.31,
    "operatingProfitMargin" : 20.20,
    "operatingProfit" : 255.83,
    "netProfitMargin" : 15.11,
    "netProfit" : 191.37
  },
  "companyScore" : {
    "priceHigherThanDma50" : 5.00,
    "priceHigherThanDma100" : 5.00,
    "priceHigherThanDma200" : 5.00,
    "dma50HigherThanDma100" : 5.00,
    "dma50HigherThanDma200" : 5.00,
    "dma100HigherThanDma200" : 5.00,
    "pricePercentageAboveDma50" : 4.72,
    "pricePercentageAboveDma100" : 4.52,
    "pricePercentageAboveDma200" : 4.39,
    "weeklyVolumeHigherThanYearlyVolume" : 0.00,
    "salesGrowthPercentile" : 10.38,
    "operatingProfitMarginPercentile" : 18.97,
    "netProfitMarginPercentile" : 9.88,
    "totalTechnicalScore" : 43.62,
    "totalFundamentalScore" : 39.23,
    "totalScore" : 82.86
  }
}