{
  "metadata" : {
    "screenerCompanyId" : "834",
    "companyCode" : "500068",
    "companyName" : "Disa India",
    "screenerCompanyLink" : "https://www.screener.in/company/500068/",
    "screenerTechnicalHistoryLink" : "https://www.screener.in/api/company/834/chart/?q=Price-DMA50-DMA200-Volume&days=365",
    "screenerQuarterlyResultsLink" : "https://www.screener.in/api/company/834/chart/?q=GPM-OPM-NPM-Quarter+Sales&days=10000",
    "attributes" : {
      "companyCode" : "500068",
      "companyName" : "Disa India",
      "marketCap" : 1760.00,
      "peRatio" : 29.30,
      "description" : "Disa India Ltd is a leading equipment manufacturer with advanced foundry and surface preparation process technology. It supplies complete foundry systems, with molding machines, sand mixers with combination of sand plant equipment, surface preparation machines and environmental control systems across the country.[1]"
    },
    "companyScore" : {
      "priceHigherThanDma50" : 0.00,
      "priceHigherThanDma100" : 0.00,
      "priceHigherThanDma200" : 0.00,
      "dma50HigherThanDma100" : 0.00,
      "dma50HigherThanDma200" : 0.00,
      "dma100HigherThanDma200" : 0.00,
      "pricePercentageAboveDma50" : 5.13,
      "pricePercentageAboveDma100" : 5.27,
      "pricePercentageAboveDma200" : 5.47,
      "weeklyVolumeHigherThanYearlyVolume" : 5.00,
      "salesGrowthPercentile" : 12.75,
      "operatingProfitMarginPercentile" : 12.85,
      "netProfitMarginPercentile" : 6.83,
      "totalTechnicalScore" : 20.87,
      "totalFundamentalScore" : 32.44,
      "totalScore" : 53.31
    }
  },
  "attributes" : {
    "companyCode" : "500068",
    "companyName" : "Disa India",
    "marketCap" : 1760.00,
    "peRatio" : 29.30,
    "description" : "Disa India Ltd is a leading equipment manufacturer with advanced foundry and surface preparation process technology. It supplies complete foundry systems, with molding machines, sand mixers with combination of sand plant equipment, surface preparation machines and environmental control systems across the country.[1]"
  },
  "technicalHistory" : [ {
    "date" : "2025-02-17",
    "price" : 14209.20,
    "dma50" : 16001.86,
    "dma100" : null,
    "dma200" : 16396.86,
    "volume" : 582.00
  }, {
    "date" : "2025-02-18",
    "price" : 14498.50,
    "dma50" : 15942.91,
    "dma100" : null,
    "dma200" : 16377.97,
    "volume" : 59.00
  }, {
    "date" : "2025-02-19",
    "price" : 14646.85,
    "dma50" : 15892.08,
    "dma100" : null,
    "dma200" : 16360.75,
    "volume" : 15.00
  }, {
    "date" : "2025-02-20",
    "price" : 14396.50,
    "dma50" : 15833.43,
    "dma100" : null,
    "dma200" : 16341.20,
    "volume" : 39.00
  }, {
    "date" : "2025-02-21",
    "price" : 14400.65,
    "dma50" : 15777.25,
    "dma100" : null,
    "dma200" : 16321.89,
    "volume" : 28.00
  }, {
    "date" : "2025-02-24",
    "price" : 14549.95,
    "dma50" : 15729.12,
    "dma100" : null,
    "dma200" : 16304.26,
    "volume" : 91.00
  }, {
    "date" : "2025-02-25",
    "price" : 14300.00,
    "dma50" : 15673.07,
    "dma100" : null,
    "dma200" : 16284.32,
    "volume" : 35.00
  }, {
    "date" : "2025-02-27",
    "price" : 14197.50,
    "dma50" : 15615.21,
    "dma100" : null,
    "dma200" : 16263.55,
    "volume" : 107.00
  }, {
    "date" : "2025-02-28",
    "price" : 14300.00,
    "dma50" : 15563.63,
    "dma100" : null,
    "dma200" : 16244.02,
    "volume" : 73.00
  }, {
    "date" : "2025-03-03",
    "price" : 14137.40,
    "dma50" : 15507.70,
    "dma100" : null,
    "dma200" : 16223.05,
    "volume" : 101.00
  }, {
    "date" : "2025-03-04",
    "price" : 14168.40,
    "dma50" : 15455.18,
    "dma100" : null,
    "dma200" : 16202.61,
    "volume" : 641.00
  }, {
    "date" : "2025-03-05",
    "price" : 13953.85,
    "dma50" : 15396.30,
    "dma100" : null,
    "dma200" : 16180.23,
    "volume" : 46.00
  }, {
    "date" : "2025-03-06",
    "price" : 14419.50,
    "dma50" : 15358.00,
    "dma100" : null,
    "dma200" : 16162.71,
    "volume" : 260.00
  }, {
    "date" : "2025-03-07",
    "price" : 14024.90,
    "dma50" : 15305.72,
    "dma100" : null,
    "dma200" : 16141.44,
    "volume" : 182.00
  }, {
    "date" : "2025-03-10",
    "price" : 13793.55,
    "dma50" : 15246.42,
    "dma100" : null,
    "dma200" : 16118.08,
    "volume" : 74.00
  }, {
    "date" : "2025-03-11",
    "price" : 13837.50,
    "dma50" : 15191.17,
    "dma100" : null,
    "dma200" : 16095.39,
    "volume" : 26.00
  }, {
    "date" : "2025-03-12",
    "price" : 13835.45,
    "dma50" : 15138.00,
    "dma100" : null,
    "dma200" : 16072.90,
    "volume" : 80.00
  }, {
    "date" : "2025-03-13",
    "price" : 13882.05,
    "dma50" : 15088.75,
    "dma100" : null,
    "dma200" : 16051.10,
    "volume" : 94.00
  }, {
    "date" : "2025-03-17",
    "price" : 13822.50,
    "dma50" : 15039.09,
    "dma100" : null,
    "dma200" : 16028.93,
    "volume" : 50.00
  }, {
    "date" : "2025-03-18",
    "price" : 13737.30,
    "dma50" : 14988.04,
    "dma100" : null,
    "dma200" : 16006.12,
    "volume" : 687.00
  }, {
    "date" : "2025-03-19",
    "price" : 13810.00,
    "dma50" : 14941.84,
    "dma100" : null,
    "dma200" : 15984.27,
    "volume" : 477.00
  }, {
    "date" : "2025-03-20",
    "price" : 13907.30,
    "dma50" : 14901.27,
    "dma100" : null,
    "dma200" : 15963.61,
    "volume" : 433.00
  }, {
    "date" : "2025-03-21",
    "price" : 13970.50,
    "dma50" : 14864.77,
    "dma100" : null,
    "dma200" : 15943.77,
    "volume" : 160.00
  }, {
    "date" : "2025-03-24",
    "price" : 14151.20,
    "dma50" : 14836.79,
    "dma100" : null,
    "dma200" : 15925.94,
    "volume" : 88.00
  }, {
    "date" : "2025-03-25",
    "price" : 14060.00,
    "dma50" : 14806.33,
    "dma100" : null,
    "dma200" : 15907.37,
    "volume" : 71.00
  }, {
    "date" : "2025-03-26",
    "price" : 13978.80,
    "dma50" : 14773.87,
    "dma100" : null,
    "dma200" : 15888.18,
    "volume" : 75.00
  }, {
    "date" : "2025-03-27",
    "price" : 13866.05,
    "dma50" : 14738.27,
    "dma100" : null,
    "dma200" : 15868.06,
    "volume" : 100.00
  }, {
    "date" : "2025-03-28",
    "price" : 13925.15,
    "dma50" : 14706.39,
    "dma100" : null,
    "dma200" : 15848.73,
    "volume" : 652.00
  }, {
    "date" : "2025-04-01",
    "price" : 13781.20,
    "dma50" : 14670.10,
    "dma100" : null,
    "dma200" : 15828.16,
    "volume" : 251.00
  }, {
    "date" : "2025-04-02",
    "price" : 13989.90,
    "dma50" : 14643.43,
    "dma100" : null,
    "dma200" : 15809.86,
    "volume" : 46.00
  }, {
    "date" : "2025-04-03",
    "price" : 13965.00,
    "dma50" : 14616.82,
    "dma100" : null,
    "dma200" : 15791.51,
    "volume" : 26.00
  }, {
    "date" : "2025-04-04",
    "price" : 13989.90,
    "dma50" : 14592.24,
    "dma100" : null,
    "dma200" : 15773.58,
    "volume" : 34.00
  }, {
    "date" : "2025-04-07",
    "price" : 13636.80,
    "dma50" : 14554.77,
    "dma100" : null,
    "dma200" : 15752.32,
    "volume" : 47.00
  }, {
    "date" : "2025-04-08",
    "price" : 13898.90,
    "dma50" : 14529.05,
    "dma100" : null,
    "dma200" : 15733.88,
    "volume" : 70.00
  }, {
    "date" : "2025-04-09",
    "price" : 13897.15,
    "dma50" : 14504.27,
    "dma100" : null,
    "dma200" : 15715.60,
    "volume" : 174.00
  }, {
    "date" : "2025-04-11",
    "price" : 14047.55,
    "dma50" : 14486.36,
    "dma100" : null,
    "dma200" : 15699.00,
    "volume" : 2.00
  }, {
    "date" : "2025-04-15",
    "price" : 14100.00,
    "dma50" : 14471.21,
    "dma100" : null,
    "dma200" : 15683.09,
    "volume" : 82.00
  }, {
    "date" : "2025-04-16",
    "price" : 14050.00,
    "dma50" : 14454.69,
    "dma100" : null,
    "dma200" : 15666.84,
    "volume" : 120.00
  }, {
    "date" : "2025-04-17",
    "price" : 13914.15,
    "dma50" : 14433.49,
    "dma100" : null,
    "dma200" : 15649.40,
    "volume" : 277.00
  }, {
    "date" : "2025-04-21",
    "price" : 14245.50,
    "dma50" : 14426.12,
    "dma100" : null,
    "dma200" : 15635.44,
    "volume" : 88.00
  }, {
    "date" : "2025-04-22",
    "price" : 14538.35,
    "dma50" : 14430.52,
    "dma100" : null,
    "dma200" : 15624.52,
    "volume" : 83.00
  }, {
    "date" : "2025-04-23",
    "price" : 14098.00,
    "dma50" : 14417.48,
    "dma100" : null,
    "dma200" : 15609.33,
    "volume" : 335.00
  }, {
    "date" : "2025-04-24",
    "price" : 14237.10,
    "dma50" : 14410.41,
    "dma100" : null,
    "dma200" : 15595.68,
    "volume" : 83.00
  }, {
    "date" : "2025-04-25",
    "price" : 13930.00,
    "dma50" : 14391.57,
    "dma100" : null,
    "dma200" : 15579.10,
    "volume" : 190.00
  }, {
    "date" : "2025-04-28",
    "price" : 13950.00,
    "dma50" : 14374.25,
    "dma100" : null,
    "dma200" : 15562.89,
    "volume" : 16.00
  }, {
    "date" : "2025-04-29",
    "price" : 13973.55,
    "dma50" : 14358.54,
    "dma100" : null,
    "dma200" : 15547.08,
    "volume" : 78.00
  }, {
    "date" : "2025-04-30",
    "price" : 13789.00,
    "dma50" : 14336.20,
    "dma100" : null,
    "dma200" : 15529.58,
    "volume" : 37.00
  }, {
    "date" : "2025-05-02",
    "price" : 13744.00,
    "dma50" : 14312.98,
    "dma100" : null,
    "dma200" : 15511.82,
    "volume" : 22.00
  }, {
    "date" : "2025-05-05",
    "price" : 13900.20,
    "dma50" : 14296.79,
    "dma100" : null,
    "dma200" : 15495.78,
    "volume" : 79.00
  }, {
    "date" : "2025-05-06",
    "price" : 13750.60,
    "dma50" : 14275.37,
    "dma100" : null,
    "dma200" : 15478.42,
    "volume" : 13.00
  }, {
    "date" : "2025-05-07",
    "price" : 13830.00,
    "dma50" : 14257.91,
    "dma100" : null,
    "dma200" : 15462.01,
    "volume" : 41.00
  }, {
    "date" : "2025-05-08",
    "price" : 13658.95,
    "dma50" : 14234.42,
    "dma100" : null,
    "dma200" : 15444.07,
    "volume" : 26.00
  }, {
    "date" : "2025-05-09",
    "price" : 13771.65,
    "dma50" : 14216.27,
    "dma100" : null,
    "dma200" : 15427.43,
    "volume" : 23.00
  }, {
    "date" : "2025-05-12",
    "price" : 13970.05,
    "dma50" : 14206.61,
    "dma100" : null,
    "dma200" : 15412.93,
    "volume" : 55.00
  }, {
    "date" : "2025-05-13",
    "price" : 14000.00,
    "dma50" : 14198.51,
    "dma100" : null,
    "dma200" : 15398.87,
    "volume" : 46.00
  }, {
    "date" : "2025-05-14",
    "price" : 14344.00,
    "dma50" : 14204.22,
    "dma100" : null,
    "dma200" : 15388.38,
    "volume" : 31.00
  }, {
    "date" : "2025-05-15",
    "price" : 14278.40,
    "dma50" : 14207.13,
    "dma100" : null,
    "dma200" : 15377.33,
    "volume" : 102.00
  }, {
    "date" : "2025-05-16",
    "price" : 14465.00,
    "dma50" : 14217.24,
    "dma100" : null,
    "dma200" : 15368.25,
    "volume" : 60.00
  }, {
    "date" : "2025-05-19",
    "price" : 14053.60,
    "dma50" : 14210.82,
    "dma100" : null,
    "dma200" : 15355.17,
    "volume" : 362.00
  }, {
    "date" : "2025-05-20",
    "price" : 14401.15,
    "dma50" : 14218.29,
    "dma100" : null,
    "dma200" : 15345.68,
    "volume" : 77.00
  }, {
    "date" : "2025-05-21",
    "price" : 14976.75,
    "dma50" : 14248.03,
    "dma100" : null,
    "dma200" : 15342.01,
    "volume" : 322.00
  }, {
    "date" : "2025-05-22",
    "price" : 14478.30,
    "dma50" : 14257.06,
    "dma100" : null,
    "dma200" : 15333.41,
    "volume" : 867.00
  }, {
    "date" : "2025-05-23",
    "price" : 14011.35,
    "dma50" : 14247.42,
    "dma100" : null,
    "dma200" : 15320.26,
    "volume" : 548.00
  }, {
    "date" : "2025-05-26",
    "price" : 14122.30,
    "dma50" : 14242.52,
    "dma100" : null,
    "dma200" : 15308.34,
    "volume" : 284.00
  }, {
    "date" : "2025-05-27",
    "price" : 14190.40,
    "dma50" : 14240.47,
    "dma100" : null,
    "dma200" : 15297.22,
    "volume" : 72.00
  }, {
    "date" : "2025-05-28",
    "price" : 14108.80,
    "dma50" : 14235.31,
    "dma100" : null,
    "dma200" : 15285.39,
    "volume" : 204.00
  }, {
    "date" : "2025-05-29",
    "price" : 14121.10,
    "dma50" : 14230.83,
    "dma100" : null,
    "dma200" : 15273.81,
    "volume" : 140.00
  }, {
    "date" : "2025-05-30",
    "price" : 13977.65,
    "dma50" : 14220.90,
    "dma100" : null,
    "dma200" : 15260.91,
    "volume" : 251.00
  }, {
    "date" : "2025-06-02",
    "price" : 13965.05,
    "dma50" : 14210.87,
    "dma100" : null,
    "dma200" : 15248.01,
    "volume" : 135.00
  }, {
    "date" : "2025-06-03",
    "price" : 14028.00,
    "dma50" : 14203.70,
    "dma100" : null,
    "dma200" : 15235.88,
    "volume" : 217.00
  }, {
    "date" : "2025-06-04",
    "price" : 13911.70,
    "dma50" : 14192.25,
    "dma100" : null,
    "dma200" : 15222.70,
    "volume" : 185.00
  }, {
    "date" : "2025-06-05",
    "price" : 13880.05,
    "dma50" : 14180.00,
    "dma100" : null,
    "dma200" : 15209.34,
    "volume" : 237.00
  }, {
    "date" : "2025-06-06",
    "price" : 13798.35,
    "dma50" : 14165.04,
    "dma100" : null,
    "dma200" : 15195.30,
    "volume" : 416.00
  }, {
    "date" : "2025-06-09",
    "price" : 14054.00,
    "dma50" : 14160.68,
    "dma100" : null,
    "dma200" : 15183.94,
    "volume" : 98.00
  }, {
    "date" : "2025-06-10",
    "price" : 14114.55,
    "dma50" : 14158.87,
    "dma100" : null,
    "dma200" : 15173.30,
    "volume" : 453.00
  }, {
    "date" : "2025-06-11",
    "price" : 14071.90,
    "dma50" : 14155.46,
    "dma100" : null,
    "dma200" : 15162.34,
    "volume" : 266.00
  }, {
    "date" : "2025-06-12",
    "price" : 13822.95,
    "dma50" : 14142.42,
    "dma100" : null,
    "dma200" : 15149.02,
    "volume" : 265.00
  }, {
    "date" : "2025-06-13",
    "price" : 13850.95,
    "dma50" : 14130.99,
    "dma100" : null,
    "dma200" : 15136.10,
    "volume" : 296.00
  }, {
    "date" : "2025-06-16",
    "price" : 14000.00,
    "dma50" : 14125.86,
    "dma100" : null,
    "dma200" : 15124.80,
    "volume" : 47.00
  }, {
    "date" : "2025-06-17",
    "price" : 14080.40,
    "dma50" : 14124.07,
    "dma100" : null,
    "dma200" : 15114.40,
    "volume" : 196.00
  }, {
    "date" : "2025-06-18",
    "price" : 13907.15,
    "dma50" : 14115.57,
    "dma100" : null,
    "dma200" : 15102.39,
    "volume" : 114.00
  }, {
    "date" : "2025-06-19",
    "price" : 13777.25,
    "dma50" : 14102.30,
    "dma100" : null,
    "dma200" : 15089.21,
    "volume" : 212.00
  }, {
    "date" : "2025-06-20",
    "price" : 13800.00,
    "dma50" : 14090.44,
    "dma100" : null,
    "dma200" : 15076.38,
    "volume" : 49.00
  }, {
    "date" : "2025-06-23",
    "price" : 13620.05,
    "dma50" : 14072.00,
    "dma100" : null,
    "dma200" : 15061.89,
    "volume" : 60.00
  }, {
    "date" : "2025-06-24",
    "price" : 13869.55,
    "dma50" : 14064.06,
    "dma100" : null,
    "dma200" : 15050.02,
    "volume" : 32.00
  }, {
    "date" : "2025-06-25",
    "price" : 13850.00,
    "dma50" : 14055.66,
    "dma100" : null,
    "dma200" : 15038.08,
    "volume" : 17.00
  }, {
    "date" : "2025-06-26",
    "price" : 14054.40,
    "dma50" : 14055.61,
    "dma100" : null,
    "dma200" : 15028.29,
    "volume" : 81.00
  }, {
    "date" : "2025-06-27",
    "price" : 14210.55,
    "dma50" : 14061.69,
    "dma100" : null,
    "dma200" : 15020.16,
    "volume" : 215.00
  }, {
    "date" : "2025-06-30",
    "price" : 14048.00,
    "dma50" : 14061.15,
    "dma100" : null,
    "dma200" : 15010.48,
    "volume" : 250.00
  }, {
    "date" : "2025-07-01",
    "price" : 14009.55,
    "dma50" : 14059.13,
    "dma100" : null,
    "dma200" : 15000.53,
    "volume" : 313.00
  }, {
    "date" : "2025-07-02",
    "price" : 14033.70,
    "dma50" : 14058.13,
    "dma100" : null,
    "dma200" : 14990.90,
    "volume" : 89.00
  }, {
    "date" : "2025-07-03",
    "price" : 13999.65,
    "dma50" : 14055.84,
    "dma100" : null,
    "dma200" : 14981.04,
    "volume" : 130.00
  }, {
    "date" : "2025-07-04",
    "price" : 13971.90,
    "dma50" : 14052.55,
    "dma100" : null,
    "dma200" : 14971.00,
    "volume" : 60.00
  }, {
    "date" : "2025-07-07",
    "price" : 13896.85,
    "dma50" : 14046.44,
    "dma100" : null,
    "dma200" : 14960.31,
    "volume" : 69.00
  }, {
    "date" : "2025-07-08",
    "price" : 14273.25,
    "dma50" : 14055.34,
    "dma100" : null,
    "dma200" : 14953.48,
    "volume" : 221.00
  }, {
    "date" : "2025-07-09",
    "price" : 14176.95,
    "dma50" : 14060.11,
    "dma100" : null,
    "dma200" : 14945.75,
    "volume" : 295.00
  }, {
    "date" : "2025-07-10",
    "price" : 14177.40,
    "dma50" : 14064.70,
    "dma100" : null,
    "dma200" : 14938.10,
    "volume" : 179.00
  }, {
    "date" : "2025-07-11",
    "price" : 14084.30,
    "dma50" : 14065.47,
    "dma100" : null,
    "dma200" : 14929.61,
    "volume" : 118.00
  }, {
    "date" : "2025-07-14",
    "price" : 14262.65,
    "dma50" : 14073.21,
    "dma100" : null,
    "dma200" : 14922.97,
    "volume" : 292.00
  }, {
    "date" : "2025-07-15",
    "price" : 14721.00,
    "dma50" : 14098.61,
    "dma100" : null,
    "dma200" : 14920.96,
    "volume" : 517.00
  }, {
    "date" : "2025-07-16",
    "price" : 14881.40,
    "dma50" : 14129.31,
    "dma100" : 14059.61,
    "dma200" : 14920.57,
    "volume" : 166.00
  }, {
    "date" : "2025-07-17",
    "price" : 14782.20,
    "dma50" : 14154.91,
    "dma100" : 14062.45,
    "dma200" : 14919.19,
    "volume" : 114.00
  }, {
    "date" : "2025-07-18",
    "price" : 14702.60,
    "dma50" : 14176.39,
    "dma100" : 14063.01,
    "dma200" : 14917.04,
    "volume" : 54.00
  }, {
    "date" : "2025-07-21",
    "price" : 14249.75,
    "dma50" : 14179.27,
    "dma100" : 14061.54,
    "dma200" : 14910.40,
    "volume" : 125.00
  }, {
    "date" : "2025-07-22",
    "price" : 14567.30,
    "dma50" : 14194.48,
    "dma100" : 14063.20,
    "dma200" : 14906.98,
    "volume" : 91.00
  }, {
    "date" : "2025-07-23",
    "price" : 14369.20,
    "dma50" : 14201.33,
    "dma100" : 14061.40,
    "dma200" : 14901.63,
    "volume" : 121.00
  }, {
    "date" : "2025-07-24",
    "price" : 14448.80,
    "dma50" : 14211.04,
    "dma100" : 14062.88,
    "dma200" : 14897.13,
    "volume" : 47.00
  }, {
    "date" : "2025-07-25",
    "price" : 14310.75,
    "dma50" : 14214.95,
    "dma100" : 14064.02,
    "dma200" : 14891.29,
    "volume" : 52.00
  }, {
    "date" : "2025-07-28",
    "price" : 14250.35,
    "dma50" : 14216.34,
    "dma100" : 14063.52,
    "dma200" : 14884.91,
    "volume" : 91.00
  }, {
    "date" : "2025-07-29",
    "price" : 13977.20,
    "dma50" : 14206.96,
    "dma100" : 14061.92,
    "dma200" : 14875.88,
    "volume" : 175.00
  }, {
    "date" : "2025-07-30",
    "price" : 14261.60,
    "dma50" : 14209.10,
    "dma100" : 14062.85,
    "dma200" : 14869.77,
    "volume" : 86.00
  }, {
    "date" : "2025-07-31",
    "price" : 14285.00,
    "dma50" : 14212.08,
    "dma100" : 14066.16,
    "dma200" : 14863.95,
    "volume" : 34.00
  }, {
    "date" : "2025-08-01",
    "price" : 14090.15,
    "dma50" : 14207.30,
    "dma100" : 14062.87,
    "dma200" : 14856.25,
    "volume" : 147.00
  }, {
    "date" : "2025-08-04",
    "price" : 14325.65,
    "dma50" : 14211.94,
    "dma100" : 14065.88,
    "dma200" : 14850.97,
    "volume" : 159.00
  }, {
    "date" : "2025-08-05",
    "price" : 14396.25,
    "dma50" : 14219.17,
    "dma100" : 14071.90,
    "dma200" : 14846.45,
    "volume" : 141.00
  }, {
    "date" : "2025-08-06",
    "price" : 14351.70,
    "dma50" : 14224.36,
    "dma100" : 14077.05,
    "dma200" : 14841.52,
    "volume" : 143.00
  }, {
    "date" : "2025-08-07",
    "price" : 14180.95,
    "dma50" : 14222.66,
    "dma100" : 14080.50,
    "dma200" : 14834.95,
    "volume" : 187.00
  }, {
    "date" : "2025-08-08",
    "price" : 14038.05,
    "dma50" : 14215.42,
    "dma100" : 14082.06,
    "dma200" : 14827.02,
    "volume" : 120.00
  }, {
    "date" : "2025-08-11",
    "price" : 14089.65,
    "dma50" : 14210.49,
    "dma100" : 14084.73,
    "dma200" : 14819.69,
    "volume" : 141.00
  }, {
    "date" : "2025-08-12",
    "price" : 13759.45,
    "dma50" : 14192.80,
    "dma100" : 14084.95,
    "dma200" : 14809.14,
    "volume" : 366.00
  }, {
    "date" : "2025-08-13",
    "price" : 13918.15,
    "dma50" : 14182.03,
    "dma100" : 14086.03,
    "dma200" : 14800.27,
    "volume" : 75.00
  }, {
    "date" : "2025-08-14",
    "price" : 13735.85,
    "dma50" : 14164.53,
    "dma100" : 14084.32,
    "dma200" : 14789.68,
    "volume" : 376.00
  }, {
    "date" : "2025-08-18",
    "price" : 13630.20,
    "dma50" : 14143.58,
    "dma100" : 14080.92,
    "dma200" : 14778.14,
    "volume" : 69.00
  }, {
    "date" : "2025-08-19",
    "price" : 13800.00,
    "dma50" : 14130.11,
    "dma100" : 14077.41,
    "dma200" : 14768.41,
    "volume" : 67.00
  }, {
    "date" : "2025-08-20",
    "price" : 13920.00,
    "dma50" : 14121.87,
    "dma100" : 14076.01,
    "dma200" : 14759.97,
    "volume" : 86.00
  }, {
    "date" : "2025-08-21",
    "price" : 13950.00,
    "dma50" : 14115.13,
    "dma100" : 14075.72,
    "dma200" : 14751.91,
    "volume" : 7.00
  }, {
    "date" : "2025-08-22",
    "price" : 13681.20,
    "dma50" : 14098.11,
    "dma100" : 14073.87,
    "dma200" : 14741.25,
    "volume" : 71.00
  }, {
    "date" : "2025-08-25",
    "price" : 13716.00,
    "dma50" : 14083.12,
    "dma100" : 14071.78,
    "dma200" : 14731.05,
    "volume" : 38.00
  }, {
    "date" : "2025-08-26",
    "price" : 13635.85,
    "dma50" : 14065.58,
    "dma100" : 14070.32,
    "dma200" : 14720.16,
    "volume" : 114.00
  }, {
    "date" : "2025-08-28",
    "price" : 13823.65,
    "dma50" : 14056.10,
    "dma100" : 14068.66,
    "dma200" : 14711.23,
    "volume" : 21.00
  }, {
    "date" : "2025-08-29",
    "price" : 13446.45,
    "dma50" : 14032.19,
    "dma100" : 14063.48,
    "dma200" : 14698.65,
    "volume" : 222.00
  }, {
    "date" : "2025-09-01",
    "price" : 13689.95,
    "dma50" : 14018.77,
    "dma100" : 14060.48,
    "dma200" : 14688.61,
    "volume" : 73.00
  }, {
    "date" : "2025-09-02",
    "price" : 13606.35,
    "dma50" : 14002.59,
    "dma100" : 14060.17,
    "dma200" : 14677.84,
    "volume" : 50.00
  }, {
    "date" : "2025-09-03",
    "price" : 13719.60,
    "dma50" : 13991.50,
    "dma100" : 14058.38,
    "dma200" : 14668.31,
    "volume" : 16.00
  }, {
    "date" : "2025-09-04",
    "price" : 13412.55,
    "dma50" : 13968.79,
    "dma100" : 14053.53,
    "dma200" : 14655.81,
    "volume" : 169.00
  }, {
    "date" : "2025-09-05",
    "price" : 13560.05,
    "dma50" : 13952.76,
    "dma100" : 14048.66,
    "dma200" : 14644.91,
    "volume" : 27.00
  }, {
    "date" : "2025-09-08",
    "price" : 13840.05,
    "dma50" : 13948.34,
    "dma100" : 14046.06,
    "dma200" : 14636.90,
    "volume" : 61.00
  }, {
    "date" : "2025-09-09",
    "price" : 13789.70,
    "dma50" : 13942.12,
    "dma100" : 14043.46,
    "dma200" : 14628.47,
    "volume" : 43.00
  }, {
    "date" : "2025-09-10",
    "price" : 14062.50,
    "dma50" : 13946.84,
    "dma100" : 14044.94,
    "dma200" : 14622.84,
    "volume" : 162.00
  }, {
    "date" : "2025-09-11",
    "price" : 14150.95,
    "dma50" : 13954.85,
    "dma100" : 14043.99,
    "dma200" : 14618.15,
    "volume" : 233.00
  }, {
    "date" : "2025-09-12",
    "price" : 14018.70,
    "dma50" : 13957.35,
    "dma100" : 14038.80,
    "dma200" : 14612.18,
    "volume" : 309.00
  }, {
    "date" : "2025-09-15",
    "price" : 13768.15,
    "dma50" : 13949.93,
    "dma100" : 14035.50,
    "dma200" : 14603.78,
    "volume" : 200.00
  }, {
    "date" : "2025-09-16",
    "price" : 13912.00,
    "dma50" : 13948.44,
    "dma100" : 14032.25,
    "dma200" : 14596.90,
    "volume" : 20.00
  }, {
    "date" : "2025-09-17",
    "price" : 13912.65,
    "dma50" : 13947.04,
    "dma100" : 14032.07,
    "dma200" : 14590.09,
    "volume" : 78.00
  }, {
    "date" : "2025-09-18",
    "price" : 13980.10,
    "dma50" : 13948.34,
    "dma100" : 14032.37,
    "dma200" : 14584.02,
    "volume" : 78.00
  }, {
    "date" : "2025-09-19",
    "price" : 14180.45,
    "dma50" : 13957.44,
    "dma100" : 14034.44,
    "dma200" : 14580.01,
    "volume" : 56.00
  }, {
    "date" : "2025-09-22",
    "price" : 13992.85,
    "dma50" : 13958.83,
    "dma100" : 14036.48,
    "dma200" : 14574.16,
    "volume" : 278.00
  }, {
    "date" : "2025-09-23",
    "price" : 14047.25,
    "dma50" : 13962.30,
    "dma100" : 14039.51,
    "dma200" : 14568.92,
    "volume" : 314.00
  }, {
    "date" : "2025-09-24",
    "price" : 14063.30,
    "dma50" : 13966.26,
    "dma100" : 14041.15,
    "dma200" : 14563.89,
    "volume" : 27.00
  }, {
    "date" : "2025-09-25",
    "price" : 13950.10,
    "dma50" : 13965.62,
    "dma100" : 14043.14,
    "dma200" : 14557.78,
    "volume" : 67.00
  }, {
    "date" : "2025-09-26",
    "price" : 13625.00,
    "dma50" : 13952.27,
    "dma100" : 14041.09,
    "dma200" : 14548.50,
    "volume" : 368.00
  }, {
    "date" : "2025-09-29",
    "price" : 13687.60,
    "dma50" : 13941.89,
    "dma100" : 14041.38,
    "dma200" : 14539.93,
    "volume" : 66.00
  }, {
    "date" : "2025-09-30",
    "price" : 13497.80,
    "dma50" : 13924.47,
    "dma100" : 14038.64,
    "dma200" : 14529.56,
    "volume" : 122.00
  }, {
    "date" : "2025-10-01",
    "price" : 13700.00,
    "dma50" : 13915.67,
    "dma100" : 14035.94,
    "dma200" : 14521.31,
    "volume" : 18.00
  }, {
    "date" : "2025-10-03",
    "price" : 13680.00,
    "dma50" : 13906.43,
    "dma100" : 14032.74,
    "dma200" : 14512.94,
    "volume" : 14.00
  }, {
    "date" : "2025-10-06",
    "price" : 13750.55,
    "dma50" : 13900.31,
    "dma100" : 14026.80,
    "dma200" : 14505.35,
    "volume" : 342.00
  }, {
    "date" : "2025-10-07",
    "price" : 13746.40,
    "dma50" : 13894.28,
    "dma100" : 14021.48,
    "dma200" : 14497.80,
    "volume" : 215.00
  }, {
    "date" : "2025-10-08",
    "price" : 13746.55,
    "dma50" : 13888.48,
    "dma100" : 14014.30,
    "dma200" : 14490.33,
    "volume" : 240.00
  }, {
    "date" : "2025-10-09",
    "price" : 13600.20,
    "dma50" : 13877.18,
    "dma100" : 14009.77,
    "dma200" : 14481.47,
    "volume" : 35.00
  }, {
    "date" : "2025-10-10",
    "price" : 13766.50,
    "dma50" : 13872.84,
    "dma100" : 14003.42,
    "dma200" : 14474.36,
    "volume" : 16.00
  }, {
    "date" : "2025-10-13",
    "price" : 13750.00,
    "dma50" : 13868.02,
    "dma100" : 13991.15,
    "dma200" : 14467.15,
    "volume" : 50.00
  }, {
    "date" : "2025-10-14",
    "price" : 13697.55,
    "dma50" : 13861.34,
    "dma100" : 13983.34,
    "dma200" : 14459.49,
    "volume" : 57.00
  }, {
    "date" : "2025-10-15",
    "price" : 13602.50,
    "dma50" : 13851.19,
    "dma100" : 13979.26,
    "dma200" : 14450.96,
    "volume" : 108.00
  }, {
    "date" : "2025-10-16",
    "price" : 13769.60,
    "dma50" : 13847.99,
    "dma100" : 13975.73,
    "dma200" : 14444.18,
    "volume" : 29.00
  }, {
    "date" : "2025-10-17",
    "price" : 13601.35,
    "dma50" : 13838.31,
    "dma100" : 13969.84,
    "dma200" : 14435.80,
    "volume" : 128.00
  }, {
    "date" : "2025-10-20",
    "price" : 13640.50,
    "dma50" : 13830.56,
    "dma100" : 13965.16,
    "dma200" : 14427.88,
    "volume" : 37.00
  }, {
    "date" : "2025-10-21",
    "price" : 13812.75,
    "dma50" : 13829.86,
    "dma100" : 13962.07,
    "dma200" : 14421.76,
    "volume" : 50.00
  }, {
    "date" : "2025-10-23",
    "price" : 13739.90,
    "dma50" : 13826.33,
    "dma100" : 13959.69,
    "dma200" : 14414.98,
    "volume" : 41.00
  }, {
    "date" : "2025-10-24",
    "price" : 13617.25,
    "dma50" : 13818.13,
    "dma100" : 13956.22,
    "dma200" : 14407.04,
    "volume" : 51.00
  }, {
    "date" : "2025-10-27",
    "price" : 13632.65,
    "dma50" : 13810.86,
    "dma100" : 13952.26,
    "dma200" : 14399.33,
    "volume" : 13.00
  }, {
    "date" : "2025-10-28",
    "price" : 13535.80,
    "dma50" : 13800.07,
    "dma100" : 13948.50,
    "dma200" : 14390.74,
    "volume" : 99.00
  }, {
    "date" : "2025-10-29",
    "price" : 13598.75,
    "dma50" : 13792.18,
    "dma100" : 13945.69,
    "dma200" : 14382.86,
    "volume" : 85.00
  }, {
    "date" : "2025-10-30",
    "price" : 13527.25,
    "dma50" : 13781.79,
    "dma100" : 13942.98,
    "dma200" : 14374.35,
    "volume" : 55.00
  }, {
    "date" : "2025-10-31",
    "price" : 13709.85,
    "dma50" : 13778.97,
    "dma100" : 13939.54,
    "dma200" : 14367.74,
    "volume" : 33.00
  }, {
    "date" : "2025-11-03",
    "price" : 13789.95,
    "dma50" : 13779.40,
    "dma100" : 13936.29,
    "dma200" : 14361.99,
    "volume" : 87.00
  }, {
    "date" : "2025-11-04",
    "price" : 13543.45,
    "dma50" : 13770.14,
    "dma100" : 13931.01,
    "dma200" : 14353.84,
    "volume" : 88.00
  }, {
    "date" : "2025-11-06",
    "price" : 13527.15,
    "dma50" : 13760.61,
    "dma100" : 13928.05,
    "dma200" : 14345.62,
    "volume" : 135.00
  }, {
    "date" : "2025-11-07",
    "price" : 13588.60,
    "dma50" : 13753.87,
    "dma100" : 13925.43,
    "dma200" : 14338.08,
    "volume" : 82.00
  }, {
    "date" : "2025-11-10",
    "price" : 13301.30,
    "dma50" : 13736.12,
    "dma100" : 13918.44,
    "dma200" : 14327.77,
    "volume" : 137.00
  }, {
    "date" : "2025-11-11",
    "price" : 13292.30,
    "dma50" : 13718.72,
    "dma100" : 13910.56,
    "dma200" : 14317.47,
    "volume" : 46.00
  }, {
    "date" : "2025-11-12",
    "price" : 13600.00,
    "dma50" : 13714.06,
    "dma100" : 13907.49,
    "dma200" : 14310.33,
    "volume" : 103.00
  }, {
    "date" : "2025-11-13",
    "price" : 13471.35,
    "dma50" : 13704.54,
    "dma100" : 13904.43,
    "dma200" : 14301.98,
    "volume" : 83.00
  }, {
    "date" : "2025-11-14",
    "price" : 13350.35,
    "dma50" : 13690.65,
    "dma100" : 13899.93,
    "dma200" : 14292.51,
    "volume" : 21.00
  }, {
    "date" : "2025-11-17",
    "price" : 13033.75,
    "dma50" : 13664.89,
    "dma100" : 13894.07,
    "dma200" : 14279.98,
    "volume" : 517.00
  }, {
    "date" : "2025-11-18",
    "price" : 12988.10,
    "dma50" : 13638.35,
    "dma100" : 13885.25,
    "dma200" : 14267.13,
    "volume" : 161.00
  }, {
    "date" : "2025-11-19",
    "price" : 12999.50,
    "dma50" : 13613.30,
    "dma100" : 13876.75,
    "dma200" : 14254.52,
    "volume" : 75.00
  }, {
    "date" : "2025-11-20",
    "price" : 12950.00,
    "dma50" : 13587.29,
    "dma100" : 13865.70,
    "dma200" : 14241.54,
    "volume" : 118.00
  }, {
    "date" : "2025-11-21",
    "price" : 12858.30,
    "dma50" : 13558.70,
    "dma100" : 13852.18,
    "dma200" : 14227.77,
    "volume" : 114.00
  }, {
    "date" : "2025-11-24",
    "price" : 12785.00,
    "dma50" : 13528.36,
    "dma100" : 13839.55,
    "dma200" : 14213.42,
    "volume" : 20.00
  }, {
    "date" : "2025-11-25",
    "price" : 12837.60,
    "dma50" : 13501.27,
    "dma100" : 13827.83,
    "dma200" : 14199.73,
    "volume" : 55.00
  }, {
    "date" : "2025-11-26",
    "price" : 12691.65,
    "dma50" : 13469.52,
    "dma100" : 13814.41,
    "dma200" : 14184.72,
    "volume" : 293.00
  }, {
    "date" : "2025-11-27",
    "price" : 12518.15,
    "dma50" : 13432.21,
    "dma100" : 13799.60,
    "dma200" : 14168.14,
    "volume" : 109.00
  }, {
    "date" : "2025-11-28",
    "price" : 12732.05,
    "dma50" : 13404.75,
    "dma100" : 13787.20,
    "dma200" : 14153.85,
    "volume" : 250.00
  }, {
    "date" : "2025-12-01",
    "price" : 12543.50,
    "dma50" : 13370.98,
    "dma100" : 13773.67,
    "dma200" : 14137.83,
    "volume" : 206.00
  }, {
    "date" : "2025-12-02",
    "price" : 12560.45,
    "dma50" : 13339.19,
    "dma100" : 13756.54,
    "dma200" : 14122.13,
    "volume" : 38.00
  }, {
    "date" : "2025-12-03",
    "price" : 12451.00,
    "dma50" : 13304.36,
    "dma100" : 13739.28,
    "dma200" : 14105.50,
    "volume" : 30.00
  }, {
    "date" : "2025-12-04",
    "price" : 12477.90,
    "dma50" : 13271.95,
    "dma100" : 13722.28,
    "dma200" : 14089.31,
    "volume" : 23.00
  }, {
    "date" : "2025-12-05",
    "price" : 12651.20,
    "dma50" : 13247.61,
    "dma100" : 13707.95,
    "dma200" : 14075.00,
    "volume" : 44.00
  }, {
    "date" : "2025-12-08",
    "price" : 12690.00,
    "dma50" : 13225.74,
    "dma100" : 13692.23,
    "dma200" : 14061.22,
    "volume" : 42.00
  }, {
    "date" : "2025-12-09",
    "price" : 12382.35,
    "dma50" : 13192.67,
    "dma100" : 13668.84,
    "dma200" : 14044.51,
    "volume" : 141.00
  }, {
    "date" : "2025-12-10",
    "price" : 12588.90,
    "dma50" : 13168.99,
    "dma100" : 13645.91,
    "dma200" : 14030.03,
    "volume" : 11.00
  }, {
    "date" : "2025-12-11",
    "price" : 12172.10,
    "dma50" : 13129.90,
    "dma100" : 13619.81,
    "dma200" : 14011.54,
    "volume" : 414.00
  }, {
    "date" : "2025-12-12",
    "price" : 12263.50,
    "dma50" : 13095.92,
    "dma100" : 13595.42,
    "dma200" : 13994.15,
    "volume" : 30.00
  }, {
    "date" : "2025-12-15",
    "price" : 12266.65,
    "dma50" : 13063.40,
    "dma100" : 13575.59,
    "dma200" : 13976.96,
    "volume" : 18.00
  }, {
    "date" : "2025-12-16",
    "price" : 12236.55,
    "dma50" : 13030.97,
    "dma100" : 13552.28,
    "dma200" : 13959.64,
    "volume" : 152.00
  }, {
    "date" : "2025-12-17",
    "price" : 12106.05,
    "dma50" : 12994.70,
    "dma100" : 13529.65,
    "dma200" : 13941.20,
    "volume" : 220.00
  }, {
    "date" : "2025-12-18",
    "price" : 12263.90,
    "dma50" : 12966.04,
    "dma100" : 13507.80,
    "dma200" : 13924.51,
    "volume" : 87.00
  }, {
    "date" : "2025-12-19",
    "price" : 12225.00,
    "dma50" : 12936.98,
    "dma100" : 13486.95,
    "dma200" : 13907.60,
    "volume" : 29.00
  }, {
    "date" : "2025-12-22",
    "price" : 12138.65,
    "dma50" : 12905.68,
    "dma100" : 13465.83,
    "dma200" : 13890.00,
    "volume" : 189.00
  }, {
    "date" : "2025-12-23",
    "price" : 12214.95,
    "dma50" : 12878.59,
    "dma100" : 13448.21,
    "dma200" : 13873.33,
    "volume" : 49.00
  }, {
    "date" : "2025-12-24",
    "price" : 12055.10,
    "dma50" : 12846.30,
    "dma100" : 13426.14,
    "dma200" : 13855.24,
    "volume" : 144.00
  }, {
    "date" : "2025-12-26",
    "price" : 12020.60,
    "dma50" : 12813.92,
    "dma100" : 13403.50,
    "dma200" : 13836.98,
    "volume" : 132.00
  }, {
    "date" : "2025-12-29",
    "price" : 12071.95,
    "dma50" : 12784.82,
    "dma100" : 13383.31,
    "dma200" : 13819.42,
    "volume" : 87.00
  }, {
    "date" : "2025-12-30",
    "price" : 12075.35,
    "dma50" : 12757.00,
    "dma100" : 13360.81,
    "dma200" : 13802.07,
    "volume" : 37.00
  }, {
    "date" : "2025-12-31",
    "price" : 12154.00,
    "dma50" : 12733.35,
    "dma100" : 13338.39,
    "dma200" : 13785.67,
    "volume" : 47.00
  }, {
    "date" : "2026-01-01",
    "price" : 12055.00,
    "dma50" : 12706.75,
    "dma100" : 13315.42,
    "dma200" : 13768.45,
    "volume" : 7.00
  }, {
    "date" : "2026-01-02",
    "price" : 12099.15,
    "dma50" : 12682.92,
    "dma100" : 13294.60,
    "dma200" : 13751.84,
    "volume" : 54.00
  }, {
    "date" : "2026-01-05",
    "price" : 12089.80,
    "dma50" : 12659.66,
    "dma100" : 13275.12,
    "dma200" : 13735.30,
    "volume" : 113.00
  }, {
    "date" : "2026-01-06",
    "price" : 12018.55,
    "dma50" : 12634.52,
    "dma100" : 13254.41,
    "dma200" : 13718.22,
    "volume" : 141.00
  }, {
    "date" : "2026-01-07",
    "price" : 12050.00,
    "dma50" : 12611.60,
    "dma100" : 13237.32,
    "dma200" : 13701.62,
    "volume" : 79.00
  }, {
    "date" : "2026-01-08",
    "price" : 12081.75,
    "dma50" : 12590.82,
    "dma100" : 13218.95,
    "dma200" : 13685.50,
    "volume" : 22.00
  }, {
    "date" : "2026-01-09",
    "price" : 11988.65,
    "dma50" : 12567.20,
    "dma100" : 13201.48,
    "dma200" : 13668.61,
    "volume" : 106.00
  }, {
    "date" : "2026-01-12",
    "price" : 12132.00,
    "dma50" : 12550.14,
    "dma100" : 13186.50,
    "dma200" : 13653.33,
    "volume" : 174.00
  }, {
    "date" : "2026-01-13",
    "price" : 12000.00,
    "dma50" : 12528.56,
    "dma100" : 13168.50,
    "dma200" : 13636.87,
    "volume" : 95.00
  }, {
    "date" : "2026-01-14",
    "price" : 12035.45,
    "dma50" : 12509.23,
    "dma100" : 13149.65,
    "dma200" : 13620.94,
    "volume" : 374.00
  }, {
    "date" : "2026-01-16",
    "price" : 12084.95,
    "dma50" : 12492.59,
    "dma100" : 13131.00,
    "dma200" : 13605.66,
    "volume" : 66.00
  }, {
    "date" : "2026-01-19",
    "price" : 11955.00,
    "dma50" : 12471.51,
    "dma100" : 13113.74,
    "dma200" : 13589.23,
    "volume" : 108.00
  }, {
    "date" : "2026-01-20",
    "price" : 11517.70,
    "dma50" : 12434.10,
    "dma100" : 13091.76,
    "dma200" : 13568.62,
    "volume" : 165.00
  }, {
    "date" : "2026-01-21",
    "price" : 11610.45,
    "dma50" : 12401.80,
    "dma100" : 13071.50,
    "dma200" : 13549.14,
    "volume" : 174.00
  }, {
    "date" : "2026-01-22",
    "price" : 11458.35,
    "dma50" : 12364.80,
    "dma100" : 13047.85,
    "dma200" : 13528.33,
    "volume" : 51.00
  }, {
    "date" : "2026-01-23",
    "price" : 11575.00,
    "dma50" : 12333.83,
    "dma100" : 13029.14,
    "dma200" : 13508.90,
    "volume" : 40.00
  }, {
    "date" : "2026-01-27",
    "price" : 11509.70,
    "dma50" : 12301.51,
    "dma100" : 13007.33,
    "dma200" : 13489.00,
    "volume" : 17.00
  }, {
    "date" : "2026-01-28",
    "price" : 11440.85,
    "dma50" : 12267.76,
    "dma100" : 12985.68,
    "dma200" : 13468.62,
    "volume" : 41.00
  }, {
    "date" : "2026-01-29",
    "price" : 11425.00,
    "dma50" : 12234.71,
    "dma100" : 12962.73,
    "dma200" : 13448.29,
    "volume" : 314.00
  }, {
    "date" : "2026-01-30",
    "price" : 11855.05,
    "dma50" : 12219.82,
    "dma100" : 12947.16,
    "dma200" : 13432.44,
    "volume" : 366.00
  }, {
    "date" : "2026-02-01",
    "price" : 11991.45,
    "dma50" : 12210.87,
    "dma100" : 12931.47,
    "dma200" : 13418.10,
    "volume" : 297.00
  }, {
    "date" : "2026-02-02",
    "price" : 11743.95,
    "dma50" : 12192.56,
    "dma100" : 12910.51,
    "dma200" : 13401.44,
    "volume" : 257.00
  }, {
    "date" : "2026-02-03",
    "price" : 11991.40,
    "dma50" : 12184.67,
    "dma100" : 12892.53,
    "dma200" : 13387.41,
    "volume" : 224.00
  }, {
    "date" : "2026-02-04",
    "price" : 12428.45,
    "dma50" : 12194.23,
    "dma100" : 12876.19,
    "dma200" : 13377.87,
    "volume" : 225.00
  }, {
    "date" : "2026-02-05",
    "price" : 12367.55,
    "dma50" : 12201.02,
    "dma100" : 12858.35,
    "dma200" : 13367.81,
    "volume" : 71.00
  }, {
    "date" : "2026-02-06",
    "price" : 13549.05,
    "dma50" : 12253.89,
    "dma100" : 12853.66,
    "dma200" : 13369.62,
    "volume" : 1227.00
  }, {
    "date" : "2026-02-09",
    "price" : 13128.70,
    "dma50" : 12288.19,
    "dma100" : 12847.26,
    "dma200" : 13367.22,
    "volume" : 292.00
  }, {
    "date" : "2026-02-10",
    "price" : 13575.00,
    "dma50" : 12338.66,
    "dma100" : 12843.89,
    "dma200" : 13369.29,
    "volume" : 404.00
  }, {
    "date" : "2026-02-11",
    "price" : 13536.35,
    "dma50" : 12385.63,
    "dma100" : 12840.13,
    "dma200" : 13370.95,
    "volume" : 181.00
  }, {
    "date" : "2026-02-12",
    "price" : 13310.90,
    "dma50" : 12421.91,
    "dma100" : 12833.44,
    "dma200" : 13370.35,
    "volume" : 130.00
  }, {
    "date" : "2026-02-13",
    "price" : 12790.05,
    "dma50" : 12436.35,
    "dma100" : 12819.53,
    "dma200" : 13364.58,
    "volume" : 283.00
  }, {
    "date" : "2026-02-16",
    "price" : 12099.35,
    "dma50" : 12423.13,
    "dma100" : 12800.60,
    "dma200" : 13351.99,
    "volume" : 652.00
  } ],
  "latestTechnicalAttributes" : {
    "date" : "2026-02-16",
    "price" : 12099.35,
    "dma50" : 12423.13,
    "dma100" : 12800.60,
    "dma200" : 13351.99,
    "volume" : 652.00
  },
  "quarterlyResults" : [ {
    "date" : "2005-03-31",
    "sales" : 12.85,
    "salesGrowthYoY" : null,
    "grossProfitMargin" : 46.77,
    "grossProfit" : 6.01,
    "operatingProfitMargin" : 26.85,
    "operatingProfit" : 3.45,
    "netProfitMargin" : 17.90,
    "netProfit" : 2.30
  }, {
    "date" : "2005-06-30",
    "sales" : 7.85,
    "salesGrowthYoY" : null,
    "grossProfitMargin" : 43.06,
    "grossProfit" : 3.38,
    "operatingProfitMargin" : 9.55,
    "operatingProfit" : 0.75,
    "netProfitMargin" : 9.55,
    "netProfit" : 0.75
  }, {
    "date" : "2005-09-30",
    "sales" : 13.10,
    "salesGrowthYoY" : null,
    "grossProfitMargin" : 51.98,
    "grossProfit" : 6.81,
    "operatingProfitMargin" : 34.20,
    "operatingProfit" : 4.48,
    "netProfitMargin" : 23.66,
    "netProfit" : 3.10
  }, {
    "date" : "2005-12-31",
    "sales" : 9.53,
    "salesGrowthYoY" : null,
    "grossProfitMargin" : 56.45,
    "grossProfit" : 5.38,
    "operatingProfitMargin" : 9.23,
    "operatingProfit" : 0.88,
    "netProfitMargin" : 15.74,
    "netProfit" : 1.50
  }, {
    "date" : "2006-03-31",
    "sales" : 17.63,
    "salesGrowthYoY" : 37.20,
    "grossProfitMargin" : 56.83,
    "grossProfit" : 10.02,
    "operatingProfitMargin" : 40.50,
    "operatingProfit" : 7.14,
    "netProfitMargin" : 27.68,
    "netProfit" : 4.88
  }, {
    "date" : "2006-06-30",
    "sales" : 15.45,
    "salesGrowthYoY" : 96.82,
    "grossProfitMargin" : 50.29,
    "grossProfit" : 7.77,
    "operatingProfitMargin" : 28.03,
    "operatingProfit" : 4.33,
    "netProfitMargin" : 19.68,
    "netProfit" : 3.04
  }, {
    "date" : "2006-09-30",
    "sales" : 15.99,
    "salesGrowthYoY" : 22.06,
    "grossProfitMargin" : 45.59,
    "grossProfit" : 7.29,
    "operatingProfitMargin" : 20.08,
    "operatingProfit" : 3.21,
    "netProfitMargin" : 21.64,
    "netProfit" : 3.46
  }, {
    "date" : "2006-12-31",
    "sales" : 17.62,
    "salesGrowthYoY" : 84.89,
    "grossProfitMargin" : 50.96,
    "grossProfit" : 8.98,
    "operatingProfitMargin" : 24.86,
    "operatingProfit" : 4.38,
    "netProfitMargin" : 17.25,
    "netProfit" : 3.04
  }, {
    "date" : "2007-03-31",
    "sales" : 19.77,
    "salesGrowthYoY" : 12.14,
    "grossProfitMargin" : 49.77,
    "grossProfit" : 9.84,
    "operatingProfitMargin" : 25.64,
    "operatingProfit" : 5.07,
    "netProfitMargin" : 21.04,
    "netProfit" : 4.16
  }, {
    "date" : "2007-06-30",
    "sales" : 20.65,
    "salesGrowthYoY" : 33.66,
    "grossProfitMargin" : 43.78,
    "grossProfit" : 9.04,
    "operatingProfitMargin" : 23.05,
    "operatingProfit" : 4.76,
    "netProfitMargin" : 15.45,
    "netProfit" : 3.19
  }, {
    "date" : "2007-09-30",
    "sales" : 21.61,
    "salesGrowthYoY" : 35.15,
    "grossProfitMargin" : 45.63,
    "grossProfit" : 9.86,
    "operatingProfitMargin" : 22.03,
    "operatingProfit" : 4.76,
    "netProfitMargin" : 18.14,
    "netProfit" : 3.92
  }, {
    "date" : "2007-12-31",
    "sales" : 31.33,
    "salesGrowthYoY" : 77.81,
    "grossProfitMargin" : 47.02,
    "grossProfit" : 14.73,
    "operatingProfitMargin" : 29.46,
    "operatingProfit" : 9.23,
    "netProfitMargin" : 22.02,
    "netProfit" : 6.90
  }, {
    "date" : "2008-03-31",
    "sales" : 23.72,
    "salesGrowthYoY" : 19.98,
    "grossProfitMargin" : 47.64,
    "grossProfit" : 11.30,
    "operatingProfitMargin" : 20.87,
    "operatingProfit" : 4.95,
    "netProfitMargin" : 16.10,
    "netProfit" : 3.82
  }, {
    "date" : "2008-06-30",
    "sales" : 26.13,
    "salesGrowthYoY" : 26.54,
    "grossProfitMargin" : 46.42,
    "grossProfit" : 12.13,
    "operatingProfitMargin" : 23.61,
    "operatingProfit" : 6.17,
    "netProfitMargin" : 15.15,
    "netProfit" : 3.96
  }, {
    "date" : "2008-09-30",
    "sales" : 19.38,
    "salesGrowthYoY" : -10.32,
    "grossProfitMargin" : 46.39,
    "grossProfit" : 8.99,
    "operatingProfitMargin" : 16.82,
    "operatingProfit" : 3.26,
    "netProfitMargin" : 11.40,
    "netProfit" : 2.21
  }, {
    "date" : "2008-12-31",
    "sales" : 16.95,
    "salesGrowthYoY" : -45.90,
    "grossProfitMargin" : 48.85,
    "grossProfit" : 8.28,
    "operatingProfitMargin" : 16.17,
    "operatingProfit" : 2.74,
    "netProfitMargin" : 11.74,
    "netProfit" : 1.99
  }, {
    "date" : "2009-03-31",
    "sales" : 16.18,
    "salesGrowthYoY" : -31.79,
    "grossProfitMargin" : 48.58,
    "grossProfit" : 7.86,
    "operatingProfitMargin" : 16.93,
    "operatingProfit" : 2.74,
    "netProfitMargin" : 10.44,
    "netProfit" : 1.69
  }, {
    "date" : "2009-06-30",
    "sales" : 10.17,
    "salesGrowthYoY" : -61.08,
    "grossProfitMargin" : 51.23,
    "grossProfit" : 5.21,
    "operatingProfitMargin" : 6.00,
    "operatingProfit" : 0.61,
    "netProfitMargin" : 4.82,
    "netProfit" : 0.49
  }, {
    "date" : "2009-09-30",
    "sales" : 18.66,
    "salesGrowthYoY" : -3.72,
    "grossProfitMargin" : 50.96,
    "grossProfit" : 9.51,
    "operatingProfitMargin" : 23.37,
    "operatingProfit" : 4.36,
    "netProfitMargin" : 14.74,
    "netProfit" : 2.75
  }, {
    "date" : "2009-12-31",
    "sales" : 26.49,
    "salesGrowthYoY" : 56.28,
    "grossProfitMargin" : 46.77,
    "grossProfit" : 12.39,
    "operatingProfitMargin" : 27.03,
    "operatingProfit" : 7.16,
    "netProfitMargin" : 18.65,
    "netProfit" : 4.94
  }, {
    "date" : "2010-03-31",
    "sales" : 16.63,
    "salesGrowthYoY" : 2.78,
    "grossProfitMargin" : 48.83,
    "grossProfit" : 8.12,
    "operatingProfitMargin" : 8.96,
    "operatingProfit" : 1.49,
    "netProfitMargin" : 7.04,
    "netProfit" : 1.17
  }, {
    "date" : "2010-06-30",
    "sales" : 18.57,
    "salesGrowthYoY" : 82.60,
    "grossProfitMargin" : 45.56,
    "grossProfit" : 8.46,
    "operatingProfitMargin" : 11.20,
    "operatingProfit" : 2.08,
    "netProfitMargin" : 7.81,
    "netProfit" : 1.45
  }, {
    "date" : "2010-09-30",
    "sales" : 28.52,
    "salesGrowthYoY" : 52.84,
    "grossProfitMargin" : 43.65,
    "grossProfit" : 12.45,
    "operatingProfitMargin" : 18.37,
    "operatingProfit" : 5.24,
    "netProfitMargin" : 13.92,
    "netProfit" : 3.97
  }, {
    "date" : "2010-12-31",
    "sales" : 44.52,
    "salesGrowthYoY" : 68.06,
    "grossProfitMargin" : 46.05,
    "grossProfit" : 20.50,
    "operatingProfitMargin" : 28.68,
    "operatingProfit" : 12.77,
    "netProfitMargin" : 19.14,
    "netProfit" : 8.52
  }, {
    "date" : "2011-03-31",
    "sales" : 24.01,
    "salesGrowthYoY" : 44.38,
    "grossProfitMargin" : 38.90,
    "grossProfit" : 9.34,
    "operatingProfitMargin" : 3.71,
    "operatingProfit" : 0.89,
    "netProfitMargin" : 3.71,
    "netProfit" : 0.89
  }, {
    "date" : "2011-06-30",
    "sales" : 29.03,
    "salesGrowthYoY" : 56.33,
    "grossProfitMargin" : 39.34,
    "grossProfit" : 11.42,
    "operatingProfitMargin" : 9.92,
    "operatingProfit" : 2.88,
    "netProfitMargin" : 7.34,
    "netProfit" : 2.13
  }, {
    "date" : "2011-09-30",
    "sales" : 42.48,
    "salesGrowthYoY" : 48.95,
    "grossProfitMargin" : 43.69,
    "grossProfit" : 18.56,
    "operatingProfitMargin" : 23.52,
    "operatingProfit" : 9.99,
    "netProfitMargin" : 17.16,
    "netProfit" : 7.29
  }, {
    "date" : "2011-12-31",
    "sales" : 58.75,
    "salesGrowthYoY" : 31.96,
    "grossProfitMargin" : 49.91,
    "grossProfit" : 29.32,
    "operatingProfitMargin" : 31.05,
    "operatingProfit" : 18.24,
    "netProfitMargin" : 21.06,
    "netProfit" : 12.37
  }, {
    "date" : "2012-03-31",
    "sales" : 27.17,
    "salesGrowthYoY" : 13.16,
    "grossProfitMargin" : 44.72,
    "grossProfit" : 12.15,
    "operatingProfitMargin" : 8.80,
    "operatingProfit" : 2.39,
    "netProfitMargin" : 9.16,
    "netProfit" : 2.49
  }, {
    "date" : "2012-06-30",
    "sales" : 30.05,
    "salesGrowthYoY" : 3.51,
    "grossProfitMargin" : 52.18,
    "grossProfit" : 15.68,
    "operatingProfitMargin" : 14.21,
    "operatingProfit" : 4.27,
    "netProfitMargin" : 7.85,
    "netProfit" : 2.36
  }, {
    "date" : "2012-09-30",
    "sales" : 27.36,
    "salesGrowthYoY" : -35.59,
    "grossProfitMargin" : 51.10,
    "grossProfit" : 13.98,
    "operatingProfitMargin" : 13.74,
    "operatingProfit" : 3.76,
    "netProfitMargin" : 9.03,
    "netProfit" : 2.47
  }, {
    "date" : "2012-12-31",
    "sales" : 67.85,
    "salesGrowthYoY" : 15.49,
    "grossProfitMargin" : 41.13,
    "grossProfit" : 27.91,
    "operatingProfitMargin" : 24.27,
    "operatingProfit" : 16.47,
    "netProfitMargin" : 16.99,
    "netProfit" : 11.53
  }, {
    "date" : "2013-03-31",
    "sales" : 26.17,
    "salesGrowthYoY" : -3.68,
    "grossProfitMargin" : 50.13,
    "grossProfit" : 13.12,
    "operatingProfitMargin" : 8.37,
    "operatingProfit" : 2.19,
    "netProfitMargin" : 5.54,
    "netProfit" : 1.45
  }, {
    "date" : "2013-06-30",
    "sales" : 36.21,
    "salesGrowthYoY" : 20.50,
    "grossProfitMargin" : 45.62,
    "grossProfit" : 16.52,
    "operatingProfitMargin" : 10.94,
    "operatingProfit" : 3.96,
    "netProfitMargin" : 6.43,
    "netProfit" : 2.33
  }, {
    "date" : "2013-09-30",
    "sales" : 48.35,
    "salesGrowthYoY" : 76.72,
    "grossProfitMargin" : 44.53,
    "grossProfit" : 21.53,
    "operatingProfitMargin" : 20.87,
    "operatingProfit" : 10.09,
    "netProfitMargin" : 13.49,
    "netProfit" : 6.52
  }, {
    "date" : "2013-12-31",
    "sales" : 63.74,
    "salesGrowthYoY" : -6.06,
    "grossProfitMargin" : 41.25,
    "grossProfit" : 26.29,
    "operatingProfitMargin" : 21.82,
    "operatingProfit" : 13.91,
    "netProfitMargin" : 14.45,
    "netProfit" : 9.21
  }, {
    "date" : "2014-03-31",
    "sales" : 20.96,
    "salesGrowthYoY" : -19.91,
    "grossProfitMargin" : 53.63,
    "grossProfit" : 11.24,
    "operatingProfitMargin" : 1.72,
    "operatingProfit" : 0.36,
    "netProfitMargin" : -0.24,
    "netProfit" : -0.05
  }, {
    "date" : "2014-06-30",
    "sales" : 31.11,
    "salesGrowthYoY" : -14.08,
    "grossProfitMargin" : 44.07,
    "grossProfit" : 13.71,
    "operatingProfitMargin" : 3.57,
    "operatingProfit" : 1.11,
    "netProfitMargin" : 3.86,
    "netProfit" : 1.20
  }, {
    "date" : "2014-09-30",
    "sales" : 24.31,
    "salesGrowthYoY" : -49.72,
    "grossProfitMargin" : 48.58,
    "grossProfit" : 11.81,
    "operatingProfitMargin" : -0.90,
    "operatingProfit" : -0.22,
    "netProfitMargin" : 1.07,
    "netProfit" : 0.26
  }, {
    "date" : "2014-12-31",
    "sales" : 87.81,
    "salesGrowthYoY" : 37.76,
    "grossProfitMargin" : 41.48,
    "grossProfit" : 36.42,
    "operatingProfitMargin" : 24.94,
    "operatingProfit" : 21.90,
    "netProfitMargin" : 18.31,
    "netProfit" : 16.08
  }, {
    "date" : "2015-03-31",
    "sales" : 19.58,
    "salesGrowthYoY" : -6.58,
    "grossProfitMargin" : 57.41,
    "grossProfit" : 11.24,
    "operatingProfitMargin" : 0.51,
    "operatingProfit" : 0.10,
    "netProfitMargin" : 1.99,
    "netProfit" : 0.39
  }, {
    "date" : "2015-06-30",
    "sales" : 27.25,
    "salesGrowthYoY" : -12.41,
    "grossProfitMargin" : 45.80,
    "grossProfit" : 12.48,
    "operatingProfitMargin" : 2.13,
    "operatingProfit" : 0.58,
    "netProfitMargin" : 4.15,
    "netProfit" : 1.13
  }, {
    "date" : "2015-09-30",
    "sales" : 46.01,
    "salesGrowthYoY" : 89.26,
    "grossProfitMargin" : 40.97,
    "grossProfit" : 18.85,
    "operatingProfitMargin" : 11.63,
    "operatingProfit" : 5.35,
    "netProfitMargin" : 8.35,
    "netProfit" : 3.84
  }, {
    "date" : "2015-12-31",
    "sales" : 52.75,
    "salesGrowthYoY" : -39.93,
    "grossProfitMargin" : 42.43,
    "grossProfit" : 22.38,
    "operatingProfitMargin" : 17.90,
    "operatingProfit" : 9.44,
    "netProfitMargin" : 13.27,
    "netProfit" : 7.00
  }, {
    "date" : "2016-03-31",
    "sales" : 16.72,
    "salesGrowthYoY" : -14.61,
    "grossProfitMargin" : 61.18,
    "grossProfit" : 10.23,
    "operatingProfitMargin" : -16.15,
    "operatingProfit" : -2.70,
    "netProfitMargin" : -8.19,
    "netProfit" : -1.37
  }, {
    "date" : "2016-06-30",
    "sales" : 30.70,
    "salesGrowthYoY" : 12.66,
    "grossProfitMargin" : 44.69,
    "grossProfit" : 13.72,
    "operatingProfitMargin" : 5.64,
    "operatingProfit" : 1.73,
    "netProfitMargin" : 5.18,
    "netProfit" : 1.59
  }, {
    "date" : "2016-09-30",
    "sales" : 28.98,
    "salesGrowthYoY" : -37.01,
    "grossProfitMargin" : 47.48,
    "grossProfit" : 13.76,
    "operatingProfitMargin" : 5.14,
    "operatingProfit" : 1.49,
    "netProfitMargin" : 5.04,
    "netProfit" : 1.46
  }, {
    "date" : "2016-12-31",
    "sales" : 81.71,
    "salesGrowthYoY" : 54.90,
    "grossProfitMargin" : 34.89,
    "grossProfit" : 28.51,
    "operatingProfitMargin" : 19.10,
    "operatingProfit" : 15.61,
    "netProfitMargin" : 12.97,
    "netProfit" : 10.60
  }, {
    "date" : "2017-03-31",
    "sales" : 16.10,
    "salesGrowthYoY" : -3.71,
    "grossProfitMargin" : 61.68,
    "grossProfit" : 9.93,
    "operatingProfitMargin" : -24.91,
    "operatingProfit" : -4.01,
    "netProfitMargin" : -15.78,
    "netProfit" : -2.54
  }, {
    "date" : "2017-06-30",
    "sales" : 30.41,
    "salesGrowthYoY" : -0.94,
    "grossProfitMargin" : 46.89,
    "grossProfit" : 14.26,
    "operatingProfitMargin" : -0.46,
    "operatingProfit" : -0.14,
    "netProfitMargin" : 0.95,
    "netProfit" : 0.29
  }, {
    "date" : "2017-09-30",
    "sales" : 36.13,
    "salesGrowthYoY" : 24.67,
    "grossProfitMargin" : 42.85,
    "grossProfit" : 15.48,
    "operatingProfitMargin" : 3.65,
    "operatingProfit" : 1.32,
    "netProfitMargin" : 3.65,
    "netProfit" : 1.32
  }, {
    "date" : "2017-12-31",
    "sales" : 102.06,
    "salesGrowthYoY" : 24.91,
    "grossProfitMargin" : 37.12,
    "grossProfit" : 37.88,
    "operatingProfitMargin" : 23.55,
    "operatingProfit" : 24.04,
    "netProfitMargin" : 15.97,
    "netProfit" : 16.30
  }, {
    "date" : "2018-03-31",
    "sales" : 27.26,
    "salesGrowthYoY" : 69.32,
    "grossProfitMargin" : 45.67,
    "grossProfit" : 12.45,
    "operatingProfitMargin" : -10.82,
    "operatingProfit" : -2.95,
    "netProfitMargin" : -6.16,
    "netProfit" : -1.68
  }, {
    "date" : "2018-06-30",
    "sales" : 37.70,
    "salesGrowthYoY" : 23.97,
    "grossProfitMargin" : 47.06,
    "grossProfit" : 17.74,
    "operatingProfitMargin" : 4.67,
    "operatingProfit" : 1.76,
    "netProfitMargin" : 5.25,
    "netProfit" : 1.98
  }, {
    "date" : "2018-09-30",
    "sales" : 74.97,
    "salesGrowthYoY" : 107.50,
    "grossProfitMargin" : 38.51,
    "grossProfit" : 28.87,
    "operatingProfitMargin" : 15.62,
    "operatingProfit" : 11.71,
    "netProfitMargin" : 12.16,
    "netProfit" : 9.12
  }, {
    "date" : "2018-12-31",
    "sales" : 74.66,
    "salesGrowthYoY" : -26.85,
    "grossProfitMargin" : 41.63,
    "grossProfit" : 31.08,
    "operatingProfitMargin" : 21.71,
    "operatingProfit" : 16.21,
    "netProfitMargin" : 16.65,
    "netProfit" : 12.43
  }, {
    "date" : "2019-03-31",
    "sales" : 54.59,
    "salesGrowthYoY" : 100.26,
    "grossProfitMargin" : 43.89,
    "grossProfit" : 23.96,
    "operatingProfitMargin" : 9.80,
    "operatingProfit" : 5.35,
    "netProfitMargin" : 7.79,
    "netProfit" : 4.25
  }, {
    "date" : "2019-06-30",
    "sales" : 60.81,
    "salesGrowthYoY" : 61.30,
    "grossProfitMargin" : 46.29,
    "grossProfit" : 28.15,
    "operatingProfitMargin" : 16.38,
    "operatingProfit" : 9.96,
    "netProfitMargin" : 12.56,
    "netProfit" : 7.64
  }, {
    "date" : "2019-09-30",
    "sales" : 57.09,
    "salesGrowthYoY" : -23.85,
    "grossProfitMargin" : 45.79,
    "grossProfit" : 26.14,
    "operatingProfitMargin" : 15.73,
    "operatingProfit" : 8.98,
    "netProfitMargin" : 13.61,
    "netProfit" : 7.77
  }, {
    "date" : "2019-12-31",
    "sales" : 88.44,
    "salesGrowthYoY" : 18.46,
    "grossProfitMargin" : 43.96,
    "grossProfit" : 38.88,
    "operatingProfitMargin" : 22.09,
    "operatingProfit" : 19.54,
    "netProfitMargin" : 16.92,
    "netProfit" : 14.96
  }, {
    "date" : "2020-03-31",
    "sales" : 17.26,
    "salesGrowthYoY" : -68.38,
    "grossProfitMargin" : 52.95,
    "grossProfit" : 9.14,
    "operatingProfitMargin" : -21.67,
    "operatingProfit" : -3.74,
    "netProfitMargin" : -10.49,
    "netProfit" : -1.81
  }, {
    "date" : "2020-06-30",
    "sales" : 27.28,
    "salesGrowthYoY" : -55.14,
    "grossProfitMargin" : 37.50,
    "grossProfit" : 10.23,
    "operatingProfitMargin" : -5.39,
    "operatingProfit" : -1.47,
    "netProfitMargin" : -0.95,
    "netProfit" : -0.26
  }, {
    "date" : "2020-09-30",
    "sales" : 47.84,
    "salesGrowthYoY" : -16.20,
    "grossProfitMargin" : 44.75,
    "grossProfit" : 21.41,
    "operatingProfitMargin" : 18.79,
    "operatingProfit" : 8.99,
    "netProfitMargin" : 15.55,
    "netProfit" : 7.44
  }, {
    "date" : "2020-12-31",
    "sales" : 72.76,
    "salesGrowthYoY" : -17.73,
    "grossProfitMargin" : 44.24,
    "grossProfit" : 32.19,
    "operatingProfitMargin" : 27.72,
    "operatingProfit" : 20.17,
    "netProfitMargin" : 22.48,
    "netProfit" : 16.36
  }, {
    "date" : "2021-03-31",
    "sales" : 29.63,
    "salesGrowthYoY" : 71.67,
    "grossProfitMargin" : 42.73,
    "grossProfit" : 12.66,
    "operatingProfitMargin" : -5.06,
    "operatingProfit" : -1.50,
    "netProfitMargin" : 0.07,
    "netProfit" : 0.02
  }, {
    "date" : "2021-06-30",
    "sales" : 36.74,
    "salesGrowthYoY" : 34.68,
    "grossProfitMargin" : 50.84,
    "grossProfit" : 18.68,
    "operatingProfitMargin" : 11.21,
    "operatingProfit" : 4.12,
    "netProfitMargin" : 11.11,
    "netProfit" : 4.08
  }, {
    "date" : "2021-09-30",
    "sales" : 66.99,
    "salesGrowthYoY" : 40.03,
    "grossProfitMargin" : 44.62,
    "grossProfit" : 29.89,
    "operatingProfitMargin" : 21.33,
    "operatingProfit" : 14.29,
    "netProfitMargin" : 17.76,
    "netProfit" : 11.90
  }, {
    "date" : "2021-12-31",
    "sales" : 73.57,
    "salesGrowthYoY" : 1.11,
    "grossProfitMargin" : 39.99,
    "grossProfit" : 29.42,
    "operatingProfitMargin" : 13.59,
    "operatingProfit" : 10.00,
    "netProfitMargin" : 11.91,
    "netProfit" : 8.76
  }, {
    "date" : "2022-03-31",
    "sales" : 70.37,
    "salesGrowthYoY" : 137.50,
    "grossProfitMargin" : 43.80,
    "grossProfit" : 30.82,
    "operatingProfitMargin" : 22.34,
    "operatingProfit" : 15.72,
    "netProfitMargin" : 18.05,
    "netProfit" : 12.70
  }, {
    "date" : "2022-06-30",
    "sales" : 62.23,
    "salesGrowthYoY" : 69.38,
    "grossProfitMargin" : 45.12,
    "grossProfit" : 28.08,
    "operatingProfitMargin" : 14.06,
    "operatingProfit" : 8.75,
    "netProfitMargin" : 11.67,
    "netProfit" : 7.26
  }, {
    "date" : "2022-09-30",
    "sales" : 66.34,
    "salesGrowthYoY" : -0.97,
    "grossProfitMargin" : 44.75,
    "grossProfit" : 29.69,
    "operatingProfitMargin" : 16.91,
    "operatingProfit" : 11.22,
    "netProfitMargin" : 13.96,
    "netProfit" : 9.26
  }, {
    "date" : "2022-12-31",
    "sales" : 50.20,
    "salesGrowthYoY" : -31.77,
    "grossProfitMargin" : 40.86,
    "grossProfit" : 20.51,
    "operatingProfitMargin" : 2.87,
    "operatingProfit" : 1.44,
    "netProfitMargin" : 3.86,
    "netProfit" : 1.94
  }, {
    "date" : "2023-03-31",
    "sales" : 73.64,
    "salesGrowthYoY" : 4.65,
    "grossProfitMargin" : 39.16,
    "grossProfit" : 28.84,
    "operatingProfitMargin" : 15.60,
    "operatingProfit" : 11.49,
    "netProfitMargin" : 13.53,
    "netProfit" : 9.96
  }, {
    "date" : "2023-06-30",
    "sales" : 88.02,
    "salesGrowthYoY" : 41.44,
    "grossProfitMargin" : 42.94,
    "grossProfit" : 37.80,
    "operatingProfitMargin" : 20.38,
    "operatingProfit" : 17.94,
    "netProfitMargin" : 17.31,
    "netProfit" : 15.24
  }, {
    "date" : "2023-09-30",
    "sales" : 77.46,
    "salesGrowthYoY" : 16.76,
    "grossProfitMargin" : 38.01,
    "grossProfit" : 29.44,
    "operatingProfitMargin" : 13.77,
    "operatingProfit" : 10.67,
    "netProfitMargin" : 12.54,
    "netProfit" : 9.71
  }, {
    "date" : "2023-12-31",
    "sales" : 59.00,
    "salesGrowthYoY" : 17.53,
    "grossProfitMargin" : 44.24,
    "grossProfit" : 26.10,
    "operatingProfitMargin" : 7.71,
    "operatingProfit" : 4.55,
    "netProfitMargin" : 9.37,
    "netProfit" : 5.53
  }, {
    "date" : "2024-03-31",
    "sales" : 94.67,
    "salesGrowthYoY" : 28.56,
    "grossProfitMargin" : 37.39,
    "grossProfit" : 35.40,
    "operatingProfitMargin" : 15.91,
    "operatingProfit" : 15.06,
    "netProfitMargin" : 13.53,
    "netProfit" : 12.81
  }, {
    "date" : "2024-06-30",
    "sales" : 94.03,
    "salesGrowthYoY" : 6.83,
    "grossProfitMargin" : 41.47,
    "grossProfit" : 38.99,
    "operatingProfitMargin" : 17.94,
    "operatingProfit" : 16.87,
    "netProfitMargin" : 15.81,
    "netProfit" : 14.87
  }, {
    "date" : "2024-09-30",
    "sales" : 85.29,
    "salesGrowthYoY" : 10.11,
    "grossProfitMargin" : 39.51,
    "grossProfit" : 33.70,
    "operatingProfitMargin" : 13.96,
    "operatingProfit" : 11.91,
    "netProfitMargin" : 14.53,
    "netProfit" : 12.39
  }, {
    "date" : "2024-12-31",
    "sales" : 97.59,
    "salesGrowthYoY" : 65.41,
    "grossProfitMargin" : 37.63,
    "grossProfit" : 36.72,
    "operatingProfitMargin" : 12.16,
    "operatingProfit" : 11.87,
    "netProfitMargin" : 10.96,
    "netProfit" : 10.70
  }, {
    "date" : "2025-03-31",
    "sales" : 107.78,
    "salesGrowthYoY" : 13.85,
    "grossProfitMargin" : 41.49,
    "grossProfit" : 44.72,
    "operatingProfitMargin" : 17.29,
    "operatingProfit" : 18.64,
    "netProfitMargin" : 15.49,
    "netProfit" : 16.70
  }, {
    "date" : "2025-06-30",
    "sales" : 101.73,
    "salesGrowthYoY" : 8.19,
    "grossProfitMargin" : 43.38,
    "grossProfit" : 44.13,
    "operatingProfitMargin" : 14.82,
    "operatingProfit" : 15.08,
    "netProfitMargin" : 12.93,
    "netProfit" : 13.15
  }, {
    "date" : "2025-09-30",
    "sales" : 103.54,
    "salesGrowthYoY" : 21.40,
    "grossProfitMargin" : 40.24,
    "grossProfit" : 41.66,
    "operatingProfitMargin" : 14.06,
    "operatingProfit" : 14.56,
    "netProfitMargin" : 11.81,
    "netProfit" : 12.23
  }, {
    "date" : "2025-12-31",
    "sales" : 128.62,
    "salesGrowthYoY" : 31.80,
    "grossProfitMargin" : 40.22,
    "grossProfit" : 51.73,
    "operatingProfitMargin" : 17.13,
    "operatingProfit" : 22.03,
    "netProfitMargin" : 13.92,
    "netProfit" : 17.90
  } ],
  "latestQuarterlyResult" : {
    "date" : "2025-12-31",
    "sales" : 128.62,
    "salesGrowthYoY" : 31.80,
    "grossProfitMargin" : 40.22,
    "grossProfit" : 51.73,
    "operatingProfitMargin" : 17.13,
    "operatingProfit" : 22.03,
    "netProfitMargin" : 13.92,
    "netProfit" : 17.90
  },
  "companyScore" : {
    "priceHigherThanDma50" : 0.00,
    "priceHigherThanDma100" : 0.00,
    "priceHigherThanDma200" : 0.00,
    "dma50HigherThanDma100" : 0.00,
    "dma50HigherThanDma200" : 0.00,
    "dma100HigherThanDma200" : 0.00,
    "pricePercentageAboveDma50" : 5.13,
    "pricePercentageAboveDma100" : 5.27,
    "pricePercentageAboveDma200" : 5.47,
    "weeklyVolumeHigherThanYearlyVolume" : 5.00,
    "salesGrowthPercentile" : 12.75,
    "operatingProfitMarginPercentile" : 12.85,
    "netProfitMarginPercentile" : 6.83,
    "totalTechnicalScore" : 20.87,
    "totalFundamentalScore" : 32.44,
    "totalScore" : 53.31
  }
}