{
  "metadata" : {
    "screenerCompanyId" : "678",
    "companyCode" : "500147",
    "companyName" : "John Cockerill",
    "screenerCompanyLink" : "https://www.screener.in/company/500147",
    "screenerTechnicalHistoryLink" : "https://www.screener.in/api/company/678/chart/?q=Price-DMA50-DMA200-Volume&days=365",
    "screenerQuarterlyResultsLink" : "https://www.screener.in/api/company/678/chart/?q=GPM-OPM-NPM-Quarter+Sales&days=10000",
    "attributes" : {
      "companyCode" : "500147",
      "companyName" : "John Cockerill",
      "marketCap" : 2553.00,
      "peRatio" : 303.00,
      "description" : "John Cockerill India Ltd, incorporated in 1986, has been engaged in the designing, manufacturing, and commissioning of cold rolling mill complexes, processing lines, chemical equipment, industrial furnaces and auxiliary equipment for ferrous and non-ferrous industries worldwide. The Co. is part of the John Cockerill Group (previously known as the CMI group) headquartered in Belgium. It has two manufacturing facilities at Taloja and Hedavali, both in Maharashtra and has a global footprint across Asia, Africa, Middle East, Europe, North America and South America. The Co. was previously known as CMI FPE Limited and the name was changed to John Cockerill India Limited on June 16, 2020 [1] [2]"
    },
    "companyScore" : {
      "priceHigherThanDma50" : 0.00,
      "priceHigherThanDma100" : 5.00,
      "priceHigherThanDma200" : 5.00,
      "dma50HigherThanDma100" : 5.00,
      "dma50HigherThanDma200" : 5.00,
      "dma100HigherThanDma200" : 5.00,
      "pricePercentageAboveDma50" : 5.03,
      "pricePercentageAboveDma100" : 4.64,
      "pricePercentageAboveDma200" : 4.21,
      "weeklyVolumeHigherThanYearlyVolume" : 0.00,
      "salesGrowthPercentile" : 12.41,
      "operatingProfitMarginPercentile" : 17.35,
      "netProfitMarginPercentile" : 8.55,
      "totalTechnicalScore" : 38.88,
      "totalFundamentalScore" : 38.31,
      "totalScore" : 77.19
    }
  },
  "attributes" : {
    "companyCode" : "500147",
    "companyName" : "John Cockerill",
    "marketCap" : 2553.00,
    "peRatio" : 303.00,
    "description" : "John Cockerill India Ltd, incorporated in 1986, has been engaged in the designing, manufacturing, and commissioning of cold rolling mill complexes, processing lines, chemical equipment, industrial furnaces and auxiliary equipment for ferrous and non-ferrous industries worldwide. The Co. is part of the John Cockerill Group (previously known as the CMI group) headquartered in Belgium. It has two manufacturing facilities at Taloja and Hedavali, both in Maharashtra and has a global footprint across Asia, Africa, Middle East, Europe, North America and South America. The Co. was previously known as CMI FPE Limited and the name was changed to John Cockerill India Limited on June 16, 2020 [1] [2]"
  },
  "technicalHistory" : [ {
    "date" : "2024-11-25",
    "price" : 4689.40,
    "dma50" : 5202.43,
    "dma100" : null,
    "dma200" : 4634.46,
    "volume" : 6769.00
  }, {
    "date" : "2024-11-26",
    "price" : 4652.70,
    "dma50" : 5180.87,
    "dma100" : null,
    "dma200" : 4634.64,
    "volume" : 2855.00
  }, {
    "date" : "2024-11-27",
    "price" : 4734.45,
    "dma50" : 5163.36,
    "dma100" : null,
    "dma200" : 4635.63,
    "volume" : 2174.00
  }, {
    "date" : "2024-11-28",
    "price" : 4713.65,
    "dma50" : 5145.73,
    "dma100" : null,
    "dma200" : 4636.41,
    "volume" : 3290.00
  }, {
    "date" : "2024-11-29",
    "price" : 4891.00,
    "dma50" : 5135.74,
    "dma100" : null,
    "dma200" : 4638.94,
    "volume" : 3363.00
  }, {
    "date" : "2024-12-02",
    "price" : 4807.60,
    "dma50" : 5122.87,
    "dma100" : null,
    "dma200" : 4640.62,
    "volume" : 1897.00
  }, {
    "date" : "2024-12-03",
    "price" : 4953.55,
    "dma50" : 5116.23,
    "dma100" : null,
    "dma200" : 4643.74,
    "volume" : 1676.00
  }, {
    "date" : "2024-12-04",
    "price" : 4937.40,
    "dma50" : 5109.22,
    "dma100" : null,
    "dma200" : 4646.66,
    "volume" : 764.00
  }, {
    "date" : "2024-12-05",
    "price" : 4915.20,
    "dma50" : 5101.61,
    "dma100" : null,
    "dma200" : 4649.33,
    "volume" : 1004.00
  }, {
    "date" : "2024-12-06",
    "price" : 4908.70,
    "dma50" : 5094.04,
    "dma100" : null,
    "dma200" : 4651.91,
    "volume" : 1039.00
  }, {
    "date" : "2024-12-09",
    "price" : 4835.45,
    "dma50" : 5083.90,
    "dma100" : null,
    "dma200" : 4653.74,
    "volume" : 1858.00
  }, {
    "date" : "2024-12-10",
    "price" : 4872.55,
    "dma50" : 5075.61,
    "dma100" : null,
    "dma200" : 4655.91,
    "volume" : 1926.00
  }, {
    "date" : "2024-12-11",
    "price" : 4839.50,
    "dma50" : 5066.35,
    "dma100" : null,
    "dma200" : 4657.74,
    "volume" : 1940.00
  }, {
    "date" : "2024-12-12",
    "price" : 4914.90,
    "dma50" : 5060.41,
    "dma100" : null,
    "dma200" : 4660.30,
    "volume" : 4289.00
  }, {
    "date" : "2024-12-13",
    "price" : 4888.70,
    "dma50" : 5053.68,
    "dma100" : null,
    "dma200" : 4662.57,
    "volume" : 2155.00
  }, {
    "date" : "2024-12-16",
    "price" : 4829.95,
    "dma50" : 5044.91,
    "dma100" : null,
    "dma200" : 4664.24,
    "volume" : 1400.00
  }, {
    "date" : "2024-12-17",
    "price" : 4800.90,
    "dma50" : 5035.34,
    "dma100" : null,
    "dma200" : 4665.60,
    "volume" : 1428.00
  }, {
    "date" : "2024-12-18",
    "price" : 4762.00,
    "dma50" : 5024.62,
    "dma100" : null,
    "dma200" : 4666.56,
    "volume" : 744.00
  }, {
    "date" : "2024-12-19",
    "price" : 4721.50,
    "dma50" : 5012.73,
    "dma100" : null,
    "dma200" : 4667.10,
    "volume" : 1162.00
  }, {
    "date" : "2024-12-20",
    "price" : 4656.25,
    "dma50" : 4998.75,
    "dma100" : null,
    "dma200" : 4667.00,
    "volume" : 1189.00
  }, {
    "date" : "2024-12-23",
    "price" : 4433.75,
    "dma50" : 4976.59,
    "dma100" : null,
    "dma200" : 4664.67,
    "volume" : 2663.00
  }, {
    "date" : "2024-12-24",
    "price" : 4438.10,
    "dma50" : 4955.48,
    "dma100" : null,
    "dma200" : 4662.42,
    "volume" : 1413.00
  }, {
    "date" : "2024-12-26",
    "price" : 4327.60,
    "dma50" : 4930.85,
    "dma100" : null,
    "dma200" : 4659.09,
    "volume" : 1978.00
  }, {
    "date" : "2024-12-27",
    "price" : 4272.60,
    "dma50" : 4905.04,
    "dma100" : null,
    "dma200" : 4655.24,
    "volume" : 2571.00
  }, {
    "date" : "2024-12-30",
    "price" : 4137.20,
    "dma50" : 4874.93,
    "dma100" : null,
    "dma200" : 4650.09,
    "volume" : 2710.00
  }, {
    "date" : "2024-12-31",
    "price" : 4184.50,
    "dma50" : 4847.85,
    "dma100" : null,
    "dma200" : 4645.46,
    "volume" : 1963.00
  }, {
    "date" : "2025-01-01",
    "price" : 4192.10,
    "dma50" : 4822.14,
    "dma100" : null,
    "dma200" : 4640.94,
    "volume" : 2706.00
  }, {
    "date" : "2025-01-02",
    "price" : 4238.05,
    "dma50" : 4799.23,
    "dma100" : null,
    "dma200" : 4636.94,
    "volume" : 2284.00
  }, {
    "date" : "2025-01-03",
    "price" : 4253.70,
    "dma50" : 4777.84,
    "dma100" : null,
    "dma200" : 4633.12,
    "volume" : 1461.00
  }, {
    "date" : "2025-01-06",
    "price" : 4067.80,
    "dma50" : 4749.99,
    "dma100" : null,
    "dma200" : 4627.50,
    "volume" : 3112.00
  }, {
    "date" : "2025-01-07",
    "price" : 4036.80,
    "dma50" : 4722.03,
    "dma100" : null,
    "dma200" : 4621.62,
    "volume" : 2510.00
  }, {
    "date" : "2025-01-08",
    "price" : 4119.70,
    "dma50" : 4698.41,
    "dma100" : null,
    "dma200" : 4616.63,
    "volume" : 1235.00
  }, {
    "date" : "2025-01-09",
    "price" : 4018.55,
    "dma50" : 4671.74,
    "dma100" : null,
    "dma200" : 4610.67,
    "volume" : 1695.00
  }, {
    "date" : "2025-01-10",
    "price" : 3965.15,
    "dma50" : 4644.03,
    "dma100" : null,
    "dma200" : 4604.25,
    "volume" : 2208.00
  }, {
    "date" : "2025-01-13",
    "price" : 3904.95,
    "dma50" : 4615.05,
    "dma100" : null,
    "dma200" : 4597.29,
    "volume" : 2512.00
  }, {
    "date" : "2025-01-14",
    "price" : 3808.05,
    "dma50" : 4583.40,
    "dma100" : null,
    "dma200" : 4589.44,
    "volume" : 2929.00
  }, {
    "date" : "2025-01-15",
    "price" : 3750.05,
    "dma50" : 4550.72,
    "dma100" : null,
    "dma200" : 4581.09,
    "volume" : 2666.00
  }, {
    "date" : "2025-01-16",
    "price" : 3874.50,
    "dma50" : 4524.20,
    "dma100" : null,
    "dma200" : 4574.06,
    "volume" : 1164.00
  }, {
    "date" : "2025-01-17",
    "price" : 3915.25,
    "dma50" : 4500.32,
    "dma100" : null,
    "dma200" : 4567.50,
    "volume" : 431.00
  }, {
    "date" : "2025-01-20",
    "price" : 4015.30,
    "dma50" : 4481.30,
    "dma100" : null,
    "dma200" : 4562.01,
    "volume" : 1881.00
  }, {
    "date" : "2025-01-21",
    "price" : 3909.80,
    "dma50" : 4458.89,
    "dma100" : null,
    "dma200" : 4555.52,
    "volume" : 1464.00
  }, {
    "date" : "2025-01-22",
    "price" : 3839.30,
    "dma50" : 4434.59,
    "dma100" : null,
    "dma200" : 4548.39,
    "volume" : 2832.00
  }, {
    "date" : "2025-01-23",
    "price" : 3807.25,
    "dma50" : 4409.99,
    "dma100" : null,
    "dma200" : 4541.02,
    "volume" : 538.00
  }, {
    "date" : "2025-01-24",
    "price" : 3752.50,
    "dma50" : 4384.21,
    "dma100" : null,
    "dma200" : 4533.17,
    "volume" : 2094.00
  }, {
    "date" : "2025-01-27",
    "price" : 3676.30,
    "dma50" : 4356.45,
    "dma100" : null,
    "dma200" : 4524.64,
    "volume" : 2033.00
  }, {
    "date" : "2025-01-28",
    "price" : 3422.40,
    "dma50" : 4319.82,
    "dma100" : null,
    "dma200" : 4513.68,
    "volume" : 5952.00
  }, {
    "date" : "2025-01-29",
    "price" : 3700.90,
    "dma50" : 4295.55,
    "dma100" : null,
    "dma200" : 4505.59,
    "volume" : 3020.00
  }, {
    "date" : "2025-01-30",
    "price" : 3684.20,
    "dma50" : 4271.57,
    "dma100" : null,
    "dma200" : 4497.42,
    "volume" : 1447.00
  }, {
    "date" : "2025-01-31",
    "price" : 3677.45,
    "dma50" : 4248.27,
    "dma100" : null,
    "dma200" : 4489.26,
    "volume" : 964.00
  }, {
    "date" : "2025-02-01",
    "price" : 3674.55,
    "dma50" : 4225.77,
    "dma100" : null,
    "dma200" : 4481.15,
    "volume" : 766.00
  }, {
    "date" : "2025-02-03",
    "price" : 3519.70,
    "dma50" : 4198.09,
    "dma100" : null,
    "dma200" : 4471.58,
    "volume" : 1120.00
  }, {
    "date" : "2025-02-04",
    "price" : 3465.80,
    "dma50" : 4169.37,
    "dma100" : null,
    "dma200" : 4461.58,
    "volume" : 1250.00
  }, {
    "date" : "2025-02-05",
    "price" : 3406.20,
    "dma50" : 4139.44,
    "dma100" : null,
    "dma200" : 4451.08,
    "volume" : 2699.00
  }, {
    "date" : "2025-02-06",
    "price" : 3427.15,
    "dma50" : 4111.51,
    "dma100" : null,
    "dma200" : 4440.89,
    "volume" : 1718.00
  }, {
    "date" : "2025-02-07",
    "price" : 3334.90,
    "dma50" : 4081.05,
    "dma100" : null,
    "dma200" : 4429.88,
    "volume" : 1625.00
  }, {
    "date" : "2025-02-10",
    "price" : 3201.70,
    "dma50" : 4046.57,
    "dma100" : null,
    "dma200" : 4417.66,
    "volume" : 2105.00
  }, {
    "date" : "2025-02-11",
    "price" : 2994.05,
    "dma50" : 4005.29,
    "dma100" : null,
    "dma200" : 4403.50,
    "volume" : 3668.00
  }, {
    "date" : "2025-02-12",
    "price" : 2850.00,
    "dma50" : 3959.99,
    "dma100" : null,
    "dma200" : 4388.04,
    "volume" : 3730.00
  }, {
    "date" : "2025-02-13",
    "price" : 2753.40,
    "dma50" : 3912.67,
    "dma100" : null,
    "dma200" : 4371.77,
    "volume" : 3929.00
  }, {
    "date" : "2025-02-14",
    "price" : 2588.75,
    "dma50" : 3860.75,
    "dma100" : null,
    "dma200" : 4354.03,
    "volume" : 4364.00
  }, {
    "date" : "2025-02-17",
    "price" : 2466.65,
    "dma50" : 3806.08,
    "dma100" : null,
    "dma200" : 4335.25,
    "volume" : 5126.00
  }, {
    "date" : "2025-02-18",
    "price" : 2564.65,
    "dma50" : 3757.40,
    "dma100" : null,
    "dma200" : 4317.63,
    "volume" : 4185.00
  }, {
    "date" : "2025-02-19",
    "price" : 2688.55,
    "dma50" : 3715.48,
    "dma100" : null,
    "dma200" : 4301.42,
    "volume" : 5049.00
  }, {
    "date" : "2025-02-20",
    "price" : 2961.60,
    "dma50" : 3685.92,
    "dma100" : null,
    "dma200" : 4288.09,
    "volume" : 4155.00
  }, {
    "date" : "2025-02-21",
    "price" : 2771.40,
    "dma50" : 3650.05,
    "dma100" : null,
    "dma200" : 4273.00,
    "volume" : 5282.00
  }, {
    "date" : "2025-02-24",
    "price" : 2850.40,
    "dma50" : 3618.69,
    "dma100" : null,
    "dma200" : 4258.85,
    "volume" : 2807.00
  }, {
    "date" : "2025-02-25",
    "price" : 2836.00,
    "dma50" : 3588.00,
    "dma100" : null,
    "dma200" : 4244.69,
    "volume" : 648.00
  }, {
    "date" : "2025-02-27",
    "price" : 2768.50,
    "dma50" : 3555.86,
    "dma100" : null,
    "dma200" : 4230.00,
    "volume" : 1178.00
  }, {
    "date" : "2025-02-28",
    "price" : 2597.85,
    "dma50" : 3518.29,
    "dma100" : null,
    "dma200" : 4213.76,
    "volume" : 3422.00
  }, {
    "date" : "2025-03-03",
    "price" : 2485.15,
    "dma50" : 3477.78,
    "dma100" : null,
    "dma200" : 4196.56,
    "volume" : 4673.00
  }, {
    "date" : "2025-03-04",
    "price" : 2568.35,
    "dma50" : 3442.12,
    "dma100" : null,
    "dma200" : 4180.36,
    "volume" : 3997.00
  }, {
    "date" : "2025-03-05",
    "price" : 2888.50,
    "dma50" : 3420.40,
    "dma100" : null,
    "dma200" : 4167.50,
    "volume" : 5461.00
  }, {
    "date" : "2025-03-06",
    "price" : 2927.15,
    "dma50" : 3401.06,
    "dma100" : null,
    "dma200" : 4155.16,
    "volume" : 2170.00
  }, {
    "date" : "2025-03-07",
    "price" : 2967.25,
    "dma50" : 3384.05,
    "dma100" : null,
    "dma200" : 4143.34,
    "volume" : 5348.00
  }, {
    "date" : "2025-03-10",
    "price" : 2757.35,
    "dma50" : 3359.47,
    "dma100" : null,
    "dma200" : 4129.55,
    "volume" : 4179.00
  }, {
    "date" : "2025-03-11",
    "price" : 2689.25,
    "dma50" : 3333.19,
    "dma100" : null,
    "dma200" : 4115.22,
    "volume" : 3534.00
  }, {
    "date" : "2025-03-12",
    "price" : 2641.65,
    "dma50" : 3306.07,
    "dma100" : null,
    "dma200" : 4100.56,
    "volume" : 3153.00
  }, {
    "date" : "2025-03-13",
    "price" : 2544.05,
    "dma50" : 3276.19,
    "dma100" : null,
    "dma200" : 4085.07,
    "volume" : 4982.00
  }, {
    "date" : "2025-03-17",
    "price" : 2585.10,
    "dma50" : 3249.09,
    "dma100" : null,
    "dma200" : 4070.14,
    "volume" : 16259.00
  }, {
    "date" : "2025-03-18",
    "price" : 2627.95,
    "dma50" : 3224.73,
    "dma100" : null,
    "dma200" : 4055.79,
    "volume" : 5823.00
  }, {
    "date" : "2025-03-19",
    "price" : 2817.15,
    "dma50" : 3208.74,
    "dma100" : null,
    "dma200" : 4043.47,
    "volume" : 7096.00
  }, {
    "date" : "2025-03-20",
    "price" : 2818.25,
    "dma50" : 3193.43,
    "dma100" : null,
    "dma200" : 4031.28,
    "volume" : 3794.00
  }, {
    "date" : "2025-03-21",
    "price" : 2959.55,
    "dma50" : 3184.26,
    "dma100" : null,
    "dma200" : 4020.61,
    "volume" : 5285.00
  }, {
    "date" : "2025-03-24",
    "price" : 3052.85,
    "dma50" : 3179.11,
    "dma100" : null,
    "dma200" : 4010.98,
    "volume" : 15587.00
  }, {
    "date" : "2025-03-25",
    "price" : 3202.95,
    "dma50" : 3180.04,
    "dma100" : null,
    "dma200" : 4002.94,
    "volume" : 6609.00
  }, {
    "date" : "2025-03-26",
    "price" : 3039.05,
    "dma50" : 3174.51,
    "dma100" : null,
    "dma200" : 3993.35,
    "volume" : 5960.00
  }, {
    "date" : "2025-03-27",
    "price" : 2919.20,
    "dma50" : 3164.50,
    "dma100" : null,
    "dma200" : 3982.67,
    "volume" : 6518.00
  }, {
    "date" : "2025-03-28",
    "price" : 2876.00,
    "dma50" : 3153.19,
    "dma100" : null,
    "dma200" : 3971.65,
    "volume" : 5436.00
  }, {
    "date" : "2025-04-01",
    "price" : 2962.05,
    "dma50" : 3145.69,
    "dma100" : null,
    "dma200" : 3961.61,
    "volume" : 1790.00
  }, {
    "date" : "2025-04-02",
    "price" : 3003.80,
    "dma50" : 3140.13,
    "dma100" : null,
    "dma200" : 3952.08,
    "volume" : 1533.00
  }, {
    "date" : "2025-04-03",
    "price" : 3045.55,
    "dma50" : 3136.42,
    "dma100" : null,
    "dma200" : 3943.06,
    "volume" : 1606.00
  }, {
    "date" : "2025-04-04",
    "price" : 2907.70,
    "dma50" : 3127.45,
    "dma100" : null,
    "dma200" : 3932.76,
    "volume" : 2973.00
  }, {
    "date" : "2025-04-07",
    "price" : 2677.60,
    "dma50" : 3109.81,
    "dma100" : null,
    "dma200" : 3920.27,
    "volume" : 4938.00
  }, {
    "date" : "2025-04-08",
    "price" : 2798.35,
    "dma50" : 3097.59,
    "dma100" : null,
    "dma200" : 3909.10,
    "volume" : 1391.00
  }, {
    "date" : "2025-04-09",
    "price" : 2822.85,
    "dma50" : 3086.82,
    "dma100" : null,
    "dma200" : 3898.29,
    "volume" : 649.00
  }, {
    "date" : "2025-04-11",
    "price" : 2893.55,
    "dma50" : 3079.24,
    "dma100" : null,
    "dma200" : 3888.30,
    "volume" : 1242.00
  }, {
    "date" : "2025-04-15",
    "price" : 2949.75,
    "dma50" : 3074.16,
    "dma100" : null,
    "dma200" : 3878.96,
    "volume" : 1850.00
  }, {
    "date" : "2025-04-16",
    "price" : 2971.50,
    "dma50" : 3070.14,
    "dma100" : null,
    "dma200" : 3869.93,
    "volume" : 600.00
  }, {
    "date" : "2025-04-17",
    "price" : 2991.80,
    "dma50" : 3067.06,
    "dma100" : null,
    "dma200" : 3861.19,
    "volume" : 1141.00
  }, {
    "date" : "2025-04-21",
    "price" : 3016.40,
    "dma50" : 3065.08,
    "dma100" : null,
    "dma200" : 3852.79,
    "volume" : 2687.00
  }, {
    "date" : "2025-04-22",
    "price" : 2963.50,
    "dma50" : 3061.09,
    "dma100" : 3581.53,
    "dma200" : 3843.94,
    "volume" : 1503.00
  }, {
    "date" : "2025-04-23",
    "price" : 2937.00,
    "dma50" : 3056.23,
    "dma100" : 3564.37,
    "dma200" : 3834.91,
    "volume" : 1388.00
  }, {
    "date" : "2025-04-24",
    "price" : 2890.60,
    "dma50" : 3049.73,
    "dma100" : 3545.93,
    "dma200" : 3825.52,
    "volume" : 2396.00
  }, {
    "date" : "2025-04-25",
    "price" : 2801.15,
    "dma50" : 3039.98,
    "dma100" : 3526.81,
    "dma200" : 3815.32,
    "volume" : 1938.00
  }, {
    "date" : "2025-04-28",
    "price" : 2878.60,
    "dma50" : 3033.65,
    "dma100" : 3506.68,
    "dma200" : 3806.00,
    "volume" : 1621.00
  }, {
    "date" : "2025-04-29",
    "price" : 2863.10,
    "dma50" : 3026.97,
    "dma100" : 3487.24,
    "dma200" : 3796.62,
    "volume" : 692.00
  }, {
    "date" : "2025-04-30",
    "price" : 2837.80,
    "dma50" : 3019.55,
    "dma100" : 3466.08,
    "dma200" : 3787.08,
    "volume" : 712.00
  }, {
    "date" : "2025-05-02",
    "price" : 2812.70,
    "dma50" : 3011.44,
    "dma100" : 3444.83,
    "dma200" : 3777.39,
    "volume" : 845.00
  }, {
    "date" : "2025-05-05",
    "price" : 2866.85,
    "dma50" : 3005.77,
    "dma100" : 3424.35,
    "dma200" : 3768.33,
    "volume" : 986.00
  }, {
    "date" : "2025-05-06",
    "price" : 2753.20,
    "dma50" : 2995.86,
    "dma100" : 3402.79,
    "dma200" : 3758.22,
    "volume" : 1466.00
  }, {
    "date" : "2025-05-07",
    "price" : 2699.80,
    "dma50" : 2984.25,
    "dma100" : 3381.44,
    "dma200" : 3747.69,
    "volume" : 1908.00
  }, {
    "date" : "2025-05-08",
    "price" : 2647.40,
    "dma50" : 2971.04,
    "dma100" : 3359.19,
    "dma200" : 3736.74,
    "volume" : 1678.00
  }, {
    "date" : "2025-05-09",
    "price" : 2623.90,
    "dma50" : 2957.43,
    "dma100" : 3337.03,
    "dma200" : 3725.67,
    "volume" : 1745.00
  }, {
    "date" : "2025-05-12",
    "price" : 2794.15,
    "dma50" : 2951.02,
    "dma100" : 3315.82,
    "dma200" : 3716.40,
    "volume" : 1104.00
  }, {
    "date" : "2025-05-13",
    "price" : 2874.00,
    "dma50" : 2948.00,
    "dma100" : 3295.68,
    "dma200" : 3708.02,
    "volume" : 5391.00
  }, {
    "date" : "2025-05-14",
    "price" : 2817.65,
    "dma50" : 2942.89,
    "dma100" : 3275.55,
    "dma200" : 3699.16,
    "volume" : 2306.00
  }, {
    "date" : "2025-05-15",
    "price" : 2862.25,
    "dma50" : 2939.73,
    "dma100" : 3256.17,
    "dma200" : 3690.83,
    "volume" : 2665.00
  }, {
    "date" : "2025-05-16",
    "price" : 2851.20,
    "dma50" : 2936.26,
    "dma100" : 3237.06,
    "dma200" : 3682.48,
    "volume" : 3187.00
  }, {
    "date" : "2025-05-19",
    "price" : 2848.45,
    "dma50" : 2932.81,
    "dma100" : 3218.33,
    "dma200" : 3674.18,
    "volume" : 2336.00
  }, {
    "date" : "2025-05-20",
    "price" : 2808.30,
    "dma50" : 2927.93,
    "dma100" : 3199.85,
    "dma200" : 3665.56,
    "volume" : 1975.00
  }, {
    "date" : "2025-05-21",
    "price" : 2821.90,
    "dma50" : 2923.77,
    "dma100" : 3183.73,
    "dma200" : 3657.17,
    "volume" : 1735.00
  }, {
    "date" : "2025-05-22",
    "price" : 2816.20,
    "dma50" : 2919.56,
    "dma100" : 3167.51,
    "dma200" : 3648.80,
    "volume" : 884.00
  }, {
    "date" : "2025-05-23",
    "price" : 2810.55,
    "dma50" : 2915.28,
    "dma100" : 3152.34,
    "dma200" : 3640.46,
    "volume" : 1406.00
  }, {
    "date" : "2025-05-26",
    "price" : 2838.95,
    "dma50" : 2912.29,
    "dma100" : 3138.00,
    "dma200" : 3632.49,
    "volume" : 2050.00
  }, {
    "date" : "2025-05-27",
    "price" : 2804.50,
    "dma50" : 2908.06,
    "dma100" : 3124.68,
    "dma200" : 3624.25,
    "volume" : 3110.00
  }, {
    "date" : "2025-05-28",
    "price" : 2765.35,
    "dma50" : 2902.46,
    "dma100" : 3110.49,
    "dma200" : 3615.70,
    "volume" : 3162.00
  }, {
    "date" : "2025-05-29",
    "price" : 3208.35,
    "dma50" : 2914.46,
    "dma100" : 3100.65,
    "dma200" : 3611.65,
    "volume" : 15887.00
  }, {
    "date" : "2025-05-30",
    "price" : 3629.85,
    "dma50" : 2942.51,
    "dma100" : 3094.57,
    "dma200" : 3611.83,
    "volume" : 21912.00
  }, {
    "date" : "2025-06-02",
    "price" : 3828.80,
    "dma50" : 2977.27,
    "dma100" : 3090.32,
    "dma200" : 3613.99,
    "volume" : 21972.00
  }, {
    "date" : "2025-06-03",
    "price" : 3760.60,
    "dma50" : 3007.99,
    "dma100" : 3087.24,
    "dma200" : 3615.45,
    "volume" : 7024.00
  }, {
    "date" : "2025-06-04",
    "price" : 3865.90,
    "dma50" : 3041.63,
    "dma100" : 3085.54,
    "dma200" : 3617.94,
    "volume" : 8380.00
  }, {
    "date" : "2025-06-05",
    "price" : 3716.70,
    "dma50" : 3068.11,
    "dma100" : 3081.51,
    "dma200" : 3618.92,
    "volume" : 9183.00
  }, {
    "date" : "2025-06-06",
    "price" : 3745.60,
    "dma50" : 3094.67,
    "dma100" : 3078.78,
    "dma200" : 3620.18,
    "volume" : 2503.00
  }, {
    "date" : "2025-06-09",
    "price" : 3646.00,
    "dma50" : 3116.29,
    "dma100" : 3075.58,
    "dma200" : 3620.44,
    "volume" : 6075.00
  }, {
    "date" : "2025-06-10",
    "price" : 3688.20,
    "dma50" : 3138.72,
    "dma100" : 3073.42,
    "dma200" : 3621.11,
    "volume" : 3958.00
  }, {
    "date" : "2025-06-11",
    "price" : 3637.50,
    "dma50" : 3158.28,
    "dma100" : 3071.71,
    "dma200" : 3621.28,
    "volume" : 2060.00
  }, {
    "date" : "2025-06-12",
    "price" : 3595.80,
    "dma50" : 3175.44,
    "dma100" : 3070.17,
    "dma200" : 3621.02,
    "volume" : 2431.00
  }, {
    "date" : "2025-06-13",
    "price" : 3550.40,
    "dma50" : 3190.14,
    "dma100" : 3066.93,
    "dma200" : 3620.32,
    "volume" : 4237.00
  }, {
    "date" : "2025-06-16",
    "price" : 3474.45,
    "dma50" : 3201.29,
    "dma100" : 3062.52,
    "dma200" : 3618.87,
    "volume" : 1868.00
  }, {
    "date" : "2025-06-17",
    "price" : 3445.50,
    "dma50" : 3210.87,
    "dma100" : 3056.82,
    "dma200" : 3617.14,
    "volume" : 1785.00
  }, {
    "date" : "2025-06-18",
    "price" : 3409.50,
    "dma50" : 3218.66,
    "dma100" : 3051.82,
    "dma200" : 3615.08,
    "volume" : 1168.00
  }, {
    "date" : "2025-06-19",
    "price" : 3209.60,
    "dma50" : 3218.30,
    "dma100" : 3045.52,
    "dma200" : 3611.04,
    "volume" : 4773.00
  }, {
    "date" : "2025-06-20",
    "price" : 3293.10,
    "dma50" : 3221.24,
    "dma100" : 3040.38,
    "dma200" : 3607.88,
    "volume" : 2659.00
  }, {
    "date" : "2025-06-23",
    "price" : 3527.30,
    "dma50" : 3233.24,
    "dma100" : 3038.13,
    "dma200" : 3607.08,
    "volume" : 5317.00
  }, {
    "date" : "2025-06-24",
    "price" : 3477.05,
    "dma50" : 3242.80,
    "dma100" : 3036.14,
    "dma200" : 3605.78,
    "volume" : 2450.00
  }, {
    "date" : "2025-06-25",
    "price" : 3484.20,
    "dma50" : 3252.27,
    "dma100" : 3036.75,
    "dma200" : 3604.57,
    "volume" : 2088.00
  }, {
    "date" : "2025-06-26",
    "price" : 3471.75,
    "dma50" : 3260.87,
    "dma100" : 3034.46,
    "dma200" : 3603.25,
    "volume" : 1433.00
  }, {
    "date" : "2025-06-27",
    "price" : 3452.65,
    "dma50" : 3268.40,
    "dma100" : 3032.15,
    "dma200" : 3601.75,
    "volume" : 1268.00
  }, {
    "date" : "2025-06-30",
    "price" : 3432.10,
    "dma50" : 3274.82,
    "dma100" : 3029.69,
    "dma200" : 3600.07,
    "volume" : 942.00
  }, {
    "date" : "2025-07-01",
    "price" : 3425.90,
    "dma50" : 3280.74,
    "dma100" : 3027.21,
    "dma200" : 3598.33,
    "volume" : 2487.00
  }, {
    "date" : "2025-07-02",
    "price" : 3510.95,
    "dma50" : 3289.77,
    "dma100" : 3027.12,
    "dma200" : 3597.46,
    "volume" : 3299.00
  }, {
    "date" : "2025-07-03",
    "price" : 3467.50,
    "dma50" : 3296.74,
    "dma100" : 3027.14,
    "dma200" : 3596.17,
    "volume" : 2808.00
  }, {
    "date" : "2025-07-04",
    "price" : 3467.65,
    "dma50" : 3303.44,
    "dma100" : 3027.75,
    "dma200" : 3594.89,
    "volume" : 969.00
  }, {
    "date" : "2025-07-07",
    "price" : 3521.20,
    "dma50" : 3311.98,
    "dma100" : 3028.69,
    "dma200" : 3594.16,
    "volume" : 5686.00
  }, {
    "date" : "2025-07-08",
    "price" : 3578.10,
    "dma50" : 3322.42,
    "dma100" : 3031.12,
    "dma200" : 3594.00,
    "volume" : 2940.00
  }, {
    "date" : "2025-07-09",
    "price" : 3938.50,
    "dma50" : 3346.58,
    "dma100" : 3038.49,
    "dma200" : 3597.43,
    "volume" : 15024.00
  }, {
    "date" : "2025-07-10",
    "price" : 4142.95,
    "dma50" : 3377.81,
    "dma100" : 3049.98,
    "dma200" : 3602.85,
    "volume" : 11958.00
  }, {
    "date" : "2025-07-11",
    "price" : 4093.00,
    "dma50" : 3405.85,
    "dma100" : 3062.41,
    "dma200" : 3607.73,
    "volume" : 3411.00
  }, {
    "date" : "2025-07-14",
    "price" : 4806.55,
    "dma50" : 3460.78,
    "dma100" : 3082.94,
    "dma200" : 3619.66,
    "volume" : 164372.00
  }, {
    "date" : "2025-07-15",
    "price" : 4757.50,
    "dma50" : 3511.63,
    "dma100" : 3104.63,
    "dma200" : 3630.98,
    "volume" : 82271.00
  }, {
    "date" : "2025-07-16",
    "price" : 4973.90,
    "dma50" : 3568.98,
    "dma100" : 3129.70,
    "dma200" : 3644.34,
    "volume" : 26590.00
  }, {
    "date" : "2025-07-17",
    "price" : 4836.05,
    "dma50" : 3618.67,
    "dma100" : 3152.42,
    "dma200" : 3656.20,
    "volume" : 33570.00
  }, {
    "date" : "2025-07-18",
    "price" : 4817.05,
    "dma50" : 3665.66,
    "dma100" : 3173.70,
    "dma200" : 3667.75,
    "volume" : 15788.00
  }, {
    "date" : "2025-07-21",
    "price" : 4804.85,
    "dma50" : 3710.34,
    "dma100" : 3192.13,
    "dma200" : 3679.07,
    "volume" : 10422.00
  }, {
    "date" : "2025-07-22",
    "price" : 4654.10,
    "dma50" : 3747.35,
    "dma100" : 3210.96,
    "dma200" : 3688.77,
    "volume" : 5270.00
  }, {
    "date" : "2025-07-23",
    "price" : 4548.90,
    "dma50" : 3778.78,
    "dma100" : 3227.95,
    "dma200" : 3697.33,
    "volume" : 5840.00
  }, {
    "date" : "2025-07-24",
    "price" : 4399.00,
    "dma50" : 3803.10,
    "dma100" : 3243.58,
    "dma200" : 3704.31,
    "volume" : 4233.00
  }, {
    "date" : "2025-07-25",
    "price" : 4330.85,
    "dma50" : 3823.80,
    "dma100" : 3259.20,
    "dma200" : 3710.54,
    "volume" : 6273.00
  }, {
    "date" : "2025-07-28",
    "price" : 4274.75,
    "dma50" : 3841.48,
    "dma100" : 3275.97,
    "dma200" : 3716.16,
    "volume" : 4380.00
  }, {
    "date" : "2025-07-29",
    "price" : 4297.30,
    "dma50" : 3859.36,
    "dma100" : 3294.09,
    "dma200" : 3721.94,
    "volume" : 3494.00
  }, {
    "date" : "2025-07-30",
    "price" : 4293.75,
    "dma50" : 3876.39,
    "dma100" : 3311.34,
    "dma200" : 3727.63,
    "volume" : 26584.00
  }, {
    "date" : "2025-07-31",
    "price" : 4305.85,
    "dma50" : 3893.23,
    "dma100" : 3325.52,
    "dma200" : 3733.38,
    "volume" : 6532.00
  }, {
    "date" : "2025-08-01",
    "price" : 4281.30,
    "dma50" : 3908.45,
    "dma100" : 3339.06,
    "dma200" : 3738.83,
    "volume" : 1964.00
  }, {
    "date" : "2025-08-04",
    "price" : 4264.70,
    "dma50" : 3922.42,
    "dma100" : 3352.03,
    "dma200" : 3744.07,
    "volume" : 3268.00
  }, {
    "date" : "2025-08-05",
    "price" : 4239.40,
    "dma50" : 3934.85,
    "dma100" : 3366.85,
    "dma200" : 3749.00,
    "volume" : 1529.00
  }, {
    "date" : "2025-08-06",
    "price" : 4159.00,
    "dma50" : 3943.64,
    "dma100" : 3381.55,
    "dma200" : 3753.08,
    "volume" : 1666.00
  }, {
    "date" : "2025-08-07",
    "price" : 4098.25,
    "dma50" : 3949.71,
    "dma100" : 3396.12,
    "dma200" : 3756.51,
    "volume" : 3066.00
  }, {
    "date" : "2025-08-08",
    "price" : 4248.05,
    "dma50" : 3961.41,
    "dma100" : 3413.16,
    "dma200" : 3761.40,
    "volume" : 3895.00
  }, {
    "date" : "2025-08-11",
    "price" : 4410.75,
    "dma50" : 3979.03,
    "dma100" : 3431.41,
    "dma200" : 3767.86,
    "volume" : 17586.00
  }, {
    "date" : "2025-08-12",
    "price" : 4348.25,
    "dma50" : 3993.51,
    "dma100" : 3448.62,
    "dma200" : 3773.64,
    "volume" : 1630.00
  }, {
    "date" : "2025-08-13",
    "price" : 4324.85,
    "dma50" : 4006.50,
    "dma100" : 3463.69,
    "dma200" : 3779.12,
    "volume" : 1069.00
  }, {
    "date" : "2025-08-14",
    "price" : 4402.55,
    "dma50" : 4022.03,
    "dma100" : 3479.54,
    "dma200" : 3785.33,
    "volume" : 2449.00
  }, {
    "date" : "2025-08-18",
    "price" : 4310.90,
    "dma50" : 4033.36,
    "dma100" : 3493.05,
    "dma200" : 3790.55,
    "volume" : 2592.00
  }, {
    "date" : "2025-08-19",
    "price" : 4578.45,
    "dma50" : 4054.74,
    "dma100" : 3508.31,
    "dma200" : 3798.39,
    "volume" : 17839.00
  }, {
    "date" : "2025-08-20",
    "price" : 4462.70,
    "dma50" : 4070.74,
    "dma100" : 3520.90,
    "dma200" : 3805.00,
    "volume" : 2377.00
  }, {
    "date" : "2025-08-21",
    "price" : 4398.20,
    "dma50" : 4083.58,
    "dma100" : 3534.50,
    "dma200" : 3810.91,
    "volume" : 10230.00
  }, {
    "date" : "2025-08-22",
    "price" : 4394.90,
    "dma50" : 4095.79,
    "dma100" : 3549.25,
    "dma200" : 3816.72,
    "volume" : 2112.00
  }, {
    "date" : "2025-08-25",
    "price" : 4587.20,
    "dma50" : 4115.06,
    "dma100" : 3566.36,
    "dma200" : 3824.38,
    "volume" : 14535.00
  }, {
    "date" : "2025-08-26",
    "price" : 4498.20,
    "dma50" : 4130.08,
    "dma100" : 3581.73,
    "dma200" : 3831.09,
    "volume" : 3714.00
  }, {
    "date" : "2025-08-28",
    "price" : 4459.25,
    "dma50" : 4142.99,
    "dma100" : 3596.28,
    "dma200" : 3837.34,
    "volume" : 2332.00
  }, {
    "date" : "2025-08-29",
    "price" : 4345.10,
    "dma50" : 4150.92,
    "dma100" : 3609.28,
    "dma200" : 3842.39,
    "volume" : 1620.00
  }, {
    "date" : "2025-09-01",
    "price" : 4421.30,
    "dma50" : 4161.52,
    "dma100" : 3624.41,
    "dma200" : 3848.15,
    "volume" : 2717.00
  }, {
    "date" : "2025-09-02",
    "price" : 4395.65,
    "dma50" : 4170.70,
    "dma100" : 3641.59,
    "dma200" : 3853.60,
    "volume" : 1945.00
  }, {
    "date" : "2025-09-03",
    "price" : 4444.75,
    "dma50" : 4181.45,
    "dma100" : 3658.06,
    "dma200" : 3859.48,
    "volume" : 4930.00
  }, {
    "date" : "2025-09-04",
    "price" : 4389.40,
    "dma50" : 4189.60,
    "dma100" : 3673.72,
    "dma200" : 3864.75,
    "volume" : 1259.00
  }, {
    "date" : "2025-09-05",
    "price" : 4393.95,
    "dma50" : 4197.62,
    "dma100" : 3688.73,
    "dma200" : 3870.02,
    "volume" : 5877.00
  }, {
    "date" : "2025-09-08",
    "price" : 4352.50,
    "dma50" : 4203.69,
    "dma100" : 3702.75,
    "dma200" : 3874.82,
    "volume" : 1890.00
  }, {
    "date" : "2025-09-09",
    "price" : 4499.30,
    "dma50" : 4215.28,
    "dma100" : 3718.03,
    "dma200" : 3881.03,
    "volume" : 14149.00
  }, {
    "date" : "2025-09-10",
    "price" : 4456.75,
    "dma50" : 4224.75,
    "dma100" : 3732.68,
    "dma200" : 3886.76,
    "volume" : 4037.00
  }, {
    "date" : "2025-09-11",
    "price" : 4465.30,
    "dma50" : 4234.19,
    "dma100" : 3747.17,
    "dma200" : 3892.52,
    "volume" : 1987.00
  }, {
    "date" : "2025-09-12",
    "price" : 4432.30,
    "dma50" : 4241.95,
    "dma100" : 3761.86,
    "dma200" : 3897.89,
    "volume" : 1978.00
  }, {
    "date" : "2025-09-15",
    "price" : 4380.75,
    "dma50" : 4247.40,
    "dma100" : 3776.30,
    "dma200" : 3902.70,
    "volume" : 3883.00
  }, {
    "date" : "2025-09-16",
    "price" : 4513.40,
    "dma50" : 4257.83,
    "dma100" : 3792.52,
    "dma200" : 3908.77,
    "volume" : 22613.00
  }, {
    "date" : "2025-09-17",
    "price" : 4602.95,
    "dma50" : 4271.36,
    "dma100" : 3810.54,
    "dma200" : 3915.68,
    "volume" : 13798.00
  }, {
    "date" : "2025-09-18",
    "price" : 5057.55,
    "dma50" : 4302.19,
    "dma100" : 3832.33,
    "dma200" : 3927.04,
    "volume" : 40150.00
  }, {
    "date" : "2025-09-19",
    "price" : 5321.55,
    "dma50" : 4342.17,
    "dma100" : 3856.92,
    "dma200" : 3940.92,
    "volume" : 39007.00
  }, {
    "date" : "2025-09-22",
    "price" : 6203.15,
    "dma50" : 4415.15,
    "dma100" : 3890.57,
    "dma200" : 3963.43,
    "volume" : 295327.00
  }, {
    "date" : "2025-09-23",
    "price" : 5611.55,
    "dma50" : 4462.07,
    "dma100" : 3918.56,
    "dma200" : 3979.83,
    "volume" : 90283.00
  }, {
    "date" : "2025-09-24",
    "price" : 5503.60,
    "dma50" : 4502.91,
    "dma100" : 3944.92,
    "dma200" : 3994.99,
    "volume" : 18854.00
  }, {
    "date" : "2025-09-25",
    "price" : 5471.80,
    "dma50" : 4540.91,
    "dma100" : 3972.11,
    "dma200" : 4009.68,
    "volume" : 6701.00
  }, {
    "date" : "2025-09-26",
    "price" : 5284.70,
    "dma50" : 4570.07,
    "dma100" : 3997.96,
    "dma200" : 4022.37,
    "volume" : 8034.00
  }, {
    "date" : "2025-09-29",
    "price" : 5426.95,
    "dma50" : 4603.68,
    "dma100" : 4025.76,
    "dma200" : 4036.35,
    "volume" : 7360.00
  }, {
    "date" : "2025-09-30",
    "price" : 5927.35,
    "dma50" : 4655.59,
    "dma100" : 4058.79,
    "dma200" : 4055.16,
    "volume" : 59715.00
  }, {
    "date" : "2025-10-01",
    "price" : 6037.00,
    "dma50" : 4709.76,
    "dma100" : 4091.22,
    "dma200" : 4074.88,
    "volume" : 58627.00
  }, {
    "date" : "2025-10-03",
    "price" : 6426.95,
    "dma50" : 4777.10,
    "dma100" : 4126.75,
    "dma200" : 4098.28,
    "volume" : 104067.00
  }, {
    "date" : "2025-10-06",
    "price" : 5829.55,
    "dma50" : 4818.37,
    "dma100" : 4156.87,
    "dma200" : 4115.51,
    "volume" : 83041.00
  }, {
    "date" : "2025-10-07",
    "price" : 5601.70,
    "dma50" : 4849.09,
    "dma100" : 4184.26,
    "dma200" : 4130.30,
    "volume" : 14832.00
  }, {
    "date" : "2025-10-08",
    "price" : 5399.90,
    "dma50" : 4870.69,
    "dma100" : 4209.75,
    "dma200" : 4142.93,
    "volume" : 15834.00
  }, {
    "date" : "2025-10-09",
    "price" : 5284.25,
    "dma50" : 4886.91,
    "dma100" : 4234.11,
    "dma200" : 4154.29,
    "volume" : 10622.00
  }, {
    "date" : "2025-10-10",
    "price" : 5394.85,
    "dma50" : 4906.83,
    "dma100" : 4259.97,
    "dma200" : 4166.63,
    "volume" : 10015.00
  }, {
    "date" : "2025-10-13",
    "price" : 5465.30,
    "dma50" : 4928.73,
    "dma100" : 4286.41,
    "dma200" : 4179.55,
    "volume" : 5972.00
  }, {
    "date" : "2025-10-14",
    "price" : 5402.85,
    "dma50" : 4947.32,
    "dma100" : 4312.27,
    "dma200" : 4191.73,
    "volume" : 3182.00
  }, {
    "date" : "2025-10-15",
    "price" : 5398.10,
    "dma50" : 4965.00,
    "dma100" : 4338.15,
    "dma200" : 4203.73,
    "volume" : 3389.00
  }, {
    "date" : "2025-10-16",
    "price" : 5428.05,
    "dma50" : 4983.16,
    "dma100" : 4364.04,
    "dma200" : 4215.91,
    "volume" : 2746.00
  }, {
    "date" : "2025-10-17",
    "price" : 5301.75,
    "dma50" : 4995.65,
    "dma100" : 4389.01,
    "dma200" : 4226.72,
    "volume" : 2874.00
  }, {
    "date" : "2025-10-20",
    "price" : 5383.00,
    "dma50" : 5010.84,
    "dma100" : 4415.19,
    "dma200" : 4238.22,
    "volume" : 2245.00
  }, {
    "date" : "2025-10-21",
    "price" : 5436.90,
    "dma50" : 5027.55,
    "dma100" : 4437.47,
    "dma200" : 4250.15,
    "volume" : 1713.00
  }, {
    "date" : "2025-10-23",
    "price" : 5390.00,
    "dma50" : 5041.76,
    "dma100" : 4455.07,
    "dma200" : 4261.49,
    "volume" : 1906.00
  }, {
    "date" : "2025-10-24",
    "price" : 5292.60,
    "dma50" : 5051.60,
    "dma100" : 4469.71,
    "dma200" : 4271.75,
    "volume" : 3907.00
  }, {
    "date" : "2025-10-27",
    "price" : 5356.35,
    "dma50" : 5063.55,
    "dma100" : 4485.67,
    "dma200" : 4282.54,
    "volume" : 1130.00
  }, {
    "date" : "2025-10-28",
    "price" : 5219.00,
    "dma50" : 5069.65,
    "dma100" : 4499.20,
    "dma200" : 4291.86,
    "volume" : 3234.00
  }, {
    "date" : "2025-10-29",
    "price" : 5083.75,
    "dma50" : 5070.20,
    "dma100" : 4512.87,
    "dma200" : 4299.74,
    "volume" : 13584.00
  }, {
    "date" : "2025-10-30",
    "price" : 5174.80,
    "dma50" : 5074.30,
    "dma100" : 4527.16,
    "dma200" : 4308.45,
    "volume" : 4317.00
  }, {
    "date" : "2025-10-31",
    "price" : 5214.25,
    "dma50" : 5079.79,
    "dma100" : 4542.85,
    "dma200" : 4317.46,
    "volume" : 6209.00
  }, {
    "date" : "2025-11-03",
    "price" : 5616.30,
    "dma50" : 5100.83,
    "dma100" : 4562.13,
    "dma200" : 4330.38,
    "volume" : 12778.00
  }, {
    "date" : "2025-11-04",
    "price" : 5544.10,
    "dma50" : 5118.21,
    "dma100" : 4581.19,
    "dma200" : 4342.46,
    "volume" : 6182.00
  }, {
    "date" : "2025-11-06",
    "price" : 5462.15,
    "dma50" : 5131.70,
    "dma100" : 4599.86,
    "dma200" : 4353.60,
    "volume" : 18934.00
  }, {
    "date" : "2025-11-07",
    "price" : 5441.50,
    "dma50" : 5143.85,
    "dma100" : 4618.77,
    "dma200" : 4364.43,
    "volume" : 6455.00
  }, {
    "date" : "2025-11-10",
    "price" : 5385.75,
    "dma50" : 5153.34,
    "dma100" : 4637.88,
    "dma200" : 4374.59,
    "volume" : 2759.00
  }, {
    "date" : "2025-11-11",
    "price" : 5366.50,
    "dma50" : 5161.70,
    "dma100" : 4657.09,
    "dma200" : 4384.46,
    "volume" : 2696.00
  }, {
    "date" : "2025-11-12",
    "price" : 5326.40,
    "dma50" : 5168.16,
    "dma100" : 4676.26,
    "dma200" : 4393.83,
    "volume" : 3242.00
  }, {
    "date" : "2025-11-13",
    "price" : 5342.85,
    "dma50" : 5175.01,
    "dma100" : 4697.59,
    "dma200" : 4403.27,
    "volume" : 2999.00
  }, {
    "date" : "2025-11-14",
    "price" : 5352.20,
    "dma50" : 5181.95,
    "dma100" : 4718.18,
    "dma200" : 4412.72,
    "volume" : 1330.00
  }, {
    "date" : "2025-11-17",
    "price" : 5362.85,
    "dma50" : 5189.05,
    "dma100" : 4736.54,
    "dma200" : 4422.17,
    "volume" : 3949.00
  }, {
    "date" : "2025-11-18",
    "price" : 5315.35,
    "dma50" : 5194.00,
    "dma100" : 4754.92,
    "dma200" : 4431.06,
    "volume" : 2129.00
  }, {
    "date" : "2025-11-19",
    "price" : 5284.35,
    "dma50" : 5197.54,
    "dma100" : 4772.92,
    "dma200" : 4439.55,
    "volume" : 1965.00
  }, {
    "date" : "2025-11-20",
    "price" : 5364.90,
    "dma50" : 5204.11,
    "dma100" : 4791.85,
    "dma200" : 4448.76,
    "volume" : 1136.00
  }, {
    "date" : "2025-11-21",
    "price" : 5265.80,
    "dma50" : 5206.53,
    "dma100" : 4809.99,
    "dma200" : 4456.89,
    "volume" : 2035.00
  }, {
    "date" : "2025-11-24",
    "price" : 5171.20,
    "dma50" : 5205.14,
    "dma100" : 4827.38,
    "dma200" : 4463.99,
    "volume" : 1547.00
  } ],
  "latestTechnicalAttributes" : {
    "date" : "2025-11-24",
    "price" : 5171.20,
    "dma50" : 5205.14,
    "dma100" : 4827.38,
    "dma200" : 4463.99,
    "volume" : 1547.00
  },
  "quarterlyResults" : [ {
    "date" : "2005-03-31",
    "sales" : 85.32,
    "salesGrowthYoY" : null,
    "grossProfitMargin" : 13.56,
    "grossProfit" : 11.57,
    "operatingProfitMargin" : 2.88,
    "operatingProfit" : 2.46,
    "netProfitMargin" : 0.71,
    "netProfit" : 0.61
  }, {
    "date" : "2005-06-30",
    "sales" : 29.24,
    "salesGrowthYoY" : null,
    "grossProfitMargin" : 13.47,
    "grossProfit" : 3.94,
    "operatingProfitMargin" : -1.27,
    "operatingProfit" : -0.37,
    "netProfitMargin" : -6.74,
    "netProfit" : -1.97
  }, {
    "date" : "2005-09-30",
    "sales" : 44.53,
    "salesGrowthYoY" : null,
    "grossProfitMargin" : 21.94,
    "grossProfit" : 9.77,
    "operatingProfitMargin" : 7.12,
    "operatingProfit" : 3.17,
    "netProfitMargin" : 2.13,
    "netProfit" : 0.95
  }, {
    "date" : "2005-12-31",
    "sales" : 61.04,
    "salesGrowthYoY" : null,
    "grossProfitMargin" : 20.53,
    "grossProfit" : 12.53,
    "operatingProfitMargin" : 4.19,
    "operatingProfit" : 2.56,
    "netProfitMargin" : 0.87,
    "netProfit" : 0.53
  }, {
    "date" : "2006-03-31",
    "sales" : 151.22,
    "salesGrowthYoY" : 77.24,
    "grossProfitMargin" : 16.03,
    "grossProfit" : 24.24,
    "operatingProfitMargin" : 3.82,
    "operatingProfit" : 5.78,
    "netProfitMargin" : 1.77,
    "netProfit" : 2.68
  }, {
    "date" : "2006-06-30",
    "sales" : 61.32,
    "salesGrowthYoY" : 109.71,
    "grossProfitMargin" : 17.43,
    "grossProfit" : 10.69,
    "operatingProfitMargin" : 5.23,
    "operatingProfit" : 3.21,
    "netProfitMargin" : 1.22,
    "netProfit" : 0.75
  }, {
    "date" : "2006-09-30",
    "sales" : 91.09,
    "salesGrowthYoY" : 104.56,
    "grossProfitMargin" : 15.57,
    "grossProfit" : 14.18,
    "operatingProfitMargin" : 4.06,
    "operatingProfit" : 3.70,
    "netProfitMargin" : 1.20,
    "netProfit" : 1.09
  }, {
    "date" : "2006-12-31",
    "sales" : 124.37,
    "salesGrowthYoY" : 103.75,
    "grossProfitMargin" : 19.51,
    "grossProfit" : 24.26,
    "operatingProfitMargin" : 4.17,
    "operatingProfit" : 5.19,
    "netProfitMargin" : 1.45,
    "netProfit" : 1.80
  }, {
    "date" : "2007-03-31",
    "sales" : 234.34,
    "salesGrowthYoY" : 54.97,
    "grossProfitMargin" : 20.34,
    "grossProfit" : 47.66,
    "operatingProfitMargin" : 8.43,
    "operatingProfit" : 19.75,
    "netProfitMargin" : 5.20,
    "netProfit" : 12.19
  }, {
    "date" : "2007-06-30",
    "sales" : 104.96,
    "salesGrowthYoY" : 71.17,
    "grossProfitMargin" : 23.35,
    "grossProfit" : 24.51,
    "operatingProfitMargin" : 9.18,
    "operatingProfit" : 9.64,
    "netProfitMargin" : 4.68,
    "netProfit" : 4.91
  }, {
    "date" : "2007-09-30",
    "sales" : 124.44,
    "salesGrowthYoY" : 36.61,
    "grossProfitMargin" : 34.16,
    "grossProfit" : 42.51,
    "operatingProfitMargin" : 10.45,
    "operatingProfit" : 13.00,
    "netProfitMargin" : 2.23,
    "netProfit" : 2.78
  }, {
    "date" : "2007-12-31",
    "sales" : 42.42,
    "salesGrowthYoY" : -65.89,
    "grossProfitMargin" : 56.86,
    "grossProfit" : 24.12,
    "operatingProfitMargin" : 7.59,
    "operatingProfit" : 3.22,
    "netProfitMargin" : 0.73,
    "netProfit" : 0.31
  }, {
    "date" : "2008-03-31",
    "sales" : 55.98,
    "salesGrowthYoY" : -76.11,
    "grossProfitMargin" : 35.62,
    "grossProfit" : 19.94,
    "operatingProfitMargin" : 9.36,
    "operatingProfit" : 5.24,
    "netProfitMargin" : 0.70,
    "netProfit" : 0.39
  }, {
    "date" : "2008-06-30",
    "sales" : 115.88,
    "salesGrowthYoY" : 10.40,
    "grossProfitMargin" : 32.53,
    "grossProfit" : 37.70,
    "operatingProfitMargin" : 4.24,
    "operatingProfit" : 4.91,
    "netProfitMargin" : 1.10,
    "netProfit" : 1.27
  }, {
    "date" : "2008-09-30",
    "sales" : 145.68,
    "salesGrowthYoY" : 17.07,
    "grossProfitMargin" : 23.36,
    "grossProfit" : 34.03,
    "operatingProfitMargin" : -18.49,
    "operatingProfit" : -26.94,
    "netProfitMargin" : -18.24,
    "netProfit" : -26.57
  }, {
    "date" : "2008-12-31",
    "sales" : 125.07,
    "salesGrowthYoY" : 194.84,
    "grossProfitMargin" : 41.13,
    "grossProfit" : 51.44,
    "operatingProfitMargin" : 8.60,
    "operatingProfit" : 10.76,
    "netProfitMargin" : -3.50,
    "netProfit" : -4.38
  }, {
    "date" : "2009-03-31",
    "sales" : 84.49,
    "salesGrowthYoY" : 50.93,
    "grossProfitMargin" : 35.29,
    "grossProfit" : 29.82,
    "operatingProfitMargin" : 50.02,
    "operatingProfit" : 42.26,
    "netProfitMargin" : 38.29,
    "netProfit" : 32.35
  }, {
    "date" : "2009-06-30",
    "sales" : 59.43,
    "salesGrowthYoY" : -48.71,
    "grossProfitMargin" : 42.08,
    "grossProfit" : 25.01,
    "operatingProfitMargin" : 7.20,
    "operatingProfit" : 4.28,
    "netProfitMargin" : 2.22,
    "netProfit" : 1.32
  }, {
    "date" : "2009-09-30",
    "sales" : 67.78,
    "salesGrowthYoY" : -53.47,
    "grossProfitMargin" : 41.97,
    "grossProfit" : 28.45,
    "operatingProfitMargin" : 12.81,
    "operatingProfit" : 8.68,
    "netProfitMargin" : 7.75,
    "netProfit" : 5.25
  }, {
    "date" : "2009-12-31",
    "sales" : 146.62,
    "salesGrowthYoY" : 17.23,
    "grossProfitMargin" : 44.11,
    "grossProfit" : 64.67,
    "operatingProfitMargin" : 19.20,
    "operatingProfit" : 28.15,
    "netProfitMargin" : 11.23,
    "netProfit" : 16.47
  }, {
    "date" : "2010-03-31",
    "sales" : 128.07,
    "salesGrowthYoY" : 51.58,
    "grossProfitMargin" : 29.31,
    "grossProfit" : 37.54,
    "operatingProfitMargin" : 5.93,
    "operatingProfit" : 7.59,
    "netProfitMargin" : 3.31,
    "netProfit" : 4.24
  }, {
    "date" : "2010-06-30",
    "sales" : 80.88,
    "salesGrowthYoY" : 36.09,
    "grossProfitMargin" : 51.79,
    "grossProfit" : 41.89,
    "operatingProfitMargin" : 15.37,
    "operatingProfit" : 12.43,
    "netProfitMargin" : 9.84,
    "netProfit" : 7.96
  }, {
    "date" : "2010-09-30",
    "sales" : 93.47,
    "salesGrowthYoY" : 37.90,
    "grossProfitMargin" : 38.44,
    "grossProfit" : 35.93,
    "operatingProfitMargin" : 15.48,
    "operatingProfit" : 14.47,
    "netProfitMargin" : 10.39,
    "netProfit" : 9.71
  }, {
    "date" : "2010-12-31",
    "sales" : 159.06,
    "salesGrowthYoY" : 8.48,
    "grossProfitMargin" : 38.93,
    "grossProfit" : 61.92,
    "operatingProfitMargin" : 21.30,
    "operatingProfit" : 33.88,
    "netProfitMargin" : 13.51,
    "netProfit" : 21.49
  }, {
    "date" : "2011-03-31",
    "sales" : 104.34,
    "salesGrowthYoY" : -18.53,
    "grossProfitMargin" : 45.84,
    "grossProfit" : 47.83,
    "operatingProfitMargin" : 9.55,
    "operatingProfit" : 9.96,
    "netProfitMargin" : 7.68,
    "netProfit" : 8.01
  }, {
    "date" : "2011-06-30",
    "sales" : 68.87,
    "salesGrowthYoY" : -14.85,
    "grossProfitMargin" : 46.93,
    "grossProfit" : 32.32,
    "operatingProfitMargin" : 14.52,
    "operatingProfit" : 10.00,
    "netProfitMargin" : 11.65,
    "netProfit" : 8.02
  }, {
    "date" : "2011-09-30",
    "sales" : 76.36,
    "salesGrowthYoY" : -18.31,
    "grossProfitMargin" : 34.57,
    "grossProfit" : 26.40,
    "operatingProfitMargin" : 1.72,
    "operatingProfit" : 1.31,
    "netProfitMargin" : 3.18,
    "netProfit" : 2.43
  }, {
    "date" : "2011-12-31",
    "sales" : 105.50,
    "salesGrowthYoY" : -33.67,
    "grossProfitMargin" : 27.11,
    "grossProfit" : 28.60,
    "operatingProfitMargin" : -8.76,
    "operatingProfit" : -9.24,
    "netProfitMargin" : -6.40,
    "netProfit" : -6.75
  }, {
    "date" : "2012-03-31",
    "sales" : 101.07,
    "salesGrowthYoY" : -3.13,
    "grossProfitMargin" : 38.72,
    "grossProfit" : 39.13,
    "operatingProfitMargin" : 14.50,
    "operatingProfit" : 14.66,
    "netProfitMargin" : 7.19,
    "netProfit" : 7.27
  }, {
    "date" : "2012-06-30",
    "sales" : 92.71,
    "salesGrowthYoY" : 34.62,
    "grossProfitMargin" : 44.97,
    "grossProfit" : 41.69,
    "operatingProfitMargin" : 7.38,
    "operatingProfit" : 6.84,
    "netProfitMargin" : 4.82,
    "netProfit" : 4.47
  }, {
    "date" : "2012-09-30",
    "sales" : 110.46,
    "salesGrowthYoY" : 44.66,
    "grossProfitMargin" : 26.56,
    "grossProfit" : 29.34,
    "operatingProfitMargin" : -4.99,
    "operatingProfit" : -5.51,
    "netProfitMargin" : -3.37,
    "netProfit" : -3.72
  }, {
    "date" : "2012-12-31",
    "sales" : 194.45,
    "salesGrowthYoY" : 84.31,
    "grossProfitMargin" : 24.92,
    "grossProfit" : 48.46,
    "operatingProfitMargin" : 1.28,
    "operatingProfit" : 2.49,
    "netProfitMargin" : 0.87,
    "netProfit" : 1.69
  }, {
    "date" : "2013-03-31",
    "sales" : 135.28,
    "salesGrowthYoY" : 33.85,
    "grossProfitMargin" : 25.17,
    "grossProfit" : 34.05,
    "operatingProfitMargin" : -4.15,
    "operatingProfit" : -5.61,
    "netProfitMargin" : -2.54,
    "netProfit" : -3.44
  }, {
    "date" : "2013-06-30",
    "sales" : 101.78,
    "salesGrowthYoY" : 9.78,
    "grossProfitMargin" : 22.48,
    "grossProfit" : 22.88,
    "operatingProfitMargin" : -17.70,
    "operatingProfit" : -18.02,
    "netProfitMargin" : -13.52,
    "netProfit" : -13.76
  }, {
    "date" : "2013-09-30",
    "sales" : 122.01,
    "salesGrowthYoY" : 10.46,
    "grossProfitMargin" : 25.08,
    "grossProfit" : 30.60,
    "operatingProfitMargin" : -10.25,
    "operatingProfit" : -12.51,
    "netProfitMargin" : -15.17,
    "netProfit" : -18.51
  }, {
    "date" : "2013-12-31",
    "sales" : 126.38,
    "salesGrowthYoY" : -35.01,
    "grossProfitMargin" : 30.71,
    "grossProfit" : 38.81,
    "operatingProfitMargin" : 9.67,
    "operatingProfit" : 12.22,
    "netProfitMargin" : 9.12,
    "netProfit" : 11.53
  }, {
    "date" : "2014-03-31",
    "sales" : 92.66,
    "salesGrowthYoY" : -31.51,
    "grossProfitMargin" : 36.81,
    "grossProfit" : 34.11,
    "operatingProfitMargin" : -8.83,
    "operatingProfit" : -8.18,
    "netProfitMargin" : -1.71,
    "netProfit" : -1.58
  }, {
    "date" : "2014-06-30",
    "sales" : 52.11,
    "salesGrowthYoY" : -48.80,
    "grossProfitMargin" : 31.41,
    "grossProfit" : 16.37,
    "operatingProfitMargin" : -8.14,
    "operatingProfit" : -4.24,
    "netProfitMargin" : -5.07,
    "netProfit" : -2.64
  }, {
    "date" : "2014-09-30",
    "sales" : 53.50,
    "salesGrowthYoY" : -56.15,
    "grossProfitMargin" : 30.52,
    "grossProfit" : 16.33,
    "operatingProfitMargin" : -7.96,
    "operatingProfit" : -4.26,
    "netProfitMargin" : 2.21,
    "netProfit" : 1.18
  }, {
    "date" : "2014-12-31",
    "sales" : 54.64,
    "salesGrowthYoY" : -56.77,
    "grossProfitMargin" : 29.76,
    "grossProfit" : 16.26,
    "operatingProfitMargin" : -5.60,
    "operatingProfit" : -3.06,
    "netProfitMargin" : 0.22,
    "netProfit" : 0.12
  }, {
    "date" : "2015-03-31",
    "sales" : 59.09,
    "salesGrowthYoY" : -36.23,
    "grossProfitMargin" : 41.16,
    "grossProfit" : 24.32,
    "operatingProfitMargin" : 5.28,
    "operatingProfit" : 3.12,
    "netProfitMargin" : 9.41,
    "netProfit" : 5.56
  }, {
    "date" : "2015-06-30",
    "sales" : 52.88,
    "salesGrowthYoY" : 1.48,
    "grossProfitMargin" : 38.98,
    "grossProfit" : 20.61,
    "operatingProfitMargin" : 2.00,
    "operatingProfit" : 1.06,
    "netProfitMargin" : 1.78,
    "netProfit" : 0.94
  }, {
    "date" : "2015-09-30",
    "sales" : 43.24,
    "salesGrowthYoY" : -19.18,
    "grossProfitMargin" : 52.13,
    "grossProfit" : 22.54,
    "operatingProfitMargin" : -4.76,
    "operatingProfit" : -2.06,
    "netProfitMargin" : -6.48,
    "netProfit" : -2.80
  }, {
    "date" : "2015-12-31",
    "sales" : 46.11,
    "salesGrowthYoY" : -15.61,
    "grossProfitMargin" : 64.43,
    "grossProfit" : 29.71,
    "operatingProfitMargin" : 13.55,
    "operatingProfit" : 6.25,
    "netProfitMargin" : 9.33,
    "netProfit" : 4.30
  }, {
    "date" : "2016-03-31",
    "sales" : 63.16,
    "salesGrowthYoY" : 6.89,
    "grossProfitMargin" : 42.00,
    "grossProfit" : 26.53,
    "operatingProfitMargin" : -1.47,
    "operatingProfit" : -0.93,
    "netProfitMargin" : 1.35,
    "netProfit" : 0.85
  }, {
    "date" : "2016-06-30",
    "sales" : 25.43,
    "salesGrowthYoY" : -51.91,
    "grossProfitMargin" : 49.23,
    "grossProfit" : 12.52,
    "operatingProfitMargin" : -38.34,
    "operatingProfit" : -9.75,
    "netProfitMargin" : -32.84,
    "netProfit" : -8.35
  }, {
    "date" : "2016-09-30",
    "sales" : 36.91,
    "salesGrowthYoY" : -14.64,
    "grossProfitMargin" : 48.74,
    "grossProfit" : 17.99,
    "operatingProfitMargin" : 0.11,
    "operatingProfit" : 0.04,
    "netProfitMargin" : 0.05,
    "netProfit" : 0.02
  }, {
    "date" : "2016-12-31",
    "sales" : 49.75,
    "salesGrowthYoY" : 7.89,
    "grossProfitMargin" : 63.58,
    "grossProfit" : 31.63,
    "operatingProfitMargin" : 17.41,
    "operatingProfit" : 8.66,
    "netProfitMargin" : 19.18,
    "netProfit" : 9.54
  }, {
    "date" : "2017-03-31",
    "sales" : 41.71,
    "salesGrowthYoY" : -33.96,
    "grossProfitMargin" : 53.94,
    "grossProfit" : 22.50,
    "operatingProfitMargin" : 2.37,
    "operatingProfit" : 0.99,
    "netProfitMargin" : 10.98,
    "netProfit" : 4.58
  }, {
    "date" : "2017-06-30",
    "sales" : 52.86,
    "salesGrowthYoY" : 107.86,
    "grossProfitMargin" : 35.75,
    "grossProfit" : 18.90,
    "operatingProfitMargin" : -1.80,
    "operatingProfit" : -0.95,
    "netProfitMargin" : 0.36,
    "netProfit" : 0.19
  }, {
    "date" : "2017-09-30",
    "sales" : 59.87,
    "salesGrowthYoY" : 62.21,
    "grossProfitMargin" : 47.52,
    "grossProfit" : 28.45,
    "operatingProfitMargin" : 4.81,
    "operatingProfit" : 2.88,
    "netProfitMargin" : 7.55,
    "netProfit" : 4.52
  }, {
    "date" : "2017-12-31",
    "sales" : 116.86,
    "salesGrowthYoY" : 134.89,
    "grossProfitMargin" : 25.47,
    "grossProfit" : 29.76,
    "operatingProfitMargin" : 4.76,
    "operatingProfit" : 5.56,
    "netProfitMargin" : 2.57,
    "netProfit" : 3.00
  }, {
    "date" : "2018-03-31",
    "sales" : 75.76,
    "salesGrowthYoY" : 81.64,
    "grossProfitMargin" : 33.47,
    "grossProfit" : 25.36,
    "operatingProfitMargin" : -4.86,
    "operatingProfit" : -3.68,
    "netProfitMargin" : -1.32,
    "netProfit" : -1.00
  }, {
    "date" : "2018-06-30",
    "sales" : 56.62,
    "salesGrowthYoY" : 7.11,
    "grossProfitMargin" : 44.00,
    "grossProfit" : 24.91,
    "operatingProfitMargin" : -6.43,
    "operatingProfit" : -3.64,
    "netProfitMargin" : 5.90,
    "netProfit" : 3.34
  }, {
    "date" : "2018-09-30",
    "sales" : 79.27,
    "salesGrowthYoY" : 32.40,
    "grossProfitMargin" : 42.42,
    "grossProfit" : 33.63,
    "operatingProfitMargin" : 9.41,
    "operatingProfit" : 7.46,
    "netProfitMargin" : 13.16,
    "netProfit" : 10.43
  }, {
    "date" : "2018-12-31",
    "sales" : 237.22,
    "salesGrowthYoY" : 103.00,
    "grossProfitMargin" : 25.47,
    "grossProfit" : 60.42,
    "operatingProfitMargin" : 10.09,
    "operatingProfit" : 23.94,
    "netProfitMargin" : 6.68,
    "netProfit" : 15.85
  }, {
    "date" : "2019-03-31",
    "sales" : 123.12,
    "salesGrowthYoY" : 62.51,
    "grossProfitMargin" : 37.07,
    "grossProfit" : 45.64,
    "operatingProfitMargin" : 3.13,
    "operatingProfit" : 3.85,
    "netProfitMargin" : 4.45,
    "netProfit" : 5.48
  }, {
    "date" : "2019-06-30",
    "sales" : 107.81,
    "salesGrowthYoY" : 90.41,
    "grossProfitMargin" : 42.84,
    "grossProfit" : 46.19,
    "operatingProfitMargin" : 4.34,
    "operatingProfit" : 4.68,
    "netProfitMargin" : 3.50,
    "netProfit" : 3.77
  }, {
    "date" : "2019-09-30",
    "sales" : 87.77,
    "salesGrowthYoY" : 10.72,
    "grossProfitMargin" : 53.90,
    "grossProfit" : 47.31,
    "operatingProfitMargin" : 12.17,
    "operatingProfit" : 10.68,
    "netProfitMargin" : 11.17,
    "netProfit" : 9.80
  }, {
    "date" : "2019-12-31",
    "sales" : 113.59,
    "salesGrowthYoY" : -52.12,
    "grossProfitMargin" : 36.83,
    "grossProfit" : 41.84,
    "operatingProfitMargin" : 4.89,
    "operatingProfit" : 5.55,
    "netProfitMargin" : 4.97,
    "netProfit" : 5.65
  }, {
    "date" : "2020-03-31",
    "sales" : 62.04,
    "salesGrowthYoY" : -49.61,
    "grossProfitMargin" : 45.74,
    "grossProfit" : 28.38,
    "operatingProfitMargin" : 1.95,
    "operatingProfit" : 1.21,
    "netProfitMargin" : 7.30,
    "netProfit" : 4.53
  }, {
    "date" : "2020-06-30",
    "sales" : 13.77,
    "salesGrowthYoY" : -87.23,
    "grossProfitMargin" : 67.90,
    "grossProfit" : 9.35,
    "operatingProfitMargin" : -80.97,
    "operatingProfit" : -11.15,
    "netProfitMargin" : -73.35,
    "netProfit" : -10.10
  }, {
    "date" : "2020-09-30",
    "sales" : 17.43,
    "salesGrowthYoY" : -80.14,
    "grossProfitMargin" : 61.73,
    "grossProfit" : 10.76,
    "operatingProfitMargin" : -56.63,
    "operatingProfit" : -9.87,
    "netProfitMargin" : -65.17,
    "netProfit" : -11.36
  }, {
    "date" : "2020-12-31",
    "sales" : 105.03,
    "salesGrowthYoY" : -7.54,
    "grossProfitMargin" : 31.09,
    "grossProfit" : 32.65,
    "operatingProfitMargin" : 1.33,
    "operatingProfit" : 1.40,
    "netProfitMargin" : 1.29,
    "netProfit" : 1.35
  }, {
    "date" : "2021-03-31",
    "sales" : 61.82,
    "salesGrowthYoY" : -0.35,
    "grossProfitMargin" : 24.59,
    "grossProfit" : 15.20,
    "operatingProfitMargin" : -12.39,
    "operatingProfit" : -7.66,
    "netProfitMargin" : -14.49,
    "netProfit" : -8.96
  }, {
    "date" : "2021-06-30",
    "sales" : 97.30,
    "salesGrowthYoY" : 606.61,
    "grossProfitMargin" : 25.20,
    "grossProfit" : 24.52,
    "operatingProfitMargin" : -0.82,
    "operatingProfit" : -0.80,
    "netProfitMargin" : -1.08,
    "netProfit" : -1.05
  }, {
    "date" : "2021-09-30",
    "sales" : 92.11,
    "salesGrowthYoY" : 428.46,
    "grossProfitMargin" : 31.89,
    "grossProfit" : 29.37,
    "operatingProfitMargin" : 4.34,
    "operatingProfit" : 4.00,
    "netProfitMargin" : 2.39,
    "netProfit" : 2.20
  }, {
    "date" : "2021-12-31",
    "sales" : 130.11,
    "salesGrowthYoY" : 23.88,
    "grossProfitMargin" : 28.45,
    "grossProfit" : 37.02,
    "operatingProfitMargin" : 4.62,
    "operatingProfit" : 6.01,
    "netProfitMargin" : 4.57,
    "netProfit" : 5.95
  }, {
    "date" : "2022-03-31",
    "sales" : 63.26,
    "salesGrowthYoY" : 2.33,
    "grossProfitMargin" : 38.68,
    "grossProfit" : 24.47,
    "operatingProfitMargin" : 0.41,
    "operatingProfit" : 0.26,
    "netProfitMargin" : -3.87,
    "netProfit" : -2.45
  }, {
    "date" : "2022-06-30",
    "sales" : 37.45,
    "salesGrowthYoY" : -61.51,
    "grossProfitMargin" : 53.75,
    "grossProfit" : 20.13,
    "operatingProfitMargin" : -19.04,
    "operatingProfit" : -7.13,
    "netProfitMargin" : -14.29,
    "netProfit" : -5.35
  }, {
    "date" : "2022-09-30",
    "sales" : 42.70,
    "salesGrowthYoY" : -53.64,
    "grossProfitMargin" : 56.98,
    "grossProfit" : 24.33,
    "operatingProfitMargin" : -10.61,
    "operatingProfit" : -4.53,
    "netProfitMargin" : -6.91,
    "netProfit" : -2.95
  }, {
    "date" : "2022-12-31",
    "sales" : 210.96,
    "salesGrowthYoY" : 62.14,
    "grossProfitMargin" : 28.72,
    "grossProfit" : 60.59,
    "operatingProfitMargin" : 3.63,
    "operatingProfit" : 7.66,
    "netProfitMargin" : 5.39,
    "netProfit" : 11.37
  }, {
    "date" : "2023-03-31",
    "sales" : 192.59,
    "salesGrowthYoY" : 204.44,
    "grossProfitMargin" : 24.20,
    "grossProfit" : 46.61,
    "operatingProfitMargin" : 5.53,
    "operatingProfit" : 10.65,
    "netProfitMargin" : 5.08,
    "netProfit" : 9.78
  }, {
    "date" : "2023-06-30",
    "sales" : 221.16,
    "salesGrowthYoY" : 490.55,
    "grossProfitMargin" : 26.63,
    "grossProfit" : 58.89,
    "operatingProfitMargin" : 3.25,
    "operatingProfit" : 7.19,
    "netProfitMargin" : 1.96,
    "netProfit" : 4.33
  }, {
    "date" : "2023-09-30",
    "sales" : 191.56,
    "salesGrowthYoY" : 348.62,
    "grossProfitMargin" : 27.48,
    "grossProfit" : 52.64,
    "operatingProfitMargin" : 3.22,
    "operatingProfit" : 6.17,
    "netProfitMargin" : 3.64,
    "netProfit" : 6.97
  }, {
    "date" : "2023-12-31",
    "sales" : 253.90,
    "salesGrowthYoY" : 20.35,
    "grossProfitMargin" : 22.63,
    "grossProfit" : 57.46,
    "operatingProfitMargin" : 5.01,
    "operatingProfit" : 12.72,
    "netProfitMargin" : 4.06,
    "netProfit" : 10.31
  }, {
    "date" : "2024-03-31",
    "sales" : 147.06,
    "salesGrowthYoY" : -23.64,
    "grossProfitMargin" : 32.10,
    "grossProfit" : 47.21,
    "operatingProfitMargin" : 3.24,
    "operatingProfit" : 4.76,
    "netProfitMargin" : 2.46,
    "netProfit" : 3.62
  }, {
    "date" : "2024-06-30",
    "sales" : 93.29,
    "salesGrowthYoY" : -57.82,
    "grossProfitMargin" : 41.54,
    "grossProfit" : 38.75,
    "operatingProfitMargin" : 0.62,
    "operatingProfit" : 0.58,
    "netProfitMargin" : -0.03,
    "netProfit" : -0.03
  }, {
    "date" : "2024-09-30",
    "sales" : 76.04,
    "salesGrowthYoY" : -60.30,
    "grossProfitMargin" : 34.60,
    "grossProfit" : 26.31,
    "operatingProfitMargin" : -11.36,
    "operatingProfit" : -8.64,
    "netProfitMargin" : -9.86,
    "netProfit" : -7.50
  }, {
    "date" : "2024-12-31",
    "sales" : 72.34,
    "salesGrowthYoY" : -71.51,
    "grossProfitMargin" : 43.96,
    "grossProfit" : 31.80,
    "operatingProfitMargin" : -0.66,
    "operatingProfit" : -0.48,
    "netProfitMargin" : -2.03,
    "netProfit" : -1.47
  }, {
    "date" : "2025-03-31",
    "sales" : 76.42,
    "salesGrowthYoY" : -48.03,
    "grossProfitMargin" : 49.12,
    "grossProfit" : 37.54,
    "operatingProfitMargin" : -0.58,
    "operatingProfit" : -0.44,
    "netProfitMargin" : -0.98,
    "netProfit" : -0.75
  }, {
    "date" : "2025-06-30",
    "sales" : 82.12,
    "salesGrowthYoY" : -11.97,
    "grossProfitMargin" : 48.04,
    "grossProfit" : 39.45,
    "operatingProfitMargin" : 2.35,
    "operatingProfit" : 1.93,
    "netProfitMargin" : 2.09,
    "netProfit" : 1.72
  }, {
    "date" : "2025-09-30",
    "sales" : 96.98,
    "salesGrowthYoY" : 27.54,
    "grossProfitMargin" : 52.17,
    "grossProfit" : 50.59,
    "operatingProfitMargin" : 11.67,
    "operatingProfit" : 11.32,
    "netProfitMargin" : 9.20,
    "netProfit" : 8.92
  } ],
  "latestQuarterlyResult" : {
    "date" : "2025-09-30",
    "sales" : 96.98,
    "salesGrowthYoY" : 27.54,
    "grossProfitMargin" : 52.17,
    "grossProfit" : 50.59,
    "operatingProfitMargin" : 11.67,
    "operatingProfit" : 11.32,
    "netProfitMargin" : 9.20,
    "netProfit" : 8.92
  },
  "companyScore" : {
    "priceHigherThanDma50" : 0.00,
    "priceHigherThanDma100" : 5.00,
    "priceHigherThanDma200" : 5.00,
    "dma50HigherThanDma100" : 5.00,
    "dma50HigherThanDma200" : 5.00,
    "dma100HigherThanDma200" : 5.00,
    "pricePercentageAboveDma50" : 5.03,
    "pricePercentageAboveDma100" : 4.64,
    "pricePercentageAboveDma200" : 4.21,
    "weeklyVolumeHigherThanYearlyVolume" : 0.00,
    "salesGrowthPercentile" : 12.41,
    "operatingProfitMarginPercentile" : 17.35,
    "netProfitMarginPercentile" : 8.55,
    "totalTechnicalScore" : 38.88,
    "totalFundamentalScore" : 38.31,
    "totalScore" : 77.19
  }
}