{
  "metadata" : {
    "screenerCompanyId" : "3119",
    "companyCode" : "501421",
    "companyName" : "Technvision Ven.",
    "screenerCompanyLink" : "https://www.screener.in/company/501421",
    "screenerTechnicalHistoryLink" : "https://www.screener.in/api/company/3119/chart/?q=Price-DMA50-DMA200-Volume&days=365",
    "screenerQuarterlyResultsLink" : "https://www.screener.in/api/company/3119/chart/?q=GPM-OPM-NPM-Quarter+Sales&days=10000",
    "attributes" : {
      "companyCode" : "501421",
      "companyName" : "Technvision Ven.",
      "marketCap" : 4404.00,
      "peRatio" : 4276.00,
      "description" : "Incorporated in 1980, TechNVision Ventures Ltd is in the business of providing Information Technology Products and Services[1]"
    },
    "companyScore" : {
      "priceHigherThanDma50" : 5.00,
      "priceHigherThanDma100" : 5.00,
      "priceHigherThanDma200" : 5.00,
      "dma50HigherThanDma100" : 5.00,
      "dma50HigherThanDma200" : 5.00,
      "dma100HigherThanDma200" : 5.00,
      "pricePercentageAboveDma50" : 3.74,
      "pricePercentageAboveDma100" : 3.10,
      "pricePercentageAboveDma200" : 2.71,
      "weeklyVolumeHigherThanYearlyVolume" : 0.00,
      "salesGrowthPercentile" : 13.67,
      "operatingProfitMarginPercentile" : 17.35,
      "netProfitMarginPercentile" : 8.80,
      "totalTechnicalScore" : 39.56,
      "totalFundamentalScore" : 39.82,
      "totalScore" : 79.38
    }
  },
  "attributes" : {
    "companyCode" : "501421",
    "companyName" : "Technvision Ven.",
    "marketCap" : 4404.00,
    "peRatio" : 4276.00,
    "description" : "Incorporated in 1980, TechNVision Ventures Ltd is in the business of providing Information Technology Products and Services[1]"
  },
  "technicalHistory" : [ {
    "date" : "2024-12-06",
    "price" : 3037.70,
    "dma50" : 3301.60,
    "dma100" : null,
    "dma200" : 2800.55,
    "volume" : 68.00
  }, {
    "date" : "2024-12-09",
    "price" : 3189.55,
    "dma50" : 3297.20,
    "dma100" : null,
    "dma200" : 2804.42,
    "volume" : 310.00
  }, {
    "date" : "2024-12-10",
    "price" : 3349.00,
    "dma50" : 3299.24,
    "dma100" : null,
    "dma200" : 2809.84,
    "volume" : 123.00
  }, {
    "date" : "2024-12-11",
    "price" : 3516.45,
    "dma50" : 3307.75,
    "dma100" : null,
    "dma200" : 2816.87,
    "volume" : 64.00
  }, {
    "date" : "2024-12-12",
    "price" : 3672.60,
    "dma50" : 3322.06,
    "dma100" : null,
    "dma200" : 2825.38,
    "volume" : 894.00
  }, {
    "date" : "2024-12-13",
    "price" : 3489.00,
    "dma50" : 3328.61,
    "dma100" : null,
    "dma200" : 2831.99,
    "volume" : 404.00
  }, {
    "date" : "2024-12-16",
    "price" : 3314.55,
    "dma50" : 3328.06,
    "dma100" : null,
    "dma200" : 2836.79,
    "volume" : 384.00
  }, {
    "date" : "2024-12-17",
    "price" : 3480.25,
    "dma50" : 3334.02,
    "dma100" : null,
    "dma200" : 2843.19,
    "volume" : 446.00
  }, {
    "date" : "2024-12-18",
    "price" : 3654.05,
    "dma50" : 3346.57,
    "dma100" : null,
    "dma200" : 2851.26,
    "volume" : 698.00
  }, {
    "date" : "2024-12-19",
    "price" : 3635.45,
    "dma50" : 3357.90,
    "dma100" : null,
    "dma200" : 2859.06,
    "volume" : 243.00
  }, {
    "date" : "2024-12-20",
    "price" : 3462.80,
    "dma50" : 3362.02,
    "dma100" : null,
    "dma200" : 2865.07,
    "volume" : 235.00
  }, {
    "date" : "2024-12-23",
    "price" : 3400.15,
    "dma50" : 3363.51,
    "dma100" : null,
    "dma200" : 2870.39,
    "volume" : 215.00
  }, {
    "date" : "2024-12-24",
    "price" : 3515.05,
    "dma50" : 3369.46,
    "dma100" : null,
    "dma200" : 2876.81,
    "volume" : 282.00
  }, {
    "date" : "2024-12-26",
    "price" : 3508.70,
    "dma50" : 3374.92,
    "dma100" : null,
    "dma200" : 2883.10,
    "volume" : 116.00
  }, {
    "date" : "2024-12-27",
    "price" : 3500.00,
    "dma50" : 3379.82,
    "dma100" : null,
    "dma200" : 2889.23,
    "volume" : 108.00
  }, {
    "date" : "2024-12-30",
    "price" : 3500.00,
    "dma50" : 3384.53,
    "dma100" : null,
    "dma200" : 2895.31,
    "volume" : 93.00
  }, {
    "date" : "2024-12-31",
    "price" : 3521.20,
    "dma50" : 3389.89,
    "dma100" : null,
    "dma200" : 2901.54,
    "volume" : 201.00
  }, {
    "date" : "2025-01-01",
    "price" : 3403.55,
    "dma50" : 3390.43,
    "dma100" : null,
    "dma200" : 2906.53,
    "volume" : 183.00
  }, {
    "date" : "2025-01-02",
    "price" : 3400.00,
    "dma50" : 3390.80,
    "dma100" : null,
    "dma200" : 2911.45,
    "volume" : 55.00
  }, {
    "date" : "2025-01-03",
    "price" : 3381.25,
    "dma50" : 3390.43,
    "dma100" : null,
    "dma200" : 2916.12,
    "volume" : 92.00
  }, {
    "date" : "2025-01-06",
    "price" : 3247.55,
    "dma50" : 3384.83,
    "dma100" : null,
    "dma200" : 2919.42,
    "volume" : 248.00
  }, {
    "date" : "2025-01-07",
    "price" : 3268.00,
    "dma50" : 3380.24,
    "dma100" : null,
    "dma200" : 2922.89,
    "volume" : 295.00
  }, {
    "date" : "2025-01-08",
    "price" : 3104.95,
    "dma50" : 3369.45,
    "dma100" : null,
    "dma200" : 2924.70,
    "volume" : 68.00
  }, {
    "date" : "2025-01-09",
    "price" : 3219.00,
    "dma50" : 3363.55,
    "dma100" : null,
    "dma200" : 2927.63,
    "volume" : 309.00
  }, {
    "date" : "2025-01-10",
    "price" : 3155.45,
    "dma50" : 3355.39,
    "dma100" : null,
    "dma200" : 2929.89,
    "volume" : 106.00
  }, {
    "date" : "2025-01-13",
    "price" : 3296.05,
    "dma50" : 3353.06,
    "dma100" : null,
    "dma200" : 2933.54,
    "volume" : 601.00
  }, {
    "date" : "2025-01-14",
    "price" : 3311.30,
    "dma50" : 3351.42,
    "dma100" : null,
    "dma200" : 2937.30,
    "volume" : 497.00
  }, {
    "date" : "2025-01-15",
    "price" : 3347.45,
    "dma50" : 3351.27,
    "dma100" : null,
    "dma200" : 2941.38,
    "volume" : 62.00
  }, {
    "date" : "2025-01-16",
    "price" : 3502.70,
    "dma50" : 3357.21,
    "dma100" : null,
    "dma200" : 2946.96,
    "volume" : 356.00
  }, {
    "date" : "2025-01-17",
    "price" : 3509.90,
    "dma50" : 3363.19,
    "dma100" : null,
    "dma200" : 2952.56,
    "volume" : 309.00
  }, {
    "date" : "2025-01-20",
    "price" : 3600.00,
    "dma50" : 3372.48,
    "dma100" : null,
    "dma200" : 2959.01,
    "volume" : 39.00
  }, {
    "date" : "2025-01-21",
    "price" : 3545.00,
    "dma50" : 3379.25,
    "dma100" : null,
    "dma200" : 2964.84,
    "volume" : 93.00
  }, {
    "date" : "2025-01-22",
    "price" : 3499.75,
    "dma50" : 3383.97,
    "dma100" : null,
    "dma200" : 2970.16,
    "volume" : 225.00
  }, {
    "date" : "2025-01-23",
    "price" : 3563.80,
    "dma50" : 3391.02,
    "dma100" : null,
    "dma200" : 2976.07,
    "volume" : 918.00
  }, {
    "date" : "2025-01-24",
    "price" : 3627.50,
    "dma50" : 3400.30,
    "dma100" : null,
    "dma200" : 2982.55,
    "volume" : 505.00
  }, {
    "date" : "2025-01-27",
    "price" : 3630.25,
    "dma50" : 3409.32,
    "dma100" : null,
    "dma200" : 2988.99,
    "volume" : 626.00
  }, {
    "date" : "2025-01-28",
    "price" : 3529.25,
    "dma50" : 3414.02,
    "dma100" : null,
    "dma200" : 2994.37,
    "volume" : 420.00
  }, {
    "date" : "2025-01-29",
    "price" : 3652.25,
    "dma50" : 3423.36,
    "dma100" : null,
    "dma200" : 3000.91,
    "volume" : 458.00
  }, {
    "date" : "2025-01-30",
    "price" : 3543.85,
    "dma50" : 3428.09,
    "dma100" : null,
    "dma200" : 3006.32,
    "volume" : 631.00
  }, {
    "date" : "2025-01-31",
    "price" : 3559.75,
    "dma50" : 3433.25,
    "dma100" : null,
    "dma200" : 3011.82,
    "volume" : 281.00
  }, {
    "date" : "2025-02-01",
    "price" : 3660.00,
    "dma50" : 3442.14,
    "dma100" : null,
    "dma200" : 3018.27,
    "volume" : 128.00
  }, {
    "date" : "2025-02-03",
    "price" : 3679.00,
    "dma50" : 3451.43,
    "dma100" : null,
    "dma200" : 3024.85,
    "volume" : 198.00
  }, {
    "date" : "2025-02-04",
    "price" : 3506.90,
    "dma50" : 3453.61,
    "dma100" : null,
    "dma200" : 3029.64,
    "volume" : 65.00
  }, {
    "date" : "2025-02-05",
    "price" : 3682.00,
    "dma50" : 3462.56,
    "dma100" : null,
    "dma200" : 3036.13,
    "volume" : 650.00
  }, {
    "date" : "2025-02-06",
    "price" : 3824.95,
    "dma50" : 3476.77,
    "dma100" : null,
    "dma200" : 3043.98,
    "volume" : 961.00
  }, {
    "date" : "2025-02-07",
    "price" : 3800.50,
    "dma50" : 3489.47,
    "dma100" : null,
    "dma200" : 3051.51,
    "volume" : 274.00
  }, {
    "date" : "2025-02-10",
    "price" : 3807.55,
    "dma50" : 3501.94,
    "dma100" : null,
    "dma200" : 3059.03,
    "volume" : 436.00
  }, {
    "date" : "2025-02-11",
    "price" : 3997.90,
    "dma50" : 3521.39,
    "dma100" : null,
    "dma200" : 3068.38,
    "volume" : 1164.00
  }, {
    "date" : "2025-02-12",
    "price" : 4197.75,
    "dma50" : 3547.92,
    "dma100" : null,
    "dma200" : 3079.61,
    "volume" : 660.00
  }, {
    "date" : "2025-02-13",
    "price" : 4225.65,
    "dma50" : 3574.49,
    "dma100" : null,
    "dma200" : 3091.02,
    "volume" : 753.00
  }, {
    "date" : "2025-02-14",
    "price" : 4014.50,
    "dma50" : 3591.75,
    "dma100" : null,
    "dma200" : 3100.21,
    "volume" : 96.00
  }, {
    "date" : "2025-02-17",
    "price" : 4205.30,
    "dma50" : 3615.81,
    "dma100" : null,
    "dma200" : 3111.20,
    "volume" : 1254.00
  }, {
    "date" : "2025-02-18",
    "price" : 4415.55,
    "dma50" : 3647.17,
    "dma100" : null,
    "dma200" : 3124.18,
    "volume" : 1391.00
  }, {
    "date" : "2025-02-19",
    "price" : 4636.30,
    "dma50" : 3685.96,
    "dma100" : null,
    "dma200" : 3139.23,
    "volume" : 985.00
  }, {
    "date" : "2025-02-20",
    "price" : 4868.10,
    "dma50" : 3732.32,
    "dma100" : null,
    "dma200" : 3156.43,
    "volume" : 1319.00
  }, {
    "date" : "2025-02-21",
    "price" : 4653.90,
    "dma50" : 3768.46,
    "dma100" : null,
    "dma200" : 3171.33,
    "volume" : 1368.00
  }, {
    "date" : "2025-02-24",
    "price" : 4773.65,
    "dma50" : 3807.88,
    "dma100" : null,
    "dma200" : 3187.27,
    "volume" : 428.00
  }, {
    "date" : "2025-02-25",
    "price" : 5012.30,
    "dma50" : 3855.11,
    "dma100" : null,
    "dma200" : 3205.43,
    "volume" : 2923.00
  }, {
    "date" : "2025-02-27",
    "price" : 5150.00,
    "dma50" : 3905.89,
    "dma100" : null,
    "dma200" : 3224.78,
    "volume" : 2290.00
  }, {
    "date" : "2025-02-28",
    "price" : 4919.55,
    "dma50" : 3945.64,
    "dma100" : null,
    "dma200" : 3241.64,
    "volume" : 392.00
  }, {
    "date" : "2025-03-03",
    "price" : 5142.90,
    "dma50" : 3992.59,
    "dma100" : null,
    "dma200" : 3260.56,
    "volume" : 1081.00
  }, {
    "date" : "2025-03-04",
    "price" : 5034.80,
    "dma50" : 4033.46,
    "dma100" : null,
    "dma200" : 3278.22,
    "volume" : 591.00
  }, {
    "date" : "2025-03-05",
    "price" : 5281.15,
    "dma50" : 4082.39,
    "dma100" : null,
    "dma200" : 3298.15,
    "volume" : 2201.00
  }, {
    "date" : "2025-03-06",
    "price" : 5492.65,
    "dma50" : 4137.70,
    "dma100" : null,
    "dma200" : 3319.98,
    "volume" : 469.00
  }, {
    "date" : "2025-03-07",
    "price" : 5505.95,
    "dma50" : 4191.35,
    "dma100" : null,
    "dma200" : 3341.73,
    "volume" : 630.00
  }, {
    "date" : "2025-03-10",
    "price" : 5781.20,
    "dma50" : 4253.70,
    "dma100" : null,
    "dma200" : 3366.01,
    "volume" : 2458.00
  }, {
    "date" : "2025-03-11",
    "price" : 6070.25,
    "dma50" : 4324.94,
    "dma100" : null,
    "dma200" : 3392.91,
    "volume" : 1795.00
  }, {
    "date" : "2025-03-12",
    "price" : 6373.75,
    "dma50" : 4405.28,
    "dma100" : null,
    "dma200" : 3422.57,
    "volume" : 957.00
  }, {
    "date" : "2025-03-13",
    "price" : 6692.40,
    "dma50" : 4494.98,
    "dma100" : null,
    "dma200" : 3455.11,
    "volume" : 1089.00
  }, {
    "date" : "2025-03-17",
    "price" : 7027.00,
    "dma50" : 4594.27,
    "dma100" : null,
    "dma200" : 3490.65,
    "volume" : 2950.00
  }, {
    "date" : "2025-03-18",
    "price" : 7345.80,
    "dma50" : 4702.17,
    "dma100" : null,
    "dma200" : 3529.01,
    "volume" : 1439.00
  }, {
    "date" : "2025-03-19",
    "price" : 7713.05,
    "dma50" : 4820.25,
    "dma100" : null,
    "dma200" : 3570.64,
    "volume" : 2119.00
  }, {
    "date" : "2025-03-20",
    "price" : 7467.05,
    "dma50" : 4924.04,
    "dma100" : null,
    "dma200" : 3609.41,
    "volume" : 1110.00
  }, {
    "date" : "2025-03-21",
    "price" : 7515.00,
    "dma50" : 5025.65,
    "dma100" : null,
    "dma200" : 3648.27,
    "volume" : 3966.00
  }, {
    "date" : "2025-03-24",
    "price" : 7208.90,
    "dma50" : 5111.27,
    "dma100" : null,
    "dma200" : 3683.70,
    "volume" : 870.00
  }, {
    "date" : "2025-03-25",
    "price" : 6848.50,
    "dma50" : 5179.39,
    "dma100" : null,
    "dma200" : 3715.19,
    "volume" : 296.00
  }, {
    "date" : "2025-03-26",
    "price" : 6552.85,
    "dma50" : 5233.25,
    "dma100" : null,
    "dma200" : 3743.43,
    "volume" : 2063.00
  }, {
    "date" : "2025-03-27",
    "price" : 6558.75,
    "dma50" : 5285.23,
    "dma100" : null,
    "dma200" : 3771.44,
    "volume" : 471.00
  }, {
    "date" : "2025-03-28",
    "price" : 6744.10,
    "dma50" : 5342.45,
    "dma100" : null,
    "dma200" : 3801.02,
    "volume" : 98.00
  }, {
    "date" : "2025-04-01",
    "price" : 6406.90,
    "dma50" : 5384.19,
    "dma100" : null,
    "dma200" : 3826.95,
    "volume" : 586.00
  }, {
    "date" : "2025-04-02",
    "price" : 6086.60,
    "dma50" : 5411.73,
    "dma100" : null,
    "dma200" : 3849.43,
    "volume" : 453.00
  }, {
    "date" : "2025-04-03",
    "price" : 5826.40,
    "dma50" : 5428.00,
    "dma100" : null,
    "dma200" : 3869.11,
    "volume" : 750.00
  }, {
    "date" : "2025-04-04",
    "price" : 5535.10,
    "dma50" : 5432.20,
    "dma100" : null,
    "dma200" : 3885.68,
    "volume" : 324.00
  }, {
    "date" : "2025-04-07",
    "price" : 5258.35,
    "dma50" : 5425.38,
    "dma100" : null,
    "dma200" : 3899.34,
    "volume" : 168.00
  }, {
    "date" : "2025-04-08",
    "price" : 4995.45,
    "dma50" : 5408.52,
    "dma100" : null,
    "dma200" : 3910.25,
    "volume" : 340.00
  }, {
    "date" : "2025-04-09",
    "price" : 4745.70,
    "dma50" : 5382.53,
    "dma100" : null,
    "dma200" : 3918.56,
    "volume" : 2026.00
  }, {
    "date" : "2025-04-11",
    "price" : 4539.80,
    "dma50" : 5349.48,
    "dma100" : null,
    "dma200" : 3924.74,
    "volume" : 602.00
  }, {
    "date" : "2025-04-15",
    "price" : 4316.15,
    "dma50" : 5308.95,
    "dma100" : null,
    "dma200" : 3928.64,
    "volume" : 1179.00
  }, {
    "date" : "2025-04-16",
    "price" : 4100.35,
    "dma50" : 5261.56,
    "dma100" : null,
    "dma200" : 3930.35,
    "volume" : 603.00
  }, {
    "date" : "2025-04-17",
    "price" : 3895.35,
    "dma50" : 5207.98,
    "dma100" : null,
    "dma200" : 3930.00,
    "volume" : 1409.00
  }, {
    "date" : "2025-04-21",
    "price" : 4090.10,
    "dma50" : 5164.14,
    "dma100" : null,
    "dma200" : 3931.59,
    "volume" : 2395.00
  }, {
    "date" : "2025-04-22",
    "price" : 4294.60,
    "dma50" : 5130.04,
    "dma100" : null,
    "dma200" : 3935.20,
    "volume" : 463.00
  }, {
    "date" : "2025-04-23",
    "price" : 4509.30,
    "dma50" : 5105.70,
    "dma100" : null,
    "dma200" : 3940.91,
    "volume" : 334.00
  }, {
    "date" : "2025-04-24",
    "price" : 4734.75,
    "dma50" : 5091.15,
    "dma100" : null,
    "dma200" : 3948.81,
    "volume" : 1032.00
  }, {
    "date" : "2025-04-25",
    "price" : 4970.30,
    "dma50" : 5086.41,
    "dma100" : null,
    "dma200" : 3958.98,
    "volume" : 1564.00
  }, {
    "date" : "2025-04-28",
    "price" : 5218.80,
    "dma50" : 5091.61,
    "dma100" : null,
    "dma200" : 3971.51,
    "volume" : 198.00
  }, {
    "date" : "2025-04-29",
    "price" : 5479.70,
    "dma50" : 5106.83,
    "dma100" : null,
    "dma200" : 3986.52,
    "volume" : 126.00
  }, {
    "date" : "2025-04-30",
    "price" : 5753.65,
    "dma50" : 5132.19,
    "dma100" : null,
    "dma200" : 4004.10,
    "volume" : 941.00
  }, {
    "date" : "2025-05-02",
    "price" : 5897.45,
    "dma50" : 5162.20,
    "dma100" : null,
    "dma200" : 4022.94,
    "volume" : 1879.00
  }, {
    "date" : "2025-05-05",
    "price" : 5602.60,
    "dma50" : 5179.47,
    "dma100" : null,
    "dma200" : 4038.66,
    "volume" : 290.00
  }, {
    "date" : "2025-05-06",
    "price" : 5322.50,
    "dma50" : 5185.08,
    "dma100" : 4535.75,
    "dma200" : 4051.44,
    "volume" : 284.00
  }, {
    "date" : "2025-05-07",
    "price" : 5056.40,
    "dma50" : 5180.03,
    "dma100" : 4554.41,
    "dma200" : 4061.43,
    "volume" : 37.00
  }, {
    "date" : "2025-05-08",
    "price" : 4803.60,
    "dma50" : 5165.27,
    "dma100" : 4568.96,
    "dma200" : 4068.82,
    "volume" : 100.00
  }, {
    "date" : "2025-05-09",
    "price" : 4563.45,
    "dma50" : 5141.67,
    "dma100" : 4579.43,
    "dma200" : 4073.74,
    "volume" : 168.00
  }, {
    "date" : "2025-05-12",
    "price" : 4791.60,
    "dma50" : 5127.94,
    "dma100" : 4590.62,
    "dma200" : 4080.88,
    "volume" : 505.00
  }, {
    "date" : "2025-05-13",
    "price" : 5031.15,
    "dma50" : 5124.15,
    "dma100" : 4606.04,
    "dma200" : 4090.34,
    "volume" : 290.00
  }, {
    "date" : "2025-05-14",
    "price" : 5282.50,
    "dma50" : 5130.36,
    "dma100" : 4625.72,
    "dma200" : 4102.20,
    "volume" : 506.00
  }, {
    "date" : "2025-05-15",
    "price" : 5032.20,
    "dma50" : 5126.51,
    "dma100" : 4641.24,
    "dma200" : 4111.46,
    "volume" : 1000.00
  }, {
    "date" : "2025-05-16",
    "price" : 4849.85,
    "dma50" : 5115.66,
    "dma100" : 4653.20,
    "dma200" : 4118.80,
    "volume" : 484.00
  }, {
    "date" : "2025-05-19",
    "price" : 4890.80,
    "dma50" : 5106.84,
    "dma100" : 4665.75,
    "dma200" : 4126.48,
    "volume" : 127.00
  }, {
    "date" : "2025-05-20",
    "price" : 4866.35,
    "dma50" : 5097.41,
    "dma100" : 4679.79,
    "dma200" : 4133.85,
    "volume" : 69.00
  }, {
    "date" : "2025-05-21",
    "price" : 4937.50,
    "dma50" : 5091.14,
    "dma100" : 4695.16,
    "dma200" : 4141.84,
    "volume" : 119.00
  }, {
    "date" : "2025-05-22",
    "price" : 4803.55,
    "dma50" : 5079.86,
    "dma100" : 4708.05,
    "dma200" : 4148.43,
    "volume" : 399.00
  }, {
    "date" : "2025-05-23",
    "price" : 4775.50,
    "dma50" : 5067.92,
    "dma100" : 4720.71,
    "dma200" : 4154.67,
    "volume" : 170.00
  }, {
    "date" : "2025-05-26",
    "price" : 4752.60,
    "dma50" : 5055.56,
    "dma100" : 4733.24,
    "dma200" : 4160.62,
    "volume" : 387.00
  }, {
    "date" : "2025-05-27",
    "price" : 4780.00,
    "dma50" : 5044.75,
    "dma100" : 4746.04,
    "dma200" : 4166.78,
    "volume" : 144.00
  }, {
    "date" : "2025-05-28",
    "price" : 4711.55,
    "dma50" : 5031.69,
    "dma100" : 4757.94,
    "dma200" : 4172.20,
    "volume" : 297.00
  }, {
    "date" : "2025-05-29",
    "price" : 4476.00,
    "dma50" : 5009.89,
    "dma100" : 4768.67,
    "dma200" : 4175.22,
    "volume" : 506.00
  }, {
    "date" : "2025-05-30",
    "price" : 4252.20,
    "dma50" : 4980.18,
    "dma100" : 4777.19,
    "dma200" : 4175.99,
    "volume" : 229.00
  }, {
    "date" : "2025-06-02",
    "price" : 4039.60,
    "dma50" : 4943.30,
    "dma100" : 4783.77,
    "dma200" : 4174.63,
    "volume" : 444.00
  }, {
    "date" : "2025-06-03",
    "price" : 4195.45,
    "dma50" : 4913.97,
    "dma100" : 4793.25,
    "dma200" : 4174.84,
    "volume" : 2389.00
  }, {
    "date" : "2025-06-04",
    "price" : 3985.70,
    "dma50" : 4877.57,
    "dma100" : 4800.43,
    "dma200" : 4172.96,
    "volume" : 939.00
  }, {
    "date" : "2025-06-05",
    "price" : 3860.75,
    "dma50" : 4837.69,
    "dma100" : 4807.99,
    "dma200" : 4169.85,
    "volume" : 873.00
  }, {
    "date" : "2025-06-06",
    "price" : 4053.75,
    "dma50" : 4806.95,
    "dma100" : 4816.34,
    "dma200" : 4168.69,
    "volume" : 704.00
  }, {
    "date" : "2025-06-09",
    "price" : 4143.95,
    "dma50" : 4780.95,
    "dma100" : 4826.22,
    "dma200" : 4168.45,
    "volume" : 328.00
  }, {
    "date" : "2025-06-10",
    "price" : 3979.90,
    "dma50" : 4749.53,
    "dma100" : 4833.06,
    "dma200" : 4166.57,
    "volume" : 331.00
  }, {
    "date" : "2025-06-11",
    "price" : 3818.00,
    "dma50" : 4713.00,
    "dma100" : 4838.13,
    "dma200" : 4163.10,
    "volume" : 701.00
  }, {
    "date" : "2025-06-12",
    "price" : 3921.50,
    "dma50" : 4681.96,
    "dma100" : 4843.87,
    "dma200" : 4160.70,
    "volume" : 316.00
  }, {
    "date" : "2025-06-13",
    "price" : 3867.15,
    "dma50" : 4650.01,
    "dma100" : 4847.51,
    "dma200" : 4157.78,
    "volume" : 128.00
  }, {
    "date" : "2025-06-16",
    "price" : 3895.00,
    "dma50" : 4620.40,
    "dma100" : 4851.36,
    "dma200" : 4155.16,
    "volume" : 128.00
  }, {
    "date" : "2025-06-17",
    "price" : 3726.65,
    "dma50" : 4585.35,
    "dma100" : 4852.63,
    "dma200" : 4150.90,
    "volume" : 304.00
  }, {
    "date" : "2025-06-18",
    "price" : 3809.50,
    "dma50" : 4554.93,
    "dma100" : 4855.27,
    "dma200" : 4147.50,
    "volume" : 69.00
  }, {
    "date" : "2025-06-19",
    "price" : 3831.55,
    "dma50" : 4526.56,
    "dma100" : 4858.59,
    "dma200" : 4144.36,
    "volume" : 144.00
  }, {
    "date" : "2025-06-20",
    "price" : 3949.00,
    "dma50" : 4503.91,
    "dma100" : 4862.44,
    "dma200" : 4142.42,
    "volume" : 227.00
  }, {
    "date" : "2025-06-23",
    "price" : 3834.80,
    "dma50" : 4477.67,
    "dma100" : 4864.52,
    "dma200" : 4139.36,
    "volume" : 218.00
  }, {
    "date" : "2025-06-24",
    "price" : 3862.45,
    "dma50" : 4453.54,
    "dma100" : 4866.84,
    "dma200" : 4136.60,
    "volume" : 101.00
  }, {
    "date" : "2025-06-25",
    "price" : 3843.45,
    "dma50" : 4429.62,
    "dma100" : 4869.98,
    "dma200" : 4133.68,
    "volume" : 218.00
  }, {
    "date" : "2025-06-26",
    "price" : 3820.50,
    "dma50" : 4405.73,
    "dma100" : 4871.66,
    "dma200" : 4130.57,
    "volume" : 184.00
  }, {
    "date" : "2025-06-27",
    "price" : 3749.70,
    "dma50" : 4380.01,
    "dma100" : 4873.72,
    "dma200" : 4126.78,
    "volume" : 305.00
  }, {
    "date" : "2025-06-30",
    "price" : 3859.00,
    "dma50" : 4359.57,
    "dma100" : 4876.71,
    "dma200" : 4124.11,
    "volume" : 95.00
  }, {
    "date" : "2025-07-01",
    "price" : 3714.85,
    "dma50" : 4334.29,
    "dma100" : 4877.26,
    "dma200" : 4120.04,
    "volume" : 382.00
  }, {
    "date" : "2025-07-02",
    "price" : 3754.85,
    "dma50" : 4311.57,
    "dma100" : 4878.02,
    "dma200" : 4116.41,
    "volume" : 95.00
  }, {
    "date" : "2025-07-03",
    "price" : 3733.75,
    "dma50" : 4288.91,
    "dma100" : 4880.29,
    "dma200" : 4112.60,
    "volume" : 82.00
  }, {
    "date" : "2025-07-04",
    "price" : 3658.60,
    "dma50" : 4264.19,
    "dma100" : 4880.06,
    "dma200" : 4108.08,
    "volume" : 206.00
  }, {
    "date" : "2025-07-07",
    "price" : 3689.00,
    "dma50" : 4241.63,
    "dma100" : 4878.70,
    "dma200" : 4103.91,
    "volume" : 164.00
  }, {
    "date" : "2025-07-08",
    "price" : 3590.95,
    "dma50" : 4216.12,
    "dma100" : 4876.60,
    "dma200" : 4098.81,
    "volume" : 103.00
  }, {
    "date" : "2025-07-09",
    "price" : 3643.55,
    "dma50" : 4193.66,
    "dma100" : 4874.96,
    "dma200" : 4094.28,
    "volume" : 173.00
  }, {
    "date" : "2025-07-10",
    "price" : 3633.25,
    "dma50" : 4171.69,
    "dma100" : 4871.31,
    "dma200" : 4089.69,
    "volume" : 296.00
  }, {
    "date" : "2025-07-11",
    "price" : 3657.45,
    "dma50" : 4151.52,
    "dma100" : 4865.91,
    "dma200" : 4085.39,
    "volume" : 467.00
  }, {
    "date" : "2025-07-14",
    "price" : 3590.10,
    "dma50" : 4129.50,
    "dma100" : 4859.56,
    "dma200" : 4080.46,
    "volume" : 186.00
  }, {
    "date" : "2025-07-15",
    "price" : 3716.85,
    "dma50" : 4113.32,
    "dma100" : 4856.58,
    "dma200" : 4076.84,
    "volume" : 537.00
  }, {
    "date" : "2025-07-16",
    "price" : 3800.00,
    "dma50" : 4101.03,
    "dma100" : 4852.53,
    "dma200" : 4074.09,
    "volume" : 167.00
  }, {
    "date" : "2025-07-17",
    "price" : 3750.00,
    "dma50" : 4087.27,
    "dma100" : 4845.87,
    "dma200" : 4070.86,
    "volume" : 514.00
  }, {
    "date" : "2025-07-18",
    "price" : 3748.85,
    "dma50" : 4074.00,
    "dma100" : 4837.00,
    "dma200" : 4067.66,
    "volume" : 84.00
  }, {
    "date" : "2025-07-21",
    "price" : 3750.00,
    "dma50" : 4061.29,
    "dma100" : 4825.82,
    "dma200" : 4064.50,
    "volume" : 199.00
  }, {
    "date" : "2025-07-22",
    "price" : 3778.45,
    "dma50" : 4050.20,
    "dma100" : 4817.06,
    "dma200" : 4061.65,
    "volume" : 146.00
  }, {
    "date" : "2025-07-23",
    "price" : 3889.80,
    "dma50" : 4043.91,
    "dma100" : 4808.22,
    "dma200" : 4059.94,
    "volume" : 649.00
  }, {
    "date" : "2025-07-24",
    "price" : 3850.00,
    "dma50" : 4036.30,
    "dma100" : 4796.60,
    "dma200" : 4057.85,
    "volume" : 194.00
  }, {
    "date" : "2025-07-25",
    "price" : 3842.40,
    "dma50" : 4028.70,
    "dma100" : 4783.52,
    "dma200" : 4055.71,
    "volume" : 78.00
  }, {
    "date" : "2025-07-28",
    "price" : 4034.50,
    "dma50" : 4028.93,
    "dma100" : 4774.67,
    "dma200" : 4055.50,
    "volume" : 698.00
  }, {
    "date" : "2025-07-29",
    "price" : 4071.65,
    "dma50" : 4030.60,
    "dma100" : 4763.96,
    "dma200" : 4055.66,
    "volume" : 297.00
  }, {
    "date" : "2025-07-30",
    "price" : 4028.85,
    "dma50" : 4030.53,
    "dma100" : 4753.90,
    "dma200" : 4055.39,
    "volume" : 239.00
  }, {
    "date" : "2025-07-31",
    "price" : 4006.30,
    "dma50" : 4029.58,
    "dma100" : 4741.15,
    "dma200" : 4054.90,
    "volume" : 350.00
  }, {
    "date" : "2025-08-01",
    "price" : 4010.90,
    "dma50" : 4028.85,
    "dma100" : 4726.33,
    "dma200" : 4054.47,
    "volume" : 1491.00
  }, {
    "date" : "2025-08-04",
    "price" : 4000.00,
    "dma50" : 4027.72,
    "dma100" : 4711.28,
    "dma200" : 4053.92,
    "volume" : 240.00
  }, {
    "date" : "2025-08-05",
    "price" : 4000.00,
    "dma50" : 4026.63,
    "dma100" : 4693.46,
    "dma200" : 4053.39,
    "volume" : 655.00
  }, {
    "date" : "2025-08-06",
    "price" : 4000.00,
    "dma50" : 4025.59,
    "dma100" : 4672.76,
    "dma200" : 4052.86,
    "volume" : 1073.00
  }, {
    "date" : "2025-08-07",
    "price" : 4051.05,
    "dma50" : 4026.59,
    "dma100" : 4649.53,
    "dma200" : 4052.84,
    "volume" : 754.00
  }, {
    "date" : "2025-08-08",
    "price" : 4100.30,
    "dma50" : 4029.48,
    "dma100" : 4623.61,
    "dma200" : 4053.31,
    "volume" : 1043.00
  }, {
    "date" : "2025-08-11",
    "price" : 4162.20,
    "dma50" : 4034.68,
    "dma100" : 4594.96,
    "dma200" : 4054.39,
    "volume" : 260.00
  }, {
    "date" : "2025-08-12",
    "price" : 4270.25,
    "dma50" : 4043.92,
    "dma100" : 4564.21,
    "dma200" : 4056.54,
    "volume" : 487.00
  }, {
    "date" : "2025-08-13",
    "price" : 4185.30,
    "dma50" : 4049.46,
    "dma100" : 4528.93,
    "dma200" : 4057.82,
    "volume" : 197.00
  }, {
    "date" : "2025-08-14",
    "price" : 4211.15,
    "dma50" : 4055.81,
    "dma100" : 4496.37,
    "dma200" : 4059.35,
    "volume" : 355.00
  }, {
    "date" : "2025-08-18",
    "price" : 4502.65,
    "dma50" : 4073.33,
    "dma100" : 4466.25,
    "dma200" : 4063.76,
    "volume" : 843.00
  }, {
    "date" : "2025-08-19",
    "price" : 4952.90,
    "dma50" : 4107.82,
    "dma100" : 4443.69,
    "dma200" : 4072.61,
    "volume" : 1742.00
  }, {
    "date" : "2025-08-20",
    "price" : 5448.15,
    "dma50" : 4160.38,
    "dma100" : 4429.69,
    "dma200" : 4086.29,
    "volume" : 1103.00
  }, {
    "date" : "2025-08-21",
    "price" : 5720.55,
    "dma50" : 4221.57,
    "dma100" : 4421.36,
    "dma200" : 4102.56,
    "volume" : 714.00
  }, {
    "date" : "2025-08-22",
    "price" : 6006.55,
    "dma50" : 4291.57,
    "dma100" : 4415.84,
    "dma200" : 4121.50,
    "volume" : 2189.00
  }, {
    "date" : "2025-08-25",
    "price" : 6306.85,
    "dma50" : 4370.60,
    "dma100" : 4411.47,
    "dma200" : 4143.25,
    "volume" : 572.00
  }, {
    "date" : "2025-08-26",
    "price" : 6494.15,
    "dma50" : 4453.87,
    "dma100" : 4412.34,
    "dma200" : 4166.64,
    "volume" : 1966.00
  }, {
    "date" : "2025-08-28",
    "price" : 6169.45,
    "dma50" : 4521.15,
    "dma100" : 4413.17,
    "dma200" : 4186.57,
    "volume" : 161.00
  }, {
    "date" : "2025-08-29",
    "price" : 5884.35,
    "dma50" : 4574.61,
    "dma100" : 4413.75,
    "dma200" : 4203.46,
    "volume" : 2257.00
  }, {
    "date" : "2025-09-01",
    "price" : 5801.65,
    "dma50" : 4622.73,
    "dma100" : 4416.41,
    "dma200" : 4219.36,
    "volume" : 741.00
  }, {
    "date" : "2025-09-02",
    "price" : 6091.70,
    "dma50" : 4680.34,
    "dma100" : 4424.75,
    "dma200" : 4237.99,
    "volume" : 463.00
  }, {
    "date" : "2025-09-03",
    "price" : 5811.65,
    "dma50" : 4724.70,
    "dma100" : 4432.91,
    "dma200" : 4253.65,
    "volume" : 1883.00
  }, {
    "date" : "2025-09-04",
    "price" : 5972.50,
    "dma50" : 4773.63,
    "dma100" : 4445.18,
    "dma200" : 4270.75,
    "volume" : 384.00
  }, {
    "date" : "2025-09-05",
    "price" : 6000.00,
    "dma50" : 4821.73,
    "dma100" : 4459.78,
    "dma200" : 4287.96,
    "volume" : 258.00
  }, {
    "date" : "2025-09-08",
    "price" : 6021.45,
    "dma50" : 4868.77,
    "dma100" : 4476.83,
    "dma200" : 4305.21,
    "volume" : 148.00
  }, {
    "date" : "2025-09-09",
    "price" : 6000.35,
    "dma50" : 4913.15,
    "dma100" : 4495.83,
    "dma200" : 4322.08,
    "volume" : 169.00
  }, {
    "date" : "2025-09-10",
    "price" : 5900.00,
    "dma50" : 4951.85,
    "dma100" : 4515.88,
    "dma200" : 4337.78,
    "volume" : 228.00
  }, {
    "date" : "2025-09-11",
    "price" : 5900.00,
    "dma50" : 4989.03,
    "dma100" : 4533.98,
    "dma200" : 4353.32,
    "volume" : 97.00
  }, {
    "date" : "2025-09-12",
    "price" : 5754.65,
    "dma50" : 5019.06,
    "dma100" : 4548.58,
    "dma200" : 4367.26,
    "volume" : 142.00
  }, {
    "date" : "2025-09-15",
    "price" : 5595.00,
    "dma50" : 5041.64,
    "dma100" : 4559.44,
    "dma200" : 4379.48,
    "volume" : 163.00
  }, {
    "date" : "2025-09-16",
    "price" : 5370.50,
    "dma50" : 5054.54,
    "dma100" : 4565.79,
    "dma200" : 4389.34,
    "volume" : 302.00
  }, {
    "date" : "2025-09-17",
    "price" : 5430.00,
    "dma50" : 5069.26,
    "dma100" : 4570.39,
    "dma200" : 4399.70,
    "volume" : 348.00
  }, {
    "date" : "2025-09-18",
    "price" : 5162.95,
    "dma50" : 5072.94,
    "dma100" : 4569.83,
    "dma200" : 4407.29,
    "volume" : 388.00
  }, {
    "date" : "2025-09-19",
    "price" : 5097.70,
    "dma50" : 5073.91,
    "dma100" : 4566.01,
    "dma200" : 4414.16,
    "volume" : 122.00
  }, {
    "date" : "2025-09-22",
    "price" : 4962.50,
    "dma50" : 5069.54,
    "dma100" : 4558.10,
    "dma200" : 4419.62,
    "volume" : 173.00
  }, {
    "date" : "2025-09-23",
    "price" : 5197.75,
    "dma50" : 5074.57,
    "dma100" : 4551.10,
    "dma200" : 4427.36,
    "volume" : 452.00
  }, {
    "date" : "2025-09-24",
    "price" : 5249.05,
    "dma50" : 5081.41,
    "dma100" : 4547.57,
    "dma200" : 4435.54,
    "volume" : 212.00
  }, {
    "date" : "2025-09-25",
    "price" : 5195.30,
    "dma50" : 5085.88,
    "dma100" : 4546.30,
    "dma200" : 4443.10,
    "volume" : 38.00
  }, {
    "date" : "2025-09-26",
    "price" : 5205.35,
    "dma50" : 5090.56,
    "dma100" : 4547.79,
    "dma200" : 4450.68,
    "volume" : 186.00
  }, {
    "date" : "2025-09-29",
    "price" : 5147.50,
    "dma50" : 5092.79,
    "dma100" : 4551.22,
    "dma200" : 4457.61,
    "volume" : 27.00
  }, {
    "date" : "2025-09-30",
    "price" : 5047.95,
    "dma50" : 5091.04,
    "dma100" : 4556.07,
    "dma200" : 4463.49,
    "volume" : 155.00
  }, {
    "date" : "2025-10-01",
    "price" : 5000.00,
    "dma50" : 5087.47,
    "dma100" : 4558.15,
    "dma200" : 4468.83,
    "volume" : 114.00
  }, {
    "date" : "2025-10-03",
    "price" : 4837.35,
    "dma50" : 5077.66,
    "dma100" : 4556.22,
    "dma200" : 4472.49,
    "volume" : 169.00
  }, {
    "date" : "2025-10-06",
    "price" : 4872.90,
    "dma50" : 5069.63,
    "dma100" : 4552.12,
    "dma200" : 4476.48,
    "volume" : 85.00
  }, {
    "date" : "2025-10-07",
    "price" : 4753.30,
    "dma50" : 5057.22,
    "dma100" : 4549.33,
    "dma200" : 4479.23,
    "volume" : 99.00
  }, {
    "date" : "2025-10-08",
    "price" : 4730.85,
    "dma50" : 5044.42,
    "dma100" : 4548.14,
    "dma200" : 4481.73,
    "volume" : 198.00
  }, {
    "date" : "2025-10-09",
    "price" : 4894.45,
    "dma50" : 5038.54,
    "dma100" : 4548.18,
    "dma200" : 4485.84,
    "volume" : 263.00
  }, {
    "date" : "2025-10-10",
    "price" : 4999.00,
    "dma50" : 5036.99,
    "dma100" : 4549.50,
    "dma200" : 4490.95,
    "volume" : 222.00
  }, {
    "date" : "2025-10-13",
    "price" : 4872.00,
    "dma50" : 5030.52,
    "dma100" : 4548.85,
    "dma200" : 4494.74,
    "volume" : 123.00
  }, {
    "date" : "2025-10-14",
    "price" : 4945.00,
    "dma50" : 5027.17,
    "dma100" : 4550.26,
    "dma200" : 4499.22,
    "volume" : 55.00
  }, {
    "date" : "2025-10-15",
    "price" : 4876.00,
    "dma50" : 5021.24,
    "dma100" : 4551.27,
    "dma200" : 4502.97,
    "volume" : 85.00
  }, {
    "date" : "2025-10-16",
    "price" : 4658.75,
    "dma50" : 5007.02,
    "dma100" : 4550.33,
    "dma200" : 4504.52,
    "volume" : 327.00
  }, {
    "date" : "2025-10-17",
    "price" : 4710.00,
    "dma50" : 4995.38,
    "dma100" : 4549.63,
    "dma200" : 4506.56,
    "volume" : 100.00
  }, {
    "date" : "2025-10-20",
    "price" : 4732.00,
    "dma50" : 4985.05,
    "dma100" : 4549.83,
    "dma200" : 4508.81,
    "volume" : 457.00
  }, {
    "date" : "2025-10-21",
    "price" : 4765.00,
    "dma50" : 4976.42,
    "dma100" : 4552.72,
    "dma200" : 4511.36,
    "volume" : 59.00
  }, {
    "date" : "2025-10-23",
    "price" : 4800.00,
    "dma50" : 4969.50,
    "dma100" : 4558.20,
    "dma200" : 4514.23,
    "volume" : 355.00
  }, {
    "date" : "2025-10-24",
    "price" : 4899.00,
    "dma50" : 4966.74,
    "dma100" : 4566.80,
    "dma200" : 4518.06,
    "volume" : 197.00
  }, {
    "date" : "2025-10-27",
    "price" : 4694.55,
    "dma50" : 4956.06,
    "dma100" : 4571.79,
    "dma200" : 4519.81,
    "volume" : 1129.00
  }, {
    "date" : "2025-10-28",
    "price" : 4460.00,
    "dma50" : 4936.61,
    "dma100" : 4576.53,
    "dma200" : 4519.22,
    "volume" : 989.00
  }, {
    "date" : "2025-10-29",
    "price" : 4560.00,
    "dma50" : 4921.84,
    "dma100" : 4583.52,
    "dma200" : 4519.62,
    "volume" : 407.00
  }, {
    "date" : "2025-10-30",
    "price" : 4539.30,
    "dma50" : 4906.84,
    "dma100" : 4588.38,
    "dma200" : 4519.82,
    "volume" : 192.00
  }, {
    "date" : "2025-10-31",
    "price" : 4430.45,
    "dma50" : 4888.16,
    "dma100" : 4591.24,
    "dma200" : 4518.93,
    "volume" : 373.00
  }, {
    "date" : "2025-11-03",
    "price" : 4530.85,
    "dma50" : 4874.14,
    "dma100" : 4596.75,
    "dma200" : 4519.05,
    "volume" : 388.00
  }, {
    "date" : "2025-11-04",
    "price" : 4548.35,
    "dma50" : 4861.37,
    "dma100" : 4604.06,
    "dma200" : 4519.34,
    "volume" : 187.00
  }, {
    "date" : "2025-11-06",
    "price" : 4451.25,
    "dma50" : 4845.28,
    "dma100" : 4609.35,
    "dma200" : 4518.66,
    "volume" : 285.00
  }, {
    "date" : "2025-11-07",
    "price" : 4671.70,
    "dma50" : 4838.48,
    "dma100" : 4617.40,
    "dma200" : 4520.18,
    "volume" : 387.00
  }, {
    "date" : "2025-11-10",
    "price" : 4905.25,
    "dma50" : 4841.10,
    "dma100" : 4627.50,
    "dma200" : 4524.02,
    "volume" : 518.00
  }, {
    "date" : "2025-11-11",
    "price" : 5150.50,
    "dma50" : 4853.23,
    "dma100" : 4641.74,
    "dma200" : 4530.25,
    "volume" : 427.00
  }, {
    "date" : "2025-11-12",
    "price" : 5408.00,
    "dma50" : 4874.98,
    "dma100" : 4657.72,
    "dma200" : 4538.98,
    "volume" : 479.00
  }, {
    "date" : "2025-11-13",
    "price" : 5397.55,
    "dma50" : 4895.48,
    "dma100" : 4673.38,
    "dma200" : 4547.53,
    "volume" : 525.00
  }, {
    "date" : "2025-11-14",
    "price" : 5667.40,
    "dma50" : 4925.75,
    "dma100" : 4690.57,
    "dma200" : 4558.67,
    "volume" : 786.00
  }, {
    "date" : "2025-11-17",
    "price" : 5950.10,
    "dma50" : 4965.92,
    "dma100" : 4711.72,
    "dma200" : 4572.51,
    "volume" : 942.00
  }, {
    "date" : "2025-11-18",
    "price" : 6001.90,
    "dma50" : 5006.55,
    "dma100" : 4733.12,
    "dma200" : 4586.74,
    "volume" : 876.00
  }, {
    "date" : "2025-11-19",
    "price" : 6240.70,
    "dma50" : 5054.94,
    "dma100" : 4757.09,
    "dma200" : 4603.19,
    "volume" : 601.00
  }, {
    "date" : "2025-11-20",
    "price" : 6307.05,
    "dma50" : 5104.05,
    "dma100" : 4781.95,
    "dma200" : 4620.15,
    "volume" : 507.00
  }, {
    "date" : "2025-11-21",
    "price" : 6210.50,
    "dma50" : 5147.44,
    "dma100" : 4806.56,
    "dma200" : 4635.97,
    "volume" : 276.00
  }, {
    "date" : "2025-11-24",
    "price" : 6050.30,
    "dma50" : 5182.84,
    "dma100" : 4828.48,
    "dma200" : 4650.05,
    "volume" : 491.00
  }, {
    "date" : "2025-11-25",
    "price" : 5883.65,
    "dma50" : 5210.33,
    "dma100" : 4850.16,
    "dma200" : 4662.32,
    "volume" : 246.00
  }, {
    "date" : "2025-11-26",
    "price" : 6110.00,
    "dma50" : 5245.61,
    "dma100" : 4873.71,
    "dma200" : 4676.73,
    "volume" : 53.00
  }, {
    "date" : "2025-11-27",
    "price" : 6116.65,
    "dma50" : 5279.77,
    "dma100" : 4897.54,
    "dma200" : 4691.05,
    "volume" : 211.00
  }, {
    "date" : "2025-11-28",
    "price" : 6337.55,
    "dma50" : 5321.25,
    "dma100" : 4924.33,
    "dma200" : 4707.44,
    "volume" : 169.00
  }, {
    "date" : "2025-12-01",
    "price" : 6443.25,
    "dma50" : 5365.25,
    "dma100" : 4951.88,
    "dma200" : 4724.71,
    "volume" : 286.00
  }, {
    "date" : "2025-12-02",
    "price" : 6765.40,
    "dma50" : 5420.16,
    "dma100" : 4983.62,
    "dma200" : 4745.01,
    "volume" : 556.00
  }, {
    "date" : "2025-12-03",
    "price" : 7103.65,
    "dma50" : 5486.18,
    "dma100" : 5018.22,
    "dma200" : 4768.48,
    "volume" : 601.00
  }, {
    "date" : "2025-12-04",
    "price" : 7004.20,
    "dma50" : 5545.71,
    "dma100" : 5051.93,
    "dma200" : 4790.73,
    "volume" : 622.00
  }, {
    "date" : "2025-12-05",
    "price" : 7013.50,
    "dma50" : 5603.27,
    "dma100" : 5085.49,
    "dma200" : 4812.85,
    "volume" : 609.00
  } ],
  "latestTechnicalAttributes" : {
    "date" : "2025-12-05",
    "price" : 7013.50,
    "dma50" : 5603.27,
    "dma100" : 5085.49,
    "dma200" : 4812.85,
    "volume" : 609.00
  },
  "quarterlyResults" : [ {
    "date" : "2005-03-31",
    "sales" : 1.75,
    "salesGrowthYoY" : null,
    "grossProfitMargin" : 110.29,
    "grossProfit" : 1.93,
    "operatingProfitMargin" : 37.14,
    "operatingProfit" : 0.65,
    "netProfitMargin" : 37.14,
    "netProfit" : 0.65
  }, {
    "date" : "2005-06-30",
    "sales" : 0.57,
    "salesGrowthYoY" : null,
    "grossProfitMargin" : 100.00,
    "grossProfit" : 0.57,
    "operatingProfitMargin" : -91.23,
    "operatingProfit" : -0.52,
    "netProfitMargin" : -94.74,
    "netProfit" : -0.54
  }, {
    "date" : "2005-09-30",
    "sales" : 1.68,
    "salesGrowthYoY" : null,
    "grossProfitMargin" : 100.00,
    "grossProfit" : 1.68,
    "operatingProfitMargin" : 13.10,
    "operatingProfit" : 0.22,
    "netProfitMargin" : 13.10,
    "netProfit" : 0.22
  }, {
    "date" : "2005-12-31",
    "sales" : 1.52,
    "salesGrowthYoY" : null,
    "grossProfitMargin" : 100.00,
    "grossProfit" : 1.52,
    "operatingProfitMargin" : 37.50,
    "operatingProfit" : 0.57,
    "netProfitMargin" : 34.87,
    "netProfit" : 0.53
  }, {
    "date" : "2006-03-31",
    "sales" : 0.89,
    "salesGrowthYoY" : -49.14,
    "grossProfitMargin" : 240.45,
    "grossProfit" : 2.14,
    "operatingProfitMargin" : 48.31,
    "operatingProfit" : 0.43,
    "netProfitMargin" : -2.25,
    "netProfit" : -0.02
  }, {
    "date" : "2006-06-30",
    "sales" : 1.14,
    "salesGrowthYoY" : 100.00,
    "grossProfitMargin" : 122.81,
    "grossProfit" : 1.40,
    "operatingProfitMargin" : 7.02,
    "operatingProfit" : 0.08,
    "netProfitMargin" : 4.39,
    "netProfit" : 0.05
  }, {
    "date" : "2006-09-30",
    "sales" : 0.28,
    "salesGrowthYoY" : -83.33,
    "grossProfitMargin" : 510.71,
    "grossProfit" : 1.43,
    "operatingProfitMargin" : 17.86,
    "operatingProfit" : 0.05,
    "netProfitMargin" : 0.00,
    "netProfit" : 0.00
  }, {
    "date" : "2006-12-31",
    "sales" : 1.33,
    "salesGrowthYoY" : -12.50,
    "grossProfitMargin" : 100.00,
    "grossProfit" : 1.33,
    "operatingProfitMargin" : 6.02,
    "operatingProfit" : 0.08,
    "netProfitMargin" : 3.01,
    "netProfit" : 0.04
  }, {
    "date" : "2007-03-31",
    "sales" : 0.83,
    "salesGrowthYoY" : -6.74,
    "grossProfitMargin" : 240.96,
    "grossProfit" : 2.00,
    "operatingProfitMargin" : 54.22,
    "operatingProfit" : 0.45,
    "netProfitMargin" : 32.53,
    "netProfit" : 0.27
  }, {
    "date" : "2007-06-30",
    "sales" : 3.68,
    "salesGrowthYoY" : 222.81,
    "grossProfitMargin" : 137.77,
    "grossProfit" : 5.07,
    "operatingProfitMargin" : 97.83,
    "operatingProfit" : 3.60,
    "netProfitMargin" : 93.75,
    "netProfit" : 3.45
  }, {
    "date" : "2007-09-30",
    "sales" : 1.65,
    "salesGrowthYoY" : 489.29,
    "grossProfitMargin" : 100.00,
    "grossProfit" : 1.65,
    "operatingProfitMargin" : 16.97,
    "operatingProfit" : 0.28,
    "netProfitMargin" : 13.33,
    "netProfit" : 0.22
  }, {
    "date" : "2007-12-31",
    "sales" : 1.92,
    "salesGrowthYoY" : 44.36,
    "grossProfitMargin" : 88.02,
    "grossProfit" : 1.69,
    "operatingProfitMargin" : 17.19,
    "operatingProfit" : 0.33,
    "netProfitMargin" : 11.98,
    "netProfit" : 0.23
  }, {
    "date" : "2008-03-31",
    "sales" : 0.84,
    "salesGrowthYoY" : 1.20,
    "grossProfitMargin" : 36.90,
    "grossProfit" : 0.31,
    "operatingProfitMargin" : -90.48,
    "operatingProfit" : -0.76,
    "netProfitMargin" : -92.86,
    "netProfit" : -0.78
  }, {
    "date" : "2008-06-30",
    "sales" : 1.41,
    "salesGrowthYoY" : -61.68,
    "grossProfitMargin" : 100.00,
    "grossProfit" : 1.41,
    "operatingProfitMargin" : 19.86,
    "operatingProfit" : 0.28,
    "netProfitMargin" : 3.55,
    "netProfit" : 0.05
  }, {
    "date" : "2008-09-30",
    "sales" : 1.26,
    "salesGrowthYoY" : -23.64,
    "grossProfitMargin" : 100.00,
    "grossProfit" : 1.26,
    "operatingProfitMargin" : 8.73,
    "operatingProfit" : 0.11,
    "netProfitMargin" : 2.38,
    "netProfit" : 0.03
  }, {
    "date" : "2008-12-31",
    "sales" : 1.18,
    "salesGrowthYoY" : -38.54,
    "grossProfitMargin" : 100.00,
    "grossProfit" : 1.18,
    "operatingProfitMargin" : 11.86,
    "operatingProfit" : 0.14,
    "netProfitMargin" : 5.08,
    "netProfit" : 0.06
  }, {
    "date" : "2009-03-31",
    "sales" : 2.27,
    "salesGrowthYoY" : 170.24,
    "grossProfitMargin" : 50.66,
    "grossProfit" : 1.15,
    "operatingProfitMargin" : 9.69,
    "operatingProfit" : 0.22,
    "netProfitMargin" : 9.25,
    "netProfit" : 0.21
  }, {
    "date" : "2009-06-30",
    "sales" : 1.20,
    "salesGrowthYoY" : -14.89,
    "grossProfitMargin" : 100.00,
    "grossProfit" : 1.20,
    "operatingProfitMargin" : 12.50,
    "operatingProfit" : 0.15,
    "netProfitMargin" : 5.00,
    "netProfit" : 0.06
  }, {
    "date" : "2009-09-30",
    "sales" : 1.05,
    "salesGrowthYoY" : -16.67,
    "grossProfitMargin" : 100.00,
    "grossProfit" : 1.05,
    "operatingProfitMargin" : 13.33,
    "operatingProfit" : 0.14,
    "netProfitMargin" : 1.90,
    "netProfit" : 0.02
  }, {
    "date" : "2009-12-31",
    "sales" : 1.01,
    "salesGrowthYoY" : -14.41,
    "grossProfitMargin" : 100.00,
    "grossProfit" : 1.01,
    "operatingProfitMargin" : 13.86,
    "operatingProfit" : 0.14,
    "netProfitMargin" : 8.91,
    "netProfit" : 0.09
  }, {
    "date" : "2010-03-31",
    "sales" : 1.46,
    "salesGrowthYoY" : -35.68,
    "grossProfitMargin" : 62.33,
    "grossProfit" : 0.91,
    "operatingProfitMargin" : 5.48,
    "operatingProfit" : 0.08,
    "netProfitMargin" : 12.33,
    "netProfit" : 0.18
  }, {
    "date" : "2010-06-30",
    "sales" : 1.26,
    "salesGrowthYoY" : 5.00,
    "grossProfitMargin" : 80.16,
    "grossProfit" : 1.01,
    "operatingProfitMargin" : 7.94,
    "operatingProfit" : 0.10,
    "netProfitMargin" : 6.35,
    "netProfit" : 0.08
  }, {
    "date" : "2010-09-30",
    "sales" : 0.97,
    "salesGrowthYoY" : -7.62,
    "grossProfitMargin" : 100.00,
    "grossProfit" : 0.97,
    "operatingProfitMargin" : 3.09,
    "operatingProfit" : 0.03,
    "netProfitMargin" : 1.03,
    "netProfit" : 0.01
  }, {
    "date" : "2010-12-31",
    "sales" : 1.31,
    "salesGrowthYoY" : 29.70,
    "grossProfitMargin" : 100.00,
    "grossProfit" : 1.31,
    "operatingProfitMargin" : 3.82,
    "operatingProfit" : 0.05,
    "netProfitMargin" : 2.29,
    "netProfit" : 0.03
  }, {
    "date" : "2011-03-31",
    "sales" : 1.27,
    "salesGrowthYoY" : -13.01,
    "grossProfitMargin" : 82.68,
    "grossProfit" : 1.05,
    "operatingProfitMargin" : 34.65,
    "operatingProfit" : 0.44,
    "netProfitMargin" : 14.17,
    "netProfit" : 0.18
  }, {
    "date" : "2011-06-30",
    "sales" : 1.39,
    "salesGrowthYoY" : 10.32,
    "grossProfitMargin" : 90.65,
    "grossProfit" : 1.26,
    "operatingProfitMargin" : 6.47,
    "operatingProfit" : 0.09,
    "netProfitMargin" : 2.16,
    "netProfit" : 0.03
  }, {
    "date" : "2011-09-30",
    "sales" : 1.46,
    "salesGrowthYoY" : 50.52,
    "grossProfitMargin" : 81.51,
    "grossProfit" : 1.19,
    "operatingProfitMargin" : 4.11,
    "operatingProfit" : 0.06,
    "netProfitMargin" : 0.00,
    "netProfit" : 0.00
  }, {
    "date" : "2011-12-31",
    "sales" : 1.50,
    "salesGrowthYoY" : 14.50,
    "grossProfitMargin" : 94.00,
    "grossProfit" : 1.41,
    "operatingProfitMargin" : 5.33,
    "operatingProfit" : 0.08,
    "netProfitMargin" : 0.00,
    "netProfit" : 0.00
  }, {
    "date" : "2012-03-31",
    "sales" : 1.20,
    "salesGrowthYoY" : -5.51,
    "grossProfitMargin" : 87.50,
    "grossProfit" : 1.05,
    "operatingProfitMargin" : -12.50,
    "operatingProfit" : -0.15,
    "netProfitMargin" : 0.00,
    "netProfit" : 0.00
  }, {
    "date" : "2012-06-30",
    "sales" : 1.44,
    "salesGrowthYoY" : 3.60,
    "grossProfitMargin" : 84.72,
    "grossProfit" : 1.22,
    "operatingProfitMargin" : 4.86,
    "operatingProfit" : 0.07,
    "netProfitMargin" : 4.17,
    "netProfit" : 0.06
  }, {
    "date" : "2012-09-30",
    "sales" : 1.06,
    "salesGrowthYoY" : -27.40,
    "grossProfitMargin" : 89.62,
    "grossProfit" : 0.95,
    "operatingProfitMargin" : 1.89,
    "operatingProfit" : 0.02,
    "netProfitMargin" : 0.94,
    "netProfit" : 0.01
  }, {
    "date" : "2012-12-31",
    "sales" : 0.74,
    "salesGrowthYoY" : -50.67,
    "grossProfitMargin" : 93.24,
    "grossProfit" : 0.69,
    "operatingProfitMargin" : 0.00,
    "operatingProfit" : 0.00,
    "netProfitMargin" : -6.76,
    "netProfit" : -0.05
  }, {
    "date" : "2013-03-31",
    "sales" : 1.28,
    "salesGrowthYoY" : 6.67,
    "grossProfitMargin" : 87.50,
    "grossProfit" : 1.12,
    "operatingProfitMargin" : -8.59,
    "operatingProfit" : -0.11,
    "netProfitMargin" : -10.16,
    "netProfit" : -0.13
  }, {
    "date" : "2013-06-30",
    "sales" : 1.72,
    "salesGrowthYoY" : 19.44,
    "grossProfitMargin" : 93.02,
    "grossProfit" : 1.60,
    "operatingProfitMargin" : 33.14,
    "operatingProfit" : 0.57,
    "netProfitMargin" : 9.88,
    "netProfit" : 0.17
  }, {
    "date" : "2013-09-30",
    "sales" : 1.05,
    "salesGrowthYoY" : -0.94,
    "grossProfitMargin" : 88.57,
    "grossProfit" : 0.93,
    "operatingProfitMargin" : 9.52,
    "operatingProfit" : 0.10,
    "netProfitMargin" : -1.90,
    "netProfit" : -0.02
  }, {
    "date" : "2013-12-31",
    "sales" : 0.65,
    "salesGrowthYoY" : -12.16,
    "grossProfitMargin" : 81.54,
    "grossProfit" : 0.53,
    "operatingProfitMargin" : -60.00,
    "operatingProfit" : -0.39,
    "netProfitMargin" : -1.54,
    "netProfit" : -0.01
  }, {
    "date" : "2014-03-31",
    "sales" : 1.04,
    "salesGrowthYoY" : -18.75,
    "grossProfitMargin" : 88.46,
    "grossProfit" : 0.92,
    "operatingProfitMargin" : -14.42,
    "operatingProfit" : -0.15,
    "netProfitMargin" : -8.65,
    "netProfit" : -0.09
  }, {
    "date" : "2014-06-30",
    "sales" : 1.15,
    "salesGrowthYoY" : -33.14,
    "grossProfitMargin" : 89.57,
    "grossProfit" : 1.03,
    "operatingProfitMargin" : 1.74,
    "operatingProfit" : 0.02,
    "netProfitMargin" : 0.00,
    "netProfit" : 0.00
  }, {
    "date" : "2014-09-30",
    "sales" : 1.38,
    "salesGrowthYoY" : 31.43,
    "grossProfitMargin" : 91.30,
    "grossProfit" : 1.26,
    "operatingProfitMargin" : 13.77,
    "operatingProfit" : 0.19,
    "netProfitMargin" : 7.25,
    "netProfit" : 0.10
  }, {
    "date" : "2014-12-31",
    "sales" : 1.46,
    "salesGrowthYoY" : 124.62,
    "grossProfitMargin" : 91.78,
    "grossProfit" : 1.34,
    "operatingProfitMargin" : 19.18,
    "operatingProfit" : 0.28,
    "netProfitMargin" : 15.07,
    "netProfit" : 0.22
  }, {
    "date" : "2015-03-31",
    "sales" : 0.89,
    "salesGrowthYoY" : -14.42,
    "grossProfitMargin" : 86.52,
    "grossProfit" : 0.77,
    "operatingProfitMargin" : -38.20,
    "operatingProfit" : -0.34,
    "netProfitMargin" : -34.83,
    "netProfit" : -0.31
  }, {
    "date" : "2015-06-30",
    "sales" : 1.34,
    "salesGrowthYoY" : 16.52,
    "grossProfitMargin" : 91.04,
    "grossProfit" : 1.22,
    "operatingProfitMargin" : 3.73,
    "operatingProfit" : 0.05,
    "netProfitMargin" : 0.75,
    "netProfit" : 0.01
  }, {
    "date" : "2015-09-30",
    "sales" : 1.65,
    "salesGrowthYoY" : 19.57,
    "grossProfitMargin" : 92.73,
    "grossProfit" : 1.53,
    "operatingProfitMargin" : 4.24,
    "operatingProfit" : 0.07,
    "netProfitMargin" : 1.21,
    "netProfit" : 0.02
  }, {
    "date" : "2015-12-31",
    "sales" : 1.48,
    "salesGrowthYoY" : 1.37,
    "grossProfitMargin" : 91.89,
    "grossProfit" : 1.36,
    "operatingProfitMargin" : 4.73,
    "operatingProfit" : 0.07,
    "netProfitMargin" : 0.68,
    "netProfit" : 0.01
  }, {
    "date" : "2016-03-31",
    "sales" : 1.02,
    "salesGrowthYoY" : 14.61,
    "grossProfitMargin" : 88.24,
    "grossProfit" : 0.90,
    "operatingProfitMargin" : -58.82,
    "operatingProfit" : -0.60,
    "netProfitMargin" : 0.98,
    "netProfit" : 0.01
  }, {
    "date" : "2016-06-30",
    "sales" : 1.49,
    "salesGrowthYoY" : 11.19,
    "grossProfitMargin" : 100.00,
    "grossProfit" : 1.49,
    "operatingProfitMargin" : 7.38,
    "operatingProfit" : 0.11,
    "netProfitMargin" : 3.36,
    "netProfit" : 0.05
  }, {
    "date" : "2016-09-30",
    "sales" : 1.36,
    "salesGrowthYoY" : -17.58,
    "grossProfitMargin" : 100.00,
    "grossProfit" : 1.36,
    "operatingProfitMargin" : 3.68,
    "operatingProfit" : 0.05,
    "netProfitMargin" : 0.74,
    "netProfit" : 0.01
  }, {
    "date" : "2016-12-31",
    "sales" : 1.56,
    "salesGrowthYoY" : 5.41,
    "grossProfitMargin" : 100.00,
    "grossProfit" : 1.56,
    "operatingProfitMargin" : 7.05,
    "operatingProfit" : 0.11,
    "netProfitMargin" : 3.21,
    "netProfit" : 0.05
  }, {
    "date" : "2017-03-31",
    "sales" : 1.51,
    "salesGrowthYoY" : 48.04,
    "grossProfitMargin" : 100.00,
    "grossProfit" : 1.51,
    "operatingProfitMargin" : -5.96,
    "operatingProfit" : -0.09,
    "netProfitMargin" : -5.30,
    "netProfit" : -0.08
  }, {
    "date" : "2017-06-30",
    "sales" : 1.57,
    "salesGrowthYoY" : 5.37,
    "grossProfitMargin" : 100.00,
    "grossProfit" : 1.57,
    "operatingProfitMargin" : 3.82,
    "operatingProfit" : 0.06,
    "netProfitMargin" : 1.27,
    "netProfit" : 0.02
  }, {
    "date" : "2017-09-30",
    "sales" : 1.64,
    "salesGrowthYoY" : 20.59,
    "grossProfitMargin" : 100.00,
    "grossProfit" : 1.64,
    "operatingProfitMargin" : 6.71,
    "operatingProfit" : 0.11,
    "netProfitMargin" : 3.05,
    "netProfit" : 0.05
  }, {
    "date" : "2017-12-31",
    "sales" : 1.58,
    "salesGrowthYoY" : 1.28,
    "grossProfitMargin" : 100.00,
    "grossProfit" : 1.58,
    "operatingProfitMargin" : -4.43,
    "operatingProfit" : -0.07,
    "netProfitMargin" : 0.63,
    "netProfit" : 0.01
  }, {
    "date" : "2018-03-31",
    "sales" : 1.72,
    "salesGrowthYoY" : 13.91,
    "grossProfitMargin" : 100.00,
    "grossProfit" : 1.72,
    "operatingProfitMargin" : 0.58,
    "operatingProfit" : 0.01,
    "netProfitMargin" : 0.58,
    "netProfit" : 0.01
  }, {
    "date" : "2018-06-30",
    "sales" : 1.90,
    "salesGrowthYoY" : 21.02,
    "grossProfitMargin" : 100.00,
    "grossProfit" : 1.90,
    "operatingProfitMargin" : 12.11,
    "operatingProfit" : 0.23,
    "netProfitMargin" : 6.84,
    "netProfit" : 0.13
  }, {
    "date" : "2018-09-30",
    "sales" : 2.01,
    "salesGrowthYoY" : 22.56,
    "grossProfitMargin" : 100.00,
    "grossProfit" : 2.01,
    "operatingProfitMargin" : 3.48,
    "operatingProfit" : 0.07,
    "netProfitMargin" : 0.50,
    "netProfit" : 0.01
  }, {
    "date" : "2018-12-31",
    "sales" : 1.96,
    "salesGrowthYoY" : 24.05,
    "grossProfitMargin" : 100.00,
    "grossProfit" : 1.96,
    "operatingProfitMargin" : -6.12,
    "operatingProfit" : -0.12,
    "netProfitMargin" : -4.59,
    "netProfit" : -0.09
  }, {
    "date" : "2019-03-31",
    "sales" : 2.34,
    "salesGrowthYoY" : 36.05,
    "grossProfitMargin" : 100.00,
    "grossProfit" : 2.34,
    "operatingProfitMargin" : 5.56,
    "operatingProfit" : 0.13,
    "netProfitMargin" : 2.99,
    "netProfit" : 0.07
  }, {
    "date" : "2019-06-30",
    "sales" : 2.51,
    "salesGrowthYoY" : 32.11,
    "grossProfitMargin" : 100.00,
    "grossProfit" : 2.51,
    "operatingProfitMargin" : 1.99,
    "operatingProfit" : 0.05,
    "netProfitMargin" : 1.20,
    "netProfit" : 0.03
  }, {
    "date" : "2019-09-30",
    "sales" : 2.88,
    "salesGrowthYoY" : 43.28,
    "grossProfitMargin" : 100.00,
    "grossProfit" : 2.88,
    "operatingProfitMargin" : 4.86,
    "operatingProfit" : 0.14,
    "netProfitMargin" : 1.39,
    "netProfit" : 0.04
  }, {
    "date" : "2019-12-31",
    "sales" : 3.11,
    "salesGrowthYoY" : 58.67,
    "grossProfitMargin" : 100.00,
    "grossProfit" : 3.11,
    "operatingProfitMargin" : 4.82,
    "operatingProfit" : 0.15,
    "netProfitMargin" : 0.96,
    "netProfit" : 0.03
  }, {
    "date" : "2020-03-31",
    "sales" : 3.31,
    "salesGrowthYoY" : 41.45,
    "grossProfitMargin" : 100.00,
    "grossProfit" : 3.31,
    "operatingProfitMargin" : 3.32,
    "operatingProfit" : 0.11,
    "netProfitMargin" : 1.21,
    "netProfit" : 0.04
  }, {
    "date" : "2020-06-30",
    "sales" : 3.36,
    "salesGrowthYoY" : 33.86,
    "grossProfitMargin" : 100.00,
    "grossProfit" : 3.36,
    "operatingProfitMargin" : 2.38,
    "operatingProfit" : 0.08,
    "netProfitMargin" : 0.00,
    "netProfit" : 0.00
  }, {
    "date" : "2020-09-30",
    "sales" : 3.61,
    "salesGrowthYoY" : 25.35,
    "grossProfitMargin" : 100.00,
    "grossProfit" : 3.61,
    "operatingProfitMargin" : 3.05,
    "operatingProfit" : 0.11,
    "netProfitMargin" : 0.00,
    "netProfit" : 0.00
  }, {
    "date" : "2020-12-31",
    "sales" : 3.70,
    "salesGrowthYoY" : 18.97,
    "grossProfitMargin" : 100.00,
    "grossProfit" : 3.70,
    "operatingProfitMargin" : 4.32,
    "operatingProfit" : 0.16,
    "netProfitMargin" : 1.08,
    "netProfit" : 0.04
  }, {
    "date" : "2021-03-31",
    "sales" : 4.36,
    "salesGrowthYoY" : 31.72,
    "grossProfitMargin" : 100.00,
    "grossProfit" : 4.36,
    "operatingProfitMargin" : 4.59,
    "operatingProfit" : 0.20,
    "netProfitMargin" : 1.38,
    "netProfit" : 0.06
  }, {
    "date" : "2021-06-30",
    "sales" : 4.68,
    "salesGrowthYoY" : 39.29,
    "grossProfitMargin" : 100.00,
    "grossProfit" : 4.68,
    "operatingProfitMargin" : 2.78,
    "operatingProfit" : 0.13,
    "netProfitMargin" : -5.34,
    "netProfit" : -0.25
  }, {
    "date" : "2021-09-30",
    "sales" : 4.81,
    "salesGrowthYoY" : 33.24,
    "grossProfitMargin" : 100.00,
    "grossProfit" : 4.81,
    "operatingProfitMargin" : 7.69,
    "operatingProfit" : 0.37,
    "netProfitMargin" : 0.42,
    "netProfit" : 0.02
  }, {
    "date" : "2021-12-31",
    "sales" : 4.87,
    "salesGrowthYoY" : 31.62,
    "grossProfitMargin" : 100.00,
    "grossProfit" : 4.87,
    "operatingProfitMargin" : 6.37,
    "operatingProfit" : 0.31,
    "netProfitMargin" : 2.46,
    "netProfit" : 0.12
  }, {
    "date" : "2022-03-31",
    "sales" : 4.78,
    "salesGrowthYoY" : 9.63,
    "grossProfitMargin" : 100.00,
    "grossProfit" : 4.78,
    "operatingProfitMargin" : 7.53,
    "operatingProfit" : 0.36,
    "netProfitMargin" : 3.35,
    "netProfit" : 0.16
  }, {
    "date" : "2022-06-30",
    "sales" : 3.58,
    "salesGrowthYoY" : -23.50,
    "grossProfitMargin" : 100.00,
    "grossProfit" : 3.58,
    "operatingProfitMargin" : 3.91,
    "operatingProfit" : 0.14,
    "netProfitMargin" : 0.84,
    "netProfit" : 0.03
  }, {
    "date" : "2022-09-30",
    "sales" : 3.42,
    "salesGrowthYoY" : -28.90,
    "grossProfitMargin" : 100.00,
    "grossProfit" : 3.42,
    "operatingProfitMargin" : 4.68,
    "operatingProfit" : 0.16,
    "netProfitMargin" : 1.17,
    "netProfit" : 0.04
  }, {
    "date" : "2022-12-31",
    "sales" : 3.64,
    "salesGrowthYoY" : -25.26,
    "grossProfitMargin" : 100.00,
    "grossProfit" : 3.64,
    "operatingProfitMargin" : 1.92,
    "operatingProfit" : 0.07,
    "netProfitMargin" : -0.55,
    "netProfit" : -0.02
  }, {
    "date" : "2023-03-31",
    "sales" : 3.44,
    "salesGrowthYoY" : -28.03,
    "grossProfitMargin" : 100.00,
    "grossProfit" : 3.44,
    "operatingProfitMargin" : 12.79,
    "operatingProfit" : 0.44,
    "netProfitMargin" : 4.65,
    "netProfit" : 0.16
  }, {
    "date" : "2023-06-30",
    "sales" : 3.57,
    "salesGrowthYoY" : -0.28,
    "grossProfitMargin" : 100.00,
    "grossProfit" : 3.57,
    "operatingProfitMargin" : 8.40,
    "operatingProfit" : 0.30,
    "netProfitMargin" : 2.24,
    "netProfit" : 0.08
  }, {
    "date" : "2023-09-30",
    "sales" : 3.92,
    "salesGrowthYoY" : 14.62,
    "grossProfitMargin" : 100.00,
    "grossProfit" : 3.92,
    "operatingProfitMargin" : 19.64,
    "operatingProfit" : 0.77,
    "netProfitMargin" : 5.10,
    "netProfit" : 0.20
  }, {
    "date" : "2023-12-31",
    "sales" : 3.73,
    "salesGrowthYoY" : 2.47,
    "grossProfitMargin" : 100.00,
    "grossProfit" : 3.73,
    "operatingProfitMargin" : 18.50,
    "operatingProfit" : 0.69,
    "netProfitMargin" : 1.88,
    "netProfit" : 0.07
  }, {
    "date" : "2024-03-31",
    "sales" : 3.98,
    "salesGrowthYoY" : 15.70,
    "grossProfitMargin" : 100.00,
    "grossProfit" : 3.98,
    "operatingProfitMargin" : 8.29,
    "operatingProfit" : 0.33,
    "netProfitMargin" : 5.78,
    "netProfit" : 0.23
  }, {
    "date" : "2024-06-30",
    "sales" : 4.55,
    "salesGrowthYoY" : 27.45,
    "grossProfitMargin" : 100.00,
    "grossProfit" : 4.55,
    "operatingProfitMargin" : 16.04,
    "operatingProfit" : 0.73,
    "netProfitMargin" : 7.03,
    "netProfit" : 0.32
  }, {
    "date" : "2024-09-30",
    "sales" : 5.23,
    "salesGrowthYoY" : 33.42,
    "grossProfitMargin" : 100.00,
    "grossProfit" : 5.23,
    "operatingProfitMargin" : 10.13,
    "operatingProfit" : 0.53,
    "netProfitMargin" : 8.22,
    "netProfit" : 0.43
  }, {
    "date" : "2024-12-31",
    "sales" : 4.15,
    "salesGrowthYoY" : 11.26,
    "grossProfitMargin" : 100.00,
    "grossProfit" : 4.15,
    "operatingProfitMargin" : 4.82,
    "operatingProfit" : 0.20,
    "netProfitMargin" : 7.71,
    "netProfit" : 0.32
  }, {
    "date" : "2025-03-31",
    "sales" : 5.69,
    "salesGrowthYoY" : 42.96,
    "grossProfitMargin" : 100.00,
    "grossProfit" : 5.69,
    "operatingProfitMargin" : 15.64,
    "operatingProfit" : 0.89,
    "netProfitMargin" : -1.58,
    "netProfit" : -0.09
  }, {
    "date" : "2025-06-30",
    "sales" : 5.46,
    "salesGrowthYoY" : 20.00,
    "grossProfitMargin" : 100.00,
    "grossProfit" : 5.46,
    "operatingProfitMargin" : 10.07,
    "operatingProfit" : 0.55,
    "netProfitMargin" : 2.20,
    "netProfit" : 0.12
  }, {
    "date" : "2025-09-30",
    "sales" : 6.43,
    "salesGrowthYoY" : 22.94,
    "grossProfitMargin" : 100.00,
    "grossProfit" : 6.43,
    "operatingProfitMargin" : 17.88,
    "operatingProfit" : 1.15,
    "netProfitMargin" : 10.58,
    "netProfit" : 0.68
  } ],
  "latestQuarterlyResult" : {
    "date" : "2025-09-30",
    "sales" : 6.43,
    "salesGrowthYoY" : 22.94,
    "grossProfitMargin" : 100.00,
    "grossProfit" : 6.43,
    "operatingProfitMargin" : 17.88,
    "operatingProfit" : 1.15,
    "netProfitMargin" : 10.58,
    "netProfit" : 0.68
  },
  "companyScore" : {
    "priceHigherThanDma50" : 5.00,
    "priceHigherThanDma100" : 5.00,
    "priceHigherThanDma200" : 5.00,
    "dma50HigherThanDma100" : 5.00,
    "dma50HigherThanDma200" : 5.00,
    "dma100HigherThanDma200" : 5.00,
    "pricePercentageAboveDma50" : 3.74,
    "pricePercentageAboveDma100" : 3.10,
    "pricePercentageAboveDma200" : 2.71,
    "weeklyVolumeHigherThanYearlyVolume" : 0.00,
    "salesGrowthPercentile" : 13.67,
    "operatingProfitMarginPercentile" : 17.35,
    "netProfitMarginPercentile" : 8.80,
    "totalTechnicalScore" : 39.56,
    "totalFundamentalScore" : 39.82,
    "totalScore" : 79.38
  }
}