{
  "metadata" : {
    "screenerCompanyId" : "915",
    "companyCode" : "504000",
    "companyName" : "Elpro Internatio",
    "screenerCompanyLink" : "https://www.screener.in/company/504000/consolidated/",
    "screenerTechnicalHistoryLink" : "https://www.screener.in/api/company/915/chart/?q=Price-DMA50-DMA200-Volume&days=365",
    "screenerQuarterlyResultsLink" : "https://www.screener.in/api/company/915/chart/?q=GPM-OPM-NPM-Quarter+Sales&days=10000",
    "attributes" : {
      "companyCode" : "504000",
      "companyName" : "Elpro Internatio",
      "marketCap" : 1480.00,
      "peRatio" : 7.93,
      "description" : "Elpro International Limited is engaged in manufacturing surge arresters, construction and development of real estate properties, equity investment in third parties and windmill operations. [1]"
    },
    "companyScore" : {
      "priceHigherThanDma50" : 5.00,
      "priceHigherThanDma100" : 5.00,
      "priceHigherThanDma200" : 5.00,
      "dma50HigherThanDma100" : 0.00,
      "dma50HigherThanDma200" : 0.00,
      "dma100HigherThanDma200" : 0.00,
      "pricePercentageAboveDma50" : 4.63,
      "pricePercentageAboveDma100" : 4.74,
      "pricePercentageAboveDma200" : 4.96,
      "weeklyVolumeHigherThanYearlyVolume" : 0.00,
      "salesGrowthPercentile" : 12.25,
      "operatingProfitMarginPercentile" : 15.56,
      "netProfitMarginPercentile" : 7.14,
      "totalTechnicalScore" : 29.32,
      "totalFundamentalScore" : 34.95,
      "totalScore" : 64.27
    }
  },
  "attributes" : {
    "companyCode" : "504000",
    "companyName" : "Elpro Internatio",
    "marketCap" : 1480.00,
    "peRatio" : 7.93,
    "description" : "Elpro International Limited is engaged in manufacturing surge arresters, construction and development of real estate properties, equity investment in third parties and windmill operations. [1]"
  },
  "technicalHistory" : [ {
    "date" : "2025-02-24",
    "price" : 69.80,
    "dma50" : 97.41,
    "dma100" : null,
    "dma200" : 103.28,
    "volume" : 64700.00
  }, {
    "date" : "2025-02-25",
    "price" : 69.39,
    "dma50" : 96.31,
    "dma100" : null,
    "dma200" : 102.94,
    "volume" : 308028.00
  }, {
    "date" : "2025-02-27",
    "price" : 71.64,
    "dma50" : 95.34,
    "dma100" : null,
    "dma200" : 102.63,
    "volume" : 330050.00
  }, {
    "date" : "2025-02-28",
    "price" : 74.35,
    "dma50" : 94.52,
    "dma100" : null,
    "dma200" : 102.35,
    "volume" : 284048.00
  }, {
    "date" : "2025-03-03",
    "price" : 73.63,
    "dma50" : 93.70,
    "dma100" : null,
    "dma200" : 102.07,
    "volume" : 232762.00
  }, {
    "date" : "2025-03-04",
    "price" : 72.65,
    "dma50" : 92.87,
    "dma100" : null,
    "dma200" : 101.77,
    "volume" : 153262.00
  }, {
    "date" : "2025-03-05",
    "price" : 71.27,
    "dma50" : 92.03,
    "dma100" : null,
    "dma200" : 101.47,
    "volume" : 343605.00
  }, {
    "date" : "2025-03-06",
    "price" : 70.65,
    "dma50" : 91.19,
    "dma100" : null,
    "dma200" : 101.16,
    "volume" : 364174.00
  }, {
    "date" : "2025-03-07",
    "price" : 70.75,
    "dma50" : 90.39,
    "dma100" : null,
    "dma200" : 100.86,
    "volume" : 331056.00
  }, {
    "date" : "2025-03-10",
    "price" : 70.87,
    "dma50" : 89.62,
    "dma100" : null,
    "dma200" : 100.56,
    "volume" : 457481.00
  }, {
    "date" : "2025-03-11",
    "price" : 70.32,
    "dma50" : 88.87,
    "dma100" : null,
    "dma200" : 100.26,
    "volume" : 451248.00
  }, {
    "date" : "2025-03-12",
    "price" : 70.69,
    "dma50" : 88.15,
    "dma100" : null,
    "dma200" : 99.97,
    "volume" : 342545.00
  }, {
    "date" : "2025-03-13",
    "price" : 70.17,
    "dma50" : 87.45,
    "dma100" : null,
    "dma200" : 99.67,
    "volume" : 269081.00
  }, {
    "date" : "2025-03-17",
    "price" : 69.48,
    "dma50" : 86.74,
    "dma100" : null,
    "dma200" : 99.37,
    "volume" : 108913.00
  }, {
    "date" : "2025-03-18",
    "price" : 70.52,
    "dma50" : 86.11,
    "dma100" : null,
    "dma200" : 99.08,
    "volume" : 226819.00
  }, {
    "date" : "2025-03-19",
    "price" : 72.84,
    "dma50" : 85.59,
    "dma100" : null,
    "dma200" : 98.82,
    "volume" : 612696.00
  }, {
    "date" : "2025-03-20",
    "price" : 72.33,
    "dma50" : 85.07,
    "dma100" : null,
    "dma200" : 98.56,
    "volume" : 114377.00
  }, {
    "date" : "2025-03-21",
    "price" : 72.46,
    "dma50" : 84.57,
    "dma100" : null,
    "dma200" : 98.30,
    "volume" : 465764.00
  }, {
    "date" : "2025-03-24",
    "price" : 74.11,
    "dma50" : 84.16,
    "dma100" : null,
    "dma200" : 98.06,
    "volume" : 443421.00
  }, {
    "date" : "2025-03-25",
    "price" : 72.90,
    "dma50" : 83.72,
    "dma100" : null,
    "dma200" : 97.81,
    "volume" : 129931.00
  }, {
    "date" : "2025-03-26",
    "price" : 73.52,
    "dma50" : 83.32,
    "dma100" : null,
    "dma200" : 97.57,
    "volume" : 95635.00
  }, {
    "date" : "2025-03-27",
    "price" : 70.90,
    "dma50" : 82.83,
    "dma100" : null,
    "dma200" : 97.30,
    "volume" : 109876.00
  }, {
    "date" : "2025-03-28",
    "price" : 70.35,
    "dma50" : 82.34,
    "dma100" : null,
    "dma200" : 97.03,
    "volume" : 80432.00
  }, {
    "date" : "2025-04-01",
    "price" : 72.04,
    "dma50" : 81.94,
    "dma100" : null,
    "dma200" : 96.78,
    "volume" : 47750.00
  }, {
    "date" : "2025-04-02",
    "price" : 74.54,
    "dma50" : 81.65,
    "dma100" : null,
    "dma200" : 96.56,
    "volume" : 76465.00
  }, {
    "date" : "2025-04-03",
    "price" : 81.27,
    "dma50" : 81.63,
    "dma100" : null,
    "dma200" : 96.41,
    "volume" : 372935.00
  }, {
    "date" : "2025-04-04",
    "price" : 80.04,
    "dma50" : 81.57,
    "dma100" : null,
    "dma200" : 96.25,
    "volume" : 96356.00
  }, {
    "date" : "2025-04-07",
    "price" : 74.57,
    "dma50" : 81.30,
    "dma100" : null,
    "dma200" : 96.03,
    "volume" : 232949.00
  }, {
    "date" : "2025-04-08",
    "price" : 78.23,
    "dma50" : 81.18,
    "dma100" : null,
    "dma200" : 95.85,
    "volume" : 56773.00
  }, {
    "date" : "2025-04-09",
    "price" : 76.97,
    "dma50" : 81.01,
    "dma100" : null,
    "dma200" : 95.67,
    "volume" : 35409.00
  }, {
    "date" : "2025-04-11",
    "price" : 78.72,
    "dma50" : 80.92,
    "dma100" : null,
    "dma200" : 95.50,
    "volume" : 36160.00
  }, {
    "date" : "2025-04-15",
    "price" : 80.03,
    "dma50" : 80.89,
    "dma100" : null,
    "dma200" : 95.34,
    "volume" : 59707.00
  }, {
    "date" : "2025-04-16",
    "price" : 84.86,
    "dma50" : 81.04,
    "dma100" : null,
    "dma200" : 95.24,
    "volume" : 66672.00
  }, {
    "date" : "2025-04-17",
    "price" : 87.60,
    "dma50" : 81.30,
    "dma100" : null,
    "dma200" : 95.16,
    "volume" : 61907.00
  }, {
    "date" : "2025-04-21",
    "price" : 87.03,
    "dma50" : 81.52,
    "dma100" : null,
    "dma200" : 95.08,
    "volume" : 67384.00
  }, {
    "date" : "2025-04-22",
    "price" : 85.92,
    "dma50" : 81.70,
    "dma100" : null,
    "dma200" : 94.99,
    "volume" : 91701.00
  }, {
    "date" : "2025-04-23",
    "price" : 86.57,
    "dma50" : 81.89,
    "dma100" : null,
    "dma200" : 94.91,
    "volume" : 31672.00
  }, {
    "date" : "2025-04-24",
    "price" : 86.62,
    "dma50" : 82.07,
    "dma100" : null,
    "dma200" : 94.82,
    "volume" : 27564.00
  }, {
    "date" : "2025-04-25",
    "price" : 85.17,
    "dma50" : 82.20,
    "dma100" : null,
    "dma200" : 94.73,
    "volume" : 71778.00
  }, {
    "date" : "2025-04-28",
    "price" : 84.37,
    "dma50" : 82.28,
    "dma100" : null,
    "dma200" : 94.63,
    "volume" : 21037.00
  }, {
    "date" : "2025-04-29",
    "price" : 82.25,
    "dma50" : 82.28,
    "dma100" : null,
    "dma200" : 94.50,
    "volume" : 27486.00
  }, {
    "date" : "2025-04-30",
    "price" : 80.08,
    "dma50" : 82.19,
    "dma100" : null,
    "dma200" : 94.36,
    "volume" : 22994.00
  }, {
    "date" : "2025-05-02",
    "price" : 79.40,
    "dma50" : 82.08,
    "dma100" : null,
    "dma200" : 94.21,
    "volume" : 26657.00
  }, {
    "date" : "2025-05-05",
    "price" : 80.32,
    "dma50" : 82.01,
    "dma100" : null,
    "dma200" : 94.07,
    "volume" : 38682.00
  }, {
    "date" : "2025-05-06",
    "price" : 74.46,
    "dma50" : 81.72,
    "dma100" : null,
    "dma200" : 93.88,
    "volume" : 54688.00
  }, {
    "date" : "2025-05-07",
    "price" : 75.02,
    "dma50" : 81.46,
    "dma100" : null,
    "dma200" : 93.69,
    "volume" : 61314.00
  }, {
    "date" : "2025-05-08",
    "price" : 75.90,
    "dma50" : 81.24,
    "dma100" : null,
    "dma200" : 93.51,
    "volume" : 39151.00
  }, {
    "date" : "2025-05-09",
    "price" : 72.77,
    "dma50" : 80.91,
    "dma100" : null,
    "dma200" : 93.31,
    "volume" : 60411.00
  }, {
    "date" : "2025-05-12",
    "price" : 78.59,
    "dma50" : 80.81,
    "dma100" : null,
    "dma200" : 93.16,
    "volume" : 50475.00
  }, {
    "date" : "2025-05-13",
    "price" : 82.10,
    "dma50" : 80.87,
    "dma100" : null,
    "dma200" : 93.05,
    "volume" : 53654.00
  }, {
    "date" : "2025-05-14",
    "price" : 84.77,
    "dma50" : 81.02,
    "dma100" : null,
    "dma200" : 92.97,
    "volume" : 28997.00
  }, {
    "date" : "2025-05-15",
    "price" : 87.33,
    "dma50" : 81.27,
    "dma100" : null,
    "dma200" : 92.91,
    "volume" : 53589.00
  }, {
    "date" : "2025-05-16",
    "price" : 84.87,
    "dma50" : 81.41,
    "dma100" : null,
    "dma200" : 92.83,
    "volume" : 131210.00
  }, {
    "date" : "2025-05-19",
    "price" : 90.12,
    "dma50" : 81.75,
    "dma100" : null,
    "dma200" : 92.80,
    "volume" : 358953.00
  }, {
    "date" : "2025-05-20",
    "price" : 89.28,
    "dma50" : 82.04,
    "dma100" : null,
    "dma200" : 92.77,
    "volume" : 57908.00
  }, {
    "date" : "2025-05-21",
    "price" : 89.28,
    "dma50" : 82.33,
    "dma100" : null,
    "dma200" : 92.73,
    "volume" : 46638.00
  }, {
    "date" : "2025-05-22",
    "price" : 88.86,
    "dma50" : 82.58,
    "dma100" : null,
    "dma200" : 92.70,
    "volume" : 19592.00
  }, {
    "date" : "2025-05-23",
    "price" : 88.93,
    "dma50" : 82.83,
    "dma100" : null,
    "dma200" : 92.66,
    "volume" : 64399.00
  }, {
    "date" : "2025-05-26",
    "price" : 92.84,
    "dma50" : 83.23,
    "dma100" : null,
    "dma200" : 92.66,
    "volume" : 112111.00
  }, {
    "date" : "2025-05-27",
    "price" : 92.25,
    "dma50" : 83.58,
    "dma100" : null,
    "dma200" : 92.66,
    "volume" : 72230.00
  }, {
    "date" : "2025-05-28",
    "price" : 90.91,
    "dma50" : 83.87,
    "dma100" : null,
    "dma200" : 92.64,
    "volume" : 59649.00
  }, {
    "date" : "2025-05-29",
    "price" : 92.07,
    "dma50" : 84.19,
    "dma100" : null,
    "dma200" : 92.63,
    "volume" : 92075.00
  }, {
    "date" : "2025-05-30",
    "price" : 90.84,
    "dma50" : 84.45,
    "dma100" : null,
    "dma200" : 92.62,
    "volume" : 80300.00
  }, {
    "date" : "2025-06-02",
    "price" : 89.51,
    "dma50" : 84.65,
    "dma100" : null,
    "dma200" : 92.58,
    "volume" : 99590.00
  }, {
    "date" : "2025-06-03",
    "price" : 93.34,
    "dma50" : 84.99,
    "dma100" : null,
    "dma200" : 92.59,
    "volume" : 334691.00
  }, {
    "date" : "2025-06-04",
    "price" : 93.53,
    "dma50" : 85.32,
    "dma100" : null,
    "dma200" : 92.60,
    "volume" : 344734.00
  }, {
    "date" : "2025-06-05",
    "price" : 93.10,
    "dma50" : 85.63,
    "dma100" : null,
    "dma200" : 92.61,
    "volume" : 92950.00
  }, {
    "date" : "2025-06-06",
    "price" : 92.89,
    "dma50" : 85.91,
    "dma100" : null,
    "dma200" : 92.61,
    "volume" : 92538.00
  }, {
    "date" : "2025-06-09",
    "price" : 93.48,
    "dma50" : 86.21,
    "dma100" : null,
    "dma200" : 92.62,
    "volume" : 127879.00
  }, {
    "date" : "2025-06-10",
    "price" : 94.07,
    "dma50" : 86.52,
    "dma100" : null,
    "dma200" : 92.63,
    "volume" : 86755.00
  }, {
    "date" : "2025-06-11",
    "price" : 94.04,
    "dma50" : 86.81,
    "dma100" : null,
    "dma200" : 92.65,
    "volume" : 102909.00
  }, {
    "date" : "2025-06-12",
    "price" : 93.90,
    "dma50" : 87.09,
    "dma100" : null,
    "dma200" : 92.66,
    "volume" : 103016.00
  }, {
    "date" : "2025-06-13",
    "price" : 93.58,
    "dma50" : 87.35,
    "dma100" : null,
    "dma200" : 92.67,
    "volume" : 72350.00
  }, {
    "date" : "2025-06-16",
    "price" : 94.27,
    "dma50" : 87.62,
    "dma100" : null,
    "dma200" : 92.68,
    "volume" : 96987.00
  }, {
    "date" : "2025-06-17",
    "price" : 93.29,
    "dma50" : 87.84,
    "dma100" : null,
    "dma200" : 92.69,
    "volume" : 12667.00
  }, {
    "date" : "2025-06-18",
    "price" : 95.60,
    "dma50" : 88.14,
    "dma100" : null,
    "dma200" : 92.72,
    "volume" : 86654.00
  }, {
    "date" : "2025-06-19",
    "price" : 97.15,
    "dma50" : 88.50,
    "dma100" : null,
    "dma200" : 92.76,
    "volume" : 144645.00
  }, {
    "date" : "2025-06-20",
    "price" : 103.70,
    "dma50" : 89.09,
    "dma100" : null,
    "dma200" : 92.87,
    "volume" : 166945.00
  }, {
    "date" : "2025-06-23",
    "price" : 109.36,
    "dma50" : 89.89,
    "dma100" : null,
    "dma200" : 93.04,
    "volume" : 145939.00
  }, {
    "date" : "2025-06-24",
    "price" : 109.35,
    "dma50" : 90.65,
    "dma100" : null,
    "dma200" : 93.20,
    "volume" : 380682.00
  }, {
    "date" : "2025-06-25",
    "price" : 113.82,
    "dma50" : 91.56,
    "dma100" : null,
    "dma200" : 93.40,
    "volume" : 182341.00
  }, {
    "date" : "2025-06-26",
    "price" : 109.96,
    "dma50" : 92.28,
    "dma100" : null,
    "dma200" : 93.57,
    "volume" : 81196.00
  }, {
    "date" : "2025-06-27",
    "price" : 110.42,
    "dma50" : 92.99,
    "dma100" : null,
    "dma200" : 93.74,
    "volume" : 30498.00
  }, {
    "date" : "2025-06-30",
    "price" : 111.01,
    "dma50" : 93.70,
    "dma100" : null,
    "dma200" : 93.91,
    "volume" : 33868.00
  }, {
    "date" : "2025-07-01",
    "price" : 109.45,
    "dma50" : 94.32,
    "dma100" : null,
    "dma200" : 94.06,
    "volume" : 30930.00
  }, {
    "date" : "2025-07-02",
    "price" : 107.80,
    "dma50" : 94.85,
    "dma100" : null,
    "dma200" : 94.20,
    "volume" : 29632.00
  }, {
    "date" : "2025-07-03",
    "price" : 105.65,
    "dma50" : 95.27,
    "dma100" : null,
    "dma200" : 94.31,
    "volume" : 37226.00
  }, {
    "date" : "2025-07-04",
    "price" : 106.10,
    "dma50" : 95.69,
    "dma100" : null,
    "dma200" : 94.43,
    "volume" : 41029.00
  }, {
    "date" : "2025-07-07",
    "price" : 104.35,
    "dma50" : 96.03,
    "dma100" : null,
    "dma200" : 94.53,
    "volume" : 24067.00
  }, {
    "date" : "2025-07-08",
    "price" : 103.40,
    "dma50" : 96.32,
    "dma100" : null,
    "dma200" : 94.62,
    "volume" : 32249.00
  }, {
    "date" : "2025-07-09",
    "price" : 103.00,
    "dma50" : 96.58,
    "dma100" : null,
    "dma200" : 94.70,
    "volume" : 25803.00
  }, {
    "date" : "2025-07-10",
    "price" : 103.00,
    "dma50" : 96.84,
    "dma100" : null,
    "dma200" : 94.78,
    "volume" : 23767.00
  }, {
    "date" : "2025-07-11",
    "price" : 102.20,
    "dma50" : 97.05,
    "dma100" : null,
    "dma200" : 94.86,
    "volume" : 36319.00
  }, {
    "date" : "2025-07-14",
    "price" : 102.40,
    "dma50" : 97.26,
    "dma100" : null,
    "dma200" : 94.93,
    "volume" : 226031.00
  }, {
    "date" : "2025-07-15",
    "price" : 103.20,
    "dma50" : 97.49,
    "dma100" : null,
    "dma200" : 95.01,
    "volume" : 60875.00
  }, {
    "date" : "2025-07-16",
    "price" : 101.90,
    "dma50" : 97.66,
    "dma100" : null,
    "dma200" : 95.08,
    "volume" : 42503.00
  }, {
    "date" : "2025-07-17",
    "price" : 101.90,
    "dma50" : 97.83,
    "dma100" : null,
    "dma200" : 95.15,
    "volume" : 37339.00
  }, {
    "date" : "2025-07-18",
    "price" : 100.80,
    "dma50" : 97.95,
    "dma100" : null,
    "dma200" : 95.21,
    "volume" : 40119.00
  }, {
    "date" : "2025-07-21",
    "price" : 99.40,
    "dma50" : 98.00,
    "dma100" : null,
    "dma200" : 95.25,
    "volume" : 45742.00
  }, {
    "date" : "2025-07-22",
    "price" : 96.05,
    "dma50" : 97.93,
    "dma100" : null,
    "dma200" : 95.26,
    "volume" : 69941.00
  }, {
    "date" : "2025-07-23",
    "price" : 95.70,
    "dma50" : 97.84,
    "dma100" : 87.29,
    "dma200" : 95.26,
    "volume" : 31566.00
  }, {
    "date" : "2025-07-24",
    "price" : 97.80,
    "dma50" : 97.84,
    "dma100" : 87.58,
    "dma200" : 95.29,
    "volume" : 60601.00
  }, {
    "date" : "2025-07-25",
    "price" : 98.30,
    "dma50" : 97.85,
    "dma100" : 87.84,
    "dma200" : 95.32,
    "volume" : 45293.00
  }, {
    "date" : "2025-07-28",
    "price" : 95.75,
    "dma50" : 97.77,
    "dma100" : 88.06,
    "dma200" : 95.32,
    "volume" : 44755.00
  }, {
    "date" : "2025-07-29",
    "price" : 95.55,
    "dma50" : 97.69,
    "dma100" : 88.28,
    "dma200" : 95.32,
    "volume" : 34268.00
  }, {
    "date" : "2025-07-30",
    "price" : 98.10,
    "dma50" : 97.70,
    "dma100" : 88.53,
    "dma200" : 95.35,
    "volume" : 54912.00
  }, {
    "date" : "2025-07-31",
    "price" : 96.55,
    "dma50" : 97.66,
    "dma100" : 88.78,
    "dma200" : 95.36,
    "volume" : 46661.00
  }, {
    "date" : "2025-08-01",
    "price" : 94.27,
    "dma50" : 97.52,
    "dma100" : 89.02,
    "dma200" : 95.35,
    "volume" : 18205.00
  }, {
    "date" : "2025-08-04",
    "price" : 93.90,
    "dma50" : 97.38,
    "dma100" : 89.25,
    "dma200" : 95.34,
    "volume" : 29230.00
  }, {
    "date" : "2025-08-05",
    "price" : 92.66,
    "dma50" : 97.20,
    "dma100" : 89.47,
    "dma200" : 95.31,
    "volume" : 21705.00
  }, {
    "date" : "2025-08-06",
    "price" : 90.18,
    "dma50" : 96.92,
    "dma100" : 89.67,
    "dma200" : 95.26,
    "volume" : 37235.00
  }, {
    "date" : "2025-08-07",
    "price" : 89.45,
    "dma50" : 96.63,
    "dma100" : 89.86,
    "dma200" : 95.20,
    "volume" : 40673.00
  }, {
    "date" : "2025-08-08",
    "price" : 87.50,
    "dma50" : 96.27,
    "dma100" : 90.03,
    "dma200" : 95.12,
    "volume" : 12361.00
  }, {
    "date" : "2025-08-11",
    "price" : 87.59,
    "dma50" : 95.93,
    "dma100" : 90.21,
    "dma200" : 95.05,
    "volume" : 232796.00
  }, {
    "date" : "2025-08-12",
    "price" : 87.74,
    "dma50" : 95.61,
    "dma100" : 90.38,
    "dma200" : 94.98,
    "volume" : 38693.00
  }, {
    "date" : "2025-08-13",
    "price" : 87.92,
    "dma50" : 95.31,
    "dma100" : 90.53,
    "dma200" : 94.91,
    "volume" : 23387.00
  }, {
    "date" : "2025-08-14",
    "price" : 89.45,
    "dma50" : 95.08,
    "dma100" : 90.70,
    "dma200" : 94.85,
    "volume" : 166013.00
  }, {
    "date" : "2025-08-18",
    "price" : 92.31,
    "dma50" : 94.97,
    "dma100" : 90.90,
    "dma200" : 94.83,
    "volume" : 71418.00
  }, {
    "date" : "2025-08-19",
    "price" : 91.90,
    "dma50" : 94.85,
    "dma100" : 91.08,
    "dma200" : 94.80,
    "volume" : 31738.00
  }, {
    "date" : "2025-08-20",
    "price" : 90.03,
    "dma50" : 94.66,
    "dma100" : 91.25,
    "dma200" : 94.75,
    "volume" : 57945.00
  }, {
    "date" : "2025-08-21",
    "price" : 88.80,
    "dma50" : 94.43,
    "dma100" : 91.40,
    "dma200" : 94.69,
    "volume" : 58822.00
  }, {
    "date" : "2025-08-22",
    "price" : 87.00,
    "dma50" : 94.14,
    "dma100" : 91.57,
    "dma200" : 94.61,
    "volume" : 47359.00
  }, {
    "date" : "2025-08-25",
    "price" : 86.64,
    "dma50" : 93.84,
    "dma100" : 91.73,
    "dma200" : 94.54,
    "volume" : 51475.00
  }, {
    "date" : "2025-08-26",
    "price" : 85.07,
    "dma50" : 93.50,
    "dma100" : 91.86,
    "dma200" : 94.44,
    "volume" : 33969.00
  }, {
    "date" : "2025-08-28",
    "price" : 84.26,
    "dma50" : 93.14,
    "dma100" : 91.96,
    "dma200" : 94.34,
    "volume" : 45961.00
  }, {
    "date" : "2025-08-29",
    "price" : 83.59,
    "dma50" : 92.76,
    "dma100" : 91.98,
    "dma200" : 94.23,
    "volume" : 50640.00
  }, {
    "date" : "2025-09-01",
    "price" : 86.21,
    "dma50" : 92.51,
    "dma100" : 92.04,
    "dma200" : 94.15,
    "volume" : 58419.00
  }, {
    "date" : "2025-09-02",
    "price" : 88.22,
    "dma50" : 92.34,
    "dma100" : 92.18,
    "dma200" : 94.09,
    "volume" : 91197.00
  }, {
    "date" : "2025-09-03",
    "price" : 93.90,
    "dma50" : 92.40,
    "dma100" : 92.33,
    "dma200" : 94.09,
    "volume" : 470429.00
  }, {
    "date" : "2025-09-04",
    "price" : 99.60,
    "dma50" : 92.68,
    "dma100" : 92.56,
    "dma200" : 94.15,
    "volume" : 214491.00
  }, {
    "date" : "2025-09-05",
    "price" : 98.72,
    "dma50" : 92.92,
    "dma100" : 92.76,
    "dma200" : 94.19,
    "volume" : 229360.00
  }, {
    "date" : "2025-09-08",
    "price" : 97.23,
    "dma50" : 93.09,
    "dma100" : 92.93,
    "dma200" : 94.22,
    "volume" : 77376.00
  }, {
    "date" : "2025-09-09",
    "price" : 95.07,
    "dma50" : 93.17,
    "dma100" : 93.03,
    "dma200" : 94.23,
    "volume" : 63010.00
  }, {
    "date" : "2025-09-10",
    "price" : 93.35,
    "dma50" : 93.17,
    "dma100" : 93.09,
    "dma200" : 94.22,
    "volume" : 52150.00
  }, {
    "date" : "2025-09-11",
    "price" : 92.50,
    "dma50" : 93.15,
    "dma100" : 93.15,
    "dma200" : 94.21,
    "volume" : 49354.00
  }, {
    "date" : "2025-09-12",
    "price" : 91.97,
    "dma50" : 93.10,
    "dma100" : 93.21,
    "dma200" : 94.18,
    "volume" : 101414.00
  }, {
    "date" : "2025-09-15",
    "price" : 92.36,
    "dma50" : 93.07,
    "dma100" : 93.27,
    "dma200" : 94.16,
    "volume" : 76207.00
  }, {
    "date" : "2025-09-16",
    "price" : 92.01,
    "dma50" : 93.03,
    "dma100" : 93.32,
    "dma200" : 94.14,
    "volume" : 30761.00
  }, {
    "date" : "2025-09-17",
    "price" : 93.10,
    "dma50" : 93.03,
    "dma100" : 93.40,
    "dma200" : 94.13,
    "volume" : 47193.00
  }, {
    "date" : "2025-09-18",
    "price" : 92.71,
    "dma50" : 93.02,
    "dma100" : 93.48,
    "dma200" : 94.12,
    "volume" : 24740.00
  }, {
    "date" : "2025-09-19",
    "price" : 92.49,
    "dma50" : 93.00,
    "dma100" : 93.58,
    "dma200" : 94.10,
    "volume" : 68511.00
  }, {
    "date" : "2025-09-22",
    "price" : 92.98,
    "dma50" : 93.00,
    "dma100" : 93.71,
    "dma200" : 94.09,
    "volume" : 32222.00
  }, {
    "date" : "2025-09-23",
    "price" : 92.07,
    "dma50" : 92.96,
    "dma100" : 93.84,
    "dma200" : 94.07,
    "volume" : 27367.00
  }, {
    "date" : "2025-09-24",
    "price" : 90.35,
    "dma50" : 92.86,
    "dma100" : 93.94,
    "dma200" : 94.03,
    "volume" : 78845.00
  }, {
    "date" : "2025-09-25",
    "price" : 88.81,
    "dma50" : 92.70,
    "dma100" : 94.08,
    "dma200" : 93.98,
    "volume" : 55192.00
  }, {
    "date" : "2025-09-26",
    "price" : 87.02,
    "dma50" : 92.48,
    "dma100" : 94.20,
    "dma200" : 93.91,
    "volume" : 43551.00
  }, {
    "date" : "2025-09-29",
    "price" : 87.34,
    "dma50" : 92.28,
    "dma100" : 94.32,
    "dma200" : 93.85,
    "volume" : 22286.00
  }, {
    "date" : "2025-09-30",
    "price" : 87.33,
    "dma50" : 92.08,
    "dma100" : 94.46,
    "dma200" : 93.78,
    "volume" : 49896.00
  }, {
    "date" : "2025-10-01",
    "price" : 88.22,
    "dma50" : 91.93,
    "dma100" : 94.56,
    "dma200" : 93.73,
    "volume" : 38108.00
  }, {
    "date" : "2025-10-03",
    "price" : 88.03,
    "dma50" : 91.78,
    "dma100" : 94.62,
    "dma200" : 93.67,
    "volume" : 77241.00
  }, {
    "date" : "2025-10-06",
    "price" : 87.54,
    "dma50" : 91.61,
    "dma100" : 94.65,
    "dma200" : 93.61,
    "volume" : 44600.00
  }, {
    "date" : "2025-10-07",
    "price" : 86.80,
    "dma50" : 91.42,
    "dma100" : 94.64,
    "dma200" : 93.54,
    "volume" : 37606.00
  }, {
    "date" : "2025-10-08",
    "price" : 86.80,
    "dma50" : 91.24,
    "dma100" : 94.66,
    "dma200" : 93.48,
    "volume" : 32199.00
  }, {
    "date" : "2025-10-09",
    "price" : 87.40,
    "dma50" : 91.09,
    "dma100" : 94.63,
    "dma200" : 93.41,
    "volume" : 301844.00
  }, {
    "date" : "2025-10-10",
    "price" : 87.11,
    "dma50" : 90.93,
    "dma100" : 94.61,
    "dma200" : 93.35,
    "volume" : 30912.00
  }, {
    "date" : "2025-10-13",
    "price" : 85.97,
    "dma50" : 90.74,
    "dma100" : 94.58,
    "dma200" : 93.28,
    "volume" : 32071.00
  }, {
    "date" : "2025-10-14",
    "price" : 85.64,
    "dma50" : 90.54,
    "dma100" : 94.55,
    "dma200" : 93.20,
    "volume" : 25950.00
  }, {
    "date" : "2025-10-15",
    "price" : 85.63,
    "dma50" : 90.35,
    "dma100" : 94.51,
    "dma200" : 93.13,
    "volume" : 44876.00
  }, {
    "date" : "2025-10-16",
    "price" : 87.23,
    "dma50" : 90.23,
    "dma100" : 94.46,
    "dma200" : 93.07,
    "volume" : 72999.00
  }, {
    "date" : "2025-10-17",
    "price" : 85.89,
    "dma50" : 90.06,
    "dma100" : 94.39,
    "dma200" : 93.00,
    "volume" : 52599.00
  }, {
    "date" : "2025-10-20",
    "price" : 85.59,
    "dma50" : 89.88,
    "dma100" : 94.34,
    "dma200" : 92.92,
    "volume" : 22671.00
  }, {
    "date" : "2025-10-21",
    "price" : 86.77,
    "dma50" : 89.76,
    "dma100" : 94.29,
    "dma200" : 92.86,
    "volume" : 13799.00
  }, {
    "date" : "2025-10-23",
    "price" : 87.15,
    "dma50" : 89.66,
    "dma100" : 94.25,
    "dma200" : 92.81,
    "volume" : 45208.00
  }, {
    "date" : "2025-10-24",
    "price" : 86.51,
    "dma50" : 89.53,
    "dma100" : 94.22,
    "dma200" : 92.74,
    "volume" : 40074.00
  }, {
    "date" : "2025-10-27",
    "price" : 86.36,
    "dma50" : 89.41,
    "dma100" : 94.15,
    "dma200" : 92.68,
    "volume" : 46837.00
  }, {
    "date" : "2025-10-28",
    "price" : 86.38,
    "dma50" : 89.29,
    "dma100" : 94.08,
    "dma200" : 92.62,
    "volume" : 34530.00
  }, {
    "date" : "2025-10-29",
    "price" : 86.95,
    "dma50" : 89.20,
    "dma100" : 94.02,
    "dma200" : 92.56,
    "volume" : 22313.00
  }, {
    "date" : "2025-10-30",
    "price" : 86.10,
    "dma50" : 89.08,
    "dma100" : 93.95,
    "dma200" : 92.50,
    "volume" : 35974.00
  }, {
    "date" : "2025-10-31",
    "price" : 85.42,
    "dma50" : 88.93,
    "dma100" : 93.87,
    "dma200" : 92.43,
    "volume" : 19908.00
  }, {
    "date" : "2025-11-03",
    "price" : 85.47,
    "dma50" : 88.80,
    "dma100" : 93.78,
    "dma200" : 92.36,
    "volume" : 30708.00
  }, {
    "date" : "2025-11-04",
    "price" : 85.77,
    "dma50" : 88.68,
    "dma100" : 93.70,
    "dma200" : 92.29,
    "volume" : 17557.00
  }, {
    "date" : "2025-11-06",
    "price" : 85.51,
    "dma50" : 88.55,
    "dma100" : 93.62,
    "dma200" : 92.22,
    "volume" : 31655.00
  }, {
    "date" : "2025-11-07",
    "price" : 85.91,
    "dma50" : 88.45,
    "dma100" : 93.54,
    "dma200" : 92.16,
    "volume" : 9481.00
  }, {
    "date" : "2025-11-10",
    "price" : 85.33,
    "dma50" : 88.33,
    "dma100" : 93.45,
    "dma200" : 92.09,
    "volume" : 16039.00
  }, {
    "date" : "2025-11-11",
    "price" : 86.22,
    "dma50" : 88.25,
    "dma100" : 93.38,
    "dma200" : 92.03,
    "volume" : 22004.00
  }, {
    "date" : "2025-11-12",
    "price" : 89.25,
    "dma50" : 88.28,
    "dma100" : 93.32,
    "dma200" : 92.01,
    "volume" : 39976.00
  }, {
    "date" : "2025-11-13",
    "price" : 87.83,
    "dma50" : 88.27,
    "dma100" : 93.22,
    "dma200" : 91.96,
    "volume" : 55766.00
  }, {
    "date" : "2025-11-14",
    "price" : 88.40,
    "dma50" : 88.27,
    "dma100" : 93.07,
    "dma200" : 91.93,
    "volume" : 17427.00
  }, {
    "date" : "2025-11-17",
    "price" : 84.86,
    "dma50" : 88.14,
    "dma100" : 92.83,
    "dma200" : 91.86,
    "volume" : 58089.00
  }, {
    "date" : "2025-11-18",
    "price" : 84.26,
    "dma50" : 87.99,
    "dma100" : 92.57,
    "dma200" : 91.78,
    "volume" : 23647.00
  }, {
    "date" : "2025-11-19",
    "price" : 82.83,
    "dma50" : 87.78,
    "dma100" : 92.26,
    "dma200" : 91.69,
    "volume" : 26052.00
  }, {
    "date" : "2025-11-20",
    "price" : 82.09,
    "dma50" : 87.56,
    "dma100" : 91.99,
    "dma200" : 91.60,
    "volume" : 30087.00
  }, {
    "date" : "2025-11-21",
    "price" : 82.46,
    "dma50" : 87.36,
    "dma100" : 91.71,
    "dma200" : 91.51,
    "volume" : 20203.00
  }, {
    "date" : "2025-11-24",
    "price" : 80.38,
    "dma50" : 87.09,
    "dma100" : 91.40,
    "dma200" : 91.40,
    "volume" : 39245.00
  }, {
    "date" : "2025-11-25",
    "price" : 79.39,
    "dma50" : 86.79,
    "dma100" : 91.10,
    "dma200" : 91.28,
    "volume" : 21623.00
  }, {
    "date" : "2025-11-26",
    "price" : 80.18,
    "dma50" : 86.53,
    "dma100" : 90.82,
    "dma200" : 91.17,
    "volume" : 31628.00
  }, {
    "date" : "2025-11-27",
    "price" : 80.08,
    "dma50" : 86.27,
    "dma100" : 90.57,
    "dma200" : 91.06,
    "volume" : 9906.00
  }, {
    "date" : "2025-11-28",
    "price" : 81.91,
    "dma50" : 86.10,
    "dma100" : 90.33,
    "dma200" : 90.97,
    "volume" : 17902.00
  }, {
    "date" : "2025-12-01",
    "price" : 82.79,
    "dma50" : 85.97,
    "dma100" : 90.11,
    "dma200" : 90.88,
    "volume" : 8667.00
  }, {
    "date" : "2025-12-02",
    "price" : 81.14,
    "dma50" : 85.78,
    "dma100" : 89.89,
    "dma200" : 90.79,
    "volume" : 15370.00
  }, {
    "date" : "2025-12-03",
    "price" : 80.31,
    "dma50" : 85.57,
    "dma100" : 89.66,
    "dma200" : 90.68,
    "volume" : 32445.00
  }, {
    "date" : "2025-12-04",
    "price" : 80.13,
    "dma50" : 85.35,
    "dma100" : 89.43,
    "dma200" : 90.58,
    "volume" : 26327.00
  }, {
    "date" : "2025-12-05",
    "price" : 80.77,
    "dma50" : 85.18,
    "dma100" : 89.22,
    "dma200" : 90.48,
    "volume" : 18802.00
  }, {
    "date" : "2025-12-08",
    "price" : 80.45,
    "dma50" : 84.99,
    "dma100" : 89.00,
    "dma200" : 90.38,
    "volume" : 29709.00
  }, {
    "date" : "2025-12-09",
    "price" : 80.56,
    "dma50" : 84.82,
    "dma100" : 88.77,
    "dma200" : 90.28,
    "volume" : 33413.00
  }, {
    "date" : "2025-12-10",
    "price" : 79.67,
    "dma50" : 84.61,
    "dma100" : 88.55,
    "dma200" : 90.18,
    "volume" : 64573.00
  }, {
    "date" : "2025-12-11",
    "price" : 81.47,
    "dma50" : 84.49,
    "dma100" : 88.35,
    "dma200" : 90.09,
    "volume" : 256971.00
  }, {
    "date" : "2025-12-12",
    "price" : 81.24,
    "dma50" : 84.36,
    "dma100" : 88.15,
    "dma200" : 90.00,
    "volume" : 167920.00
  }, {
    "date" : "2025-12-15",
    "price" : 81.01,
    "dma50" : 84.23,
    "dma100" : 87.97,
    "dma200" : 89.91,
    "volume" : 302865.00
  }, {
    "date" : "2025-12-16",
    "price" : 80.85,
    "dma50" : 84.10,
    "dma100" : 87.81,
    "dma200" : 89.82,
    "volume" : 34348.00
  }, {
    "date" : "2025-12-17",
    "price" : 82.37,
    "dma50" : 84.03,
    "dma100" : 87.68,
    "dma200" : 89.75,
    "volume" : 342237.00
  }, {
    "date" : "2025-12-18",
    "price" : 82.34,
    "dma50" : 83.97,
    "dma100" : 87.53,
    "dma200" : 89.68,
    "volume" : 105720.00
  }, {
    "date" : "2025-12-19",
    "price" : 83.08,
    "dma50" : 83.93,
    "dma100" : 87.37,
    "dma200" : 89.61,
    "volume" : 218727.00
  }, {
    "date" : "2025-12-22",
    "price" : 84.01,
    "dma50" : 83.93,
    "dma100" : 87.26,
    "dma200" : 89.55,
    "volume" : 172820.00
  }, {
    "date" : "2025-12-23",
    "price" : 85.35,
    "dma50" : 83.99,
    "dma100" : 87.15,
    "dma200" : 89.51,
    "volume" : 22698.00
  }, {
    "date" : "2025-12-24",
    "price" : 86.83,
    "dma50" : 84.10,
    "dma100" : 87.04,
    "dma200" : 89.49,
    "volume" : 34021.00
  }, {
    "date" : "2025-12-26",
    "price" : 85.88,
    "dma50" : 84.17,
    "dma100" : 86.93,
    "dma200" : 89.45,
    "volume" : 52856.00
  }, {
    "date" : "2025-12-29",
    "price" : 85.95,
    "dma50" : 84.24,
    "dma100" : 86.85,
    "dma200" : 89.41,
    "volume" : 28479.00
  }, {
    "date" : "2025-12-30",
    "price" : 85.83,
    "dma50" : 84.30,
    "dma100" : 86.77,
    "dma200" : 89.38,
    "volume" : 35805.00
  }, {
    "date" : "2025-12-31",
    "price" : 84.99,
    "dma50" : 84.33,
    "dma100" : 86.69,
    "dma200" : 89.34,
    "volume" : 92777.00
  }, {
    "date" : "2026-01-01",
    "price" : 85.13,
    "dma50" : 84.36,
    "dma100" : 86.64,
    "dma200" : 89.29,
    "volume" : 6301.00
  }, {
    "date" : "2026-01-02",
    "price" : 84.29,
    "dma50" : 84.36,
    "dma100" : 86.59,
    "dma200" : 89.24,
    "volume" : 66795.00
  }, {
    "date" : "2026-01-05",
    "price" : 83.83,
    "dma50" : 84.34,
    "dma100" : 86.56,
    "dma200" : 89.19,
    "volume" : 69298.00
  }, {
    "date" : "2026-01-06",
    "price" : 84.13,
    "dma50" : 84.33,
    "dma100" : 86.52,
    "dma200" : 89.14,
    "volume" : 69435.00
  }, {
    "date" : "2026-01-07",
    "price" : 83.70,
    "dma50" : 84.30,
    "dma100" : 86.48,
    "dma200" : 89.09,
    "volume" : 55987.00
  }, {
    "date" : "2026-01-08",
    "price" : 83.53,
    "dma50" : 84.27,
    "dma100" : 86.44,
    "dma200" : 89.03,
    "volume" : 46737.00
  }, {
    "date" : "2026-01-09",
    "price" : 82.68,
    "dma50" : 84.21,
    "dma100" : 86.37,
    "dma200" : 88.97,
    "volume" : 66171.00
  }, {
    "date" : "2026-01-12",
    "price" : 80.60,
    "dma50" : 84.07,
    "dma100" : 86.25,
    "dma200" : 88.88,
    "volume" : 48292.00
  }, {
    "date" : "2026-01-13",
    "price" : 80.71,
    "dma50" : 83.94,
    "dma100" : 86.14,
    "dma200" : 88.80,
    "volume" : 70948.00
  }, {
    "date" : "2026-01-14",
    "price" : 77.56,
    "dma50" : 83.69,
    "dma100" : 86.01,
    "dma200" : 88.69,
    "volume" : 69622.00
  }, {
    "date" : "2026-01-16",
    "price" : 79.60,
    "dma50" : 83.53,
    "dma100" : 85.92,
    "dma200" : 88.60,
    "volume" : 60701.00
  }, {
    "date" : "2026-01-19",
    "price" : 80.00,
    "dma50" : 83.39,
    "dma100" : 85.85,
    "dma200" : 88.51,
    "volume" : 62293.00
  }, {
    "date" : "2026-01-20",
    "price" : 79.86,
    "dma50" : 83.25,
    "dma100" : 85.79,
    "dma200" : 88.43,
    "volume" : 121311.00
  }, {
    "date" : "2026-01-21",
    "price" : 79.17,
    "dma50" : 83.09,
    "dma100" : 85.73,
    "dma200" : 88.34,
    "volume" : 31224.00
  }, {
    "date" : "2026-01-22",
    "price" : 79.01,
    "dma50" : 82.93,
    "dma100" : 85.67,
    "dma200" : 88.24,
    "volume" : 33165.00
  }, {
    "date" : "2026-01-23",
    "price" : 76.93,
    "dma50" : 82.70,
    "dma100" : 85.61,
    "dma200" : 88.13,
    "volume" : 23901.00
  }, {
    "date" : "2026-01-27",
    "price" : 77.11,
    "dma50" : 82.48,
    "dma100" : 85.52,
    "dma200" : 88.02,
    "volume" : 85828.00
  }, {
    "date" : "2026-01-28",
    "price" : 77.42,
    "dma50" : 82.28,
    "dma100" : 85.41,
    "dma200" : 87.92,
    "volume" : 25601.00
  }, {
    "date" : "2026-01-29",
    "price" : 76.76,
    "dma50" : 82.06,
    "dma100" : 85.24,
    "dma200" : 87.80,
    "volume" : 17239.00
  }, {
    "date" : "2026-01-30",
    "price" : 76.12,
    "dma50" : 81.83,
    "dma100" : 85.00,
    "dma200" : 87.69,
    "volume" : 22615.00
  }, {
    "date" : "2026-02-01",
    "price" : 76.78,
    "dma50" : 81.63,
    "dma100" : 84.78,
    "dma200" : 87.58,
    "volume" : 4089.00
  }, {
    "date" : "2026-02-02",
    "price" : 75.03,
    "dma50" : 81.37,
    "dma100" : 84.56,
    "dma200" : 87.45,
    "volume" : 24903.00
  }, {
    "date" : "2026-02-03",
    "price" : 75.71,
    "dma50" : 81.15,
    "dma100" : 84.37,
    "dma200" : 87.34,
    "volume" : 24618.00
  }, {
    "date" : "2026-02-04",
    "price" : 76.50,
    "dma50" : 80.97,
    "dma100" : 84.20,
    "dma200" : 87.23,
    "volume" : 15661.00
  }, {
    "date" : "2026-02-05",
    "price" : 76.06,
    "dma50" : 80.78,
    "dma100" : 84.03,
    "dma200" : 87.12,
    "volume" : 16484.00
  }, {
    "date" : "2026-02-06",
    "price" : 75.40,
    "dma50" : 80.56,
    "dma100" : 83.87,
    "dma200" : 87.00,
    "volume" : 25766.00
  }, {
    "date" : "2026-02-09",
    "price" : 76.06,
    "dma50" : 80.39,
    "dma100" : 83.71,
    "dma200" : 86.89,
    "volume" : 20197.00
  }, {
    "date" : "2026-02-10",
    "price" : 79.49,
    "dma50" : 80.35,
    "dma100" : 83.58,
    "dma200" : 86.82,
    "volume" : 35404.00
  }, {
    "date" : "2026-02-11",
    "price" : 77.15,
    "dma50" : 80.23,
    "dma100" : 83.42,
    "dma200" : 86.72,
    "volume" : 20926.00
  }, {
    "date" : "2026-02-12",
    "price" : 78.68,
    "dma50" : 80.17,
    "dma100" : 83.28,
    "dma200" : 86.64,
    "volume" : 16272.00
  }, {
    "date" : "2026-02-13",
    "price" : 83.07,
    "dma50" : 80.28,
    "dma100" : 83.19,
    "dma200" : 86.61,
    "volume" : 116137.00
  }, {
    "date" : "2026-02-16",
    "price" : 84.21,
    "dma50" : 80.43,
    "dma100" : 83.10,
    "dma200" : 86.58,
    "volume" : 67309.00
  }, {
    "date" : "2026-02-17",
    "price" : 85.18,
    "dma50" : 80.62,
    "dma100" : 83.03,
    "dma200" : 86.57,
    "volume" : 36701.00
  }, {
    "date" : "2026-02-18",
    "price" : 85.80,
    "dma50" : 80.82,
    "dma100" : 82.98,
    "dma200" : 86.56,
    "volume" : 24928.00
  }, {
    "date" : "2026-02-19",
    "price" : 86.29,
    "dma50" : 81.04,
    "dma100" : 82.96,
    "dma200" : 86.56,
    "volume" : 31075.00
  }, {
    "date" : "2026-02-20",
    "price" : 87.32,
    "dma50" : 81.28,
    "dma100" : 82.96,
    "dma200" : 86.57,
    "volume" : 72628.00
  } ],
  "latestTechnicalAttributes" : {
    "date" : "2026-02-20",
    "price" : 87.32,
    "dma50" : 81.28,
    "dma100" : 82.96,
    "dma200" : 86.57,
    "volume" : 72628.00
  },
  "quarterlyResults" : [ {
    "date" : "2005-03-31",
    "sales" : 22.27,
    "salesGrowthYoY" : null,
    "grossProfitMargin" : 40.82,
    "grossProfit" : 9.09,
    "operatingProfitMargin" : 14.05,
    "operatingProfit" : 3.13,
    "netProfitMargin" : 9.56,
    "netProfit" : 2.13
  }, {
    "date" : "2005-06-30",
    "sales" : 8.99,
    "salesGrowthYoY" : null,
    "grossProfitMargin" : 37.37,
    "grossProfit" : 3.36,
    "operatingProfitMargin" : -1.89,
    "operatingProfit" : -0.17,
    "netProfitMargin" : -3.67,
    "netProfit" : -0.33
  }, {
    "date" : "2005-09-30",
    "sales" : 15.09,
    "salesGrowthYoY" : null,
    "grossProfitMargin" : 42.48,
    "grossProfit" : 6.41,
    "operatingProfitMargin" : 7.95,
    "operatingProfit" : 1.20,
    "netProfitMargin" : 3.25,
    "netProfit" : 0.49
  }, {
    "date" : "2005-12-31",
    "sales" : 11.05,
    "salesGrowthYoY" : null,
    "grossProfitMargin" : 44.52,
    "grossProfit" : 4.92,
    "operatingProfitMargin" : 9.77,
    "operatingProfit" : 1.08,
    "netProfitMargin" : -0.72,
    "netProfit" : -0.08
  }, {
    "date" : "2006-03-31",
    "sales" : 23.39,
    "salesGrowthYoY" : 5.03,
    "grossProfitMargin" : 36.30,
    "grossProfit" : 8.49,
    "operatingProfitMargin" : 13.60,
    "operatingProfit" : 3.18,
    "netProfitMargin" : 12.70,
    "netProfit" : 2.97
  }, {
    "date" : "2006-06-30",
    "sales" : 6.25,
    "salesGrowthYoY" : -30.48,
    "grossProfitMargin" : 44.16,
    "grossProfit" : 2.76,
    "operatingProfitMargin" : -8.48,
    "operatingProfit" : -0.53,
    "netProfitMargin" : -33.28,
    "netProfit" : -2.08
  }, {
    "date" : "2006-09-30",
    "sales" : 7.37,
    "salesGrowthYoY" : -51.16,
    "grossProfitMargin" : 42.47,
    "grossProfit" : 3.13,
    "operatingProfitMargin" : 4.88,
    "operatingProfit" : 0.36,
    "netProfitMargin" : -11.26,
    "netProfit" : -0.83
  }, {
    "date" : "2006-12-31",
    "sales" : 7.51,
    "salesGrowthYoY" : -32.04,
    "grossProfitMargin" : 53.13,
    "grossProfit" : 3.99,
    "operatingProfitMargin" : 13.72,
    "operatingProfit" : 1.03,
    "netProfitMargin" : -4.93,
    "netProfit" : -0.37
  }, {
    "date" : "2007-03-31",
    "sales" : 11.37,
    "salesGrowthYoY" : -51.39,
    "grossProfitMargin" : 40.28,
    "grossProfit" : 4.58,
    "operatingProfitMargin" : 8.71,
    "operatingProfit" : 0.99,
    "netProfitMargin" : -31.93,
    "netProfit" : -3.63
  }, {
    "date" : "2007-06-30",
    "sales" : 8.33,
    "salesGrowthYoY" : 33.28,
    "grossProfitMargin" : 40.94,
    "grossProfit" : 3.41,
    "operatingProfitMargin" : 9.36,
    "operatingProfit" : 0.78,
    "netProfitMargin" : -16.33,
    "netProfit" : -1.36
  }, {
    "date" : "2007-09-30",
    "sales" : 7.56,
    "salesGrowthYoY" : 2.58,
    "grossProfitMargin" : 47.22,
    "grossProfit" : 3.57,
    "operatingProfitMargin" : 0.26,
    "operatingProfit" : 0.02,
    "netProfitMargin" : -43.12,
    "netProfit" : -3.26
  }, {
    "date" : "2007-12-31",
    "sales" : 6.44,
    "salesGrowthYoY" : -14.25,
    "grossProfitMargin" : 40.37,
    "grossProfit" : 2.60,
    "operatingProfitMargin" : 2.80,
    "operatingProfit" : 0.18,
    "netProfitMargin" : -61.34,
    "netProfit" : -3.95
  }, {
    "date" : "2008-03-31",
    "sales" : 4.79,
    "salesGrowthYoY" : -57.87,
    "grossProfitMargin" : 64.51,
    "grossProfit" : 3.09,
    "operatingProfitMargin" : -32.78,
    "operatingProfit" : -1.57,
    "netProfitMargin" : -179.12,
    "netProfit" : -8.58
  }, {
    "date" : "2008-06-30",
    "sales" : 3.69,
    "salesGrowthYoY" : -55.70,
    "grossProfitMargin" : 59.35,
    "grossProfit" : 2.19,
    "operatingProfitMargin" : 23.58,
    "operatingProfit" : 0.87,
    "netProfitMargin" : -105.42,
    "netProfit" : -3.89
  }, {
    "date" : "2008-09-30",
    "sales" : 3.06,
    "salesGrowthYoY" : -59.52,
    "grossProfitMargin" : 79.74,
    "grossProfit" : 2.44,
    "operatingProfitMargin" : 33.33,
    "operatingProfit" : 1.02,
    "netProfitMargin" : -120.59,
    "netProfit" : -3.69
  }, {
    "date" : "2008-12-31",
    "sales" : 3.02,
    "salesGrowthYoY" : -53.11,
    "grossProfitMargin" : 84.11,
    "grossProfit" : 2.54,
    "operatingProfitMargin" : 42.05,
    "operatingProfit" : 1.27,
    "netProfitMargin" : -122.85,
    "netProfit" : -3.71
  }, {
    "date" : "2009-03-31",
    "sales" : 2.68,
    "salesGrowthYoY" : -44.05,
    "grossProfitMargin" : 85.82,
    "grossProfit" : 2.30,
    "operatingProfitMargin" : -6.72,
    "operatingProfit" : -0.18,
    "netProfitMargin" : -127.99,
    "netProfit" : -3.43
  }, {
    "date" : "2009-06-30",
    "sales" : 2.71,
    "salesGrowthYoY" : -26.56,
    "grossProfitMargin" : 89.67,
    "grossProfit" : 2.43,
    "operatingProfitMargin" : 28.78,
    "operatingProfit" : 0.78,
    "netProfitMargin" : -121.03,
    "netProfit" : -3.28
  }, {
    "date" : "2009-09-30",
    "sales" : 3.65,
    "salesGrowthYoY" : 19.28,
    "grossProfitMargin" : 84.93,
    "grossProfit" : 3.10,
    "operatingProfitMargin" : 31.51,
    "operatingProfit" : 1.15,
    "netProfitMargin" : -120.55,
    "netProfit" : -4.40
  }, {
    "date" : "2009-12-31",
    "sales" : 2.85,
    "salesGrowthYoY" : -5.63,
    "grossProfitMargin" : 83.51,
    "grossProfit" : 2.38,
    "operatingProfitMargin" : 41.75,
    "operatingProfit" : 1.19,
    "netProfitMargin" : -185.96,
    "netProfit" : -5.30
  }, {
    "date" : "2010-03-31",
    "sales" : 19.73,
    "salesGrowthYoY" : 636.19,
    "grossProfitMargin" : 97.01,
    "grossProfit" : 19.14,
    "operatingProfitMargin" : 34.47,
    "operatingProfit" : 6.80,
    "netProfitMargin" : 18.80,
    "netProfit" : 3.71
  }, {
    "date" : "2010-06-30",
    "sales" : 9.82,
    "salesGrowthYoY" : 262.36,
    "grossProfitMargin" : 87.58,
    "grossProfit" : 8.60,
    "operatingProfitMargin" : 49.80,
    "operatingProfit" : 4.89,
    "netProfitMargin" : 26.27,
    "netProfit" : 2.58
  }, {
    "date" : "2010-09-30",
    "sales" : 8.34,
    "salesGrowthYoY" : 128.49,
    "grossProfitMargin" : 93.17,
    "grossProfit" : 7.77,
    "operatingProfitMargin" : 47.36,
    "operatingProfit" : 3.95,
    "netProfitMargin" : 19.30,
    "netProfit" : 1.61
  }, {
    "date" : "2010-12-31",
    "sales" : 12.97,
    "salesGrowthYoY" : 355.09,
    "grossProfitMargin" : 91.75,
    "grossProfit" : 11.90,
    "operatingProfitMargin" : 38.47,
    "operatingProfit" : 4.99,
    "netProfitMargin" : 9.25,
    "netProfit" : 1.20
  }, {
    "date" : "2011-03-31",
    "sales" : 3.47,
    "salesGrowthYoY" : -82.41,
    "grossProfitMargin" : 92.51,
    "grossProfit" : 3.21,
    "operatingProfitMargin" : -68.88,
    "operatingProfit" : -2.39,
    "netProfitMargin" : 54.76,
    "netProfit" : 1.90
  }, {
    "date" : "2011-06-30",
    "sales" : 7.75,
    "salesGrowthYoY" : -21.08,
    "grossProfitMargin" : 93.94,
    "grossProfit" : 7.28,
    "operatingProfitMargin" : 41.29,
    "operatingProfit" : 3.20,
    "netProfitMargin" : 8.26,
    "netProfit" : 0.64
  }, {
    "date" : "2011-09-30",
    "sales" : 8.68,
    "salesGrowthYoY" : 4.08,
    "grossProfitMargin" : 91.36,
    "grossProfit" : 7.93,
    "operatingProfitMargin" : 36.98,
    "operatingProfit" : 3.21,
    "netProfitMargin" : -34.79,
    "netProfit" : -3.02
  }, {
    "date" : "2011-12-31",
    "sales" : 7.73,
    "salesGrowthYoY" : -40.40,
    "grossProfitMargin" : 92.24,
    "grossProfit" : 7.13,
    "operatingProfitMargin" : 44.11,
    "operatingProfit" : 3.41,
    "netProfitMargin" : -35.58,
    "netProfit" : -2.75
  }, {
    "date" : "2012-03-31",
    "sales" : 7.29,
    "salesGrowthYoY" : 110.09,
    "grossProfitMargin" : 91.77,
    "grossProfit" : 6.69,
    "operatingProfitMargin" : 26.06,
    "operatingProfit" : 1.90,
    "netProfitMargin" : 42.52,
    "netProfit" : 3.10
  }, {
    "date" : "2012-06-30",
    "sales" : 6.90,
    "salesGrowthYoY" : -10.97,
    "grossProfitMargin" : 92.75,
    "grossProfit" : 6.40,
    "operatingProfitMargin" : 45.36,
    "operatingProfit" : 3.13,
    "netProfitMargin" : 3.91,
    "netProfit" : 0.27
  }, {
    "date" : "2012-09-30",
    "sales" : 9.03,
    "salesGrowthYoY" : 4.03,
    "grossProfitMargin" : 94.68,
    "grossProfit" : 8.55,
    "operatingProfitMargin" : 51.72,
    "operatingProfit" : 4.67,
    "netProfitMargin" : 21.04,
    "netProfit" : 1.90
  }, {
    "date" : "2012-12-31",
    "sales" : 8.27,
    "salesGrowthYoY" : 6.99,
    "grossProfitMargin" : 93.59,
    "grossProfit" : 7.74,
    "operatingProfitMargin" : 46.43,
    "operatingProfit" : 3.84,
    "netProfitMargin" : 10.40,
    "netProfit" : 0.86
  }, {
    "date" : "2013-03-31",
    "sales" : 9.81,
    "salesGrowthYoY" : 34.57,
    "grossProfitMargin" : 52.09,
    "grossProfit" : 5.11,
    "operatingProfitMargin" : 34.35,
    "operatingProfit" : 3.37,
    "netProfitMargin" : 6.63,
    "netProfit" : 0.65
  }, {
    "date" : "2013-06-30",
    "sales" : 5.99,
    "salesGrowthYoY" : -13.19,
    "grossProfitMargin" : 91.32,
    "grossProfit" : 5.47,
    "operatingProfitMargin" : 47.41,
    "operatingProfit" : 2.84,
    "netProfitMargin" : -8.51,
    "netProfit" : -0.51
  }, {
    "date" : "2013-09-30",
    "sales" : 6.72,
    "salesGrowthYoY" : -25.58,
    "grossProfitMargin" : 90.92,
    "grossProfit" : 6.11,
    "operatingProfitMargin" : 47.02,
    "operatingProfit" : 3.16,
    "netProfitMargin" : -8.33,
    "netProfit" : -0.56
  }, {
    "date" : "2013-12-31",
    "sales" : 7.68,
    "salesGrowthYoY" : -7.13,
    "grossProfitMargin" : 55.73,
    "grossProfit" : 4.28,
    "operatingProfitMargin" : 42.32,
    "operatingProfit" : 3.25,
    "netProfitMargin" : -6.12,
    "netProfit" : -0.47
  }, {
    "date" : "2014-03-31",
    "sales" : 8.10,
    "salesGrowthYoY" : -17.43,
    "grossProfitMargin" : 90.49,
    "grossProfit" : 7.33,
    "operatingProfitMargin" : 16.79,
    "operatingProfit" : 1.36,
    "netProfitMargin" : -29.26,
    "netProfit" : -2.37
  }, {
    "date" : "2014-06-30",
    "sales" : 9.76,
    "salesGrowthYoY" : 62.94,
    "grossProfitMargin" : 91.70,
    "grossProfit" : 8.95,
    "operatingProfitMargin" : 38.22,
    "operatingProfit" : 3.73,
    "netProfitMargin" : 0.61,
    "netProfit" : 0.06
  }, {
    "date" : "2014-09-30",
    "sales" : 8.43,
    "salesGrowthYoY" : 25.45,
    "grossProfitMargin" : 90.27,
    "grossProfit" : 7.61,
    "operatingProfitMargin" : 44.96,
    "operatingProfit" : 3.79,
    "netProfitMargin" : -11.39,
    "netProfit" : -0.96
  }, {
    "date" : "2014-12-31",
    "sales" : 9.26,
    "salesGrowthYoY" : 20.57,
    "grossProfitMargin" : 93.30,
    "grossProfit" : 8.64,
    "operatingProfitMargin" : 46.65,
    "operatingProfit" : 4.32,
    "netProfitMargin" : -7.99,
    "netProfit" : -0.74
  }, {
    "date" : "2015-03-31",
    "sales" : 9.22,
    "salesGrowthYoY" : 13.83,
    "grossProfitMargin" : 91.65,
    "grossProfit" : 8.45,
    "operatingProfitMargin" : 45.12,
    "operatingProfit" : 4.16,
    "netProfitMargin" : -4.01,
    "netProfit" : -0.37
  }, {
    "date" : "2015-06-30",
    "sales" : 8.36,
    "salesGrowthYoY" : -14.34,
    "grossProfitMargin" : 37.44,
    "grossProfit" : 3.13,
    "operatingProfitMargin" : 22.73,
    "operatingProfit" : 1.90,
    "netProfitMargin" : -33.25,
    "netProfit" : -2.78
  }, {
    "date" : "2015-09-30",
    "sales" : 7.15,
    "salesGrowthYoY" : -15.18,
    "grossProfitMargin" : 34.69,
    "grossProfit" : 2.48,
    "operatingProfitMargin" : 16.22,
    "operatingProfit" : 1.16,
    "netProfitMargin" : -50.49,
    "netProfit" : -3.61
  }, {
    "date" : "2015-12-31",
    "sales" : 7.95,
    "salesGrowthYoY" : -14.15,
    "grossProfitMargin" : 28.81,
    "grossProfit" : 2.29,
    "operatingProfitMargin" : 12.83,
    "operatingProfit" : 1.02,
    "netProfitMargin" : -49.18,
    "netProfit" : -3.91
  }, {
    "date" : "2016-03-31",
    "sales" : 21.38,
    "salesGrowthYoY" : 131.89,
    "grossProfitMargin" : 58.89,
    "grossProfit" : 12.59,
    "operatingProfitMargin" : 52.20,
    "operatingProfit" : 11.16,
    "netProfitMargin" : 31.67,
    "netProfit" : 6.77
  }, {
    "date" : "2016-06-30",
    "sales" : 15.48,
    "salesGrowthYoY" : 85.17,
    "grossProfitMargin" : 56.59,
    "grossProfit" : 8.76,
    "operatingProfitMargin" : 44.83,
    "operatingProfit" : 6.94,
    "netProfitMargin" : -3.04,
    "netProfit" : -0.47
  }, {
    "date" : "2016-09-30",
    "sales" : 16.12,
    "salesGrowthYoY" : 125.45,
    "grossProfitMargin" : 53.23,
    "grossProfit" : 8.58,
    "operatingProfitMargin" : 45.84,
    "operatingProfit" : 7.39,
    "netProfitMargin" : -9.12,
    "netProfit" : -1.47
  }, {
    "date" : "2016-12-31",
    "sales" : 11.89,
    "salesGrowthYoY" : 49.56,
    "grossProfitMargin" : 94.37,
    "grossProfit" : 11.22,
    "operatingProfitMargin" : 50.04,
    "operatingProfit" : 5.95,
    "netProfitMargin" : -15.39,
    "netProfit" : -1.83
  }, {
    "date" : "2017-03-31",
    "sales" : 9.03,
    "salesGrowthYoY" : -57.76,
    "grossProfitMargin" : 61.24,
    "grossProfit" : 5.53,
    "operatingProfitMargin" : 43.08,
    "operatingProfit" : 3.89,
    "netProfitMargin" : -19.71,
    "netProfit" : -1.78
  }, {
    "date" : "2017-06-30",
    "sales" : 9.38,
    "salesGrowthYoY" : -39.41,
    "grossProfitMargin" : 64.18,
    "grossProfit" : 6.02,
    "operatingProfitMargin" : 51.60,
    "operatingProfit" : 4.84,
    "netProfitMargin" : -33.90,
    "netProfit" : -3.18
  }, {
    "date" : "2017-09-30",
    "sales" : 13.16,
    "salesGrowthYoY" : -18.36,
    "grossProfitMargin" : 91.41,
    "grossProfit" : 12.03,
    "operatingProfitMargin" : 74.24,
    "operatingProfit" : 9.77,
    "netProfitMargin" : 10.87,
    "netProfit" : 1.43
  }, {
    "date" : "2017-12-31",
    "sales" : 21.23,
    "salesGrowthYoY" : 78.55,
    "grossProfitMargin" : 66.93,
    "grossProfit" : 14.21,
    "operatingProfitMargin" : 59.87,
    "operatingProfit" : 12.71,
    "netProfitMargin" : 19.12,
    "netProfit" : 4.06
  }, {
    "date" : "2018-03-31",
    "sales" : 17.34,
    "salesGrowthYoY" : 92.03,
    "grossProfitMargin" : 77.34,
    "grossProfit" : 13.41,
    "operatingProfitMargin" : 61.94,
    "operatingProfit" : 10.74,
    "netProfitMargin" : 10.67,
    "netProfit" : 1.85
  }, {
    "date" : "2018-06-30",
    "sales" : 18.08,
    "salesGrowthYoY" : 92.75,
    "grossProfitMargin" : 75.55,
    "grossProfit" : 13.66,
    "operatingProfitMargin" : 67.70,
    "operatingProfit" : 12.24,
    "netProfitMargin" : 26.49,
    "netProfit" : 4.79
  }, {
    "date" : "2018-09-30",
    "sales" : 8.27,
    "salesGrowthYoY" : -37.16,
    "grossProfitMargin" : 86.94,
    "grossProfit" : 7.19,
    "operatingProfitMargin" : 63.85,
    "operatingProfit" : 5.28,
    "netProfitMargin" : 981.02,
    "netProfit" : 81.13
  }, {
    "date" : "2018-12-31",
    "sales" : 8.69,
    "salesGrowthYoY" : -59.07,
    "grossProfitMargin" : 84.70,
    "grossProfit" : 7.36,
    "operatingProfitMargin" : 54.09,
    "operatingProfit" : 4.70,
    "netProfitMargin" : -2.99,
    "netProfit" : -0.26
  }, {
    "date" : "2019-03-31",
    "sales" : 9.49,
    "salesGrowthYoY" : -45.27,
    "grossProfitMargin" : 84.09,
    "grossProfit" : 7.98,
    "operatingProfitMargin" : -138.46,
    "operatingProfit" : -13.14,
    "netProfitMargin" : -117.18,
    "netProfit" : -11.12
  }, {
    "date" : "2019-06-30",
    "sales" : 8.34,
    "salesGrowthYoY" : -53.87,
    "grossProfitMargin" : 91.01,
    "grossProfit" : 7.59,
    "operatingProfitMargin" : 53.72,
    "operatingProfit" : 4.48,
    "netProfitMargin" : -21.10,
    "netProfit" : -1.76
  }, {
    "date" : "2019-09-30",
    "sales" : 68.76,
    "salesGrowthYoY" : 731.44,
    "grossProfitMargin" : 22.75,
    "grossProfit" : 15.64,
    "operatingProfitMargin" : 17.55,
    "operatingProfit" : 12.07,
    "netProfitMargin" : 10.99,
    "netProfit" : 7.56
  }, {
    "date" : "2019-12-31",
    "sales" : 16.13,
    "salesGrowthYoY" : 85.62,
    "grossProfitMargin" : 95.29,
    "grossProfit" : 15.37,
    "operatingProfitMargin" : 50.84,
    "operatingProfit" : 8.20,
    "netProfitMargin" : 13.21,
    "netProfit" : 2.13
  }, {
    "date" : "2020-03-31",
    "sales" : 16.58,
    "salesGrowthYoY" : 74.71,
    "grossProfitMargin" : 97.47,
    "grossProfit" : 16.16,
    "operatingProfitMargin" : 44.15,
    "operatingProfit" : 7.32,
    "netProfitMargin" : 0.54,
    "netProfit" : 0.09
  }, {
    "date" : "2020-06-30",
    "sales" : 11.50,
    "salesGrowthYoY" : 37.89,
    "grossProfitMargin" : 96.96,
    "grossProfit" : 11.15,
    "operatingProfitMargin" : 65.13,
    "operatingProfit" : 7.49,
    "netProfitMargin" : 7.91,
    "netProfit" : 0.91
  }, {
    "date" : "2020-09-30",
    "sales" : 14.10,
    "salesGrowthYoY" : -79.49,
    "grossProfitMargin" : 96.24,
    "grossProfit" : 13.57,
    "operatingProfitMargin" : 51.13,
    "operatingProfit" : 7.21,
    "netProfitMargin" : 2.55,
    "netProfit" : 0.36
  }, {
    "date" : "2020-12-31",
    "sales" : 16.76,
    "salesGrowthYoY" : 3.91,
    "grossProfitMargin" : 96.84,
    "grossProfit" : 16.23,
    "operatingProfitMargin" : 53.64,
    "operatingProfit" : 8.99,
    "netProfitMargin" : 13.42,
    "netProfit" : 2.25
  }, {
    "date" : "2021-03-31",
    "sales" : 20.79,
    "salesGrowthYoY" : 25.39,
    "grossProfitMargin" : 97.21,
    "grossProfit" : 20.21,
    "operatingProfitMargin" : 32.13,
    "operatingProfit" : 6.68,
    "netProfitMargin" : 16.88,
    "netProfit" : 3.51
  }, {
    "date" : "2021-06-30",
    "sales" : 13.17,
    "salesGrowthYoY" : 14.52,
    "grossProfitMargin" : 97.19,
    "grossProfit" : 12.80,
    "operatingProfitMargin" : 69.86,
    "operatingProfit" : 9.20,
    "netProfitMargin" : 20.73,
    "netProfit" : 2.73
  }, {
    "date" : "2021-09-30",
    "sales" : 16.43,
    "salesGrowthYoY" : 16.52,
    "grossProfitMargin" : 96.47,
    "grossProfit" : 15.85,
    "operatingProfitMargin" : 64.27,
    "operatingProfit" : 10.56,
    "netProfitMargin" : 21.97,
    "netProfit" : 3.61
  }, {
    "date" : "2021-12-31",
    "sales" : 20.07,
    "salesGrowthYoY" : 19.75,
    "grossProfitMargin" : 97.31,
    "grossProfit" : 19.53,
    "operatingProfitMargin" : 46.94,
    "operatingProfit" : 9.42,
    "netProfitMargin" : 14.05,
    "netProfit" : 2.82
  }, {
    "date" : "2022-03-31",
    "sales" : 22.75,
    "salesGrowthYoY" : 9.43,
    "grossProfitMargin" : 96.04,
    "grossProfit" : 21.85,
    "operatingProfitMargin" : 24.66,
    "operatingProfit" : 5.61,
    "netProfitMargin" : 4307.69,
    "netProfit" : 980.00
  }, {
    "date" : "2022-06-30",
    "sales" : 23.74,
    "salesGrowthYoY" : 80.26,
    "grossProfitMargin" : 97.39,
    "grossProfit" : 23.12,
    "operatingProfitMargin" : 41.24,
    "operatingProfit" : 9.79,
    "netProfitMargin" : 67.65,
    "netProfit" : 16.06
  }, {
    "date" : "2022-09-30",
    "sales" : 24.22,
    "salesGrowthYoY" : 47.41,
    "grossProfitMargin" : 97.36,
    "grossProfit" : 23.58,
    "operatingProfitMargin" : 47.11,
    "operatingProfit" : 11.41,
    "netProfitMargin" : 76.71,
    "netProfit" : 18.58
  }, {
    "date" : "2022-12-31",
    "sales" : 24.82,
    "salesGrowthYoY" : 23.67,
    "grossProfitMargin" : 97.18,
    "grossProfit" : 24.12,
    "operatingProfitMargin" : 28.32,
    "operatingProfit" : 7.03,
    "netProfitMargin" : 34.45,
    "netProfit" : 8.55
  }, {
    "date" : "2023-03-31",
    "sales" : 24.70,
    "salesGrowthYoY" : 8.57,
    "grossProfitMargin" : 97.41,
    "grossProfit" : 24.06,
    "operatingProfitMargin" : 21.26,
    "operatingProfit" : 5.25,
    "netProfitMargin" : -7.65,
    "netProfit" : -1.89
  }, {
    "date" : "2023-06-30",
    "sales" : 27.15,
    "salesGrowthYoY" : 14.36,
    "grossProfitMargin" : 96.28,
    "grossProfit" : 26.14,
    "operatingProfitMargin" : 36.94,
    "operatingProfit" : 10.03,
    "netProfitMargin" : 19.08,
    "netProfit" : 5.18
  }, {
    "date" : "2023-09-30",
    "sales" : 27.55,
    "salesGrowthYoY" : 13.75,
    "grossProfitMargin" : 96.73,
    "grossProfit" : 26.65,
    "operatingProfitMargin" : 43.48,
    "operatingProfit" : 11.98,
    "netProfitMargin" : 52.67,
    "netProfit" : 14.51
  }, {
    "date" : "2023-12-31",
    "sales" : 28.35,
    "salesGrowthYoY" : 14.22,
    "grossProfitMargin" : 97.95,
    "grossProfit" : 27.77,
    "operatingProfitMargin" : 40.92,
    "operatingProfit" : 11.60,
    "netProfitMargin" : 16.44,
    "netProfit" : 4.66
  }, {
    "date" : "2024-03-31",
    "sales" : 29.12,
    "salesGrowthYoY" : 17.89,
    "grossProfitMargin" : 98.18,
    "grossProfit" : 28.59,
    "operatingProfitMargin" : 36.02,
    "operatingProfit" : 10.49,
    "netProfitMargin" : 76.34,
    "netProfit" : 22.23
  }, {
    "date" : "2024-06-30",
    "sales" : 27.64,
    "salesGrowthYoY" : 1.80,
    "grossProfitMargin" : 98.05,
    "grossProfit" : 27.10,
    "operatingProfitMargin" : 39.33,
    "operatingProfit" : 10.87,
    "netProfitMargin" : 23.63,
    "netProfit" : 6.53
  }, {
    "date" : "2024-09-30",
    "sales" : 113.71,
    "salesGrowthYoY" : 312.74,
    "grossProfitMargin" : 24.90,
    "grossProfit" : 28.31,
    "operatingProfitMargin" : 9.84,
    "operatingProfit" : 11.19,
    "netProfitMargin" : 19.80,
    "netProfit" : 22.51
  }, {
    "date" : "2024-12-31",
    "sales" : 27.78,
    "salesGrowthYoY" : -2.01,
    "grossProfitMargin" : 97.23,
    "grossProfit" : 27.01,
    "operatingProfitMargin" : 31.97,
    "operatingProfit" : 8.88,
    "netProfitMargin" : 36.86,
    "netProfit" : 10.24
  }, {
    "date" : "2025-03-31",
    "sales" : 39.47,
    "salesGrowthYoY" : 35.54,
    "grossProfitMargin" : 73.45,
    "grossProfit" : 28.99,
    "operatingProfitMargin" : 32.07,
    "operatingProfit" : 12.66,
    "netProfitMargin" : -3.85,
    "netProfit" : -1.52
  }, {
    "date" : "2025-06-30",
    "sales" : 37.53,
    "salesGrowthYoY" : 35.78,
    "grossProfitMargin" : 70.88,
    "grossProfit" : 26.60,
    "operatingProfitMargin" : 27.39,
    "operatingProfit" : 10.28,
    "netProfitMargin" : 56.04,
    "netProfit" : 21.03
  }, {
    "date" : "2025-09-30",
    "sales" : 39.32,
    "salesGrowthYoY" : -65.42,
    "grossProfitMargin" : 71.57,
    "grossProfit" : 28.14,
    "operatingProfitMargin" : 26.14,
    "operatingProfit" : 10.28,
    "netProfitMargin" : 3.43,
    "netProfit" : 1.35
  }, {
    "date" : "2025-12-31",
    "sales" : 32.50,
    "salesGrowthYoY" : 16.99,
    "grossProfitMargin" : 97.85,
    "grossProfit" : 31.80,
    "operatingProfitMargin" : 26.98,
    "operatingProfit" : 8.77,
    "netProfitMargin" : 16.62,
    "netProfit" : 5.40
  } ],
  "latestQuarterlyResult" : {
    "date" : "2025-12-31",
    "sales" : 32.50,
    "salesGrowthYoY" : 16.99,
    "grossProfitMargin" : 97.85,
    "grossProfit" : 31.80,
    "operatingProfitMargin" : 26.98,
    "operatingProfit" : 8.77,
    "netProfitMargin" : 16.62,
    "netProfit" : 5.40
  },
  "companyScore" : {
    "priceHigherThanDma50" : 5.00,
    "priceHigherThanDma100" : 5.00,
    "priceHigherThanDma200" : 5.00,
    "dma50HigherThanDma100" : 0.00,
    "dma50HigherThanDma200" : 0.00,
    "dma100HigherThanDma200" : 0.00,
    "pricePercentageAboveDma50" : 4.63,
    "pricePercentageAboveDma100" : 4.74,
    "pricePercentageAboveDma200" : 4.96,
    "weeklyVolumeHigherThanYearlyVolume" : 0.00,
    "salesGrowthPercentile" : 12.25,
    "operatingProfitMarginPercentile" : 15.56,
    "netProfitMarginPercentile" : 7.14,
    "totalTechnicalScore" : 29.32,
    "totalFundamentalScore" : 34.95,
    "totalScore" : 64.27
  }
}