{
  "metadata" : {
    "screenerCompanyId" : "1267859",
    "companyCode" : "504882",
    "companyName" : "National Standar",
    "screenerCompanyLink" : "https://www.screener.in/company/504882",
    "screenerTechnicalHistoryLink" : "https://www.screener.in/api/company/1267859/chart/?q=Price-DMA50-DMA200-Volume&days=365",
    "screenerQuarterlyResultsLink" : "https://www.screener.in/api/company/1267859/chart/?q=GPM-OPM-NPM-Quarter+Sales&days=10000",
    "attributes" : {
      "companyCode" : "504882",
      "companyName" : "National Standar",
      "marketCap" : 2860.00,
      "peRatio" : 260.00,
      "description" : "National Standard (India) Limited, incorporated in 1962, is presently engaged in the business of Real Estate Development. The Co. is a part of the Lodha Group Since May 2011. It is a subsidiary of Ananthnath Constructions and Farms Private Limited. [1] [2]"
    },
    "companyScore" : {
      "priceHigherThanDma50" : 0.00,
      "priceHigherThanDma100" : 0.00,
      "priceHigherThanDma200" : 0.00,
      "dma50HigherThanDma100" : 0.00,
      "dma50HigherThanDma200" : 0.00,
      "dma100HigherThanDma200" : 0.00,
      "pricePercentageAboveDma50" : 5.84,
      "pricePercentageAboveDma100" : 6.22,
      "pricePercentageAboveDma200" : 7.17,
      "weeklyVolumeHigherThanYearlyVolume" : 5.00,
      "salesGrowthPercentile" : 17.95,
      "operatingProfitMarginPercentile" : 19.83,
      "netProfitMarginPercentile" : 5.35,
      "totalTechnicalScore" : 24.24,
      "totalFundamentalScore" : 43.12,
      "totalScore" : 67.36
    }
  },
  "attributes" : {
    "companyCode" : "504882",
    "companyName" : "National Standar",
    "marketCap" : 2860.00,
    "peRatio" : 260.00,
    "description" : "National Standard (India) Limited, incorporated in 1962, is presently engaged in the business of Real Estate Development. The Co. is a part of the Lodha Group Since May 2011. It is a subsidiary of Ananthnath Constructions and Farms Private Limited. [1] [2]"
  },
  "technicalHistory" : [ {
    "date" : "2024-12-02",
    "price" : 4410.00,
    "dma50" : 4449.79,
    "dma100" : null,
    "dma200" : 4642.53,
    "volume" : 79.00
  }, {
    "date" : "2024-12-03",
    "price" : 4350.00,
    "dma50" : 4445.88,
    "dma100" : null,
    "dma200" : 4639.62,
    "volume" : 39.00
  }, {
    "date" : "2024-12-04",
    "price" : 4499.90,
    "dma50" : 4448.00,
    "dma100" : null,
    "dma200" : 4638.23,
    "volume" : 51.00
  }, {
    "date" : "2024-12-05",
    "price" : 4489.80,
    "dma50" : 4449.64,
    "dma100" : null,
    "dma200" : 4636.75,
    "volume" : 69.00
  }, {
    "date" : "2024-12-06",
    "price" : 4486.65,
    "dma50" : 4451.09,
    "dma100" : null,
    "dma200" : 4635.26,
    "volume" : 50.00
  }, {
    "date" : "2024-12-09",
    "price" : 4501.65,
    "dma50" : 4453.07,
    "dma100" : null,
    "dma200" : 4633.93,
    "volume" : 167.00
  }, {
    "date" : "2024-12-10",
    "price" : 4549.30,
    "dma50" : 4456.85,
    "dma100" : null,
    "dma200" : 4633.09,
    "volume" : 88.00
  }, {
    "date" : "2024-12-11",
    "price" : 4503.05,
    "dma50" : 4458.66,
    "dma100" : null,
    "dma200" : 4631.79,
    "volume" : 84.00
  }, {
    "date" : "2024-12-12",
    "price" : 4465.00,
    "dma50" : 4458.91,
    "dma100" : null,
    "dma200" : 4630.13,
    "volume" : 60.00
  }, {
    "date" : "2024-12-13",
    "price" : 4547.95,
    "dma50" : 4462.40,
    "dma100" : null,
    "dma200" : 4629.32,
    "volume" : 34.00
  }, {
    "date" : "2024-12-16",
    "price" : 4499.00,
    "dma50" : 4463.83,
    "dma100" : null,
    "dma200" : 4628.02,
    "volume" : 107.00
  }, {
    "date" : "2024-12-17",
    "price" : 4479.00,
    "dma50" : 4464.43,
    "dma100" : null,
    "dma200" : 4626.54,
    "volume" : 60.00
  }, {
    "date" : "2024-12-18",
    "price" : 4356.20,
    "dma50" : 4460.18,
    "dma100" : null,
    "dma200" : 4623.85,
    "volume" : 100.00
  }, {
    "date" : "2024-12-19",
    "price" : 4338.05,
    "dma50" : 4455.40,
    "dma100" : null,
    "dma200" : 4621.00,
    "volume" : 58.00
  }, {
    "date" : "2024-12-20",
    "price" : 4348.15,
    "dma50" : 4451.19,
    "dma100" : null,
    "dma200" : 4618.29,
    "volume" : 207.00
  }, {
    "date" : "2024-12-23",
    "price" : 4429.50,
    "dma50" : 4450.34,
    "dma100" : null,
    "dma200" : 4616.41,
    "volume" : 76.00
  }, {
    "date" : "2024-12-24",
    "price" : 4325.00,
    "dma50" : 4445.42,
    "dma100" : null,
    "dma200" : 4613.51,
    "volume" : 28.00
  }, {
    "date" : "2024-12-26",
    "price" : 4462.00,
    "dma50" : 4446.07,
    "dma100" : null,
    "dma200" : 4612.00,
    "volume" : 56.00
  }, {
    "date" : "2024-12-27",
    "price" : 4400.00,
    "dma50" : 4444.27,
    "dma100" : null,
    "dma200" : 4609.89,
    "volume" : 4.00
  }, {
    "date" : "2024-12-30",
    "price" : 4364.00,
    "dma50" : 4441.12,
    "dma100" : null,
    "dma200" : 4607.45,
    "volume" : 12.00
  }, {
    "date" : "2024-12-31",
    "price" : 4370.00,
    "dma50" : 4438.33,
    "dma100" : null,
    "dma200" : 4605.08,
    "volume" : 14.00
  }, {
    "date" : "2025-01-01",
    "price" : 4433.45,
    "dma50" : 4438.14,
    "dma100" : null,
    "dma200" : 4603.38,
    "volume" : 12.00
  }, {
    "date" : "2025-01-02",
    "price" : 4311.55,
    "dma50" : 4433.17,
    "dma100" : null,
    "dma200" : 4600.47,
    "volume" : 159.00
  }, {
    "date" : "2025-01-03",
    "price" : 4324.70,
    "dma50" : 4428.92,
    "dma100" : null,
    "dma200" : 4597.73,
    "volume" : 42.00
  }, {
    "date" : "2025-01-06",
    "price" : 4263.65,
    "dma50" : 4422.44,
    "dma100" : null,
    "dma200" : 4594.40,
    "volume" : 24.00
  }, {
    "date" : "2025-01-07",
    "price" : 4218.45,
    "dma50" : 4414.44,
    "dma100" : null,
    "dma200" : 4590.66,
    "volume" : 156.00
  }, {
    "date" : "2025-01-08",
    "price" : 4223.00,
    "dma50" : 4406.93,
    "dma100" : null,
    "dma200" : 4587.00,
    "volume" : 10.00
  }, {
    "date" : "2025-01-09",
    "price" : 4220.00,
    "dma50" : 4399.60,
    "dma100" : null,
    "dma200" : 4583.35,
    "volume" : 10.00
  }, {
    "date" : "2025-01-10",
    "price" : 4160.00,
    "dma50" : 4390.21,
    "dma100" : null,
    "dma200" : 4579.14,
    "volume" : 19.00
  }, {
    "date" : "2025-01-13",
    "price" : 4161.00,
    "dma50" : 4381.22,
    "dma100" : null,
    "dma200" : 4574.98,
    "volume" : 75.00
  }, {
    "date" : "2025-01-14",
    "price" : 4271.95,
    "dma50" : 4376.93,
    "dma100" : null,
    "dma200" : 4571.96,
    "volume" : 19.00
  }, {
    "date" : "2025-01-15",
    "price" : 4165.05,
    "dma50" : 4368.62,
    "dma100" : null,
    "dma200" : 4567.92,
    "volume" : 22.00
  }, {
    "date" : "2025-01-16",
    "price" : 4230.00,
    "dma50" : 4363.19,
    "dma100" : null,
    "dma200" : 4564.55,
    "volume" : 34.00
  }, {
    "date" : "2025-01-17",
    "price" : 4275.00,
    "dma50" : 4359.73,
    "dma100" : null,
    "dma200" : 4561.67,
    "volume" : 23.00
  }, {
    "date" : "2025-01-20",
    "price" : 4221.00,
    "dma50" : 4354.29,
    "dma100" : null,
    "dma200" : 4558.28,
    "volume" : 21.00
  }, {
    "date" : "2025-01-21",
    "price" : 4200.00,
    "dma50" : 4348.24,
    "dma100" : null,
    "dma200" : 4554.72,
    "volume" : 19.00
  }, {
    "date" : "2025-01-22",
    "price" : 4200.00,
    "dma50" : 4342.42,
    "dma100" : null,
    "dma200" : 4551.19,
    "volume" : 17.00
  }, {
    "date" : "2025-01-23",
    "price" : 4159.00,
    "dma50" : 4335.23,
    "dma100" : null,
    "dma200" : 4547.29,
    "volume" : 4.00
  }, {
    "date" : "2025-01-24",
    "price" : 4100.00,
    "dma50" : 4326.01,
    "dma100" : null,
    "dma200" : 4542.84,
    "volume" : 12.00
  }, {
    "date" : "2025-01-27",
    "price" : 4200.00,
    "dma50" : 4321.07,
    "dma100" : null,
    "dma200" : 4539.42,
    "volume" : 8.00
  }, {
    "date" : "2025-01-29",
    "price" : 4101.60,
    "dma50" : 4312.46,
    "dma100" : null,
    "dma200" : 4535.07,
    "volume" : 9.00
  }, {
    "date" : "2025-01-30",
    "price" : 4051.00,
    "dma50" : 4302.21,
    "dma100" : null,
    "dma200" : 4530.25,
    "volume" : 14.00
  }, {
    "date" : "2025-01-31",
    "price" : 4110.10,
    "dma50" : 4294.67,
    "dma100" : null,
    "dma200" : 4526.07,
    "volume" : 57.00
  }, {
    "date" : "2025-02-01",
    "price" : 4110.10,
    "dma50" : 4287.43,
    "dma100" : null,
    "dma200" : 4521.93,
    "volume" : 4.00
  }, {
    "date" : "2025-02-03",
    "price" : 3932.80,
    "dma50" : 4273.53,
    "dma100" : null,
    "dma200" : 4516.07,
    "volume" : 40.00
  }, {
    "date" : "2025-02-04",
    "price" : 3940.00,
    "dma50" : 4260.45,
    "dma100" : null,
    "dma200" : 4510.34,
    "volume" : 10.00
  }, {
    "date" : "2025-02-05",
    "price" : 3950.00,
    "dma50" : 4248.27,
    "dma100" : null,
    "dma200" : 4504.76,
    "volume" : 1.00
  }, {
    "date" : "2025-02-06",
    "price" : 3934.70,
    "dma50" : 4235.98,
    "dma100" : null,
    "dma200" : 4499.09,
    "volume" : 83.00
  }, {
    "date" : "2025-02-07",
    "price" : 4036.90,
    "dma50" : 4228.17,
    "dma100" : null,
    "dma200" : 4494.49,
    "volume" : 15.00
  }, {
    "date" : "2025-02-10",
    "price" : 3931.00,
    "dma50" : 4216.52,
    "dma100" : null,
    "dma200" : 4488.88,
    "volume" : 12.00
  }, {
    "date" : "2025-02-11",
    "price" : 3930.00,
    "dma50" : 4205.28,
    "dma100" : null,
    "dma200" : 4483.32,
    "volume" : 4.00
  }, {
    "date" : "2025-02-12",
    "price" : 3797.50,
    "dma50" : 4189.29,
    "dma100" : null,
    "dma200" : 4476.50,
    "volume" : 64.00
  }, {
    "date" : "2025-02-13",
    "price" : 3750.00,
    "dma50" : 4172.06,
    "dma100" : null,
    "dma200" : 4469.27,
    "volume" : 6.00
  }, {
    "date" : "2025-02-14",
    "price" : 3751.00,
    "dma50" : 4155.55,
    "dma100" : null,
    "dma200" : 4462.12,
    "volume" : 13.00
  }, {
    "date" : "2025-02-17",
    "price" : 3948.20,
    "dma50" : 4147.42,
    "dma100" : null,
    "dma200" : 4457.01,
    "volume" : 107.00
  }, {
    "date" : "2025-02-21",
    "price" : 3996.95,
    "dma50" : 4141.52,
    "dma100" : null,
    "dma200" : 4452.43,
    "volume" : 17.00
  }, {
    "date" : "2025-02-24",
    "price" : 3974.00,
    "dma50" : 4134.95,
    "dma100" : null,
    "dma200" : 4447.67,
    "volume" : 4.00
  }, {
    "date" : "2025-02-25",
    "price" : 3752.80,
    "dma50" : 4119.96,
    "dma100" : null,
    "dma200" : 4440.76,
    "volume" : 18.00
  }, {
    "date" : "2025-02-27",
    "price" : 3750.00,
    "dma50" : 4105.45,
    "dma100" : null,
    "dma200" : 4433.88,
    "volume" : 10.00
  }, {
    "date" : "2025-02-28",
    "price" : 3750.00,
    "dma50" : 4091.51,
    "dma100" : null,
    "dma200" : 4427.08,
    "volume" : 5.00
  }, {
    "date" : "2025-03-03",
    "price" : 3580.45,
    "dma50" : 4071.47,
    "dma100" : null,
    "dma200" : 4418.65,
    "volume" : 66.00
  }, {
    "date" : "2025-03-04",
    "price" : 3650.00,
    "dma50" : 4054.94,
    "dma100" : null,
    "dma200" : 4411.01,
    "volume" : 59.00
  }, {
    "date" : "2025-03-05",
    "price" : 3487.40,
    "dma50" : 4032.69,
    "dma100" : null,
    "dma200" : 4401.82,
    "volume" : 43.00
  }, {
    "date" : "2025-03-06",
    "price" : 3700.00,
    "dma50" : 4019.64,
    "dma100" : null,
    "dma200" : 4394.83,
    "volume" : 48.00
  }, {
    "date" : "2025-03-07",
    "price" : 3660.25,
    "dma50" : 4005.55,
    "dma100" : null,
    "dma200" : 4387.52,
    "volume" : 54.00
  }, {
    "date" : "2025-03-10",
    "price" : 3682.30,
    "dma50" : 3992.87,
    "dma100" : null,
    "dma200" : 4380.51,
    "volume" : 98.00
  }, {
    "date" : "2025-03-11",
    "price" : 3684.00,
    "dma50" : 3980.76,
    "dma100" : null,
    "dma200" : 4373.58,
    "volume" : 5.00
  }, {
    "date" : "2025-03-12",
    "price" : 3677.00,
    "dma50" : 3968.85,
    "dma100" : null,
    "dma200" : 4366.64,
    "volume" : 2.00
  }, {
    "date" : "2025-03-13",
    "price" : 3670.00,
    "dma50" : 3957.13,
    "dma100" : null,
    "dma200" : 4359.71,
    "volume" : 6.00
  }, {
    "date" : "2025-03-17",
    "price" : 3670.00,
    "dma50" : 3945.87,
    "dma100" : null,
    "dma200" : 4352.85,
    "volume" : 9.00
  }, {
    "date" : "2025-03-18",
    "price" : 3667.45,
    "dma50" : 3934.95,
    "dma100" : null,
    "dma200" : 4346.03,
    "volume" : 9.00
  }, {
    "date" : "2025-03-19",
    "price" : 3650.00,
    "dma50" : 3923.77,
    "dma100" : null,
    "dma200" : 4339.10,
    "volume" : 36.00
  }, {
    "date" : "2025-03-20",
    "price" : 3653.25,
    "dma50" : 3913.16,
    "dma100" : null,
    "dma200" : 4332.28,
    "volume" : 41.00
  }, {
    "date" : "2025-03-21",
    "price" : 3700.00,
    "dma50" : 3904.81,
    "dma100" : null,
    "dma200" : 4325.99,
    "volume" : 9.00
  }, {
    "date" : "2025-03-24",
    "price" : 3682.50,
    "dma50" : 3896.09,
    "dma100" : null,
    "dma200" : 4319.59,
    "volume" : 61.00
  }, {
    "date" : "2025-03-25",
    "price" : 3610.00,
    "dma50" : 3884.87,
    "dma100" : null,
    "dma200" : 4312.53,
    "volume" : 27.00
  }, {
    "date" : "2025-03-26",
    "price" : 3647.35,
    "dma50" : 3875.55,
    "dma100" : null,
    "dma200" : 4305.91,
    "volume" : 34.00
  }, {
    "date" : "2025-03-27",
    "price" : 3582.70,
    "dma50" : 3864.07,
    "dma100" : null,
    "dma200" : 4298.71,
    "volume" : 44.00
  }, {
    "date" : "2025-03-28",
    "price" : 3555.00,
    "dma50" : 3851.95,
    "dma100" : null,
    "dma200" : 4291.31,
    "volume" : 56.00
  }, {
    "date" : "2025-04-01",
    "price" : 3511.00,
    "dma50" : 3838.58,
    "dma100" : null,
    "dma200" : 4283.55,
    "volume" : 11.00
  }, {
    "date" : "2025-04-02",
    "price" : 3615.00,
    "dma50" : 3829.81,
    "dma100" : null,
    "dma200" : 4276.89,
    "volume" : 9.00
  }, {
    "date" : "2025-04-03",
    "price" : 3572.70,
    "dma50" : 3819.73,
    "dma100" : null,
    "dma200" : 4269.89,
    "volume" : 7.00
  }, {
    "date" : "2025-04-04",
    "price" : 3694.95,
    "dma50" : 3814.83,
    "dma100" : null,
    "dma200" : 4264.17,
    "volume" : 66.00
  }, {
    "date" : "2025-04-07",
    "price" : 3442.00,
    "dma50" : 3800.21,
    "dma100" : null,
    "dma200" : 4255.99,
    "volume" : 18.00
  }, {
    "date" : "2025-04-08",
    "price" : 3575.00,
    "dma50" : 3791.38,
    "dma100" : null,
    "dma200" : 4249.21,
    "volume" : 19.00
  }, {
    "date" : "2025-04-09",
    "price" : 3645.00,
    "dma50" : 3785.64,
    "dma100" : null,
    "dma200" : 4243.20,
    "volume" : 8.00
  }, {
    "date" : "2025-04-11",
    "price" : 3601.00,
    "dma50" : 3778.40,
    "dma100" : null,
    "dma200" : 4236.81,
    "volume" : 5.00
  }, {
    "date" : "2025-04-15",
    "price" : 3671.00,
    "dma50" : 3774.19,
    "dma100" : null,
    "dma200" : 4231.18,
    "volume" : 10.00
  }, {
    "date" : "2025-04-16",
    "price" : 3845.00,
    "dma50" : 3776.97,
    "dma100" : null,
    "dma200" : 4227.34,
    "volume" : 167.00
  }, {
    "date" : "2025-04-17",
    "price" : 3921.60,
    "dma50" : 3782.64,
    "dma100" : null,
    "dma200" : 4224.29,
    "volume" : 33.00
  }, {
    "date" : "2025-04-21",
    "price" : 3839.90,
    "dma50" : 3784.88,
    "dma100" : null,
    "dma200" : 4220.47,
    "volume" : 119.00
  }, {
    "date" : "2025-04-22",
    "price" : 3795.50,
    "dma50" : 3785.30,
    "dma100" : null,
    "dma200" : 4216.24,
    "volume" : 59.00
  }, {
    "date" : "2025-04-23",
    "price" : 3730.00,
    "dma50" : 3783.13,
    "dma100" : null,
    "dma200" : 4211.40,
    "volume" : 46.00
  }, {
    "date" : "2025-04-24",
    "price" : 3800.00,
    "dma50" : 3783.79,
    "dma100" : null,
    "dma200" : 4207.31,
    "volume" : 14.00
  }, {
    "date" : "2025-04-25",
    "price" : 3626.60,
    "dma50" : 3777.63,
    "dma100" : null,
    "dma200" : 4201.53,
    "volume" : 23.00
  }, {
    "date" : "2025-04-28",
    "price" : 3660.00,
    "dma50" : 3773.02,
    "dma100" : null,
    "dma200" : 4196.14,
    "volume" : 31.00
  }, {
    "date" : "2025-04-29",
    "price" : 3670.00,
    "dma50" : 3768.98,
    "dma100" : null,
    "dma200" : 4190.91,
    "volume" : 12.00
  }, {
    "date" : "2025-04-30",
    "price" : 3417.00,
    "dma50" : 3755.17,
    "dma100" : null,
    "dma200" : 4183.21,
    "volume" : 1117.00
  }, {
    "date" : "2025-05-02",
    "price" : 3567.00,
    "dma50" : 3747.79,
    "dma100" : null,
    "dma200" : 4177.07,
    "volume" : 77.00
  }, {
    "date" : "2025-05-05",
    "price" : 3469.00,
    "dma50" : 3736.86,
    "dma100" : null,
    "dma200" : 4170.03,
    "volume" : 98.00
  }, {
    "date" : "2025-05-06",
    "price" : 3349.60,
    "dma50" : 3721.67,
    "dma100" : 3968.29,
    "dma200" : 4161.87,
    "volume" : 88.00
  }, {
    "date" : "2025-05-07",
    "price" : 3380.00,
    "dma50" : 3708.27,
    "dma100" : 3958.59,
    "dma200" : 4154.09,
    "volume" : 78.00
  }, {
    "date" : "2025-05-08",
    "price" : 3356.20,
    "dma50" : 3694.47,
    "dma100" : 3947.15,
    "dma200" : 4146.15,
    "volume" : 169.00
  }, {
    "date" : "2025-05-09",
    "price" : 3187.10,
    "dma50" : 3674.57,
    "dma100" : 3934.13,
    "dma200" : 4136.60,
    "volume" : 127.00
  }, {
    "date" : "2025-05-12",
    "price" : 3211.75,
    "dma50" : 3656.42,
    "dma100" : 3921.38,
    "dma200" : 4127.40,
    "volume" : 127.00
  }, {
    "date" : "2025-05-13",
    "price" : 3150.40,
    "dma50" : 3636.58,
    "dma100" : 3907.87,
    "dma200" : 4117.68,
    "volume" : 129.00
  }, {
    "date" : "2025-05-14",
    "price" : 3275.50,
    "dma50" : 3622.42,
    "dma100" : 3895.13,
    "dma200" : 4109.30,
    "volume" : 225.00
  }, {
    "date" : "2025-05-15",
    "price" : 3227.55,
    "dma50" : 3606.93,
    "dma100" : 3882.37,
    "dma200" : 4100.53,
    "volume" : 129.00
  }, {
    "date" : "2025-05-16",
    "price" : 3290.00,
    "dma50" : 3594.50,
    "dma100" : 3870.62,
    "dma200" : 4092.46,
    "volume" : 92.00
  }, {
    "date" : "2025-05-19",
    "price" : 3223.05,
    "dma50" : 3579.94,
    "dma100" : 3857.37,
    "dma200" : 4083.81,
    "volume" : 95.00
  }, {
    "date" : "2025-05-20",
    "price" : 3285.15,
    "dma50" : 3568.38,
    "dma100" : 3845.24,
    "dma200" : 4075.86,
    "volume" : 319.00
  }, {
    "date" : "2025-05-21",
    "price" : 3303.90,
    "dma50" : 3558.00,
    "dma100" : 3833.48,
    "dma200" : 4068.18,
    "volume" : 301.00
  }, {
    "date" : "2025-05-22",
    "price" : 3213.00,
    "dma50" : 3544.48,
    "dma100" : 3822.05,
    "dma200" : 4059.67,
    "volume" : 154.00
  }, {
    "date" : "2025-05-23",
    "price" : 3175.00,
    "dma50" : 3529.99,
    "dma100" : 3810.42,
    "dma200" : 4050.87,
    "volume" : 225.00
  }, {
    "date" : "2025-05-26",
    "price" : 3196.15,
    "dma50" : 3516.89,
    "dma100" : 3798.90,
    "dma200" : 4042.37,
    "volume" : 243.00
  }, {
    "date" : "2025-05-27",
    "price" : 3186.55,
    "dma50" : 3503.94,
    "dma100" : 3786.47,
    "dma200" : 4033.85,
    "volume" : 196.00
  }, {
    "date" : "2025-05-28",
    "price" : 3108.80,
    "dma50" : 3488.44,
    "dma100" : 3774.31,
    "dma200" : 4024.65,
    "volume" : 367.00
  }, {
    "date" : "2025-05-29",
    "price" : 2987.50,
    "dma50" : 3468.80,
    "dma100" : 3759.57,
    "dma200" : 4014.33,
    "volume" : 408.00
  }, {
    "date" : "2025-05-30",
    "price" : 2996.10,
    "dma50" : 3450.26,
    "dma100" : 3745.53,
    "dma200" : 4004.19,
    "volume" : 114.00
  }, {
    "date" : "2025-06-02",
    "price" : 2979.25,
    "dma50" : 3431.79,
    "dma100" : 3731.68,
    "dma200" : 3994.00,
    "volume" : 151.00
  }, {
    "date" : "2025-06-03",
    "price" : 2985.90,
    "dma50" : 3414.30,
    "dma100" : 3717.84,
    "dma200" : 3983.96,
    "volume" : 158.00
  }, {
    "date" : "2025-06-04",
    "price" : 2957.70,
    "dma50" : 3396.40,
    "dma100" : 3703.08,
    "dma200" : 3973.75,
    "volume" : 217.00
  }, {
    "date" : "2025-06-05",
    "price" : 2953.00,
    "dma50" : 3379.01,
    "dma100" : 3689.49,
    "dma200" : 3963.60,
    "volume" : 176.00
  }, {
    "date" : "2025-06-06",
    "price" : 2928.65,
    "dma50" : 3361.35,
    "dma100" : 3675.53,
    "dma200" : 3953.30,
    "volume" : 319.00
  }, {
    "date" : "2025-06-09",
    "price" : 2935.15,
    "dma50" : 3344.64,
    "dma100" : 3662.25,
    "dma200" : 3943.17,
    "volume" : 253.00
  }, {
    "date" : "2025-06-10",
    "price" : 2925.65,
    "dma50" : 3328.20,
    "dma100" : 3649.32,
    "dma200" : 3933.04,
    "volume" : 371.00
  }, {
    "date" : "2025-06-11",
    "price" : 2925.10,
    "dma50" : 3312.40,
    "dma100" : 3636.34,
    "dma200" : 3923.01,
    "volume" : 227.00
  }, {
    "date" : "2025-06-12",
    "price" : 2911.95,
    "dma50" : 3296.69,
    "dma100" : 3623.26,
    "dma200" : 3912.95,
    "volume" : 243.00
  }, {
    "date" : "2025-06-13",
    "price" : 2868.80,
    "dma50" : 3279.91,
    "dma100" : 3610.35,
    "dma200" : 3902.56,
    "volume" : 150.00
  }, {
    "date" : "2025-06-16",
    "price" : 2837.65,
    "dma50" : 3262.57,
    "dma100" : 3597.12,
    "dma200" : 3891.97,
    "volume" : 142.00
  }, {
    "date" : "2025-06-17",
    "price" : 2889.00,
    "dma50" : 3247.92,
    "dma100" : 3583.29,
    "dma200" : 3881.99,
    "volume" : 158.00
  }, {
    "date" : "2025-06-18",
    "price" : 2799.75,
    "dma50" : 3230.34,
    "dma100" : 3569.63,
    "dma200" : 3871.22,
    "volume" : 229.00
  }, {
    "date" : "2025-06-19",
    "price" : 2750.25,
    "dma50" : 3211.52,
    "dma100" : 3554.84,
    "dma200" : 3860.07,
    "volume" : 181.00
  }, {
    "date" : "2025-06-20",
    "price" : 2726.60,
    "dma50" : 3192.50,
    "dma100" : 3539.35,
    "dma200" : 3848.79,
    "volume" : 166.00
  }, {
    "date" : "2025-06-23",
    "price" : 2712.20,
    "dma50" : 3173.67,
    "dma100" : 3524.26,
    "dma200" : 3837.48,
    "volume" : 135.00
  }, {
    "date" : "2025-06-24",
    "price" : 2674.45,
    "dma50" : 3154.09,
    "dma100" : 3509.01,
    "dma200" : 3825.91,
    "volume" : 246.00
  }, {
    "date" : "2025-06-25",
    "price" : 2620.40,
    "dma50" : 3133.16,
    "dma100" : 3493.21,
    "dma200" : 3813.91,
    "volume" : 294.00
  }, {
    "date" : "2025-06-26",
    "price" : 2620.40,
    "dma50" : 3113.05,
    "dma100" : 3477.83,
    "dma200" : 3802.03,
    "volume" : 264.00
  }, {
    "date" : "2025-06-27",
    "price" : 2639.00,
    "dma50" : 3094.46,
    "dma100" : 3463.22,
    "dma200" : 3790.46,
    "volume" : 169.00
  }, {
    "date" : "2025-06-30",
    "price" : 2580.25,
    "dma50" : 3074.30,
    "dma100" : 3447.02,
    "dma200" : 3778.42,
    "volume" : 196.00
  }, {
    "date" : "2025-07-01",
    "price" : 2630.00,
    "dma50" : 3056.87,
    "dma100" : 3432.30,
    "dma200" : 3766.99,
    "volume" : 162.00
  }, {
    "date" : "2025-07-02",
    "price" : 2611.90,
    "dma50" : 3039.42,
    "dma100" : 3417.91,
    "dma200" : 3755.50,
    "volume" : 298.00
  }, {
    "date" : "2025-07-03",
    "price" : 2598.70,
    "dma50" : 3022.14,
    "dma100" : 3402.80,
    "dma200" : 3743.99,
    "volume" : 403.00
  }, {
    "date" : "2025-07-04",
    "price" : 2630.55,
    "dma50" : 3006.78,
    "dma100" : 3388.00,
    "dma200" : 3732.91,
    "volume" : 220.00
  }, {
    "date" : "2025-07-07",
    "price" : 2596.50,
    "dma50" : 2990.69,
    "dma100" : 3374.64,
    "dma200" : 3721.60,
    "volume" : 197.00
  }, {
    "date" : "2025-07-08",
    "price" : 2579.65,
    "dma50" : 2974.57,
    "dma100" : 3361.04,
    "dma200" : 3710.24,
    "volume" : 152.00
  }, {
    "date" : "2025-07-09",
    "price" : 2569.00,
    "dma50" : 2958.67,
    "dma100" : 3347.23,
    "dma200" : 3698.88,
    "volume" : 153.00
  }, {
    "date" : "2025-07-10",
    "price" : 2555.50,
    "dma50" : 2942.86,
    "dma100" : 3333.43,
    "dma200" : 3687.51,
    "volume" : 175.00
  }, {
    "date" : "2025-07-11",
    "price" : 2542.25,
    "dma50" : 2927.15,
    "dma100" : 3318.49,
    "dma200" : 3676.11,
    "volume" : 177.00
  }, {
    "date" : "2025-07-14",
    "price" : 2502.70,
    "dma50" : 2910.50,
    "dma100" : 3304.21,
    "dma200" : 3664.44,
    "volume" : 257.00
  }, {
    "date" : "2025-07-15",
    "price" : 2526.35,
    "dma50" : 2895.44,
    "dma100" : 3290.17,
    "dma200" : 3653.11,
    "volume" : 159.00
  }, {
    "date" : "2025-07-16",
    "price" : 2510.75,
    "dma50" : 2880.35,
    "dma100" : 3277.30,
    "dma200" : 3641.75,
    "volume" : 326.00
  }, {
    "date" : "2025-07-17",
    "price" : 2578.60,
    "dma50" : 2868.52,
    "dma100" : 3265.59,
    "dma200" : 3631.17,
    "volume" : 259.00
  }, {
    "date" : "2025-07-18",
    "price" : 2503.05,
    "dma50" : 2854.19,
    "dma100" : 3253.11,
    "dma200" : 3619.94,
    "volume" : 684.00
  }, {
    "date" : "2025-07-21",
    "price" : 2521.65,
    "dma50" : 2841.15,
    "dma100" : 3238.84,
    "dma200" : 3609.01,
    "volume" : 89.00
  }, {
    "date" : "2025-07-22",
    "price" : 2498.90,
    "dma50" : 2827.73,
    "dma100" : 3223.86,
    "dma200" : 3597.97,
    "volume" : 58.00
  }, {
    "date" : "2025-07-23",
    "price" : 2506.50,
    "dma50" : 2815.13,
    "dma100" : 3209.19,
    "dma200" : 3587.11,
    "volume" : 42.00
  }, {
    "date" : "2025-07-24",
    "price" : 2502.55,
    "dma50" : 2802.87,
    "dma100" : 3196.68,
    "dma200" : 3576.32,
    "volume" : 114.00
  }, {
    "date" : "2025-07-25",
    "price" : 2448.80,
    "dma50" : 2788.98,
    "dma100" : 3183.67,
    "dma200" : 3565.10,
    "volume" : 335.00
  }, {
    "date" : "2025-07-28",
    "price" : 2401.00,
    "dma50" : 2773.77,
    "dma100" : 3170.18,
    "dma200" : 3553.51,
    "volume" : 281.00
  }, {
    "date" : "2025-07-29",
    "price" : 2287.70,
    "dma50" : 2754.71,
    "dma100" : 3157.25,
    "dma200" : 3540.92,
    "volume" : 315.00
  }, {
    "date" : "2025-07-30",
    "price" : 2224.95,
    "dma50" : 2733.93,
    "dma100" : 3143.00,
    "dma200" : 3527.82,
    "volume" : 342.00
  }, {
    "date" : "2025-07-31",
    "price" : 2138.00,
    "dma50" : 2710.56,
    "dma100" : 3129.51,
    "dma200" : 3513.99,
    "volume" : 290.00
  }, {
    "date" : "2025-08-01",
    "price" : 2050.20,
    "dma50" : 2684.67,
    "dma100" : 3113.01,
    "dma200" : 3499.43,
    "volume" : 355.00
  }, {
    "date" : "2025-08-04",
    "price" : 1966.45,
    "dma50" : 2656.50,
    "dma100" : 3096.07,
    "dma200" : 3484.18,
    "volume" : 238.00
  }, {
    "date" : "2025-08-05",
    "price" : 1967.30,
    "dma50" : 2629.47,
    "dma100" : 3078.92,
    "dma200" : 3469.08,
    "volume" : 241.00
  }, {
    "date" : "2025-08-06",
    "price" : 1935.40,
    "dma50" : 2602.26,
    "dma100" : 3061.44,
    "dma200" : 3453.82,
    "volume" : 314.00
  }, {
    "date" : "2025-08-07",
    "price" : 1889.05,
    "dma50" : 2574.29,
    "dma100" : 3043.56,
    "dma200" : 3438.25,
    "volume" : 239.00
  }, {
    "date" : "2025-08-08",
    "price" : 1817.25,
    "dma50" : 2544.60,
    "dma100" : 3025.03,
    "dma200" : 3422.12,
    "volume" : 198.00
  }, {
    "date" : "2025-08-11",
    "price" : 1798.30,
    "dma50" : 2515.33,
    "dma100" : 3006.31,
    "dma200" : 3405.97,
    "volume" : 257.00
  }, {
    "date" : "2025-08-12",
    "price" : 1760.25,
    "dma50" : 2485.72,
    "dma100" : 2987.24,
    "dma200" : 3389.59,
    "volume" : 172.00
  }, {
    "date" : "2025-08-13",
    "price" : 1774.60,
    "dma50" : 2457.83,
    "dma100" : 2968.49,
    "dma200" : 3373.52,
    "volume" : 182.00
  }, {
    "date" : "2025-08-14",
    "price" : 1875.55,
    "dma50" : 2435.00,
    "dma100" : 2950.71,
    "dma200" : 3358.62,
    "volume" : 629.00
  }, {
    "date" : "2025-08-18",
    "price" : 1875.60,
    "dma50" : 2413.06,
    "dma100" : 2932.47,
    "dma200" : 3343.86,
    "volume" : 254.00
  }, {
    "date" : "2025-08-19",
    "price" : 1929.60,
    "dma50" : 2394.10,
    "dma100" : 2914.94,
    "dma200" : 3329.79,
    "volume" : 91.00
  }, {
    "date" : "2025-08-20",
    "price" : 1918.00,
    "dma50" : 2375.43,
    "dma100" : 2898.02,
    "dma200" : 3315.74,
    "volume" : 699.00
  }, {
    "date" : "2025-08-21",
    "price" : 1875.35,
    "dma50" : 2355.82,
    "dma100" : 2880.30,
    "dma200" : 3301.41,
    "volume" : 230.00
  }, {
    "date" : "2025-08-22",
    "price" : 1903.85,
    "dma50" : 2338.10,
    "dma100" : 2863.51,
    "dma200" : 3287.50,
    "volume" : 198.00
  }, {
    "date" : "2025-08-25",
    "price" : 1835.55,
    "dma50" : 2318.39,
    "dma100" : 2846.32,
    "dma200" : 3273.05,
    "volume" : 244.00
  }, {
    "date" : "2025-08-26",
    "price" : 1795.10,
    "dma50" : 2297.87,
    "dma100" : 2829.16,
    "dma200" : 3258.35,
    "volume" : 137.00
  }, {
    "date" : "2025-08-28",
    "price" : 1791.65,
    "dma50" : 2278.02,
    "dma100" : 2810.92,
    "dma200" : 3243.75,
    "volume" : 98.00
  }, {
    "date" : "2025-08-29",
    "price" : 1752.00,
    "dma50" : 2257.39,
    "dma100" : 2792.72,
    "dma200" : 3228.91,
    "volume" : 138.00
  }, {
    "date" : "2025-09-01",
    "price" : 1829.50,
    "dma50" : 2240.61,
    "dma100" : 2774.06,
    "dma200" : 3214.99,
    "volume" : 281.00
  }, {
    "date" : "2025-09-02",
    "price" : 1832.90,
    "dma50" : 2224.62,
    "dma100" : 2757.97,
    "dma200" : 3201.23,
    "volume" : 213.00
  }, {
    "date" : "2025-09-03",
    "price" : 1834.50,
    "dma50" : 2209.32,
    "dma100" : 2740.57,
    "dma200" : 3187.63,
    "volume" : 256.00
  }, {
    "date" : "2025-09-04",
    "price" : 1808.20,
    "dma50" : 2193.59,
    "dma100" : 2722.20,
    "dma200" : 3173.91,
    "volume" : 160.00
  }, {
    "date" : "2025-09-05",
    "price" : 1760.60,
    "dma50" : 2176.61,
    "dma100" : 2703.79,
    "dma200" : 3159.85,
    "volume" : 240.00
  }, {
    "date" : "2025-09-08",
    "price" : 1756.75,
    "dma50" : 2160.15,
    "dma100" : 2684.65,
    "dma200" : 3145.88,
    "volume" : 160.00
  }, {
    "date" : "2025-09-09",
    "price" : 1816.85,
    "dma50" : 2146.68,
    "dma100" : 2664.37,
    "dma200" : 3132.66,
    "volume" : 184.00
  }, {
    "date" : "2025-09-10",
    "price" : 1777.45,
    "dma50" : 2132.20,
    "dma100" : 2642.93,
    "dma200" : 3119.18,
    "volume" : 206.00
  }, {
    "date" : "2025-09-11",
    "price" : 1750.80,
    "dma50" : 2117.25,
    "dma100" : 2622.04,
    "dma200" : 3105.56,
    "volume" : 161.00
  }, {
    "date" : "2025-09-12",
    "price" : 1741.90,
    "dma50" : 2102.53,
    "dma100" : 2601.50,
    "dma200" : 3091.99,
    "volume" : 381.00
  }, {
    "date" : "2025-09-15",
    "price" : 1758.20,
    "dma50" : 2089.02,
    "dma100" : 2581.78,
    "dma200" : 3078.72,
    "volume" : 403.00
  }, {
    "date" : "2025-09-16",
    "price" : 1774.25,
    "dma50" : 2076.68,
    "dma100" : 2561.53,
    "dma200" : 3065.74,
    "volume" : 392.00
  }, {
    "date" : "2025-09-17",
    "price" : 1811.40,
    "dma50" : 2066.28,
    "dma100" : 2543.37,
    "dma200" : 3053.26,
    "volume" : 436.00
  }, {
    "date" : "2025-09-18",
    "price" : 1805.00,
    "dma50" : 2056.03,
    "dma100" : 2524.82,
    "dma200" : 3040.84,
    "volume" : 66.00
  }, {
    "date" : "2025-09-19",
    "price" : 1742.25,
    "dma50" : 2043.73,
    "dma100" : 2505.55,
    "dma200" : 3027.92,
    "volume" : 238.00
  }, {
    "date" : "2025-09-22",
    "price" : 1768.85,
    "dma50" : 2032.95,
    "dma100" : 2489.06,
    "dma200" : 3015.39,
    "volume" : 307.00
  }, {
    "date" : "2025-09-23",
    "price" : 1782.45,
    "dma50" : 2023.12,
    "dma100" : 2471.22,
    "dma200" : 3003.12,
    "volume" : 98.00
  }, {
    "date" : "2025-09-24",
    "price" : 1783.05,
    "dma50" : 2013.71,
    "dma100" : 2454.36,
    "dma200" : 2990.98,
    "volume" : 217.00
  }, {
    "date" : "2025-09-25",
    "price" : 1769.75,
    "dma50" : 2004.14,
    "dma100" : 2438.56,
    "dma200" : 2978.83,
    "volume" : 202.00
  }, {
    "date" : "2025-09-26",
    "price" : 1796.75,
    "dma50" : 1996.01,
    "dma100" : 2422.73,
    "dma200" : 2967.07,
    "volume" : 245.00
  }, {
    "date" : "2025-09-29",
    "price" : 1781.10,
    "dma50" : 1987.58,
    "dma100" : 2406.98,
    "dma200" : 2955.27,
    "volume" : 86.00
  }, {
    "date" : "2025-09-30",
    "price" : 1783.75,
    "dma50" : 1979.59,
    "dma100" : 2392.94,
    "dma200" : 2943.61,
    "volume" : 154.00
  }, {
    "date" : "2025-10-01",
    "price" : 1770.50,
    "dma50" : 1971.39,
    "dma100" : 2378.53,
    "dma200" : 2931.94,
    "volume" : 119.00
  }, {
    "date" : "2025-10-03",
    "price" : 1741.00,
    "dma50" : 1962.35,
    "dma100" : 2364.44,
    "dma200" : 2920.09,
    "volume" : 229.00
  }, {
    "date" : "2025-10-06",
    "price" : 1757.40,
    "dma50" : 1954.32,
    "dma100" : 2349.26,
    "dma200" : 2908.52,
    "volume" : 338.00
  }, {
    "date" : "2025-10-07",
    "price" : 1742.75,
    "dma50" : 1946.02,
    "dma100" : 2334.41,
    "dma200" : 2896.92,
    "volume" : 184.00
  }, {
    "date" : "2025-10-08",
    "price" : 1741.25,
    "dma50" : 1937.99,
    "dma100" : 2318.92,
    "dma200" : 2885.42,
    "volume" : 155.00
  }, {
    "date" : "2025-10-09",
    "price" : 1745.00,
    "dma50" : 1930.42,
    "dma100" : 2304.14,
    "dma200" : 2874.07,
    "volume" : 218.00
  }, {
    "date" : "2025-10-10",
    "price" : 1750.90,
    "dma50" : 1923.38,
    "dma100" : 2288.80,
    "dma200" : 2862.90,
    "volume" : 251.00
  }, {
    "date" : "2025-10-13",
    "price" : 1730.65,
    "dma50" : 1915.82,
    "dma100" : 2273.07,
    "dma200" : 2851.63,
    "volume" : 293.00
  }, {
    "date" : "2025-10-14",
    "price" : 1718.95,
    "dma50" : 1908.10,
    "dma100" : 2258.12,
    "dma200" : 2840.36,
    "volume" : 119.00
  }, {
    "date" : "2025-10-15",
    "price" : 1733.05,
    "dma50" : 1901.24,
    "dma100" : 2243.70,
    "dma200" : 2829.34,
    "volume" : 163.00
  }, {
    "date" : "2025-10-16",
    "price" : 1743.65,
    "dma50" : 1895.06,
    "dma100" : 2229.18,
    "dma200" : 2818.54,
    "volume" : 250.00
  }, {
    "date" : "2025-10-17",
    "price" : 1739.90,
    "dma50" : 1888.97,
    "dma100" : 2214.71,
    "dma200" : 2807.81,
    "volume" : 212.00
  }, {
    "date" : "2025-10-20",
    "price" : 1755.00,
    "dma50" : 1883.72,
    "dma100" : 2201.18,
    "dma200" : 2797.33,
    "volume" : 9.00
  }, {
    "date" : "2025-10-21",
    "price" : 1750.20,
    "dma50" : 1878.48,
    "dma100" : 2188.80,
    "dma200" : 2786.91,
    "volume" : 15.00
  }, {
    "date" : "2025-10-23",
    "price" : 1735.80,
    "dma50" : 1872.89,
    "dma100" : 2176.20,
    "dma200" : 2776.45,
    "volume" : 256.00
  }, {
    "date" : "2025-10-24",
    "price" : 1716.15,
    "dma50" : 1866.74,
    "dma100" : 2163.57,
    "dma200" : 2765.90,
    "volume" : 315.00
  }, {
    "date" : "2025-10-27",
    "price" : 1712.65,
    "dma50" : 1860.70,
    "dma100" : 2150.84,
    "dma200" : 2755.42,
    "volume" : 131.00
  }, {
    "date" : "2025-10-28",
    "price" : 1721.40,
    "dma50" : 1855.24,
    "dma100" : 2138.47,
    "dma200" : 2745.13,
    "volume" : 49.00
  }, {
    "date" : "2025-10-29",
    "price" : 1719.70,
    "dma50" : 1849.92,
    "dma100" : 2126.14,
    "dma200" : 2734.93,
    "volume" : 123.00
  }, {
    "date" : "2025-10-30",
    "price" : 1741.80,
    "dma50" : 1845.68,
    "dma100" : 2114.27,
    "dma200" : 2725.05,
    "volume" : 61.00
  }, {
    "date" : "2025-10-31",
    "price" : 1719.75,
    "dma50" : 1840.74,
    "dma100" : 2102.12,
    "dma200" : 2715.04,
    "volume" : 216.00
  }, {
    "date" : "2025-11-03",
    "price" : 1718.85,
    "dma50" : 1835.96,
    "dma100" : 2090.05,
    "dma200" : 2705.13,
    "volume" : 126.00
  }, {
    "date" : "2025-11-04",
    "price" : 1730.15,
    "dma50" : 1831.81,
    "dma100" : 2078.10,
    "dma200" : 2695.43,
    "volume" : 162.00
  }, {
    "date" : "2025-11-06",
    "price" : 1733.15,
    "dma50" : 1827.94,
    "dma100" : 2066.31,
    "dma200" : 2685.86,
    "volume" : 100.00
  }, {
    "date" : "2025-11-07",
    "price" : 1717.25,
    "dma50" : 1823.60,
    "dma100" : 2054.80,
    "dma200" : 2676.22,
    "volume" : 161.00
  }, {
    "date" : "2025-11-10",
    "price" : 1713.90,
    "dma50" : 1819.30,
    "dma100" : 2043.56,
    "dma200" : 2666.64,
    "volume" : 125.00
  }, {
    "date" : "2025-11-11",
    "price" : 1734.80,
    "dma50" : 1815.99,
    "dma100" : 2032.02,
    "dma200" : 2657.37,
    "volume" : 75.00
  }, {
    "date" : "2025-11-12",
    "price" : 1718.30,
    "dma50" : 1812.16,
    "dma100" : 2021.20,
    "dma200" : 2648.03,
    "volume" : 263.00
  }, {
    "date" : "2025-11-13",
    "price" : 1709.90,
    "dma50" : 1808.15,
    "dma100" : 2010.80,
    "dma200" : 2638.69,
    "volume" : 202.00
  }, {
    "date" : "2025-11-14",
    "price" : 1712.60,
    "dma50" : 1804.40,
    "dma100" : 2000.66,
    "dma200" : 2629.48,
    "volume" : 109.00
  }, {
    "date" : "2025-11-17",
    "price" : 1706.90,
    "dma50" : 1800.58,
    "dma100" : 1990.61,
    "dma200" : 2620.30,
    "volume" : 201.00
  }, {
    "date" : "2025-11-18",
    "price" : 1713.00,
    "dma50" : 1797.14,
    "dma100" : 1980.99,
    "dma200" : 2611.27,
    "volume" : 81.00
  }, {
    "date" : "2025-11-19",
    "price" : 1700.20,
    "dma50" : 1793.34,
    "dma100" : 1971.79,
    "dma200" : 2602.20,
    "volume" : 62.00
  }, {
    "date" : "2025-11-20",
    "price" : 1659.65,
    "dma50" : 1788.10,
    "dma100" : 1962.18,
    "dma200" : 2592.83,
    "volume" : 125.00
  }, {
    "date" : "2025-11-21",
    "price" : 1580.45,
    "dma50" : 1779.95,
    "dma100" : 1951.60,
    "dma200" : 2582.75,
    "volume" : 176.00
  }, {
    "date" : "2025-11-24",
    "price" : 1506.75,
    "dma50" : 1769.24,
    "dma100" : 1940.86,
    "dma200" : 2572.05,
    "volume" : 352.00
  }, {
    "date" : "2025-11-25",
    "price" : 1433.15,
    "dma50" : 1756.06,
    "dma100" : 1928.89,
    "dma200" : 2560.71,
    "volume" : 357.00
  }, {
    "date" : "2025-11-26",
    "price" : 1446.55,
    "dma50" : 1743.92,
    "dma100" : 1917.24,
    "dma200" : 2549.63,
    "volume" : 95.00
  }, {
    "date" : "2025-11-27",
    "price" : 1426.75,
    "dma50" : 1731.48,
    "dma100" : 1905.52,
    "dma200" : 2538.45,
    "volume" : 97.00
  }, {
    "date" : "2025-11-28",
    "price" : 1430.00,
    "dma50" : 1719.66,
    "dma100" : 1893.51,
    "dma200" : 2527.43,
    "volume" : 121.00
  } ],
  "latestTechnicalAttributes" : {
    "date" : "2025-11-28",
    "price" : 1430.00,
    "dma50" : 1719.66,
    "dma100" : 1893.51,
    "dma200" : 2527.43,
    "volume" : 121.00
  },
  "quarterlyResults" : [ {
    "date" : "2005-03-31",
    "sales" : 0.00,
    "salesGrowthYoY" : null,
    "grossProfitMargin" : 0.00,
    "grossProfit" : 0.00,
    "operatingProfitMargin" : 0.00,
    "operatingProfit" : 0.00,
    "netProfitMargin" : 0.00,
    "netProfit" : 0.00
  }, {
    "date" : "2005-06-30",
    "sales" : 0.00,
    "salesGrowthYoY" : null,
    "grossProfitMargin" : 0.00,
    "grossProfit" : 0.00,
    "operatingProfitMargin" : 0.00,
    "operatingProfit" : 0.00,
    "netProfitMargin" : 0.00,
    "netProfit" : 0.00
  }, {
    "date" : "2005-09-30",
    "sales" : 0.00,
    "salesGrowthYoY" : null,
    "grossProfitMargin" : 0.00,
    "grossProfit" : 0.00,
    "operatingProfitMargin" : 0.00,
    "operatingProfit" : 0.00,
    "netProfitMargin" : 0.00,
    "netProfit" : 0.00
  }, {
    "date" : "2005-12-31",
    "sales" : 0.00,
    "salesGrowthYoY" : null,
    "grossProfitMargin" : 0.00,
    "grossProfit" : 0.00,
    "operatingProfitMargin" : 0.00,
    "operatingProfit" : 0.00,
    "netProfitMargin" : 0.00,
    "netProfit" : 0.00
  }, {
    "date" : "2006-03-31",
    "sales" : 0.00,
    "salesGrowthYoY" : 0.00,
    "grossProfitMargin" : 0.00,
    "grossProfit" : 0.00,
    "operatingProfitMargin" : 0.00,
    "operatingProfit" : 0.00,
    "netProfitMargin" : 0.00,
    "netProfit" : 0.00
  }, {
    "date" : "2006-06-30",
    "sales" : 0.00,
    "salesGrowthYoY" : 0.00,
    "grossProfitMargin" : 0.00,
    "grossProfit" : 0.00,
    "operatingProfitMargin" : 0.00,
    "operatingProfit" : 0.00,
    "netProfitMargin" : 0.00,
    "netProfit" : 0.00
  }, {
    "date" : "2006-09-30",
    "sales" : 0.00,
    "salesGrowthYoY" : 0.00,
    "grossProfitMargin" : 0.00,
    "grossProfit" : 0.00,
    "operatingProfitMargin" : 0.00,
    "operatingProfit" : 0.00,
    "netProfitMargin" : 0.00,
    "netProfit" : 0.00
  }, {
    "date" : "2006-12-31",
    "sales" : 0.00,
    "salesGrowthYoY" : 0.00,
    "grossProfitMargin" : 0.00,
    "grossProfit" : 0.00,
    "operatingProfitMargin" : 0.00,
    "operatingProfit" : 0.00,
    "netProfitMargin" : 0.00,
    "netProfit" : 0.00
  }, {
    "date" : "2007-03-31",
    "sales" : 0.00,
    "salesGrowthYoY" : 0.00,
    "grossProfitMargin" : 0.00,
    "grossProfit" : 0.00,
    "operatingProfitMargin" : 0.00,
    "operatingProfit" : 0.00,
    "netProfitMargin" : 0.00,
    "netProfit" : 0.00
  }, {
    "date" : "2007-06-30",
    "sales" : 0.00,
    "salesGrowthYoY" : 0.00,
    "grossProfitMargin" : 0.00,
    "grossProfit" : 0.00,
    "operatingProfitMargin" : 0.00,
    "operatingProfit" : 0.00,
    "netProfitMargin" : 0.00,
    "netProfit" : 0.00
  }, {
    "date" : "2007-09-30",
    "sales" : 0.00,
    "salesGrowthYoY" : 0.00,
    "grossProfitMargin" : 0.00,
    "grossProfit" : 0.00,
    "operatingProfitMargin" : 0.00,
    "operatingProfit" : 0.00,
    "netProfitMargin" : 0.00,
    "netProfit" : 0.00
  }, {
    "date" : "2007-12-31",
    "sales" : 0.51,
    "salesGrowthYoY" : 100.00,
    "grossProfitMargin" : 100.00,
    "grossProfit" : 0.51,
    "operatingProfitMargin" : 68.63,
    "operatingProfit" : 0.35,
    "netProfitMargin" : 60.78,
    "netProfit" : 0.31
  }, {
    "date" : "2008-03-31",
    "sales" : 0.05,
    "salesGrowthYoY" : 100.00,
    "grossProfitMargin" : 100.00,
    "grossProfit" : 0.05,
    "operatingProfitMargin" : -3900.00,
    "operatingProfit" : -1.95,
    "netProfitMargin" : -3920.00,
    "netProfit" : -1.96
  }, {
    "date" : "2008-06-30",
    "sales" : 0.18,
    "salesGrowthYoY" : 100.00,
    "grossProfitMargin" : 100.00,
    "grossProfit" : 0.18,
    "operatingProfitMargin" : -238.89,
    "operatingProfit" : -0.43,
    "netProfitMargin" : 4661.11,
    "netProfit" : 8.39
  }, {
    "date" : "2008-09-30",
    "sales" : 0.20,
    "salesGrowthYoY" : 100.00,
    "grossProfitMargin" : 100.00,
    "grossProfit" : 0.20,
    "operatingProfitMargin" : -480.00,
    "operatingProfit" : -0.96,
    "netProfitMargin" : -405.00,
    "netProfit" : -0.81
  }, {
    "date" : "2008-12-31",
    "sales" : 0.00,
    "salesGrowthYoY" : -100.00,
    "grossProfitMargin" : 0.00,
    "grossProfit" : 0.00,
    "operatingProfitMargin" : 0.00,
    "operatingProfit" : 0.00,
    "netProfitMargin" : 0.00,
    "netProfit" : 0.00
  }, {
    "date" : "2009-06-30",
    "sales" : 0.00,
    "salesGrowthYoY" : -100.00,
    "grossProfitMargin" : 0.00,
    "grossProfit" : 0.00,
    "operatingProfitMargin" : 0.00,
    "operatingProfit" : 0.00,
    "netProfitMargin" : 0.00,
    "netProfit" : 0.00
  }, {
    "date" : "2009-09-30",
    "sales" : 0.00,
    "salesGrowthYoY" : -100.00,
    "grossProfitMargin" : 0.00,
    "grossProfit" : 0.00,
    "operatingProfitMargin" : 0.00,
    "operatingProfit" : 0.00,
    "netProfitMargin" : 0.00,
    "netProfit" : 0.00
  }, {
    "date" : "2009-12-31",
    "sales" : 0.00,
    "salesGrowthYoY" : -100.00,
    "grossProfitMargin" : 0.00,
    "grossProfit" : 0.00,
    "operatingProfitMargin" : 0.00,
    "operatingProfit" : 0.00,
    "netProfitMargin" : 0.00,
    "netProfit" : 0.00
  }, {
    "date" : "2010-03-31",
    "sales" : 0.00,
    "salesGrowthYoY" : 0.00,
    "grossProfitMargin" : 0.00,
    "grossProfit" : 0.00,
    "operatingProfitMargin" : 0.00,
    "operatingProfit" : 0.00,
    "netProfitMargin" : 0.00,
    "netProfit" : 0.00
  }, {
    "date" : "2010-06-30",
    "sales" : 0.00,
    "salesGrowthYoY" : 0.00,
    "grossProfitMargin" : 0.00,
    "grossProfit" : 0.00,
    "operatingProfitMargin" : 0.00,
    "operatingProfit" : 0.00,
    "netProfitMargin" : 0.00,
    "netProfit" : 0.00
  }, {
    "date" : "2010-09-30",
    "sales" : 0.01,
    "salesGrowthYoY" : 100.00,
    "grossProfitMargin" : 77100.00,
    "grossProfit" : 7.71,
    "operatingProfitMargin" : -10900.00,
    "operatingProfit" : -1.09,
    "netProfitMargin" : -10900.00,
    "netProfit" : -1.09
  }, {
    "date" : "2010-12-31",
    "sales" : 0.01,
    "salesGrowthYoY" : 100.00,
    "grossProfitMargin" : 14900.00,
    "grossProfit" : 1.49,
    "operatingProfitMargin" : -1100.00,
    "operatingProfit" : -0.11,
    "netProfitMargin" : -4200.00,
    "netProfit" : -0.42
  }, {
    "date" : "2011-03-31",
    "sales" : 0.00,
    "salesGrowthYoY" : 0.00,
    "grossProfitMargin" : 0.00,
    "grossProfit" : 0.00,
    "operatingProfitMargin" : 0.00,
    "operatingProfit" : 0.00,
    "netProfitMargin" : 0.00,
    "netProfit" : 0.00
  }, {
    "date" : "2011-06-30",
    "sales" : 0.00,
    "salesGrowthYoY" : 0.00,
    "grossProfitMargin" : 0.00,
    "grossProfit" : 0.00,
    "operatingProfitMargin" : 0.00,
    "operatingProfit" : 0.00,
    "netProfitMargin" : 0.00,
    "netProfit" : 0.00
  }, {
    "date" : "2011-09-30",
    "sales" : 0.02,
    "salesGrowthYoY" : 100.00,
    "grossProfitMargin" : 6850.00,
    "grossProfit" : 1.37,
    "operatingProfitMargin" : -1400.00,
    "operatingProfit" : -0.28,
    "netProfitMargin" : -5950.00,
    "netProfit" : -1.19
  }, {
    "date" : "2011-12-31",
    "sales" : 0.00,
    "salesGrowthYoY" : -100.00,
    "grossProfitMargin" : 0.00,
    "grossProfit" : 0.00,
    "operatingProfitMargin" : 0.00,
    "operatingProfit" : 0.00,
    "netProfitMargin" : 0.00,
    "netProfit" : 0.00
  }, {
    "date" : "2012-03-31",
    "sales" : 11.19,
    "salesGrowthYoY" : 100.00,
    "grossProfitMargin" : 70.60,
    "grossProfit" : 7.90,
    "operatingProfitMargin" : -10.10,
    "operatingProfit" : -1.13,
    "netProfitMargin" : 88.47,
    "netProfit" : 9.90
  }, {
    "date" : "2012-06-30",
    "sales" : 0.01,
    "salesGrowthYoY" : 100.00,
    "grossProfitMargin" : 40400.00,
    "grossProfit" : 4.04,
    "operatingProfitMargin" : -1300.00,
    "operatingProfit" : -0.13,
    "netProfitMargin" : -6300.00,
    "netProfit" : -0.63
  }, {
    "date" : "2012-09-30",
    "sales" : 0.00,
    "salesGrowthYoY" : -100.00,
    "grossProfitMargin" : 0.00,
    "grossProfit" : 0.00,
    "operatingProfitMargin" : 0.00,
    "operatingProfit" : 0.00,
    "netProfitMargin" : 0.00,
    "netProfit" : 0.00
  }, {
    "date" : "2012-12-31",
    "sales" : 13.74,
    "salesGrowthYoY" : 100.00,
    "grossProfitMargin" : 166.23,
    "grossProfit" : 22.84,
    "operatingProfitMargin" : 32.31,
    "operatingProfit" : 4.44,
    "netProfitMargin" : 18.20,
    "netProfit" : 2.50
  }, {
    "date" : "2013-03-31",
    "sales" : 17.63,
    "salesGrowthYoY" : 57.55,
    "grossProfitMargin" : 183.32,
    "grossProfit" : 32.32,
    "operatingProfitMargin" : 43.96,
    "operatingProfit" : 7.75,
    "netProfitMargin" : 28.76,
    "netProfit" : 5.07
  }, {
    "date" : "2013-06-30",
    "sales" : 51.71,
    "salesGrowthYoY" : 517000.00,
    "grossProfitMargin" : 71.61,
    "grossProfit" : 37.03,
    "operatingProfitMargin" : 53.34,
    "operatingProfit" : 27.58,
    "netProfitMargin" : 35.27,
    "netProfit" : 18.24
  }, {
    "date" : "2013-09-30",
    "sales" : 31.50,
    "salesGrowthYoY" : 100.00,
    "grossProfitMargin" : 93.08,
    "grossProfit" : 29.32,
    "operatingProfitMargin" : 49.33,
    "operatingProfit" : 15.54,
    "netProfitMargin" : 33.11,
    "netProfit" : 10.43
  }, {
    "date" : "2013-12-31",
    "sales" : 19.07,
    "salesGrowthYoY" : 38.79,
    "grossProfitMargin" : 123.60,
    "grossProfit" : 23.57,
    "operatingProfitMargin" : 21.03,
    "operatingProfit" : 4.01,
    "netProfitMargin" : 14.05,
    "netProfit" : 2.68
  }, {
    "date" : "2014-03-31",
    "sales" : 8.51,
    "salesGrowthYoY" : -51.73,
    "grossProfitMargin" : 187.31,
    "grossProfit" : 15.94,
    "operatingProfitMargin" : -14.69,
    "operatingProfit" : -1.25,
    "netProfitMargin" : -1.18,
    "netProfit" : -0.10
  }, {
    "date" : "2014-06-30",
    "sales" : 9.07,
    "salesGrowthYoY" : -82.46,
    "grossProfitMargin" : 233.08,
    "grossProfit" : 21.14,
    "operatingProfitMargin" : 40.35,
    "operatingProfit" : 3.66,
    "netProfitMargin" : 24.92,
    "netProfit" : 2.26
  }, {
    "date" : "2014-09-30",
    "sales" : 5.68,
    "salesGrowthYoY" : -81.97,
    "grossProfitMargin" : 297.01,
    "grossProfit" : 16.87,
    "operatingProfitMargin" : 15.67,
    "operatingProfit" : 0.89,
    "netProfitMargin" : 4.93,
    "netProfit" : 0.28
  }, {
    "date" : "2014-12-31",
    "sales" : 53.24,
    "salesGrowthYoY" : 179.18,
    "grossProfitMargin" : 55.77,
    "grossProfit" : 29.69,
    "operatingProfitMargin" : 51.09,
    "operatingProfit" : 27.20,
    "netProfitMargin" : 33.38,
    "netProfit" : 17.77
  }, {
    "date" : "2015-03-31",
    "sales" : 79.90,
    "salesGrowthYoY" : 838.90,
    "grossProfitMargin" : 47.86,
    "grossProfit" : 38.24,
    "operatingProfitMargin" : 42.03,
    "operatingProfit" : 33.58,
    "netProfitMargin" : 27.62,
    "netProfit" : 22.07
  }, {
    "date" : "2015-06-30",
    "sales" : 34.38,
    "salesGrowthYoY" : 279.05,
    "grossProfitMargin" : 56.86,
    "grossProfit" : 19.55,
    "operatingProfitMargin" : 52.44,
    "operatingProfit" : 18.03,
    "netProfitMargin" : 33.28,
    "netProfit" : 11.44
  }, {
    "date" : "2015-09-30",
    "sales" : 39.84,
    "salesGrowthYoY" : 601.41,
    "grossProfitMargin" : 57.05,
    "grossProfit" : 22.73,
    "operatingProfitMargin" : 49.80,
    "operatingProfit" : 19.84,
    "netProfitMargin" : 42.14,
    "netProfit" : 16.79
  }, {
    "date" : "2015-12-31",
    "sales" : 37.40,
    "salesGrowthYoY" : -29.75,
    "grossProfitMargin" : 57.94,
    "grossProfit" : 21.67,
    "operatingProfitMargin" : 52.49,
    "operatingProfit" : 19.63,
    "netProfitMargin" : 32.46,
    "netProfit" : 12.14
  }, {
    "date" : "2016-03-31",
    "sales" : 72.49,
    "salesGrowthYoY" : -9.27,
    "grossProfitMargin" : 52.77,
    "grossProfit" : 38.25,
    "operatingProfitMargin" : 43.44,
    "operatingProfit" : 31.49,
    "netProfitMargin" : 27.95,
    "netProfit" : 20.26
  }, {
    "date" : "2016-06-30",
    "sales" : 56.26,
    "salesGrowthYoY" : 63.64,
    "grossProfitMargin" : 61.32,
    "grossProfit" : 34.50,
    "operatingProfitMargin" : 55.31,
    "operatingProfit" : 31.12,
    "netProfitMargin" : 35.00,
    "netProfit" : 19.69
  }, {
    "date" : "2016-09-30",
    "sales" : 26.39,
    "salesGrowthYoY" : -33.76,
    "grossProfitMargin" : 65.90,
    "grossProfit" : 17.39,
    "operatingProfitMargin" : 62.49,
    "operatingProfit" : 16.49,
    "netProfitMargin" : 33.46,
    "netProfit" : 8.83
  }, {
    "date" : "2016-12-31",
    "sales" : 28.10,
    "salesGrowthYoY" : -24.87,
    "grossProfitMargin" : 65.23,
    "grossProfit" : 18.33,
    "operatingProfitMargin" : 44.73,
    "operatingProfit" : 12.57,
    "netProfitMargin" : 39.93,
    "netProfit" : 11.22
  }, {
    "date" : "2017-03-31",
    "sales" : 0.58,
    "salesGrowthYoY" : -99.20,
    "grossProfitMargin" : 22.41,
    "grossProfit" : 0.13,
    "operatingProfitMargin" : -155.17,
    "operatingProfit" : -0.90,
    "netProfitMargin" : 287.93,
    "netProfit" : 1.67
  }, {
    "date" : "2017-06-30",
    "sales" : 3.04,
    "salesGrowthYoY" : -94.60,
    "grossProfitMargin" : 54.61,
    "grossProfit" : 1.66,
    "operatingProfitMargin" : -2.63,
    "operatingProfit" : -0.08,
    "netProfitMargin" : 45.39,
    "netProfit" : 1.38
  }, {
    "date" : "2017-09-30",
    "sales" : 9.35,
    "salesGrowthYoY" : -64.57,
    "grossProfitMargin" : 55.94,
    "grossProfit" : 5.23,
    "operatingProfitMargin" : 53.90,
    "operatingProfit" : 5.04,
    "netProfitMargin" : 37.43,
    "netProfit" : 3.50
  }, {
    "date" : "2017-12-31",
    "sales" : 12.03,
    "salesGrowthYoY" : -57.19,
    "grossProfitMargin" : 11.55,
    "grossProfit" : 1.39,
    "operatingProfitMargin" : 10.64,
    "operatingProfit" : 1.28,
    "netProfitMargin" : 13.38,
    "netProfit" : 1.61
  }, {
    "date" : "2018-03-31",
    "sales" : 11.06,
    "salesGrowthYoY" : 1806.90,
    "grossProfitMargin" : 70.16,
    "grossProfit" : 7.76,
    "operatingProfitMargin" : 36.89,
    "operatingProfit" : 4.08,
    "netProfitMargin" : 41.86,
    "netProfit" : 4.63
  }, {
    "date" : "2018-06-30",
    "sales" : 3.95,
    "salesGrowthYoY" : 29.93,
    "grossProfitMargin" : 59.75,
    "grossProfit" : 2.36,
    "operatingProfitMargin" : 47.85,
    "operatingProfit" : 1.89,
    "netProfitMargin" : 67.85,
    "netProfit" : 2.68
  }, {
    "date" : "2018-09-30",
    "sales" : 6.19,
    "salesGrowthYoY" : -33.80,
    "grossProfitMargin" : -36.03,
    "grossProfit" : -2.23,
    "operatingProfitMargin" : -64.94,
    "operatingProfit" : -4.02,
    "netProfitMargin" : -19.39,
    "netProfit" : -1.20
  }, {
    "date" : "2018-12-31",
    "sales" : 3.12,
    "salesGrowthYoY" : -74.06,
    "grossProfitMargin" : 0.64,
    "grossProfit" : 0.02,
    "operatingProfitMargin" : -46.79,
    "operatingProfit" : -1.46,
    "netProfitMargin" : 30.45,
    "netProfit" : 0.95
  }, {
    "date" : "2019-03-31",
    "sales" : 0.56,
    "salesGrowthYoY" : -94.94,
    "grossProfitMargin" : 100.00,
    "grossProfit" : 0.56,
    "operatingProfitMargin" : -239.29,
    "operatingProfit" : -1.34,
    "netProfitMargin" : 414.29,
    "netProfit" : 2.32
  }, {
    "date" : "2019-06-30",
    "sales" : 0.54,
    "salesGrowthYoY" : -86.33,
    "grossProfitMargin" : 88.89,
    "grossProfit" : 0.48,
    "operatingProfitMargin" : -666.67,
    "operatingProfit" : -3.60,
    "netProfitMargin" : -112.96,
    "netProfit" : -0.61
  }, {
    "date" : "2019-09-30",
    "sales" : 2.98,
    "salesGrowthYoY" : -51.86,
    "grossProfitMargin" : 74.83,
    "grossProfit" : 2.23,
    "operatingProfitMargin" : 44.63,
    "operatingProfit" : 1.33,
    "netProfitMargin" : 81.21,
    "netProfit" : 2.42
  }, {
    "date" : "2019-12-31",
    "sales" : 0.61,
    "salesGrowthYoY" : -80.45,
    "grossProfitMargin" : 100.00,
    "grossProfit" : 0.61,
    "operatingProfitMargin" : 47.54,
    "operatingProfit" : 0.29,
    "netProfitMargin" : 363.93,
    "netProfit" : 2.22
  }, {
    "date" : "2020-03-31",
    "sales" : 1.26,
    "salesGrowthYoY" : 125.00,
    "grossProfitMargin" : 99.21,
    "grossProfit" : 1.25,
    "operatingProfitMargin" : 92.06,
    "operatingProfit" : 1.16,
    "netProfitMargin" : 197.62,
    "netProfit" : 2.49
  }, {
    "date" : "2020-06-30",
    "sales" : 0.40,
    "salesGrowthYoY" : -25.93,
    "grossProfitMargin" : 100.00,
    "grossProfit" : 0.40,
    "operatingProfitMargin" : -27.50,
    "operatingProfit" : -0.11,
    "netProfitMargin" : 400.00,
    "netProfit" : 1.60
  }, {
    "date" : "2020-09-30",
    "sales" : 0.23,
    "salesGrowthYoY" : -92.28,
    "grossProfitMargin" : 100.00,
    "grossProfit" : 0.23,
    "operatingProfitMargin" : -578.26,
    "operatingProfit" : -1.33,
    "netProfitMargin" : 460.87,
    "netProfit" : 1.06
  }, {
    "date" : "2020-12-31",
    "sales" : 0.39,
    "salesGrowthYoY" : -36.07,
    "grossProfitMargin" : 100.00,
    "grossProfit" : 0.39,
    "operatingProfitMargin" : -10.26,
    "operatingProfit" : -0.04,
    "netProfitMargin" : 441.03,
    "netProfit" : 1.72
  }, {
    "date" : "2021-03-31",
    "sales" : 15.84,
    "salesGrowthYoY" : 1157.14,
    "grossProfitMargin" : 26.14,
    "grossProfit" : 4.14,
    "operatingProfitMargin" : 20.08,
    "operatingProfit" : 3.18,
    "netProfitMargin" : 42.11,
    "netProfit" : 6.67
  }, {
    "date" : "2021-06-30",
    "sales" : 0.38,
    "salesGrowthYoY" : -5.00,
    "grossProfitMargin" : 34.21,
    "grossProfit" : 0.13,
    "operatingProfitMargin" : -52.63,
    "operatingProfit" : -0.20,
    "netProfitMargin" : 294.74,
    "netProfit" : 1.12
  }, {
    "date" : "2021-09-30",
    "sales" : 6.86,
    "salesGrowthYoY" : 2882.61,
    "grossProfitMargin" : 69.83,
    "grossProfit" : 4.79,
    "operatingProfitMargin" : 66.03,
    "operatingProfit" : 4.53,
    "netProfitMargin" : 150.87,
    "netProfit" : 10.35
  }, {
    "date" : "2021-12-31",
    "sales" : 0.03,
    "salesGrowthYoY" : -92.31,
    "grossProfitMargin" : 100.00,
    "grossProfit" : 0.03,
    "operatingProfitMargin" : -2000.00,
    "operatingProfit" : -0.60,
    "netProfitMargin" : 9533.33,
    "netProfit" : 2.86
  }, {
    "date" : "2022-03-31",
    "sales" : 18.21,
    "salesGrowthYoY" : 14.96,
    "grossProfitMargin" : 65.18,
    "grossProfit" : 11.87,
    "operatingProfitMargin" : 60.30,
    "operatingProfit" : 10.98,
    "netProfitMargin" : 56.40,
    "netProfit" : 10.27
  }, {
    "date" : "2022-06-30",
    "sales" : 1.05,
    "salesGrowthYoY" : 176.32,
    "grossProfitMargin" : 46.67,
    "grossProfit" : 0.49,
    "operatingProfitMargin" : -20.00,
    "operatingProfit" : -0.21,
    "netProfitMargin" : 148.57,
    "netProfit" : 1.56
  }, {
    "date" : "2022-09-30",
    "sales" : 1.07,
    "salesGrowthYoY" : -84.40,
    "grossProfitMargin" : 3.74,
    "grossProfit" : 0.04,
    "operatingProfitMargin" : -104.67,
    "operatingProfit" : -1.12,
    "netProfitMargin" : 71.96,
    "netProfit" : 0.77
  }, {
    "date" : "2022-12-31",
    "sales" : 5.80,
    "salesGrowthYoY" : 19233.33,
    "grossProfitMargin" : 41.90,
    "grossProfit" : 2.43,
    "operatingProfitMargin" : 35.34,
    "operatingProfit" : 2.05,
    "netProfitMargin" : 55.86,
    "netProfit" : 3.24
  }, {
    "date" : "2023-03-31",
    "sales" : 9.43,
    "salesGrowthYoY" : -48.22,
    "grossProfitMargin" : 21.42,
    "grossProfit" : 2.02,
    "operatingProfitMargin" : 8.70,
    "operatingProfit" : 0.82,
    "netProfitMargin" : 28.63,
    "netProfit" : 2.70
  }, {
    "date" : "2023-06-30",
    "sales" : 0.45,
    "salesGrowthYoY" : -57.14,
    "grossProfitMargin" : 0.00,
    "grossProfit" : 0.00,
    "operatingProfitMargin" : -66.67,
    "operatingProfit" : -0.30,
    "netProfitMargin" : 622.22,
    "netProfit" : 2.80
  }, {
    "date" : "2023-09-30",
    "sales" : 0.52,
    "salesGrowthYoY" : -51.40,
    "grossProfitMargin" : 11.54,
    "grossProfit" : 0.06,
    "operatingProfitMargin" : -59.62,
    "operatingProfit" : -0.31,
    "netProfitMargin" : 538.46,
    "netProfit" : 2.80
  }, {
    "date" : "2023-12-31",
    "sales" : 14.82,
    "salesGrowthYoY" : 155.52,
    "grossProfitMargin" : 18.96,
    "grossProfit" : 2.81,
    "operatingProfitMargin" : 17.41,
    "operatingProfit" : 2.58,
    "netProfitMargin" : 33.20,
    "netProfit" : 4.92
  }, {
    "date" : "2024-03-31",
    "sales" : 5.59,
    "salesGrowthYoY" : -40.72,
    "grossProfitMargin" : 28.62,
    "grossProfit" : 1.60,
    "operatingProfitMargin" : 26.30,
    "operatingProfit" : 1.47,
    "netProfitMargin" : 75.49,
    "netProfit" : 4.22
  }, {
    "date" : "2024-06-30",
    "sales" : 0.03,
    "salesGrowthYoY" : -93.33,
    "grossProfitMargin" : 100.00,
    "grossProfit" : 0.03,
    "operatingProfitMargin" : -2733.33,
    "operatingProfit" : -0.82,
    "netProfitMargin" : 8800.00,
    "netProfit" : 2.64
  }, {
    "date" : "2024-09-30",
    "sales" : 3.80,
    "salesGrowthYoY" : 630.77,
    "grossProfitMargin" : 57.63,
    "grossProfit" : 2.19,
    "operatingProfitMargin" : 53.68,
    "operatingProfit" : 2.04,
    "netProfitMargin" : 126.32,
    "netProfit" : 4.80
  }, {
    "date" : "2024-12-31",
    "sales" : 15.69,
    "salesGrowthYoY" : 5.87,
    "grossProfitMargin" : 0.96,
    "grossProfit" : 0.15,
    "operatingProfitMargin" : -6.18,
    "operatingProfit" : -0.97,
    "netProfitMargin" : 13.70,
    "netProfit" : 2.15
  }, {
    "date" : "2025-03-31",
    "sales" : 2.81,
    "salesGrowthYoY" : -49.73,
    "grossProfitMargin" : 1.07,
    "grossProfit" : 0.03,
    "operatingProfitMargin" : -3.91,
    "operatingProfit" : -0.11,
    "netProfitMargin" : 128.11,
    "netProfit" : 3.60
  }, {
    "date" : "2025-06-30",
    "sales" : 0.00,
    "salesGrowthYoY" : -100.00,
    "grossProfitMargin" : 0.00,
    "grossProfit" : 0.00,
    "operatingProfitMargin" : 0.00,
    "operatingProfit" : 0.00,
    "netProfitMargin" : 0.00,
    "netProfit" : 0.00
  }, {
    "date" : "2025-09-30",
    "sales" : 17.25,
    "salesGrowthYoY" : 353.95,
    "grossProfitMargin" : 0.99,
    "grossProfit" : 0.17,
    "operatingProfitMargin" : -2.09,
    "operatingProfit" : -0.36,
    "netProfitMargin" : 24.70,
    "netProfit" : 4.26
  } ],
  "latestQuarterlyResult" : {
    "date" : "2025-09-30",
    "sales" : 17.25,
    "salesGrowthYoY" : 353.95,
    "grossProfitMargin" : 0.99,
    "grossProfit" : 0.17,
    "operatingProfitMargin" : -2.09,
    "operatingProfit" : -0.36,
    "netProfitMargin" : 24.70,
    "netProfit" : 4.26
  },
  "companyScore" : {
    "priceHigherThanDma50" : 0.00,
    "priceHigherThanDma100" : 0.00,
    "priceHigherThanDma200" : 0.00,
    "dma50HigherThanDma100" : 0.00,
    "dma50HigherThanDma200" : 0.00,
    "dma100HigherThanDma200" : 0.00,
    "pricePercentageAboveDma50" : 5.84,
    "pricePercentageAboveDma100" : 6.22,
    "pricePercentageAboveDma200" : 7.17,
    "weeklyVolumeHigherThanYearlyVolume" : 5.00,
    "salesGrowthPercentile" : 17.95,
    "operatingProfitMarginPercentile" : 19.83,
    "netProfitMarginPercentile" : 5.35,
    "totalTechnicalScore" : 24.24,
    "totalFundamentalScore" : 43.12,
    "totalScore" : 67.36
  }
}