{
  "metadata" : {
    "screenerCompanyId" : "333",
    "companyCode" : "505036",
    "companyName" : "Auto.Corp.of Goa",
    "screenerCompanyLink" : "https://www.screener.in/company/505036/",
    "screenerTechnicalHistoryLink" : "https://www.screener.in/api/company/333/chart/?q=Price-DMA50-DMA200-Volume&days=365",
    "screenerQuarterlyResultsLink" : "https://www.screener.in/api/company/333/chart/?q=GPM-OPM-NPM-Quarter+Sales&days=10000",
    "attributes" : {
      "companyCode" : "505036",
      "companyName" : "Auto.Corp.of Goa",
      "marketCap" : 1126.00,
      "peRatio" : 19.10,
      "description" : "Incorporated in 1980, Automobile Corporation of Goa Ltd is in the business of Bus body building, and Pressing[1]"
    },
    "companyScore" : {
      "priceHigherThanDma50" : 5.00,
      "priceHigherThanDma100" : 0.00,
      "priceHigherThanDma200" : 0.00,
      "dma50HigherThanDma100" : 0.00,
      "dma50HigherThanDma200" : 0.00,
      "dma100HigherThanDma200" : 5.00,
      "pricePercentageAboveDma50" : 4.90,
      "pricePercentageAboveDma100" : 5.26,
      "pricePercentageAboveDma200" : 5.07,
      "weeklyVolumeHigherThanYearlyVolume" : 0.00,
      "salesGrowthPercentile" : 16.20,
      "operatingProfitMarginPercentile" : 18.70,
      "netProfitMarginPercentile" : 9.71,
      "totalTechnicalScore" : 25.24,
      "totalFundamentalScore" : 44.62,
      "totalScore" : 69.85
    }
  },
  "attributes" : {
    "companyCode" : "505036",
    "companyName" : "Auto.Corp.of Goa",
    "marketCap" : 1126.00,
    "peRatio" : 19.10,
    "description" : "Incorporated in 1980, Automobile Corporation of Goa Ltd is in the business of Bus body building, and Pressing[1]"
  },
  "technicalHistory" : [ {
    "date" : "2025-01-06",
    "price" : 2122.50,
    "dma50" : 2277.84,
    "dma100" : null,
    "dma200" : 2262.08,
    "volume" : 1136.00
  }, {
    "date" : "2025-01-07",
    "price" : 2003.45,
    "dma50" : 2267.08,
    "dma100" : null,
    "dma200" : 2259.51,
    "volume" : 3215.00
  }, {
    "date" : "2025-01-08",
    "price" : 2043.50,
    "dma50" : 2258.31,
    "dma100" : null,
    "dma200" : 2257.36,
    "volume" : 484.00
  }, {
    "date" : "2025-01-09",
    "price" : 2037.15,
    "dma50" : 2249.64,
    "dma100" : null,
    "dma200" : 2255.17,
    "volume" : 691.00
  }, {
    "date" : "2025-01-10",
    "price" : 1963.10,
    "dma50" : 2238.40,
    "dma100" : null,
    "dma200" : 2252.26,
    "volume" : 747.00
  }, {
    "date" : "2025-01-13",
    "price" : 1880.00,
    "dma50" : 2224.35,
    "dma100" : null,
    "dma200" : 2248.56,
    "volume" : 962.00
  }, {
    "date" : "2025-01-14",
    "price" : 1920.05,
    "dma50" : 2212.42,
    "dma100" : null,
    "dma200" : 2245.29,
    "volume" : 867.00
  }, {
    "date" : "2025-01-15",
    "price" : 1910.80,
    "dma50" : 2200.59,
    "dma100" : null,
    "dma200" : 2241.96,
    "volume" : 553.00
  }, {
    "date" : "2025-01-16",
    "price" : 1852.05,
    "dma50" : 2186.92,
    "dma100" : null,
    "dma200" : 2238.08,
    "volume" : 1375.00
  }, {
    "date" : "2025-01-17",
    "price" : 1939.15,
    "dma50" : 2177.20,
    "dma100" : null,
    "dma200" : 2235.10,
    "volume" : 1295.00
  }, {
    "date" : "2025-01-20",
    "price" : 1990.30,
    "dma50" : 2169.87,
    "dma100" : null,
    "dma200" : 2232.67,
    "volume" : 858.00
  }, {
    "date" : "2025-01-21",
    "price" : 2036.15,
    "dma50" : 2164.63,
    "dma100" : null,
    "dma200" : 2230.71,
    "volume" : 1977.00
  }, {
    "date" : "2025-01-22",
    "price" : 2039.55,
    "dma50" : 2159.72,
    "dma100" : null,
    "dma200" : 2228.81,
    "volume" : 1886.00
  }, {
    "date" : "2025-01-23",
    "price" : 1813.00,
    "dma50" : 2146.13,
    "dma100" : null,
    "dma200" : 2224.67,
    "volume" : 12151.00
  }, {
    "date" : "2025-01-24",
    "price" : 1677.85,
    "dma50" : 2127.76,
    "dma100" : null,
    "dma200" : 2219.23,
    "volume" : 5643.00
  }, {
    "date" : "2025-01-27",
    "price" : 1674.55,
    "dma50" : 2109.99,
    "dma100" : null,
    "dma200" : 2213.81,
    "volume" : 1372.00
  }, {
    "date" : "2025-01-28",
    "price" : 1561.55,
    "dma50" : 2088.48,
    "dma100" : null,
    "dma200" : 2207.32,
    "volume" : 2726.00
  }, {
    "date" : "2025-01-29",
    "price" : 1723.50,
    "dma50" : 2074.17,
    "dma100" : null,
    "dma200" : 2202.51,
    "volume" : 4514.00
  }, {
    "date" : "2025-01-30",
    "price" : 1644.00,
    "dma50" : 2057.30,
    "dma100" : null,
    "dma200" : 2196.95,
    "volume" : 2919.00
  }, {
    "date" : "2025-01-31",
    "price" : 1681.55,
    "dma50" : 2042.57,
    "dma100" : null,
    "dma200" : 2191.82,
    "volume" : 1265.00
  }, {
    "date" : "2025-02-01",
    "price" : 1673.70,
    "dma50" : 2028.10,
    "dma100" : null,
    "dma200" : 2186.67,
    "volume" : 422.00
  }, {
    "date" : "2025-02-03",
    "price" : 1651.75,
    "dma50" : 2013.34,
    "dma100" : null,
    "dma200" : 2181.35,
    "volume" : 605.00
  }, {
    "date" : "2025-02-04",
    "price" : 1670.00,
    "dma50" : 1999.88,
    "dma100" : null,
    "dma200" : 2176.26,
    "volume" : 563.00
  }, {
    "date" : "2025-02-05",
    "price" : 1675.75,
    "dma50" : 1987.17,
    "dma100" : null,
    "dma200" : 2171.28,
    "volume" : 1021.00
  }, {
    "date" : "2025-02-06",
    "price" : 1693.80,
    "dma50" : 1975.66,
    "dma100" : null,
    "dma200" : 2166.53,
    "volume" : 734.00
  }, {
    "date" : "2025-02-07",
    "price" : 1625.95,
    "dma50" : 1961.95,
    "dma100" : null,
    "dma200" : 2161.15,
    "volume" : 1493.00
  }, {
    "date" : "2025-02-10",
    "price" : 1608.00,
    "dma50" : 1948.07,
    "dma100" : null,
    "dma200" : 2155.64,
    "volume" : 380.00
  }, {
    "date" : "2025-02-11",
    "price" : 1580.90,
    "dma50" : 1933.67,
    "dma100" : null,
    "dma200" : 2149.92,
    "volume" : 654.00
  }, {
    "date" : "2025-02-12",
    "price" : 1494.20,
    "dma50" : 1916.43,
    "dma100" : null,
    "dma200" : 2143.40,
    "volume" : 1698.00
  }, {
    "date" : "2025-02-13",
    "price" : 1482.60,
    "dma50" : 1899.42,
    "dma100" : null,
    "dma200" : 2136.82,
    "volume" : 1287.00
  }, {
    "date" : "2025-02-14",
    "price" : 1368.75,
    "dma50" : 1878.61,
    "dma100" : null,
    "dma200" : 2129.18,
    "volume" : 5327.00
  }, {
    "date" : "2025-02-17",
    "price" : 1308.75,
    "dma50" : 1856.26,
    "dma100" : null,
    "dma200" : 2121.02,
    "volume" : 2311.00
  }, {
    "date" : "2025-02-18",
    "price" : 1298.55,
    "dma50" : 1834.39,
    "dma100" : null,
    "dma200" : 2112.83,
    "volume" : 1548.00
  }, {
    "date" : "2025-02-19",
    "price" : 1308.20,
    "dma50" : 1813.76,
    "dma100" : null,
    "dma200" : 2104.83,
    "volume" : 3425.00
  }, {
    "date" : "2025-02-20",
    "price" : 1332.90,
    "dma50" : 1794.90,
    "dma100" : null,
    "dma200" : 2097.15,
    "volume" : 5376.00
  }, {
    "date" : "2025-02-21",
    "price" : 1250.80,
    "dma50" : 1773.56,
    "dma100" : null,
    "dma200" : 2088.73,
    "volume" : 11494.00
  }, {
    "date" : "2025-02-24",
    "price" : 1231.00,
    "dma50" : 1752.29,
    "dma100" : null,
    "dma200" : 2080.19,
    "volume" : 4467.00
  }, {
    "date" : "2025-02-25",
    "price" : 1234.45,
    "dma50" : 1731.98,
    "dma100" : null,
    "dma200" : 2071.78,
    "volume" : 6570.00
  }, {
    "date" : "2025-02-27",
    "price" : 1108.35,
    "dma50" : 1707.52,
    "dma100" : null,
    "dma200" : 2062.19,
    "volume" : 10027.00
  }, {
    "date" : "2025-02-28",
    "price" : 1034.90,
    "dma50" : 1681.14,
    "dma100" : null,
    "dma200" : 2051.97,
    "volume" : 9617.00
  }, {
    "date" : "2025-03-03",
    "price" : 990.75,
    "dma50" : 1654.07,
    "dma100" : null,
    "dma200" : 2041.41,
    "volume" : 7907.00
  }, {
    "date" : "2025-03-04",
    "price" : 1040.25,
    "dma50" : 1630.00,
    "dma100" : null,
    "dma200" : 2031.45,
    "volume" : 1011.00
  }, {
    "date" : "2025-03-05",
    "price" : 1092.25,
    "dma50" : 1608.91,
    "dma100" : null,
    "dma200" : 2022.10,
    "volume" : 930.00
  }, {
    "date" : "2025-03-06",
    "price" : 1146.85,
    "dma50" : 1590.79,
    "dma100" : null,
    "dma200" : 2013.39,
    "volume" : 1872.00
  }, {
    "date" : "2025-03-07",
    "price" : 1204.15,
    "dma50" : 1575.63,
    "dma100" : null,
    "dma200" : 2005.34,
    "volume" : 1029.00
  }, {
    "date" : "2025-03-10",
    "price" : 1254.45,
    "dma50" : 1563.03,
    "dma100" : null,
    "dma200" : 1997.87,
    "volume" : 8055.00
  }, {
    "date" : "2025-03-11",
    "price" : 1244.95,
    "dma50" : 1550.56,
    "dma100" : null,
    "dma200" : 1990.38,
    "volume" : 4859.00
  }, {
    "date" : "2025-03-12",
    "price" : 1236.00,
    "dma50" : 1538.22,
    "dma100" : null,
    "dma200" : 1982.87,
    "volume" : 1227.00
  }, {
    "date" : "2025-03-13",
    "price" : 1232.20,
    "dma50" : 1526.22,
    "dma100" : null,
    "dma200" : 1975.40,
    "volume" : 1217.00
  }, {
    "date" : "2025-03-17",
    "price" : 1208.00,
    "dma50" : 1513.74,
    "dma100" : null,
    "dma200" : 1967.77,
    "volume" : 1489.00
  }, {
    "date" : "2025-03-18",
    "price" : 1215.00,
    "dma50" : 1502.03,
    "dma100" : null,
    "dma200" : 1960.28,
    "volume" : 911.00
  }, {
    "date" : "2025-03-19",
    "price" : 1239.30,
    "dma50" : 1491.73,
    "dma100" : null,
    "dma200" : 1953.10,
    "volume" : 479.00
  }, {
    "date" : "2025-03-20",
    "price" : 1240.00,
    "dma50" : 1481.85,
    "dma100" : null,
    "dma200" : 1946.01,
    "volume" : 2241.00
  }, {
    "date" : "2025-03-21",
    "price" : 1264.80,
    "dma50" : 1473.34,
    "dma100" : null,
    "dma200" : 1939.23,
    "volume" : 636.00
  }, {
    "date" : "2025-03-24",
    "price" : 1290.05,
    "dma50" : 1466.15,
    "dma100" : null,
    "dma200" : 1932.77,
    "volume" : 1363.00
  }, {
    "date" : "2025-03-25",
    "price" : 1314.50,
    "dma50" : 1460.21,
    "dma100" : null,
    "dma200" : 1926.62,
    "volume" : 905.00
  }, {
    "date" : "2025-03-26",
    "price" : 1295.00,
    "dma50" : 1453.73,
    "dma100" : null,
    "dma200" : 1920.33,
    "volume" : 1178.00
  }, {
    "date" : "2025-03-27",
    "price" : 1269.10,
    "dma50" : 1446.49,
    "dma100" : null,
    "dma200" : 1913.85,
    "volume" : 2017.00
  }, {
    "date" : "2025-03-28",
    "price" : 1270.00,
    "dma50" : 1439.57,
    "dma100" : null,
    "dma200" : 1907.45,
    "volume" : 1670.00
  }, {
    "date" : "2025-04-01",
    "price" : 1295.40,
    "dma50" : 1433.91,
    "dma100" : null,
    "dma200" : 1901.36,
    "volume" : 468.00
  }, {
    "date" : "2025-04-02",
    "price" : 1314.00,
    "dma50" : 1429.21,
    "dma100" : null,
    "dma200" : 1895.51,
    "volume" : 1779.00
  }, {
    "date" : "2025-04-03",
    "price" : 1301.00,
    "dma50" : 1424.18,
    "dma100" : null,
    "dma200" : 1889.60,
    "volume" : 1604.00
  }, {
    "date" : "2025-04-04",
    "price" : 1275.00,
    "dma50" : 1418.33,
    "dma100" : null,
    "dma200" : 1883.48,
    "volume" : 1018.00
  }, {
    "date" : "2025-04-07",
    "price" : 1249.50,
    "dma50" : 1411.71,
    "dma100" : null,
    "dma200" : 1877.17,
    "volume" : 346.00
  }, {
    "date" : "2025-04-08",
    "price" : 1250.00,
    "dma50" : 1405.37,
    "dma100" : null,
    "dma200" : 1870.93,
    "volume" : 384.00
  }, {
    "date" : "2025-04-09",
    "price" : 1250.00,
    "dma50" : 1399.28,
    "dma100" : null,
    "dma200" : 1864.75,
    "volume" : 268.00
  }, {
    "date" : "2025-04-11",
    "price" : 1275.00,
    "dma50" : 1394.40,
    "dma100" : null,
    "dma200" : 1858.88,
    "volume" : 385.00
  }, {
    "date" : "2025-04-15",
    "price" : 1300.50,
    "dma50" : 1390.72,
    "dma100" : null,
    "dma200" : 1853.33,
    "volume" : 273.00
  }, {
    "date" : "2025-04-16",
    "price" : 1326.50,
    "dma50" : 1388.20,
    "dma100" : null,
    "dma200" : 1848.09,
    "volume" : 189.00
  }, {
    "date" : "2025-04-17",
    "price" : 1353.00,
    "dma50" : 1386.82,
    "dma100" : null,
    "dma200" : 1843.16,
    "volume" : 636.00
  }, {
    "date" : "2025-04-21",
    "price" : 1420.65,
    "dma50" : 1388.15,
    "dma100" : null,
    "dma200" : 1838.96,
    "volume" : 375.00
  }, {
    "date" : "2025-04-22",
    "price" : 1491.65,
    "dma50" : 1392.21,
    "dma100" : null,
    "dma200" : 1835.50,
    "volume" : 3546.00
  }, {
    "date" : "2025-04-23",
    "price" : 1524.95,
    "dma50" : 1397.41,
    "dma100" : null,
    "dma200" : 1832.41,
    "volume" : 2435.00
  }, {
    "date" : "2025-04-24",
    "price" : 1475.35,
    "dma50" : 1400.47,
    "dma100" : null,
    "dma200" : 1828.86,
    "volume" : 1809.00
  }, {
    "date" : "2025-04-25",
    "price" : 1502.35,
    "dma50" : 1404.46,
    "dma100" : null,
    "dma200" : 1825.61,
    "volume" : 2530.00
  }, {
    "date" : "2025-04-28",
    "price" : 1462.70,
    "dma50" : 1406.75,
    "dma100" : null,
    "dma200" : 1822.00,
    "volume" : 1365.00
  }, {
    "date" : "2025-04-29",
    "price" : 1529.95,
    "dma50" : 1411.58,
    "dma100" : null,
    "dma200" : 1819.09,
    "volume" : 1974.00
  }, {
    "date" : "2025-04-30",
    "price" : 1462.90,
    "dma50" : 1413.59,
    "dma100" : null,
    "dma200" : 1815.55,
    "volume" : 835.00
  }, {
    "date" : "2025-05-02",
    "price" : 1471.35,
    "dma50" : 1415.86,
    "dma100" : null,
    "dma200" : 1812.12,
    "volume" : 568.00
  }, {
    "date" : "2025-05-05",
    "price" : 1459.20,
    "dma50" : 1417.56,
    "dma100" : null,
    "dma200" : 1808.61,
    "volume" : 414.00
  }, {
    "date" : "2025-05-06",
    "price" : 1412.45,
    "dma50" : 1417.36,
    "dma100" : null,
    "dma200" : 1804.67,
    "volume" : 1486.00
  }, {
    "date" : "2025-05-07",
    "price" : 1406.05,
    "dma50" : 1416.91,
    "dma100" : null,
    "dma200" : 1800.70,
    "volume" : 749.00
  }, {
    "date" : "2025-05-08",
    "price" : 1425.70,
    "dma50" : 1417.26,
    "dma100" : null,
    "dma200" : 1796.97,
    "volume" : 2695.00
  }, {
    "date" : "2025-05-09",
    "price" : 1496.95,
    "dma50" : 1420.38,
    "dma100" : null,
    "dma200" : 1793.99,
    "volume" : 2516.00
  }, {
    "date" : "2025-05-12",
    "price" : 1571.75,
    "dma50" : 1426.32,
    "dma100" : null,
    "dma200" : 1791.77,
    "volume" : 1294.00
  }, {
    "date" : "2025-05-13",
    "price" : 1650.30,
    "dma50" : 1435.10,
    "dma100" : null,
    "dma200" : 1790.37,
    "volume" : 3504.00
  }, {
    "date" : "2025-05-14",
    "price" : 1732.80,
    "dma50" : 1446.78,
    "dma100" : null,
    "dma200" : 1789.79,
    "volume" : 2126.00
  }, {
    "date" : "2025-05-15",
    "price" : 1767.45,
    "dma50" : 1459.35,
    "dma100" : null,
    "dma200" : 1789.57,
    "volume" : 1817.00
  }, {
    "date" : "2025-05-16",
    "price" : 1802.75,
    "dma50" : 1472.82,
    "dma100" : null,
    "dma200" : 1789.70,
    "volume" : 624.00
  }, {
    "date" : "2025-05-19",
    "price" : 1838.80,
    "dma50" : 1487.17,
    "dma100" : null,
    "dma200" : 1790.19,
    "volume" : 170.00
  }, {
    "date" : "2025-05-20",
    "price" : 1875.55,
    "dma50" : 1502.40,
    "dma100" : null,
    "dma200" : 1791.04,
    "volume" : 772.00
  }, {
    "date" : "2025-05-21",
    "price" : 1913.05,
    "dma50" : 1518.51,
    "dma100" : null,
    "dma200" : 1792.26,
    "volume" : 1198.00
  }, {
    "date" : "2025-05-22",
    "price" : 1951.30,
    "dma50" : 1535.48,
    "dma100" : null,
    "dma200" : 1793.84,
    "volume" : 750.00
  }, {
    "date" : "2025-05-23",
    "price" : 1986.00,
    "dma50" : 1553.15,
    "dma100" : null,
    "dma200" : 1795.75,
    "volume" : 1239.00
  }, {
    "date" : "2025-05-26",
    "price" : 1946.30,
    "dma50" : 1568.56,
    "dma100" : null,
    "dma200" : 1797.25,
    "volume" : 591.00
  }, {
    "date" : "2025-05-27",
    "price" : 1907.40,
    "dma50" : 1581.85,
    "dma100" : null,
    "dma200" : 1798.34,
    "volume" : 205.00
  }, {
    "date" : "2025-05-28",
    "price" : 1869.30,
    "dma50" : 1593.12,
    "dma100" : null,
    "dma200" : 1799.05,
    "volume" : 1137.00
  }, {
    "date" : "2025-05-29",
    "price" : 1831.95,
    "dma50" : 1602.49,
    "dma100" : null,
    "dma200" : 1799.38,
    "volume" : 580.00
  }, {
    "date" : "2025-05-30",
    "price" : 1795.35,
    "dma50" : 1610.05,
    "dma100" : null,
    "dma200" : 1799.34,
    "volume" : 1275.00
  }, {
    "date" : "2025-06-02",
    "price" : 1831.25,
    "dma50" : 1618.73,
    "dma100" : null,
    "dma200" : 1799.65,
    "volume" : 448.00
  }, {
    "date" : "2025-06-03",
    "price" : 1867.85,
    "dma50" : 1628.50,
    "dma100" : 1529.43,
    "dma200" : 1800.33,
    "volume" : 1311.00
  }, {
    "date" : "2025-06-04",
    "price" : 1860.00,
    "dma50" : 1637.57,
    "dma100" : 1528.00,
    "dma200" : 1800.93,
    "volume" : 1279.00
  }, {
    "date" : "2025-06-05",
    "price" : 1897.00,
    "dma50" : 1647.75,
    "dma100" : 1526.53,
    "dma200" : 1801.88,
    "volume" : 458.00
  }, {
    "date" : "2025-06-06",
    "price" : 1900.00,
    "dma50" : 1657.64,
    "dma100" : 1525.16,
    "dma200" : 1802.86,
    "volume" : 1049.00
  }, {
    "date" : "2025-06-09",
    "price" : 1867.35,
    "dma50" : 1665.86,
    "dma100" : 1524.21,
    "dma200" : 1803.50,
    "volume" : 626.00
  }, {
    "date" : "2025-06-10",
    "price" : 1868.00,
    "dma50" : 1673.79,
    "dma100" : 1524.09,
    "dma200" : 1804.14,
    "volume" : 585.00
  }, {
    "date" : "2025-06-11",
    "price" : 1869.00,
    "dma50" : 1681.45,
    "dma100" : 1523.57,
    "dma200" : 1804.79,
    "volume" : 301.00
  }, {
    "date" : "2025-06-12",
    "price" : 1850.00,
    "dma50" : 1688.06,
    "dma100" : 1522.97,
    "dma200" : 1805.24,
    "volume" : 731.00
  }, {
    "date" : "2025-06-13",
    "price" : 1813.00,
    "dma50" : 1692.96,
    "dma100" : 1522.58,
    "dma200" : 1805.32,
    "volume" : 367.00
  }, {
    "date" : "2025-06-16",
    "price" : 1790.00,
    "dma50" : 1696.76,
    "dma100" : 1521.08,
    "dma200" : 1805.16,
    "volume" : 644.00
  }, {
    "date" : "2025-06-17",
    "price" : 1778.00,
    "dma50" : 1699.95,
    "dma100" : 1518.96,
    "dma200" : 1804.89,
    "volume" : 238.00
  }, {
    "date" : "2025-06-18",
    "price" : 1779.00,
    "dma50" : 1703.05,
    "dma100" : 1516.39,
    "dma200" : 1804.63,
    "volume" : 640.00
  }, {
    "date" : "2025-06-19",
    "price" : 1751.00,
    "dma50" : 1704.93,
    "dma100" : 1513.51,
    "dma200" : 1804.10,
    "volume" : 535.00
  }, {
    "date" : "2025-06-20",
    "price" : 1786.00,
    "dma50" : 1708.11,
    "dma100" : 1513.23,
    "dma200" : 1803.92,
    "volume" : 493.00
  }, {
    "date" : "2025-06-23",
    "price" : 1841.95,
    "dma50" : 1713.36,
    "dma100" : 1514.88,
    "dma200" : 1804.30,
    "volume" : 960.00
  }, {
    "date" : "2025-06-24",
    "price" : 1847.55,
    "dma50" : 1718.62,
    "dma100" : 1516.61,
    "dma200" : 1804.73,
    "volume" : 2325.00
  }, {
    "date" : "2025-06-25",
    "price" : 1837.75,
    "dma50" : 1723.29,
    "dma100" : 1519.37,
    "dma200" : 1805.06,
    "volume" : 751.00
  }, {
    "date" : "2025-06-26",
    "price" : 1791.10,
    "dma50" : 1725.95,
    "dma100" : 1520.04,
    "dma200" : 1804.92,
    "volume" : 2094.00
  }, {
    "date" : "2025-06-27",
    "price" : 1798.90,
    "dma50" : 1728.81,
    "dma100" : 1521.59,
    "dma200" : 1804.86,
    "volume" : 384.00
  }, {
    "date" : "2025-06-30",
    "price" : 1790.95,
    "dma50" : 1731.25,
    "dma100" : 1522.69,
    "dma200" : 1804.72,
    "volume" : 3879.00
  }, {
    "date" : "2025-07-01",
    "price" : 1815.10,
    "dma50" : 1734.54,
    "dma100" : 1524.10,
    "dma200" : 1804.82,
    "volume" : 1078.00
  }, {
    "date" : "2025-07-02",
    "price" : 1810.00,
    "dma50" : 1737.50,
    "dma100" : 1525.68,
    "dma200" : 1804.88,
    "volume" : 553.00
  }, {
    "date" : "2025-07-03",
    "price" : 1786.80,
    "dma50" : 1739.43,
    "dma100" : 1526.85,
    "dma200" : 1804.70,
    "volume" : 1591.00
  }, {
    "date" : "2025-07-04",
    "price" : 1800.00,
    "dma50" : 1741.80,
    "dma100" : 1528.09,
    "dma200" : 1804.65,
    "volume" : 341.00
  }, {
    "date" : "2025-07-07",
    "price" : 1774.80,
    "dma50" : 1743.10,
    "dma100" : 1528.90,
    "dma200" : 1804.35,
    "volume" : 4112.00
  }, {
    "date" : "2025-07-08",
    "price" : 1725.30,
    "dma50" : 1742.40,
    "dma100" : 1529.90,
    "dma200" : 1803.57,
    "volume" : 2792.00
  }, {
    "date" : "2025-07-09",
    "price" : 1728.95,
    "dma50" : 1741.87,
    "dma100" : 1531.11,
    "dma200" : 1802.82,
    "volume" : 2081.00
  }, {
    "date" : "2025-07-10",
    "price" : 1749.30,
    "dma50" : 1742.16,
    "dma100" : 1532.79,
    "dma200" : 1802.29,
    "volume" : 1220.00
  }, {
    "date" : "2025-07-11",
    "price" : 1762.95,
    "dma50" : 1742.98,
    "dma100" : 1535.48,
    "dma200" : 1801.90,
    "volume" : 763.00
  }, {
    "date" : "2025-07-14",
    "price" : 1710.95,
    "dma50" : 1741.72,
    "dma100" : 1537.76,
    "dma200" : 1800.99,
    "volume" : 513.00
  }, {
    "date" : "2025-07-15",
    "price" : 1722.60,
    "dma50" : 1740.97,
    "dma100" : 1541.30,
    "dma200" : 1800.21,
    "volume" : 594.00
  }, {
    "date" : "2025-07-16",
    "price" : 1761.65,
    "dma50" : 1741.78,
    "dma100" : 1545.83,
    "dma200" : 1799.83,
    "volume" : 1314.00
  }, {
    "date" : "2025-07-17",
    "price" : 1765.00,
    "dma50" : 1742.69,
    "dma100" : 1550.49,
    "dma200" : 1799.48,
    "volume" : 1911.00
  }, {
    "date" : "2025-07-18",
    "price" : 1787.80,
    "dma50" : 1744.46,
    "dma100" : 1555.29,
    "dma200" : 1799.37,
    "volume" : 764.00
  }, {
    "date" : "2025-07-21",
    "price" : 1808.70,
    "dma50" : 1746.98,
    "dma100" : 1560.05,
    "dma200" : 1799.46,
    "volume" : 1475.00
  }, {
    "date" : "2025-07-22",
    "price" : 1798.45,
    "dma50" : 1749.00,
    "dma100" : 1565.52,
    "dma200" : 1799.45,
    "volume" : 939.00
  }, {
    "date" : "2025-07-23",
    "price" : 1810.30,
    "dma50" : 1751.40,
    "dma100" : 1571.32,
    "dma200" : 1799.56,
    "volume" : 1535.00
  }, {
    "date" : "2025-07-24",
    "price" : 1799.15,
    "dma50" : 1753.28,
    "dma100" : 1576.96,
    "dma200" : 1799.55,
    "volume" : 419.00
  }, {
    "date" : "2025-07-25",
    "price" : 1790.25,
    "dma50" : 1754.73,
    "dma100" : 1583.78,
    "dma200" : 1799.46,
    "volume" : 973.00
  }, {
    "date" : "2025-07-28",
    "price" : 1797.85,
    "dma50" : 1756.42,
    "dma100" : 1591.41,
    "dma200" : 1799.45,
    "volume" : 1766.00
  }, {
    "date" : "2025-07-29",
    "price" : 1785.55,
    "dma50" : 1757.56,
    "dma100" : 1599.36,
    "dma200" : 1799.31,
    "volume" : 1369.00
  }, {
    "date" : "2025-07-30",
    "price" : 1805.30,
    "dma50" : 1759.43,
    "dma100" : 1607.01,
    "dma200" : 1799.37,
    "volume" : 2318.00
  }, {
    "date" : "2025-07-31",
    "price" : 2166.35,
    "dma50" : 1775.39,
    "dma100" : 1617.75,
    "dma200" : 1803.02,
    "volume" : 16119.00
  }, {
    "date" : "2025-08-01",
    "price" : 2200.85,
    "dma50" : 1792.07,
    "dma100" : 1628.29,
    "dma200" : 1806.98,
    "volume" : 34282.00
  }, {
    "date" : "2025-08-04",
    "price" : 2121.60,
    "dma50" : 1805.00,
    "dma100" : 1637.47,
    "dma200" : 1810.11,
    "volume" : 7391.00
  }, {
    "date" : "2025-08-05",
    "price" : 2098.20,
    "dma50" : 1816.50,
    "dma100" : 1645.90,
    "dma200" : 1812.97,
    "volume" : 2630.00
  }, {
    "date" : "2025-08-06",
    "price" : 2084.55,
    "dma50" : 1827.01,
    "dma100" : 1654.30,
    "dma200" : 1815.68,
    "volume" : 2184.00
  }, {
    "date" : "2025-08-07",
    "price" : 2015.35,
    "dma50" : 1834.39,
    "dma100" : 1662.09,
    "dma200" : 1817.66,
    "volume" : 2326.00
  }, {
    "date" : "2025-08-08",
    "price" : 2107.00,
    "dma50" : 1845.08,
    "dma100" : 1670.84,
    "dma200" : 1820.54,
    "volume" : 7550.00
  }, {
    "date" : "2025-08-11",
    "price" : 2131.55,
    "dma50" : 1856.32,
    "dma100" : 1680.08,
    "dma200" : 1823.64,
    "volume" : 3274.00
  }, {
    "date" : "2025-08-12",
    "price" : 2068.65,
    "dma50" : 1864.64,
    "dma100" : 1688.61,
    "dma200" : 1826.07,
    "volume" : 1188.00
  }, {
    "date" : "2025-08-13",
    "price" : 2094.15,
    "dma50" : 1873.64,
    "dma100" : 1697.16,
    "dma200" : 1828.74,
    "volume" : 1608.00
  }, {
    "date" : "2025-08-14",
    "price" : 2123.15,
    "dma50" : 1883.43,
    "dma100" : 1705.99,
    "dma200" : 1831.67,
    "volume" : 2906.00
  }, {
    "date" : "2025-08-18",
    "price" : 2135.70,
    "dma50" : 1893.32,
    "dma100" : 1714.70,
    "dma200" : 1834.70,
    "volume" : 3535.00
  }, {
    "date" : "2025-08-19",
    "price" : 2161.80,
    "dma50" : 1903.85,
    "dma100" : 1723.42,
    "dma200" : 1837.95,
    "volume" : 2593.00
  }, {
    "date" : "2025-08-20",
    "price" : 2121.55,
    "dma50" : 1912.39,
    "dma100" : 1731.49,
    "dma200" : 1840.77,
    "volume" : 1546.00
  }, {
    "date" : "2025-08-21",
    "price" : 2139.20,
    "dma50" : 1921.28,
    "dma100" : 1739.93,
    "dma200" : 1843.74,
    "volume" : 2200.00
  }, {
    "date" : "2025-08-22",
    "price" : 2116.65,
    "dma50" : 1928.94,
    "dma100" : 1748.41,
    "dma200" : 1846.46,
    "volume" : 1807.00
  }, {
    "date" : "2025-08-25",
    "price" : 2098.60,
    "dma50" : 1935.60,
    "dma100" : 1756.69,
    "dma200" : 1848.97,
    "volume" : 727.00
  }, {
    "date" : "2025-08-26",
    "price" : 2097.55,
    "dma50" : 1941.95,
    "dma100" : 1764.72,
    "dma200" : 1851.44,
    "volume" : 649.00
  }, {
    "date" : "2025-08-28",
    "price" : 2083.70,
    "dma50" : 1947.51,
    "dma100" : 1772.41,
    "dma200" : 1853.75,
    "volume" : 1418.00
  }, {
    "date" : "2025-08-29",
    "price" : 2045.35,
    "dma50" : 1951.34,
    "dma100" : 1779.86,
    "dma200" : 1855.66,
    "volume" : 654.00
  }, {
    "date" : "2025-09-01",
    "price" : 2018.20,
    "dma50" : 1953.97,
    "dma100" : 1787.29,
    "dma200" : 1857.28,
    "volume" : 2237.00
  }, {
    "date" : "2025-09-02",
    "price" : 1960.20,
    "dma50" : 1954.21,
    "dma100" : 1794.40,
    "dma200" : 1858.30,
    "volume" : 2053.00
  }, {
    "date" : "2025-09-03",
    "price" : 2045.10,
    "dma50" : 1957.77,
    "dma100" : 1802.35,
    "dma200" : 1860.16,
    "volume" : 2018.00
  }, {
    "date" : "2025-09-04",
    "price" : 2028.30,
    "dma50" : 1960.54,
    "dma100" : 1810.13,
    "dma200" : 1861.83,
    "volume" : 2068.00
  }, {
    "date" : "2025-09-05",
    "price" : 2125.10,
    "dma50" : 1966.99,
    "dma100" : 1818.63,
    "dma200" : 1864.45,
    "volume" : 7721.00
  }, {
    "date" : "2025-09-08",
    "price" : 2138.30,
    "dma50" : 1973.71,
    "dma100" : 1827.01,
    "dma200" : 1867.18,
    "volume" : 3896.00
  }, {
    "date" : "2025-09-09",
    "price" : 2151.90,
    "dma50" : 1980.70,
    "dma100" : 1835.26,
    "dma200" : 1870.01,
    "volume" : 2108.00
  }, {
    "date" : "2025-09-10",
    "price" : 2133.45,
    "dma50" : 1986.69,
    "dma100" : 1843.07,
    "dma200" : 1872.63,
    "volume" : 812.00
  }, {
    "date" : "2025-09-11",
    "price" : 2155.05,
    "dma50" : 1993.29,
    "dma100" : 1850.41,
    "dma200" : 1875.44,
    "volume" : 705.00
  }, {
    "date" : "2025-09-12",
    "price" : 2126.45,
    "dma50" : 1998.51,
    "dma100" : 1856.76,
    "dma200" : 1877.94,
    "volume" : 396.00
  }, {
    "date" : "2025-09-15",
    "price" : 2142.10,
    "dma50" : 2004.14,
    "dma100" : 1862.93,
    "dma200" : 1880.57,
    "volume" : 713.00
  }, {
    "date" : "2025-09-16",
    "price" : 2096.75,
    "dma50" : 2007.78,
    "dma100" : 1869.14,
    "dma200" : 1882.72,
    "volume" : 1864.00
  }, {
    "date" : "2025-09-17",
    "price" : 2118.05,
    "dma50" : 2012.10,
    "dma100" : 1875.30,
    "dma200" : 1885.06,
    "volume" : 993.00
  }, {
    "date" : "2025-09-18",
    "price" : 2233.70,
    "dma50" : 2020.79,
    "dma100" : 1883.01,
    "dma200" : 1888.53,
    "volume" : 5520.00
  }, {
    "date" : "2025-09-19",
    "price" : 2185.10,
    "dma50" : 2027.23,
    "dma100" : 1889.56,
    "dma200" : 1891.48,
    "volume" : 2832.00
  }, {
    "date" : "2025-09-22",
    "price" : 2112.70,
    "dma50" : 2030.59,
    "dma100" : 1896.06,
    "dma200" : 1893.68,
    "volume" : 1761.00
  }, {
    "date" : "2025-09-23",
    "price" : 2171.55,
    "dma50" : 2036.11,
    "dma100" : 1903.06,
    "dma200" : 1896.45,
    "volume" : 2392.00
  }, {
    "date" : "2025-09-24",
    "price" : 2180.05,
    "dma50" : 2041.76,
    "dma100" : 1910.27,
    "dma200" : 1899.27,
    "volume" : 2710.00
  }, {
    "date" : "2025-09-25",
    "price" : 2150.70,
    "dma50" : 2046.03,
    "dma100" : 1917.65,
    "dma200" : 1901.77,
    "volume" : 1081.00
  }, {
    "date" : "2025-09-26",
    "price" : 2094.40,
    "dma50" : 2047.93,
    "dma100" : 1924.54,
    "dma200" : 1903.69,
    "volume" : 1000.00
  }, {
    "date" : "2025-09-29",
    "price" : 2100.95,
    "dma50" : 2050.01,
    "dma100" : 1931.29,
    "dma200" : 1905.65,
    "volume" : 392.00
  }, {
    "date" : "2025-09-30",
    "price" : 2084.15,
    "dma50" : 2051.35,
    "dma100" : 1937.16,
    "dma200" : 1907.42,
    "volume" : 409.00
  }, {
    "date" : "2025-10-01",
    "price" : 2056.05,
    "dma50" : 2051.53,
    "dma100" : 1942.00,
    "dma200" : 1908.90,
    "volume" : 1591.00
  }, {
    "date" : "2025-10-03",
    "price" : 2076.65,
    "dma50" : 2052.52,
    "dma100" : 1946.27,
    "dma200" : 1910.57,
    "volume" : 827.00
  }, {
    "date" : "2025-10-06",
    "price" : 2053.35,
    "dma50" : 2052.55,
    "dma100" : 1949.47,
    "dma200" : 1911.99,
    "volume" : 919.00
  }, {
    "date" : "2025-10-07",
    "price" : 2078.90,
    "dma50" : 2053.58,
    "dma100" : 1952.59,
    "dma200" : 1913.65,
    "volume" : 280.00
  }, {
    "date" : "2025-10-08",
    "price" : 2087.15,
    "dma50" : 2054.90,
    "dma100" : 1955.43,
    "dma200" : 1915.38,
    "volume" : 1579.00
  }, {
    "date" : "2025-10-09",
    "price" : 2056.50,
    "dma50" : 2054.96,
    "dma100" : 1957.61,
    "dma200" : 1916.78,
    "volume" : 1165.00
  }, {
    "date" : "2025-10-10",
    "price" : 2063.80,
    "dma50" : 2055.31,
    "dma100" : 1959.49,
    "dma200" : 1918.25,
    "volume" : 1311.00
  }, {
    "date" : "2025-10-13",
    "price" : 2090.55,
    "dma50" : 2056.69,
    "dma100" : 1961.27,
    "dma200" : 1919.96,
    "volume" : 975.00
  }, {
    "date" : "2025-10-14",
    "price" : 2199.35,
    "dma50" : 2062.28,
    "dma100" : 1963.75,
    "dma200" : 1922.74,
    "volume" : 21237.00
  }, {
    "date" : "2025-10-15",
    "price" : 2125.65,
    "dma50" : 2064.77,
    "dma100" : 1965.14,
    "dma200" : 1924.76,
    "volume" : 4740.00
  }, {
    "date" : "2025-10-16",
    "price" : 2097.40,
    "dma50" : 2066.05,
    "dma100" : 1966.65,
    "dma200" : 1926.48,
    "volume" : 8917.00
  }, {
    "date" : "2025-10-17",
    "price" : 2068.25,
    "dma50" : 2066.13,
    "dma100" : 1968.26,
    "dma200" : 1927.89,
    "volume" : 1983.00
  }, {
    "date" : "2025-10-20",
    "price" : 2057.70,
    "dma50" : 2065.80,
    "dma100" : 1970.15,
    "dma200" : 1929.18,
    "volume" : 1724.00
  }, {
    "date" : "2025-10-21",
    "price" : 2092.65,
    "dma50" : 2066.86,
    "dma100" : 1972.75,
    "dma200" : 1930.81,
    "volume" : 901.00
  }, {
    "date" : "2025-10-23",
    "price" : 2066.10,
    "dma50" : 2066.83,
    "dma100" : 1975.46,
    "dma200" : 1932.15,
    "volume" : 2097.00
  }, {
    "date" : "2025-10-24",
    "price" : 2044.95,
    "dma50" : 2065.97,
    "dma100" : 1977.60,
    "dma200" : 1933.28,
    "volume" : 1036.00
  }, {
    "date" : "2025-10-27",
    "price" : 2020.60,
    "dma50" : 2064.19,
    "dma100" : 1979.13,
    "dma200" : 1934.15,
    "volume" : 1751.00
  }, {
    "date" : "2025-10-28",
    "price" : 1981.85,
    "dma50" : 2060.96,
    "dma100" : 1980.35,
    "dma200" : 1934.62,
    "volume" : 1941.00
  }, {
    "date" : "2025-10-29",
    "price" : 1958.30,
    "dma50" : 2056.94,
    "dma100" : 1980.96,
    "dma200" : 1934.86,
    "volume" : 3448.00
  }, {
    "date" : "2025-10-30",
    "price" : 1912.40,
    "dma50" : 2051.27,
    "dma100" : 1981.08,
    "dma200" : 1934.63,
    "volume" : 2145.00
  }, {
    "date" : "2025-10-31",
    "price" : 1858.95,
    "dma50" : 2043.73,
    "dma100" : 1981.00,
    "dma200" : 1933.88,
    "volume" : 2422.00
  }, {
    "date" : "2025-11-03",
    "price" : 1846.05,
    "dma50" : 2035.97,
    "dma100" : 1980.78,
    "dma200" : 1933.00,
    "volume" : 2294.00
  }, {
    "date" : "2025-11-04",
    "price" : 1864.40,
    "dma50" : 2029.24,
    "dma100" : 1980.73,
    "dma200" : 1932.32,
    "volume" : 672.00
  }, {
    "date" : "2025-11-06",
    "price" : 1860.05,
    "dma50" : 2022.61,
    "dma100" : 1980.83,
    "dma200" : 1931.60,
    "volume" : 796.00
  }, {
    "date" : "2025-11-07",
    "price" : 1844.15,
    "dma50" : 2015.61,
    "dma100" : 1981.14,
    "dma200" : 1930.73,
    "volume" : 805.00
  }, {
    "date" : "2025-11-10",
    "price" : 1838.55,
    "dma50" : 2008.67,
    "dma100" : 1981.63,
    "dma200" : 1929.82,
    "volume" : 554.00
  }, {
    "date" : "2025-11-11",
    "price" : 1811.90,
    "dma50" : 2000.95,
    "dma100" : 1981.97,
    "dma200" : 1928.64,
    "volume" : 910.00
  }, {
    "date" : "2025-11-12",
    "price" : 1810.30,
    "dma50" : 1993.47,
    "dma100" : 1982.28,
    "dma200" : 1927.46,
    "volume" : 1412.00
  }, {
    "date" : "2025-11-13",
    "price" : 1766.85,
    "dma50" : 1984.59,
    "dma100" : 1982.44,
    "dma200" : 1925.87,
    "volume" : 1837.00
  }, {
    "date" : "2025-11-14",
    "price" : 1773.75,
    "dma50" : 1976.32,
    "dma100" : 1982.32,
    "dma200" : 1924.35,
    "volume" : 997.00
  }, {
    "date" : "2025-11-17",
    "price" : 1828.20,
    "dma50" : 1970.51,
    "dma100" : 1982.18,
    "dma200" : 1923.40,
    "volume" : 1333.00
  }, {
    "date" : "2025-11-18",
    "price" : 1858.00,
    "dma50" : 1966.10,
    "dma100" : 1982.28,
    "dma200" : 1922.75,
    "volume" : 945.00
  }, {
    "date" : "2025-11-19",
    "price" : 1830.05,
    "dma50" : 1960.76,
    "dma100" : 1982.21,
    "dma200" : 1921.82,
    "volume" : 397.00
  }, {
    "date" : "2025-11-20",
    "price" : 1826.60,
    "dma50" : 1955.50,
    "dma100" : 1982.56,
    "dma200" : 1920.88,
    "volume" : 609.00
  }, {
    "date" : "2025-11-21",
    "price" : 1830.50,
    "dma50" : 1950.60,
    "dma100" : 1982.88,
    "dma200" : 1919.98,
    "volume" : 834.00
  }, {
    "date" : "2025-11-24",
    "price" : 1787.20,
    "dma50" : 1944.19,
    "dma100" : 1982.84,
    "dma200" : 1918.66,
    "volume" : 1016.00
  }, {
    "date" : "2025-11-25",
    "price" : 1765.95,
    "dma50" : 1937.20,
    "dma100" : 1982.35,
    "dma200" : 1917.14,
    "volume" : 339.00
  }, {
    "date" : "2025-11-26",
    "price" : 1768.95,
    "dma50" : 1930.60,
    "dma100" : 1981.94,
    "dma200" : 1915.66,
    "volume" : 789.00
  }, {
    "date" : "2025-11-27",
    "price" : 1804.65,
    "dma50" : 1925.66,
    "dma100" : 1982.12,
    "dma200" : 1914.56,
    "volume" : 440.00
  }, {
    "date" : "2025-11-28",
    "price" : 1798.40,
    "dma50" : 1920.67,
    "dma100" : 1982.10,
    "dma200" : 1913.40,
    "volume" : 391.00
  }, {
    "date" : "2025-12-01",
    "price" : 1809.50,
    "dma50" : 1916.31,
    "dma100" : 1982.45,
    "dma200" : 1912.37,
    "volume" : 2165.00
  }, {
    "date" : "2025-12-02",
    "price" : 1823.90,
    "dma50" : 1912.69,
    "dma100" : 1983.43,
    "dma200" : 1911.49,
    "volume" : 277.00
  }, {
    "date" : "2025-12-03",
    "price" : 1839.15,
    "dma50" : 1909.81,
    "dma100" : 1984.54,
    "dma200" : 1910.77,
    "volume" : 2024.00
  }, {
    "date" : "2025-12-04",
    "price" : 1823.15,
    "dma50" : 1906.41,
    "dma100" : 1985.28,
    "dma200" : 1909.90,
    "volume" : 594.00
  }, {
    "date" : "2025-12-05",
    "price" : 1783.35,
    "dma50" : 1901.58,
    "dma100" : 1985.48,
    "dma200" : 1908.64,
    "volume" : 855.00
  }, {
    "date" : "2025-12-08",
    "price" : 1729.25,
    "dma50" : 1894.82,
    "dma100" : 1985.66,
    "dma200" : 1906.85,
    "volume" : 2211.00
  }, {
    "date" : "2025-12-09",
    "price" : 1703.05,
    "dma50" : 1887.30,
    "dma100" : 1985.47,
    "dma200" : 1904.82,
    "volume" : 1393.00
  }, {
    "date" : "2025-12-10",
    "price" : 1734.95,
    "dma50" : 1881.33,
    "dma100" : 1985.20,
    "dma200" : 1903.13,
    "volume" : 2388.00
  }, {
    "date" : "2025-12-11",
    "price" : 1713.45,
    "dma50" : 1874.75,
    "dma100" : 1984.68,
    "dma200" : 1901.25,
    "volume" : 472.00
  }, {
    "date" : "2025-12-12",
    "price" : 1697.65,
    "dma50" : 1867.80,
    "dma100" : 1983.78,
    "dma200" : 1899.22,
    "volume" : 2479.00
  }, {
    "date" : "2025-12-15",
    "price" : 1668.80,
    "dma50" : 1860.00,
    "dma100" : 1982.38,
    "dma200" : 1896.93,
    "volume" : 1046.00
  }, {
    "date" : "2025-12-16",
    "price" : 1678.85,
    "dma50" : 1852.89,
    "dma100" : 1981.19,
    "dma200" : 1894.76,
    "volume" : 308.00
  }, {
    "date" : "2025-12-17",
    "price" : 1697.05,
    "dma50" : 1846.78,
    "dma100" : 1980.06,
    "dma200" : 1892.79,
    "volume" : 429.00
  }, {
    "date" : "2025-12-18",
    "price" : 1680.30,
    "dma50" : 1840.25,
    "dma100" : 1978.87,
    "dma200" : 1890.68,
    "volume" : 2246.00
  }, {
    "date" : "2025-12-19",
    "price" : 1712.40,
    "dma50" : 1835.24,
    "dma100" : 1978.09,
    "dma200" : 1888.90,
    "volume" : 504.00
  }, {
    "date" : "2025-12-22",
    "price" : 1716.25,
    "dma50" : 1830.57,
    "dma100" : 1977.27,
    "dma200" : 1887.18,
    "volume" : 894.00
  }, {
    "date" : "2025-12-23",
    "price" : 1705.70,
    "dma50" : 1825.68,
    "dma100" : 1976.47,
    "dma200" : 1885.38,
    "volume" : 882.00
  }, {
    "date" : "2025-12-24",
    "price" : 1736.90,
    "dma50" : 1822.19,
    "dma100" : 1975.79,
    "dma200" : 1883.90,
    "volume" : 1088.00
  }, {
    "date" : "2025-12-26",
    "price" : 1764.00,
    "dma50" : 1819.91,
    "dma100" : 1971.77,
    "dma200" : 1882.71,
    "volume" : 1046.00
  }, {
    "date" : "2025-12-29",
    "price" : 1727.05,
    "dma50" : 1816.27,
    "dma100" : 1967.03,
    "dma200" : 1881.16,
    "volume" : 897.00
  }, {
    "date" : "2025-12-30",
    "price" : 1729.10,
    "dma50" : 1812.85,
    "dma100" : 1963.10,
    "dma200" : 1879.65,
    "volume" : 1411.00
  }, {
    "date" : "2025-12-31",
    "price" : 1754.25,
    "dma50" : 1810.55,
    "dma100" : 1959.66,
    "dma200" : 1878.40,
    "volume" : 631.00
  }, {
    "date" : "2026-01-01",
    "price" : 1784.45,
    "dma50" : 1809.53,
    "dma100" : 1956.66,
    "dma200" : 1877.46,
    "volume" : 889.00
  }, {
    "date" : "2026-01-02",
    "price" : 1846.65,
    "dma50" : 1810.99,
    "dma100" : 1954.98,
    "dma200" : 1877.16,
    "volume" : 2441.00
  }, {
    "date" : "2026-01-05",
    "price" : 1849.25,
    "dma50" : 1812.49,
    "dma100" : 1952.40,
    "dma200" : 1876.88,
    "volume" : 642.00
  } ],
  "latestTechnicalAttributes" : {
    "date" : "2026-01-05",
    "price" : 1849.25,
    "dma50" : 1812.49,
    "dma100" : 1952.40,
    "dma200" : 1876.88,
    "volume" : 642.00
  },
  "quarterlyResults" : [ {
    "date" : "2005-03-31",
    "sales" : 50.79,
    "salesGrowthYoY" : null,
    "grossProfitMargin" : 22.72,
    "grossProfit" : 11.54,
    "operatingProfitMargin" : 12.90,
    "operatingProfit" : 6.55,
    "netProfitMargin" : 9.43,
    "netProfit" : 4.79
  }, {
    "date" : "2005-06-30",
    "sales" : 44.84,
    "salesGrowthYoY" : null,
    "grossProfitMargin" : 17.77,
    "grossProfit" : 7.97,
    "operatingProfitMargin" : 7.74,
    "operatingProfit" : 3.47,
    "netProfitMargin" : 4.57,
    "netProfit" : 2.05
  }, {
    "date" : "2005-09-30",
    "sales" : 58.79,
    "salesGrowthYoY" : null,
    "grossProfitMargin" : 16.33,
    "grossProfit" : 9.60,
    "operatingProfitMargin" : 7.62,
    "operatingProfit" : 4.48,
    "netProfitMargin" : 5.03,
    "netProfit" : 2.96
  }, {
    "date" : "2005-12-31",
    "sales" : 64.95,
    "salesGrowthYoY" : null,
    "grossProfitMargin" : 17.81,
    "grossProfit" : 11.57,
    "operatingProfitMargin" : 7.90,
    "operatingProfit" : 5.13,
    "netProfitMargin" : 4.43,
    "netProfit" : 2.88
  }, {
    "date" : "2006-03-31",
    "sales" : 85.44,
    "salesGrowthYoY" : 68.22,
    "grossProfitMargin" : 20.85,
    "grossProfit" : 17.81,
    "operatingProfitMargin" : 13.07,
    "operatingProfit" : 11.17,
    "netProfitMargin" : 8.65,
    "netProfit" : 7.39
  }, {
    "date" : "2006-06-30",
    "sales" : 70.03,
    "salesGrowthYoY" : 56.18,
    "grossProfitMargin" : 18.39,
    "grossProfit" : 12.88,
    "operatingProfitMargin" : 9.61,
    "operatingProfit" : 6.73,
    "netProfitMargin" : 7.34,
    "netProfit" : 5.14
  }, {
    "date" : "2006-09-30",
    "sales" : 65.90,
    "salesGrowthYoY" : 12.09,
    "grossProfitMargin" : 14.48,
    "grossProfit" : 9.54,
    "operatingProfitMargin" : 4.40,
    "operatingProfit" : 2.90,
    "netProfitMargin" : 3.02,
    "netProfit" : 1.99
  }, {
    "date" : "2006-12-31",
    "sales" : 87.02,
    "salesGrowthYoY" : 33.98,
    "grossProfitMargin" : 19.13,
    "grossProfit" : 16.65,
    "operatingProfitMargin" : 10.33,
    "operatingProfit" : 8.99,
    "netProfitMargin" : 6.50,
    "netProfit" : 5.66
  }, {
    "date" : "2007-03-31",
    "sales" : 109.16,
    "salesGrowthYoY" : 27.76,
    "grossProfitMargin" : 19.02,
    "grossProfit" : 20.76,
    "operatingProfitMargin" : 10.46,
    "operatingProfit" : 11.42,
    "netProfitMargin" : 6.93,
    "netProfit" : 7.56
  }, {
    "date" : "2007-06-30",
    "sales" : 84.25,
    "salesGrowthYoY" : 20.31,
    "grossProfitMargin" : 17.80,
    "grossProfit" : 15.00,
    "operatingProfitMargin" : 7.36,
    "operatingProfit" : 6.20,
    "netProfitMargin" : 5.28,
    "netProfit" : 4.45
  }, {
    "date" : "2007-09-30",
    "sales" : 55.00,
    "salesGrowthYoY" : -16.54,
    "grossProfitMargin" : 14.04,
    "grossProfit" : 7.72,
    "operatingProfitMargin" : 0.56,
    "operatingProfit" : 0.31,
    "netProfitMargin" : 2.75,
    "netProfit" : 1.51
  }, {
    "date" : "2007-12-31",
    "sales" : 77.39,
    "salesGrowthYoY" : -11.07,
    "grossProfitMargin" : 19.24,
    "grossProfit" : 14.89,
    "operatingProfitMargin" : 9.26,
    "operatingProfit" : 7.17,
    "netProfitMargin" : 7.58,
    "netProfit" : 5.87
  }, {
    "date" : "2008-03-31",
    "sales" : 115.10,
    "salesGrowthYoY" : 5.44,
    "grossProfitMargin" : 19.50,
    "grossProfit" : 22.44,
    "operatingProfitMargin" : 10.76,
    "operatingProfit" : 12.38,
    "netProfitMargin" : 7.62,
    "netProfit" : 8.77
  }, {
    "date" : "2008-06-30",
    "sales" : 97.92,
    "salesGrowthYoY" : 16.23,
    "grossProfitMargin" : 16.93,
    "grossProfit" : 16.58,
    "operatingProfitMargin" : 7.60,
    "operatingProfit" : 7.44,
    "netProfitMargin" : 5.47,
    "netProfit" : 5.36
  }, {
    "date" : "2008-09-30",
    "sales" : 110.10,
    "salesGrowthYoY" : 100.18,
    "grossProfitMargin" : 18.62,
    "grossProfit" : 20.50,
    "operatingProfitMargin" : 10.79,
    "operatingProfit" : 11.88,
    "netProfitMargin" : 8.39,
    "netProfit" : 9.24
  }, {
    "date" : "2008-12-31",
    "sales" : 70.15,
    "salesGrowthYoY" : -9.36,
    "grossProfitMargin" : 13.93,
    "grossProfit" : 9.77,
    "operatingProfitMargin" : 2.79,
    "operatingProfit" : 1.96,
    "netProfitMargin" : 2.54,
    "netProfit" : 1.78
  }, {
    "date" : "2009-03-31",
    "sales" : 46.74,
    "salesGrowthYoY" : -59.39,
    "grossProfitMargin" : 21.16,
    "grossProfit" : 9.89,
    "operatingProfitMargin" : 5.05,
    "operatingProfit" : 2.36,
    "netProfitMargin" : 2.44,
    "netProfit" : 1.14
  }, {
    "date" : "2009-06-30",
    "sales" : 29.53,
    "salesGrowthYoY" : -69.84,
    "grossProfitMargin" : 10.73,
    "grossProfit" : 3.17,
    "operatingProfitMargin" : -16.73,
    "operatingProfit" : -4.94,
    "netProfitMargin" : -13.44,
    "netProfit" : -3.97
  }, {
    "date" : "2009-09-30",
    "sales" : 41.02,
    "salesGrowthYoY" : -62.74,
    "grossProfitMargin" : 7.19,
    "grossProfit" : 2.95,
    "operatingProfitMargin" : -13.51,
    "operatingProfit" : -5.54,
    "netProfitMargin" : -17.77,
    "netProfit" : -7.29
  }, {
    "date" : "2009-12-31",
    "sales" : 86.55,
    "salesGrowthYoY" : 23.38,
    "grossProfitMargin" : 16.07,
    "grossProfit" : 13.91,
    "operatingProfitMargin" : 5.25,
    "operatingProfit" : 4.54,
    "netProfitMargin" : 5.27,
    "netProfit" : 4.56
  }, {
    "date" : "2010-03-31",
    "sales" : 77.12,
    "salesGrowthYoY" : 65.00,
    "grossProfitMargin" : 18.28,
    "grossProfit" : 14.10,
    "operatingProfitMargin" : 3.79,
    "operatingProfit" : 2.92,
    "netProfitMargin" : 5.89,
    "netProfit" : 4.54
  }, {
    "date" : "2010-06-30",
    "sales" : 78.02,
    "salesGrowthYoY" : 164.21,
    "grossProfitMargin" : 20.17,
    "grossProfit" : 15.74,
    "operatingProfitMargin" : 6.79,
    "operatingProfit" : 5.30,
    "netProfitMargin" : 4.10,
    "netProfit" : 3.20
  }, {
    "date" : "2010-09-30",
    "sales" : 109.10,
    "salesGrowthYoY" : 165.97,
    "grossProfitMargin" : 20.66,
    "grossProfit" : 22.54,
    "operatingProfitMargin" : 11.54,
    "operatingProfit" : 12.59,
    "netProfitMargin" : 7.52,
    "netProfit" : 8.20
  }, {
    "date" : "2010-12-31",
    "sales" : 103.88,
    "salesGrowthYoY" : 20.02,
    "grossProfitMargin" : 23.52,
    "grossProfit" : 24.43,
    "operatingProfitMargin" : 15.20,
    "operatingProfit" : 15.79,
    "netProfitMargin" : 9.47,
    "netProfit" : 9.84
  }, {
    "date" : "2011-03-31",
    "sales" : 80.73,
    "salesGrowthYoY" : 4.68,
    "grossProfitMargin" : 35.10,
    "grossProfit" : 28.34,
    "operatingProfitMargin" : 8.94,
    "operatingProfit" : 7.22,
    "netProfitMargin" : 6.54,
    "netProfit" : 5.28
  }, {
    "date" : "2011-06-30",
    "sales" : 65.94,
    "salesGrowthYoY" : -15.48,
    "grossProfitMargin" : 34.65,
    "grossProfit" : 22.85,
    "operatingProfitMargin" : 7.32,
    "operatingProfit" : 4.83,
    "netProfitMargin" : 5.78,
    "netProfit" : 3.81
  }, {
    "date" : "2011-09-30",
    "sales" : 75.13,
    "salesGrowthYoY" : -31.14,
    "grossProfitMargin" : 35.49,
    "grossProfit" : 26.66,
    "operatingProfitMargin" : 11.67,
    "operatingProfit" : 8.77,
    "netProfitMargin" : 8.73,
    "netProfit" : 6.56
  }, {
    "date" : "2011-12-31",
    "sales" : 81.49,
    "salesGrowthYoY" : -21.55,
    "grossProfitMargin" : 33.89,
    "grossProfit" : 27.62,
    "operatingProfitMargin" : 9.01,
    "operatingProfit" : 7.34,
    "netProfitMargin" : 6.82,
    "netProfit" : 5.56
  }, {
    "date" : "2012-03-31",
    "sales" : 110.20,
    "salesGrowthYoY" : 36.50,
    "grossProfitMargin" : 32.44,
    "grossProfit" : 35.75,
    "operatingProfitMargin" : 11.25,
    "operatingProfit" : 12.40,
    "netProfitMargin" : 8.09,
    "netProfit" : 8.92
  }, {
    "date" : "2012-06-30",
    "sales" : 63.41,
    "salesGrowthYoY" : -3.84,
    "grossProfitMargin" : 34.74,
    "grossProfit" : 22.03,
    "operatingProfitMargin" : 6.29,
    "operatingProfit" : 3.99,
    "netProfitMargin" : 5.00,
    "netProfit" : 3.17
  }, {
    "date" : "2012-09-30",
    "sales" : 65.04,
    "salesGrowthYoY" : -13.43,
    "grossProfitMargin" : 36.07,
    "grossProfit" : 23.46,
    "operatingProfitMargin" : 9.30,
    "operatingProfit" : 6.05,
    "netProfitMargin" : 6.92,
    "netProfit" : 4.50
  }, {
    "date" : "2012-12-31",
    "sales" : 65.87,
    "salesGrowthYoY" : -19.17,
    "grossProfitMargin" : 33.32,
    "grossProfit" : 21.95,
    "operatingProfitMargin" : 5.62,
    "operatingProfit" : 3.70,
    "netProfitMargin" : 4.77,
    "netProfit" : 3.14
  }, {
    "date" : "2013-03-31",
    "sales" : 69.04,
    "salesGrowthYoY" : -37.35,
    "grossProfitMargin" : 36.92,
    "grossProfit" : 25.49,
    "operatingProfitMargin" : 9.53,
    "operatingProfit" : 6.58,
    "netProfitMargin" : 6.98,
    "netProfit" : 4.82
  }, {
    "date" : "2013-06-30",
    "sales" : 59.72,
    "salesGrowthYoY" : -5.82,
    "grossProfitMargin" : 34.14,
    "grossProfit" : 20.39,
    "operatingProfitMargin" : 5.02,
    "operatingProfit" : 3.00,
    "netProfitMargin" : 4.17,
    "netProfit" : 2.49
  }, {
    "date" : "2013-09-30",
    "sales" : 77.56,
    "salesGrowthYoY" : 19.25,
    "grossProfitMargin" : 31.85,
    "grossProfit" : 24.70,
    "operatingProfitMargin" : 6.27,
    "operatingProfit" : 4.86,
    "netProfitMargin" : 4.65,
    "netProfit" : 3.61
  }, {
    "date" : "2013-12-31",
    "sales" : 86.22,
    "salesGrowthYoY" : 30.89,
    "grossProfitMargin" : 36.23,
    "grossProfit" : 31.24,
    "operatingProfitMargin" : 10.76,
    "operatingProfit" : 9.28,
    "netProfitMargin" : 7.48,
    "netProfit" : 6.45
  }, {
    "date" : "2014-03-31",
    "sales" : 79.48,
    "salesGrowthYoY" : 15.12,
    "grossProfitMargin" : 33.78,
    "grossProfit" : 26.85,
    "operatingProfitMargin" : 8.74,
    "operatingProfit" : 6.95,
    "netProfitMargin" : 6.20,
    "netProfit" : 4.93
  }, {
    "date" : "2014-06-30",
    "sales" : 100.72,
    "salesGrowthYoY" : 68.65,
    "grossProfitMargin" : 28.69,
    "grossProfit" : 28.90,
    "operatingProfitMargin" : 5.73,
    "operatingProfit" : 5.77,
    "netProfitMargin" : 3.95,
    "netProfit" : 3.98
  }, {
    "date" : "2014-09-30",
    "sales" : 127.41,
    "salesGrowthYoY" : 64.27,
    "grossProfitMargin" : 28.03,
    "grossProfit" : 35.71,
    "operatingProfitMargin" : 7.31,
    "operatingProfit" : 9.31,
    "netProfitMargin" : 4.94,
    "netProfit" : 6.29
  }, {
    "date" : "2014-12-31",
    "sales" : 61.83,
    "salesGrowthYoY" : -28.29,
    "grossProfitMargin" : 28.92,
    "grossProfit" : 17.88,
    "operatingProfitMargin" : -3.11,
    "operatingProfit" : -1.92,
    "netProfitMargin" : -1.86,
    "netProfit" : -1.15
  }, {
    "date" : "2015-03-31",
    "sales" : 105.04,
    "salesGrowthYoY" : 32.16,
    "grossProfitMargin" : 33.26,
    "grossProfit" : 34.94,
    "operatingProfitMargin" : 4.74,
    "operatingProfit" : 4.98,
    "netProfitMargin" : 5.83,
    "netProfit" : 6.12
  }, {
    "date" : "2015-06-30",
    "sales" : 100.28,
    "salesGrowthYoY" : -0.44,
    "grossProfitMargin" : 31.27,
    "grossProfit" : 31.36,
    "operatingProfitMargin" : 5.56,
    "operatingProfit" : 5.58,
    "netProfitMargin" : 3.74,
    "netProfit" : 3.75
  }, {
    "date" : "2015-09-30",
    "sales" : 102.63,
    "salesGrowthYoY" : -19.45,
    "grossProfitMargin" : 29.10,
    "grossProfit" : 29.87,
    "operatingProfitMargin" : 6.37,
    "operatingProfit" : 6.54,
    "netProfitMargin" : 4.25,
    "netProfit" : 4.36
  }, {
    "date" : "2015-12-31",
    "sales" : 104.56,
    "salesGrowthYoY" : 69.11,
    "grossProfitMargin" : 30.59,
    "grossProfit" : 31.98,
    "operatingProfitMargin" : 6.94,
    "operatingProfit" : 7.26,
    "netProfitMargin" : 4.68,
    "netProfit" : 4.89
  }, {
    "date" : "2016-03-31",
    "sales" : 109.46,
    "salesGrowthYoY" : 4.21,
    "grossProfitMargin" : 33.33,
    "grossProfit" : 36.48,
    "operatingProfitMargin" : 5.12,
    "operatingProfit" : 5.60,
    "netProfitMargin" : 3.61,
    "netProfit" : 3.95
  }, {
    "date" : "2016-06-30",
    "sales" : 114.51,
    "salesGrowthYoY" : 14.19,
    "grossProfitMargin" : 36.46,
    "grossProfit" : 41.75,
    "operatingProfitMargin" : 8.17,
    "operatingProfit" : 9.36,
    "netProfitMargin" : 5.53,
    "netProfit" : 6.33
  }, {
    "date" : "2016-09-30",
    "sales" : 102.42,
    "salesGrowthYoY" : -0.20,
    "grossProfitMargin" : 35.42,
    "grossProfit" : 36.28,
    "operatingProfitMargin" : 7.37,
    "operatingProfit" : 7.55,
    "netProfitMargin" : 5.02,
    "netProfit" : 5.14
  }, {
    "date" : "2016-12-31",
    "sales" : 111.20,
    "salesGrowthYoY" : 6.35,
    "grossProfitMargin" : 32.49,
    "grossProfit" : 36.13,
    "operatingProfitMargin" : 6.22,
    "operatingProfit" : 6.92,
    "netProfitMargin" : 4.37,
    "netProfit" : 4.86
  }, {
    "date" : "2017-03-31",
    "sales" : 139.29,
    "salesGrowthYoY" : 27.25,
    "grossProfitMargin" : 29.54,
    "grossProfit" : 41.15,
    "operatingProfitMargin" : 4.80,
    "operatingProfit" : 6.69,
    "netProfitMargin" : 3.34,
    "netProfit" : 4.65
  }, {
    "date" : "2017-06-30",
    "sales" : 118.71,
    "salesGrowthYoY" : 3.67,
    "grossProfitMargin" : 32.93,
    "grossProfit" : 39.09,
    "operatingProfitMargin" : 7.05,
    "operatingProfit" : 8.37,
    "netProfitMargin" : 4.93,
    "netProfit" : 5.85
  }, {
    "date" : "2017-09-30",
    "sales" : 142.11,
    "salesGrowthYoY" : 38.75,
    "grossProfitMargin" : 29.77,
    "grossProfit" : 42.31,
    "operatingProfitMargin" : 6.76,
    "operatingProfit" : 9.61,
    "netProfitMargin" : 4.33,
    "netProfit" : 6.15
  }, {
    "date" : "2017-12-31",
    "sales" : 116.58,
    "salesGrowthYoY" : 4.84,
    "grossProfitMargin" : 31.82,
    "grossProfit" : 37.10,
    "operatingProfitMargin" : 6.05,
    "operatingProfit" : 7.05,
    "netProfitMargin" : 4.28,
    "netProfit" : 4.99
  }, {
    "date" : "2018-03-31",
    "sales" : 112.03,
    "salesGrowthYoY" : -19.57,
    "grossProfitMargin" : 33.95,
    "grossProfit" : 38.03,
    "operatingProfitMargin" : 3.37,
    "operatingProfit" : 3.78,
    "netProfitMargin" : 1.98,
    "netProfit" : 2.22
  }, {
    "date" : "2018-06-30",
    "sales" : 125.78,
    "salesGrowthYoY" : 5.96,
    "grossProfitMargin" : 35.59,
    "grossProfit" : 44.77,
    "operatingProfitMargin" : 7.03,
    "operatingProfit" : 8.84,
    "netProfitMargin" : 5.14,
    "netProfit" : 6.47
  }, {
    "date" : "2018-09-30",
    "sales" : 103.28,
    "salesGrowthYoY" : -27.32,
    "grossProfitMargin" : 34.79,
    "grossProfit" : 35.93,
    "operatingProfitMargin" : 6.49,
    "operatingProfit" : 6.70,
    "netProfitMargin" : 5.02,
    "netProfit" : 5.18
  }, {
    "date" : "2018-12-31",
    "sales" : 89.71,
    "salesGrowthYoY" : -23.05,
    "grossProfitMargin" : 36.29,
    "grossProfit" : 32.56,
    "operatingProfitMargin" : 7.77,
    "operatingProfit" : 6.97,
    "netProfitMargin" : 6.21,
    "netProfit" : 5.57
  }, {
    "date" : "2019-03-31",
    "sales" : 107.40,
    "salesGrowthYoY" : -4.13,
    "grossProfitMargin" : 35.11,
    "grossProfit" : 37.71,
    "operatingProfitMargin" : 8.20,
    "operatingProfit" : 8.81,
    "netProfitMargin" : 4.59,
    "netProfit" : 4.93
  }, {
    "date" : "2019-06-30",
    "sales" : 121.50,
    "salesGrowthYoY" : -3.40,
    "grossProfitMargin" : 34.44,
    "grossProfit" : 41.84,
    "operatingProfitMargin" : 7.41,
    "operatingProfit" : 9.00,
    "netProfitMargin" : 5.47,
    "netProfit" : 6.65
  }, {
    "date" : "2019-09-30",
    "sales" : 82.63,
    "salesGrowthYoY" : -19.99,
    "grossProfitMargin" : 35.51,
    "grossProfit" : 29.34,
    "operatingProfitMargin" : 3.99,
    "operatingProfit" : 3.30,
    "netProfitMargin" : 6.15,
    "netProfit" : 5.08
  }, {
    "date" : "2019-12-31",
    "sales" : 53.65,
    "salesGrowthYoY" : -40.20,
    "grossProfitMargin" : 31.15,
    "grossProfit" : 16.71,
    "operatingProfitMargin" : -5.03,
    "operatingProfit" : -2.70,
    "netProfitMargin" : -2.63,
    "netProfit" : -1.41
  }, {
    "date" : "2020-03-31",
    "sales" : 75.40,
    "salesGrowthYoY" : -29.80,
    "grossProfitMargin" : 34.87,
    "grossProfit" : 26.29,
    "operatingProfitMargin" : 0.13,
    "operatingProfit" : 0.10,
    "netProfitMargin" : -0.57,
    "netProfit" : -0.43
  }, {
    "date" : "2020-06-30",
    "sales" : 9.46,
    "salesGrowthYoY" : -92.21,
    "grossProfitMargin" : 38.79,
    "grossProfit" : 3.67,
    "operatingProfitMargin" : -91.86,
    "operatingProfit" : -8.69,
    "netProfitMargin" : -72.83,
    "netProfit" : -6.89
  }, {
    "date" : "2020-09-30",
    "sales" : 24.74,
    "salesGrowthYoY" : -70.06,
    "grossProfitMargin" : 35.21,
    "grossProfit" : 8.71,
    "operatingProfitMargin" : -24.66,
    "operatingProfit" : -6.10,
    "netProfitMargin" : -10.19,
    "netProfit" : -2.52
  }, {
    "date" : "2020-12-31",
    "sales" : 35.24,
    "salesGrowthYoY" : -34.32,
    "grossProfitMargin" : 38.93,
    "grossProfit" : 13.72,
    "operatingProfitMargin" : -6.33,
    "operatingProfit" : -2.23,
    "netProfitMargin" : -0.99,
    "netProfit" : -0.35
  }, {
    "date" : "2021-03-31",
    "sales" : 46.24,
    "salesGrowthYoY" : -38.67,
    "grossProfitMargin" : 31.57,
    "grossProfit" : 14.60,
    "operatingProfitMargin" : -9.73,
    "operatingProfit" : -4.50,
    "netProfitMargin" : -5.88,
    "netProfit" : -2.72
  }, {
    "date" : "2021-06-30",
    "sales" : 38.19,
    "salesGrowthYoY" : 303.70,
    "grossProfitMargin" : 31.11,
    "grossProfit" : 11.88,
    "operatingProfitMargin" : -13.93,
    "operatingProfit" : -5.32,
    "netProfitMargin" : -8.85,
    "netProfit" : -3.38
  }, {
    "date" : "2021-09-30",
    "sales" : 52.66,
    "salesGrowthYoY" : 112.85,
    "grossProfitMargin" : 26.43,
    "grossProfit" : 13.92,
    "operatingProfitMargin" : -5.94,
    "operatingProfit" : -3.13,
    "netProfitMargin" : -2.94,
    "netProfit" : -1.55
  }, {
    "date" : "2021-12-31",
    "sales" : 76.05,
    "salesGrowthYoY" : 115.81,
    "grossProfitMargin" : 32.27,
    "grossProfit" : 24.54,
    "operatingProfitMargin" : 6.18,
    "operatingProfit" : 4.70,
    "netProfitMargin" : 4.48,
    "netProfit" : 3.41
  }, {
    "date" : "2022-03-31",
    "sales" : 114.87,
    "salesGrowthYoY" : 148.42,
    "grossProfitMargin" : 26.94,
    "grossProfit" : 30.95,
    "operatingProfitMargin" : 9.42,
    "operatingProfit" : 10.82,
    "netProfitMargin" : 9.19,
    "netProfit" : 10.56
  }, {
    "date" : "2022-06-30",
    "sales" : 141.69,
    "salesGrowthYoY" : 271.01,
    "grossProfitMargin" : 29.25,
    "grossProfit" : 41.44,
    "operatingProfitMargin" : 7.18,
    "operatingProfit" : 10.17,
    "netProfitMargin" : 5.41,
    "netProfit" : 7.67
  }, {
    "date" : "2022-09-30",
    "sales" : 139.47,
    "salesGrowthYoY" : 164.85,
    "grossProfitMargin" : 26.59,
    "grossProfit" : 37.09,
    "operatingProfitMargin" : 5.38,
    "operatingProfit" : 7.50,
    "netProfitMargin" : 4.42,
    "netProfit" : 6.16
  }, {
    "date" : "2022-12-31",
    "sales" : 87.73,
    "salesGrowthYoY" : 15.36,
    "grossProfitMargin" : 31.86,
    "grossProfit" : 27.95,
    "operatingProfitMargin" : 4.72,
    "operatingProfit" : 4.14,
    "netProfitMargin" : 4.67,
    "netProfit" : 4.10
  }, {
    "date" : "2023-03-31",
    "sales" : 137.34,
    "salesGrowthYoY" : 19.56,
    "grossProfitMargin" : 30.98,
    "grossProfit" : 42.55,
    "operatingProfitMargin" : 6.67,
    "operatingProfit" : 9.16,
    "netProfitMargin" : 5.63,
    "netProfit" : 7.73
  }, {
    "date" : "2023-06-30",
    "sales" : 150.99,
    "salesGrowthYoY" : 6.56,
    "grossProfitMargin" : 29.39,
    "grossProfit" : 44.38,
    "operatingProfitMargin" : 8.15,
    "operatingProfit" : 12.31,
    "netProfitMargin" : 6.69,
    "netProfit" : 10.10
  }, {
    "date" : "2023-09-30",
    "sales" : 124.10,
    "salesGrowthYoY" : -11.02,
    "grossProfitMargin" : 31.10,
    "grossProfit" : 38.60,
    "operatingProfitMargin" : 6.74,
    "operatingProfit" : 8.36,
    "netProfitMargin" : 6.11,
    "netProfit" : 7.58
  }, {
    "date" : "2023-12-31",
    "sales" : 139.87,
    "salesGrowthYoY" : 59.43,
    "grossProfitMargin" : 30.41,
    "grossProfit" : 42.53,
    "operatingProfitMargin" : 8.04,
    "operatingProfit" : 11.25,
    "netProfitMargin" : 6.99,
    "netProfit" : 9.78
  }, {
    "date" : "2024-03-31",
    "sales" : 169.39,
    "salesGrowthYoY" : 23.34,
    "grossProfitMargin" : 30.36,
    "grossProfit" : 51.43,
    "operatingProfitMargin" : 6.43,
    "operatingProfit" : 10.89,
    "netProfitMargin" : 6.44,
    "netProfit" : 10.91
  }, {
    "date" : "2024-06-30",
    "sales" : 203.33,
    "salesGrowthYoY" : 34.66,
    "grossProfitMargin" : 29.91,
    "grossProfit" : 60.82,
    "operatingProfitMargin" : 10.48,
    "operatingProfit" : 21.31,
    "netProfitMargin" : 8.81,
    "netProfit" : 17.91
  }, {
    "date" : "2024-09-30",
    "sales" : 129.87,
    "salesGrowthYoY" : 4.65,
    "grossProfitMargin" : 29.87,
    "grossProfit" : 38.79,
    "operatingProfitMargin" : 5.36,
    "operatingProfit" : 6.96,
    "netProfitMargin" : 5.65,
    "netProfit" : 7.34
  }, {
    "date" : "2024-12-31",
    "sales" : 110.71,
    "salesGrowthYoY" : -20.85,
    "grossProfitMargin" : 29.11,
    "grossProfit" : 32.23,
    "operatingProfitMargin" : 3.69,
    "operatingProfit" : 4.09,
    "netProfitMargin" : 4.07,
    "netProfit" : 4.51
  }, {
    "date" : "2025-03-31",
    "sales" : 216.86,
    "salesGrowthYoY" : 28.02,
    "grossProfitMargin" : 29.87,
    "grossProfit" : 64.78,
    "operatingProfitMargin" : 9.22,
    "operatingProfit" : 19.99,
    "netProfitMargin" : 7.77,
    "netProfit" : 16.85
  }, {
    "date" : "2025-06-30",
    "sales" : 256.41,
    "salesGrowthYoY" : 26.11,
    "grossProfitMargin" : 29.50,
    "grossProfit" : 75.64,
    "operatingProfitMargin" : 10.87,
    "operatingProfit" : 27.87,
    "netProfitMargin" : 9.00,
    "netProfit" : 23.08
  }, {
    "date" : "2025-09-30",
    "sales" : 206.38,
    "salesGrowthYoY" : 58.91,
    "grossProfitMargin" : 31.31,
    "grossProfit" : 64.62,
    "operatingProfitMargin" : 8.26,
    "operatingProfit" : 17.05,
    "netProfitMargin" : 7.09,
    "netProfit" : 14.63
  } ],
  "latestQuarterlyResult" : {
    "date" : "2025-09-30",
    "sales" : 206.38,
    "salesGrowthYoY" : 58.91,
    "grossProfitMargin" : 31.31,
    "grossProfit" : 64.62,
    "operatingProfitMargin" : 8.26,
    "operatingProfit" : 17.05,
    "netProfitMargin" : 7.09,
    "netProfit" : 14.63
  },
  "companyScore" : {
    "priceHigherThanDma50" : 5.00,
    "priceHigherThanDma100" : 0.00,
    "priceHigherThanDma200" : 0.00,
    "dma50HigherThanDma100" : 0.00,
    "dma50HigherThanDma200" : 0.00,
    "dma100HigherThanDma200" : 5.00,
    "pricePercentageAboveDma50" : 4.90,
    "pricePercentageAboveDma100" : 5.26,
    "pricePercentageAboveDma200" : 5.07,
    "weeklyVolumeHigherThanYearlyVolume" : 0.00,
    "salesGrowthPercentile" : 16.20,
    "operatingProfitMarginPercentile" : 18.70,
    "netProfitMarginPercentile" : 9.71,
    "totalTechnicalScore" : 25.24,
    "totalFundamentalScore" : 44.62,
    "totalScore" : 69.85
  }
}