{
  "metadata" : {
    "screenerCompanyId" : "3770",
    "companyCode" : "505872",
    "companyName" : "WPIL",
    "screenerCompanyLink" : "https://www.screener.in/company/505872/consolidated/",
    "screenerTechnicalHistoryLink" : "https://www.screener.in/api/company/3770/chart/?q=Price-DMA50-DMA200-Volume&days=365",
    "screenerQuarterlyResultsLink" : "https://www.screener.in/api/company/3770/chart/?q=GPM-OPM-NPM-Quarter+Sales&days=10000",
    "attributes" : {
      "companyCode" : "505872",
      "companyName" : "WPIL",
      "marketCap" : 3858.00,
      "peRatio" : 32.40,
      "description" : "Incorporated in 1952 by Johnston Pump Company Inc., USA, WPIL is engaged in the entire value chain of Pumps & Pumping Systems from concept to commissioning and execution of water supply projects on a turnkey basis for industrial units, power utilities, irrigation departments, etc. Clients include irrigation departments of various states like Telangana, Madhya Pradesh, central utilities, large PSUs, and various private sector entities. In 2002, Mr. Prakash Agarwal acquired a controlling stake in the company from the B. M. Khaitan group. [1] [2]"
    },
    "companyScore" : {
      "priceHigherThanDma50" : 0.00,
      "priceHigherThanDma100" : 0.00,
      "priceHigherThanDma200" : 0.00,
      "dma50HigherThanDma100" : 0.00,
      "dma50HigherThanDma200" : 0.00,
      "dma100HigherThanDma200" : 0.00,
      "pricePercentageAboveDma50" : 5.04,
      "pricePercentageAboveDma100" : 5.19,
      "pricePercentageAboveDma200" : 5.32,
      "weeklyVolumeHigherThanYearlyVolume" : 0.00,
      "salesGrowthPercentile" : 7.25,
      "operatingProfitMarginPercentile" : 18.81,
      "netProfitMarginPercentile" : 8.99,
      "totalTechnicalScore" : 15.55,
      "totalFundamentalScore" : 35.05,
      "totalScore" : 50.60
    }
  },
  "attributes" : {
    "companyCode" : "505872",
    "companyName" : "WPIL",
    "marketCap" : 3858.00,
    "peRatio" : 32.40,
    "description" : "Incorporated in 1952 by Johnston Pump Company Inc., USA, WPIL is engaged in the entire value chain of Pumps & Pumping Systems from concept to commissioning and execution of water supply projects on a turnkey basis for industrial units, power utilities, irrigation departments, etc. Clients include irrigation departments of various states like Telangana, Madhya Pradesh, central utilities, large PSUs, and various private sector entities. In 2002, Mr. Prakash Agarwal acquired a controlling stake in the company from the B. M. Khaitan group. [1] [2]"
  },
  "technicalHistory" : [ {
    "date" : "2025-02-21",
    "price" : 416.20,
    "dma50" : 579.69,
    "dma100" : null,
    "dma200" : 527.25,
    "volume" : 80194.00
  }, {
    "date" : "2025-02-24",
    "price" : 401.15,
    "dma50" : 572.69,
    "dma100" : null,
    "dma200" : 526.00,
    "volume" : 75595.00
  }, {
    "date" : "2025-02-25",
    "price" : 400.00,
    "dma50" : 565.91,
    "dma100" : null,
    "dma200" : 524.74,
    "volume" : 44324.00
  }, {
    "date" : "2025-02-27",
    "price" : 382.90,
    "dma50" : 558.74,
    "dma100" : null,
    "dma200" : 523.33,
    "volume" : 85232.00
  }, {
    "date" : "2025-02-28",
    "price" : 367.35,
    "dma50" : 551.23,
    "dma100" : null,
    "dma200" : 521.78,
    "volume" : 101522.00
  }, {
    "date" : "2025-03-03",
    "price" : 356.60,
    "dma50" : 543.60,
    "dma100" : null,
    "dma200" : 520.14,
    "volume" : 116546.00
  }, {
    "date" : "2025-03-04",
    "price" : 372.70,
    "dma50" : 536.90,
    "dma100" : null,
    "dma200" : 518.67,
    "volume" : 73022.00
  }, {
    "date" : "2025-03-05",
    "price" : 406.35,
    "dma50" : 531.78,
    "dma100" : null,
    "dma200" : 517.55,
    "volume" : 81413.00
  }, {
    "date" : "2025-03-06",
    "price" : 393.95,
    "dma50" : 526.37,
    "dma100" : null,
    "dma200" : 516.32,
    "volume" : 121215.00
  }, {
    "date" : "2025-03-07",
    "price" : 393.10,
    "dma50" : 521.15,
    "dma100" : null,
    "dma200" : 515.10,
    "volume" : 107106.00
  }, {
    "date" : "2025-03-10",
    "price" : 391.95,
    "dma50" : 516.08,
    "dma100" : null,
    "dma200" : 513.87,
    "volume" : 126259.00
  }, {
    "date" : "2025-03-11",
    "price" : 389.90,
    "dma50" : 511.13,
    "dma100" : null,
    "dma200" : 512.64,
    "volume" : 63597.00
  }, {
    "date" : "2025-03-12",
    "price" : 381.85,
    "dma50" : 506.06,
    "dma100" : null,
    "dma200" : 511.34,
    "volume" : 124894.00
  }, {
    "date" : "2025-03-13",
    "price" : 376.65,
    "dma50" : 500.99,
    "dma100" : null,
    "dma200" : 510.00,
    "volume" : 53049.00
  }, {
    "date" : "2025-03-17",
    "price" : 360.60,
    "dma50" : 495.48,
    "dma100" : null,
    "dma200" : 508.51,
    "volume" : 63216.00
  }, {
    "date" : "2025-03-18",
    "price" : 378.00,
    "dma50" : 490.87,
    "dma100" : null,
    "dma200" : 507.21,
    "volume" : 110321.00
  }, {
    "date" : "2025-03-19",
    "price" : 415.80,
    "dma50" : 487.93,
    "dma100" : null,
    "dma200" : 506.30,
    "volume" : 96352.00
  }, {
    "date" : "2025-03-20",
    "price" : 454.55,
    "dma50" : 486.62,
    "dma100" : null,
    "dma200" : 505.79,
    "volume" : 328698.00
  }, {
    "date" : "2025-03-21",
    "price" : 470.25,
    "dma50" : 485.98,
    "dma100" : null,
    "dma200" : 505.43,
    "volume" : 194147.00
  }, {
    "date" : "2025-03-24",
    "price" : 456.85,
    "dma50" : 484.84,
    "dma100" : null,
    "dma200" : 504.95,
    "volume" : 147398.00
  }, {
    "date" : "2025-03-25",
    "price" : 421.80,
    "dma50" : 482.36,
    "dma100" : null,
    "dma200" : 504.12,
    "volume" : 144982.00
  }, {
    "date" : "2025-03-26",
    "price" : 424.80,
    "dma50" : 480.11,
    "dma100" : null,
    "dma200" : 503.33,
    "volume" : 101462.00
  }, {
    "date" : "2025-03-27",
    "price" : 430.30,
    "dma50" : 478.15,
    "dma100" : null,
    "dma200" : 502.61,
    "volume" : 89093.00
  }, {
    "date" : "2025-03-28",
    "price" : 430.35,
    "dma50" : 476.28,
    "dma100" : null,
    "dma200" : 501.89,
    "volume" : 82124.00
  }, {
    "date" : "2025-04-01",
    "price" : 405.85,
    "dma50" : 473.52,
    "dma100" : null,
    "dma200" : 500.93,
    "volume" : 109605.00
  }, {
    "date" : "2025-04-02",
    "price" : 408.85,
    "dma50" : 470.98,
    "dma100" : null,
    "dma200" : 500.01,
    "volume" : 105784.00
  }, {
    "date" : "2025-04-03",
    "price" : 415.15,
    "dma50" : 468.79,
    "dma100" : null,
    "dma200" : 499.17,
    "volume" : 63025.00
  }, {
    "date" : "2025-04-04",
    "price" : 401.30,
    "dma50" : 466.15,
    "dma100" : null,
    "dma200" : 498.20,
    "volume" : 72515.00
  }, {
    "date" : "2025-04-07",
    "price" : 379.95,
    "dma50" : 462.77,
    "dma100" : null,
    "dma200" : 497.02,
    "volume" : 107553.00
  }, {
    "date" : "2025-04-08",
    "price" : 393.35,
    "dma50" : 460.04,
    "dma100" : null,
    "dma200" : 495.99,
    "volume" : 50816.00
  }, {
    "date" : "2025-04-09",
    "price" : 387.75,
    "dma50" : 457.21,
    "dma100" : null,
    "dma200" : 494.91,
    "volume" : 38856.00
  }, {
    "date" : "2025-04-11",
    "price" : 405.85,
    "dma50" : 455.19,
    "dma100" : null,
    "dma200" : 494.03,
    "volume" : 55326.00
  }, {
    "date" : "2025-04-15",
    "price" : 422.55,
    "dma50" : 453.91,
    "dma100" : null,
    "dma200" : 493.31,
    "volume" : 60001.00
  }, {
    "date" : "2025-04-16",
    "price" : 425.55,
    "dma50" : 452.80,
    "dma100" : null,
    "dma200" : 492.64,
    "volume" : 44932.00
  }, {
    "date" : "2025-04-17",
    "price" : 454.70,
    "dma50" : 452.88,
    "dma100" : null,
    "dma200" : 492.26,
    "volume" : 154019.00
  }, {
    "date" : "2025-04-21",
    "price" : 455.10,
    "dma50" : 452.96,
    "dma100" : null,
    "dma200" : 491.89,
    "volume" : 89254.00
  }, {
    "date" : "2025-04-22",
    "price" : 455.85,
    "dma50" : 453.08,
    "dma100" : null,
    "dma200" : 491.53,
    "volume" : 49865.00
  }, {
    "date" : "2025-04-23",
    "price" : 439.00,
    "dma50" : 452.52,
    "dma100" : null,
    "dma200" : 491.01,
    "volume" : 123238.00
  }, {
    "date" : "2025-04-24",
    "price" : 437.40,
    "dma50" : 451.93,
    "dma100" : null,
    "dma200" : 490.48,
    "volume" : 29957.00
  }, {
    "date" : "2025-04-25",
    "price" : 419.80,
    "dma50" : 450.67,
    "dma100" : null,
    "dma200" : 489.77,
    "volume" : 60436.00
  }, {
    "date" : "2025-04-28",
    "price" : 413.20,
    "dma50" : 449.20,
    "dma100" : null,
    "dma200" : 489.01,
    "volume" : 53207.00
  }, {
    "date" : "2025-04-29",
    "price" : 409.20,
    "dma50" : 447.63,
    "dma100" : null,
    "dma200" : 488.22,
    "volume" : 48696.00
  }, {
    "date" : "2025-04-30",
    "price" : 404.05,
    "dma50" : 445.92,
    "dma100" : null,
    "dma200" : 487.38,
    "volume" : 39393.00
  }, {
    "date" : "2025-05-02",
    "price" : 405.85,
    "dma50" : 444.35,
    "dma100" : null,
    "dma200" : 486.57,
    "volume" : 38938.00
  }, {
    "date" : "2025-05-05",
    "price" : 410.00,
    "dma50" : 443.01,
    "dma100" : null,
    "dma200" : 485.81,
    "volume" : 46102.00
  }, {
    "date" : "2025-05-06",
    "price" : 397.05,
    "dma50" : 441.20,
    "dma100" : null,
    "dma200" : 484.92,
    "volume" : 67687.00
  }, {
    "date" : "2025-05-07",
    "price" : 397.20,
    "dma50" : 439.48,
    "dma100" : null,
    "dma200" : 484.05,
    "volume" : 65417.00
  }, {
    "date" : "2025-05-08",
    "price" : 397.30,
    "dma50" : 437.82,
    "dma100" : null,
    "dma200" : 483.19,
    "volume" : 48139.00
  }, {
    "date" : "2025-05-09",
    "price" : 405.50,
    "dma50" : 436.56,
    "dma100" : null,
    "dma200" : 482.42,
    "volume" : 44213.00
  }, {
    "date" : "2025-05-12",
    "price" : 424.15,
    "dma50" : 436.07,
    "dma100" : null,
    "dma200" : 481.84,
    "volume" : 57303.00
  }, {
    "date" : "2025-05-13",
    "price" : 424.10,
    "dma50" : 435.60,
    "dma100" : null,
    "dma200" : 481.26,
    "volume" : 46106.00
  }, {
    "date" : "2025-05-14",
    "price" : 445.15,
    "dma50" : 435.97,
    "dma100" : null,
    "dma200" : 480.90,
    "volume" : 95893.00
  }, {
    "date" : "2025-05-15",
    "price" : 445.00,
    "dma50" : 436.33,
    "dma100" : null,
    "dma200" : 480.54,
    "volume" : 58067.00
  }, {
    "date" : "2025-05-16",
    "price" : 441.30,
    "dma50" : 436.52,
    "dma100" : null,
    "dma200" : 480.15,
    "volume" : 54357.00
  }, {
    "date" : "2025-05-19",
    "price" : 443.15,
    "dma50" : 436.78,
    "dma100" : null,
    "dma200" : 479.79,
    "volume" : 56997.00
  }, {
    "date" : "2025-05-20",
    "price" : 435.00,
    "dma50" : 436.71,
    "dma100" : null,
    "dma200" : 479.34,
    "volume" : 87321.00
  }, {
    "date" : "2025-05-21",
    "price" : 446.10,
    "dma50" : 437.08,
    "dma100" : null,
    "dma200" : 479.01,
    "volume" : 60766.00
  }, {
    "date" : "2025-05-22",
    "price" : 443.65,
    "dma50" : 437.34,
    "dma100" : null,
    "dma200" : 478.66,
    "volume" : 40417.00
  }, {
    "date" : "2025-05-23",
    "price" : 483.95,
    "dma50" : 439.17,
    "dma100" : null,
    "dma200" : 478.71,
    "volume" : 225264.00
  }, {
    "date" : "2025-05-26",
    "price" : 417.20,
    "dma50" : 438.31,
    "dma100" : null,
    "dma200" : 478.10,
    "volume" : 409586.00
  }, {
    "date" : "2025-05-27",
    "price" : 430.65,
    "dma50" : 438.01,
    "dma100" : null,
    "dma200" : 477.63,
    "volume" : 216817.00
  }, {
    "date" : "2025-05-28",
    "price" : 434.00,
    "dma50" : 437.85,
    "dma100" : null,
    "dma200" : 477.19,
    "volume" : 68937.00
  }, {
    "date" : "2025-05-29",
    "price" : 431.60,
    "dma50" : 437.60,
    "dma100" : null,
    "dma200" : 476.74,
    "volume" : 70279.00
  }, {
    "date" : "2025-05-30",
    "price" : 419.80,
    "dma50" : 436.90,
    "dma100" : null,
    "dma200" : 476.17,
    "volume" : 61967.00
  }, {
    "date" : "2025-06-02",
    "price" : 413.75,
    "dma50" : 436.00,
    "dma100" : null,
    "dma200" : 475.55,
    "volume" : 50156.00
  }, {
    "date" : "2025-06-03",
    "price" : 413.40,
    "dma50" : 435.11,
    "dma100" : null,
    "dma200" : 474.93,
    "volume" : 41792.00
  }, {
    "date" : "2025-06-04",
    "price" : 418.15,
    "dma50" : 434.45,
    "dma100" : null,
    "dma200" : 474.37,
    "volume" : 42430.00
  }, {
    "date" : "2025-06-05",
    "price" : 419.75,
    "dma50" : 433.87,
    "dma100" : null,
    "dma200" : 473.82,
    "volume" : 38182.00
  }, {
    "date" : "2025-06-06",
    "price" : 415.45,
    "dma50" : 433.15,
    "dma100" : null,
    "dma200" : 473.24,
    "volume" : 36529.00
  }, {
    "date" : "2025-06-09",
    "price" : 422.10,
    "dma50" : 432.71,
    "dma100" : null,
    "dma200" : 472.73,
    "volume" : 40148.00
  }, {
    "date" : "2025-06-10",
    "price" : 419.20,
    "dma50" : 432.18,
    "dma100" : null,
    "dma200" : 472.20,
    "volume" : 46719.00
  }, {
    "date" : "2025-06-11",
    "price" : 420.90,
    "dma50" : 431.74,
    "dma100" : null,
    "dma200" : 471.69,
    "volume" : 25700.00
  }, {
    "date" : "2025-06-12",
    "price" : 417.20,
    "dma50" : 431.17,
    "dma100" : null,
    "dma200" : 471.15,
    "volume" : 30350.00
  }, {
    "date" : "2025-06-13",
    "price" : 418.35,
    "dma50" : 430.67,
    "dma100" : null,
    "dma200" : 470.62,
    "volume" : 54602.00
  }, {
    "date" : "2025-06-16",
    "price" : 426.35,
    "dma50" : 430.50,
    "dma100" : null,
    "dma200" : 470.18,
    "volume" : 50849.00
  }, {
    "date" : "2025-06-17",
    "price" : 421.30,
    "dma50" : 430.14,
    "dma100" : null,
    "dma200" : 469.70,
    "volume" : 41782.00
  }, {
    "date" : "2025-06-18",
    "price" : 423.80,
    "dma50" : 429.89,
    "dma100" : null,
    "dma200" : 469.24,
    "volume" : 27442.00
  }, {
    "date" : "2025-06-19",
    "price" : 422.25,
    "dma50" : 429.59,
    "dma100" : null,
    "dma200" : 468.77,
    "volume" : 44577.00
  }, {
    "date" : "2025-06-20",
    "price" : 418.35,
    "dma50" : 429.15,
    "dma100" : null,
    "dma200" : 468.27,
    "volume" : 34292.00
  }, {
    "date" : "2025-06-23",
    "price" : 413.15,
    "dma50" : 428.52,
    "dma100" : null,
    "dma200" : 467.72,
    "volume" : 43466.00
  }, {
    "date" : "2025-06-24",
    "price" : 426.20,
    "dma50" : 428.43,
    "dma100" : null,
    "dma200" : 467.31,
    "volume" : 65964.00
  }, {
    "date" : "2025-06-25",
    "price" : 427.90,
    "dma50" : 428.41,
    "dma100" : null,
    "dma200" : 466.92,
    "volume" : 48608.00
  }, {
    "date" : "2025-06-26",
    "price" : 421.60,
    "dma50" : 428.14,
    "dma100" : null,
    "dma200" : 466.47,
    "volume" : 25715.00
  }, {
    "date" : "2025-06-27",
    "price" : 417.30,
    "dma50" : 427.72,
    "dma100" : null,
    "dma200" : 465.98,
    "volume" : 41739.00
  }, {
    "date" : "2025-06-30",
    "price" : 420.35,
    "dma50" : 427.43,
    "dma100" : null,
    "dma200" : 465.52,
    "volume" : 42753.00
  }, {
    "date" : "2025-07-01",
    "price" : 414.55,
    "dma50" : 426.92,
    "dma100" : null,
    "dma200" : 465.02,
    "volume" : 47217.00
  }, {
    "date" : "2025-07-02",
    "price" : 414.70,
    "dma50" : 426.44,
    "dma100" : null,
    "dma200" : 464.51,
    "volume" : 38159.00
  }, {
    "date" : "2025-07-03",
    "price" : 416.95,
    "dma50" : 426.07,
    "dma100" : null,
    "dma200" : 464.04,
    "volume" : 33577.00
  }, {
    "date" : "2025-07-04",
    "price" : 418.05,
    "dma50" : 425.76,
    "dma100" : null,
    "dma200" : 463.58,
    "volume" : 25822.00
  }, {
    "date" : "2025-07-07",
    "price" : 418.75,
    "dma50" : 425.48,
    "dma100" : null,
    "dma200" : 463.14,
    "volume" : 46474.00
  }, {
    "date" : "2025-07-08",
    "price" : 420.80,
    "dma50" : 425.30,
    "dma100" : null,
    "dma200" : 462.72,
    "volume" : 42712.00
  }, {
    "date" : "2025-07-09",
    "price" : 418.90,
    "dma50" : 425.05,
    "dma100" : null,
    "dma200" : 462.28,
    "volume" : 25244.00
  }, {
    "date" : "2025-07-10",
    "price" : 415.25,
    "dma50" : 424.66,
    "dma100" : null,
    "dma200" : 461.81,
    "volume" : 76046.00
  }, {
    "date" : "2025-07-11",
    "price" : 416.95,
    "dma50" : 424.36,
    "dma100" : null,
    "dma200" : 461.37,
    "volume" : 37030.00
  }, {
    "date" : "2025-07-14",
    "price" : 414.25,
    "dma50" : 423.96,
    "dma100" : null,
    "dma200" : 460.90,
    "volume" : 34179.00
  }, {
    "date" : "2025-07-15",
    "price" : 417.80,
    "dma50" : 423.72,
    "dma100" : null,
    "dma200" : 460.47,
    "volume" : 44437.00
  }, {
    "date" : "2025-07-16",
    "price" : 442.05,
    "dma50" : 424.44,
    "dma100" : null,
    "dma200" : 460.29,
    "volume" : 125365.00
  }, {
    "date" : "2025-07-17",
    "price" : 445.50,
    "dma50" : 425.27,
    "dma100" : null,
    "dma200" : 460.14,
    "volume" : 76714.00
  }, {
    "date" : "2025-07-18",
    "price" : 447.75,
    "dma50" : 426.15,
    "dma100" : null,
    "dma200" : 460.01,
    "volume" : 64363.00
  }, {
    "date" : "2025-07-21",
    "price" : 440.95,
    "dma50" : 426.73,
    "dma100" : null,
    "dma200" : 459.83,
    "volume" : 53945.00
  }, {
    "date" : "2025-07-22",
    "price" : 438.90,
    "dma50" : 427.21,
    "dma100" : 417.89,
    "dma200" : 459.62,
    "volume" : 30089.00
  }, {
    "date" : "2025-07-23",
    "price" : 431.55,
    "dma50" : 427.38,
    "dma100" : 418.19,
    "dma200" : 459.34,
    "volume" : 20396.00
  }, {
    "date" : "2025-07-24",
    "price" : 425.50,
    "dma50" : 427.30,
    "dma100" : 418.45,
    "dma200" : 459.00,
    "volume" : 42893.00
  }, {
    "date" : "2025-07-25",
    "price" : 421.60,
    "dma50" : 427.08,
    "dma100" : 418.83,
    "dma200" : 458.63,
    "volume" : 23117.00
  }, {
    "date" : "2025-07-28",
    "price" : 410.30,
    "dma50" : 426.42,
    "dma100" : 419.26,
    "dma200" : 458.15,
    "volume" : 31449.00
  }, {
    "date" : "2025-07-29",
    "price" : 412.20,
    "dma50" : 425.86,
    "dma100" : 419.82,
    "dma200" : 457.69,
    "volume" : 18858.00
  }, {
    "date" : "2025-07-30",
    "price" : 438.75,
    "dma50" : 426.37,
    "dma100" : 420.48,
    "dma200" : 457.50,
    "volume" : 73620.00
  }, {
    "date" : "2025-07-31",
    "price" : 456.30,
    "dma50" : 427.54,
    "dma100" : 420.98,
    "dma200" : 457.49,
    "volume" : 134642.00
  }, {
    "date" : "2025-08-01",
    "price" : 505.35,
    "dma50" : 430.59,
    "dma100" : 422.09,
    "dma200" : 457.97,
    "volume" : 594442.00
  }, {
    "date" : "2025-08-04",
    "price" : 512.10,
    "dma50" : 433.79,
    "dma100" : 423.28,
    "dma200" : 458.51,
    "volume" : 141340.00
  }, {
    "date" : "2025-08-05",
    "price" : 494.50,
    "dma50" : 436.17,
    "dma100" : 424.31,
    "dma200" : 458.86,
    "volume" : 132882.00
  }, {
    "date" : "2025-08-06",
    "price" : 460.25,
    "dma50" : 437.12,
    "dma100" : 425.01,
    "dma200" : 458.88,
    "volume" : 478719.00
  }, {
    "date" : "2025-08-07",
    "price" : 451.25,
    "dma50" : 437.67,
    "dma100" : 425.71,
    "dma200" : 458.80,
    "volume" : 56652.00
  }, {
    "date" : "2025-08-08",
    "price" : 438.70,
    "dma50" : 437.71,
    "dma100" : 426.33,
    "dma200" : 458.60,
    "volume" : 41308.00
  }, {
    "date" : "2025-08-11",
    "price" : 429.80,
    "dma50" : 437.40,
    "dma100" : 427.02,
    "dma200" : 458.31,
    "volume" : 47868.00
  }, {
    "date" : "2025-08-12",
    "price" : 415.45,
    "dma50" : 436.54,
    "dma100" : 427.39,
    "dma200" : 457.89,
    "volume" : 30847.00
  }, {
    "date" : "2025-08-13",
    "price" : 417.30,
    "dma50" : 435.78,
    "dma100" : 427.41,
    "dma200" : 457.48,
    "volume" : 46108.00
  }, {
    "date" : "2025-08-14",
    "price" : 431.25,
    "dma50" : 435.61,
    "dma100" : 427.18,
    "dma200" : 457.22,
    "volume" : 38529.00
  }, {
    "date" : "2025-08-18",
    "price" : 439.50,
    "dma50" : 435.76,
    "dma100" : 426.87,
    "dma200" : 457.05,
    "volume" : 58263.00
  }, {
    "date" : "2025-08-19",
    "price" : 435.45,
    "dma50" : 435.75,
    "dma100" : 426.65,
    "dma200" : 456.83,
    "volume" : 27203.00
  }, {
    "date" : "2025-08-20",
    "price" : 435.20,
    "dma50" : 435.73,
    "dma100" : 426.79,
    "dma200" : 456.62,
    "volume" : 34499.00
  }, {
    "date" : "2025-08-21",
    "price" : 435.65,
    "dma50" : 435.72,
    "dma100" : 426.90,
    "dma200" : 456.41,
    "volume" : 25597.00
  }, {
    "date" : "2025-08-22",
    "price" : 436.70,
    "dma50" : 435.76,
    "dma100" : 426.96,
    "dma200" : 456.21,
    "volume" : 43673.00
  }, {
    "date" : "2025-08-25",
    "price" : 435.45,
    "dma50" : 435.75,
    "dma100" : 427.01,
    "dma200" : 456.01,
    "volume" : 24158.00
  }, {
    "date" : "2025-08-26",
    "price" : 433.80,
    "dma50" : 435.67,
    "dma100" : 427.29,
    "dma200" : 455.78,
    "volume" : 39152.00
  }, {
    "date" : "2025-08-28",
    "price" : 424.35,
    "dma50" : 435.23,
    "dma100" : 427.45,
    "dma200" : 455.47,
    "volume" : 24073.00
  }, {
    "date" : "2025-08-29",
    "price" : 427.65,
    "dma50" : 434.93,
    "dma100" : 427.57,
    "dma200" : 455.19,
    "volume" : 52928.00
  }, {
    "date" : "2025-09-01",
    "price" : 427.00,
    "dma50" : 434.62,
    "dma100" : 427.83,
    "dma200" : 454.91,
    "volume" : 22649.00
  }, {
    "date" : "2025-09-02",
    "price" : 420.70,
    "dma50" : 434.07,
    "dma100" : 428.24,
    "dma200" : 454.57,
    "volume" : 46626.00
  }, {
    "date" : "2025-09-03",
    "price" : 432.70,
    "dma50" : 434.02,
    "dma100" : 428.63,
    "dma200" : 454.36,
    "volume" : 31003.00
  }, {
    "date" : "2025-09-04",
    "price" : 426.20,
    "dma50" : 433.71,
    "dma100" : 429.01,
    "dma200" : 454.08,
    "volume" : 11736.00
  }, {
    "date" : "2025-09-05",
    "price" : 427.95,
    "dma50" : 433.49,
    "dma100" : 429.23,
    "dma200" : 453.82,
    "volume" : 41353.00
  }, {
    "date" : "2025-09-08",
    "price" : 427.10,
    "dma50" : 433.24,
    "dma100" : 429.28,
    "dma200" : 453.55,
    "volume" : 21986.00
  }, {
    "date" : "2025-09-09",
    "price" : 425.75,
    "dma50" : 432.94,
    "dma100" : 429.28,
    "dma200" : 453.27,
    "volume" : 16692.00
  }, {
    "date" : "2025-09-10",
    "price" : 436.85,
    "dma50" : 433.10,
    "dma100" : 429.10,
    "dma200" : 453.11,
    "volume" : 31886.00
  }, {
    "date" : "2025-09-11",
    "price" : 435.15,
    "dma50" : 433.18,
    "dma100" : 428.90,
    "dma200" : 452.93,
    "volume" : 10902.00
  }, {
    "date" : "2025-09-12",
    "price" : 430.15,
    "dma50" : 433.06,
    "dma100" : 428.65,
    "dma200" : 452.70,
    "volume" : 39297.00
  }, {
    "date" : "2025-09-15",
    "price" : 425.25,
    "dma50" : 432.75,
    "dma100" : 428.51,
    "dma200" : 452.43,
    "volume" : 75079.00
  }, {
    "date" : "2025-09-16",
    "price" : 432.80,
    "dma50" : 432.75,
    "dma100" : 428.46,
    "dma200" : 452.24,
    "volume" : 36002.00
  }, {
    "date" : "2025-09-17",
    "price" : 426.00,
    "dma50" : 432.49,
    "dma100" : 428.53,
    "dma200" : 451.98,
    "volume" : 33128.00
  }, {
    "date" : "2025-09-18",
    "price" : 422.00,
    "dma50" : 432.08,
    "dma100" : 428.61,
    "dma200" : 451.68,
    "volume" : 64012.00
  }, {
    "date" : "2025-09-19",
    "price" : 420.65,
    "dma50" : 431.63,
    "dma100" : 428.73,
    "dma200" : 451.37,
    "volume" : 55754.00
  }, {
    "date" : "2025-09-22",
    "price" : 430.85,
    "dma50" : 431.60,
    "dma100" : 429.00,
    "dma200" : 451.16,
    "volume" : 122605.00
  }, {
    "date" : "2025-09-23",
    "price" : 439.70,
    "dma50" : 431.92,
    "dma100" : 429.33,
    "dma200" : 451.05,
    "volume" : 63264.00
  }, {
    "date" : "2025-09-24",
    "price" : 434.25,
    "dma50" : 432.01,
    "dma100" : 429.58,
    "dma200" : 450.88,
    "volume" : 90048.00
  }, {
    "date" : "2025-09-25",
    "price" : 442.75,
    "dma50" : 432.43,
    "dma100" : 430.03,
    "dma200" : 450.80,
    "volume" : 45565.00
  }, {
    "date" : "2025-09-26",
    "price" : 442.00,
    "dma50" : 432.81,
    "dma100" : 430.48,
    "dma200" : 450.71,
    "volume" : 101507.00
  }, {
    "date" : "2025-09-29",
    "price" : 448.00,
    "dma50" : 433.40,
    "dma100" : 430.99,
    "dma200" : 450.69,
    "volume" : 68413.00
  }, {
    "date" : "2025-09-30",
    "price" : 448.60,
    "dma50" : 434.00,
    "dma100" : 431.42,
    "dma200" : 450.67,
    "volume" : 44484.00
  }, {
    "date" : "2025-10-01",
    "price" : 453.60,
    "dma50" : 434.77,
    "dma100" : 431.71,
    "dma200" : 450.70,
    "volume" : 43154.00
  }, {
    "date" : "2025-10-03",
    "price" : 454.40,
    "dma50" : 435.54,
    "dma100" : 432.02,
    "dma200" : 450.73,
    "volume" : 40168.00
  }, {
    "date" : "2025-10-06",
    "price" : 441.75,
    "dma50" : 435.78,
    "dma100" : 431.98,
    "dma200" : 450.64,
    "volume" : 41631.00
  }, {
    "date" : "2025-10-07",
    "price" : 450.20,
    "dma50" : 436.34,
    "dma100" : 432.04,
    "dma200" : 450.64,
    "volume" : 44619.00
  }, {
    "date" : "2025-10-08",
    "price" : 439.70,
    "dma50" : 436.48,
    "dma100" : 432.02,
    "dma200" : 450.53,
    "volume" : 35076.00
  }, {
    "date" : "2025-10-09",
    "price" : 449.70,
    "dma50" : 437.00,
    "dma100" : 432.08,
    "dma200" : 450.52,
    "volume" : 36028.00
  }, {
    "date" : "2025-10-10",
    "price" : 447.85,
    "dma50" : 437.42,
    "dma100" : 432.21,
    "dma200" : 450.50,
    "volume" : 22262.00
  }, {
    "date" : "2025-10-13",
    "price" : 443.15,
    "dma50" : 437.65,
    "dma100" : 432.18,
    "dma200" : 450.42,
    "volume" : 14643.00
  }, {
    "date" : "2025-10-14",
    "price" : 446.90,
    "dma50" : 438.01,
    "dma100" : 432.22,
    "dma200" : 450.39,
    "volume" : 22935.00
  }, {
    "date" : "2025-10-15",
    "price" : 449.60,
    "dma50" : 438.46,
    "dma100" : 431.87,
    "dma200" : 450.38,
    "volume" : 13743.00
  }, {
    "date" : "2025-10-16",
    "price" : 446.60,
    "dma50" : 438.78,
    "dma100" : 432.17,
    "dma200" : 450.34,
    "volume" : 14364.00
  }, {
    "date" : "2025-10-17",
    "price" : 444.25,
    "dma50" : 439.00,
    "dma100" : 432.30,
    "dma200" : 450.28,
    "volume" : 23800.00
  }, {
    "date" : "2025-10-20",
    "price" : 450.15,
    "dma50" : 439.43,
    "dma100" : 432.46,
    "dma200" : 450.28,
    "volume" : 23100.00
  }, {
    "date" : "2025-10-21",
    "price" : 449.80,
    "dma50" : 439.84,
    "dma100" : 432.65,
    "dma200" : 450.27,
    "volume" : 7514.00
  }, {
    "date" : "2025-10-23",
    "price" : 450.15,
    "dma50" : 440.24,
    "dma100" : 432.95,
    "dma200" : 450.27,
    "volume" : 15683.00
  }, {
    "date" : "2025-10-24",
    "price" : 445.95,
    "dma50" : 440.47,
    "dma100" : 433.27,
    "dma200" : 450.23,
    "volume" : 19994.00
  }, {
    "date" : "2025-10-27",
    "price" : 446.35,
    "dma50" : 440.70,
    "dma100" : 433.60,
    "dma200" : 450.19,
    "volume" : 30854.00
  }, {
    "date" : "2025-10-28",
    "price" : 449.05,
    "dma50" : 441.03,
    "dma100" : 433.91,
    "dma200" : 450.18,
    "volume" : 26091.00
  }, {
    "date" : "2025-10-29",
    "price" : 454.95,
    "dma50" : 441.57,
    "dma100" : 434.26,
    "dma200" : 450.23,
    "volume" : 24718.00
  }, {
    "date" : "2025-10-30",
    "price" : 450.75,
    "dma50" : 441.93,
    "dma100" : 434.62,
    "dma200" : 450.23,
    "volume" : 12112.00
  }, {
    "date" : "2025-10-31",
    "price" : 450.65,
    "dma50" : 442.27,
    "dma100" : 434.90,
    "dma200" : 450.24,
    "volume" : 26412.00
  }, {
    "date" : "2025-11-03",
    "price" : 456.25,
    "dma50" : 442.82,
    "dma100" : 435.27,
    "dma200" : 450.30,
    "volume" : 26484.00
  }, {
    "date" : "2025-11-04",
    "price" : 458.90,
    "dma50" : 443.45,
    "dma100" : 435.65,
    "dma200" : 450.38,
    "volume" : 31731.00
  }, {
    "date" : "2025-11-06",
    "price" : 457.30,
    "dma50" : 444.00,
    "dma100" : 436.05,
    "dma200" : 450.45,
    "volume" : 28594.00
  }, {
    "date" : "2025-11-07",
    "price" : 438.30,
    "dma50" : 443.77,
    "dma100" : 436.25,
    "dma200" : 450.33,
    "volume" : 41323.00
  }, {
    "date" : "2025-11-10",
    "price" : 420.10,
    "dma50" : 442.84,
    "dma100" : 436.19,
    "dma200" : 450.03,
    "volume" : 74555.00
  }, {
    "date" : "2025-11-11",
    "price" : 416.80,
    "dma50" : 441.82,
    "dma100" : 436.14,
    "dma200" : 449.70,
    "volume" : 28534.00
  }, {
    "date" : "2025-11-12",
    "price" : 418.45,
    "dma50" : 440.91,
    "dma100" : 436.09,
    "dma200" : 449.39,
    "volume" : 18900.00
  }, {
    "date" : "2025-11-13",
    "price" : 394.40,
    "dma50" : 439.08,
    "dma100" : 435.81,
    "dma200" : 448.84,
    "volume" : 110456.00
  }, {
    "date" : "2025-11-14",
    "price" : 385.05,
    "dma50" : 436.96,
    "dma100" : 435.48,
    "dma200" : 448.21,
    "volume" : 62466.00
  }, {
    "date" : "2025-11-17",
    "price" : 386.80,
    "dma50" : 435.00,
    "dma100" : 435.22,
    "dma200" : 447.60,
    "volume" : 64063.00
  }, {
    "date" : "2025-11-18",
    "price" : 404.55,
    "dma50" : 433.80,
    "dma100" : 435.00,
    "dma200" : 447.17,
    "volume" : 510691.00
  }, {
    "date" : "2025-11-19",
    "price" : 398.10,
    "dma50" : 432.40,
    "dma100" : 434.70,
    "dma200" : 446.68,
    "volume" : 116078.00
  }, {
    "date" : "2025-11-20",
    "price" : 406.00,
    "dma50" : 431.37,
    "dma100" : 434.55,
    "dma200" : 446.27,
    "volume" : 56184.00
  }, {
    "date" : "2025-11-21",
    "price" : 405.90,
    "dma50" : 430.37,
    "dma100" : 434.43,
    "dma200" : 445.87,
    "volume" : 41486.00
  }, {
    "date" : "2025-11-24",
    "price" : 401.65,
    "dma50" : 429.24,
    "dma100" : 434.24,
    "dma200" : 445.43,
    "volume" : 18373.00
  }, {
    "date" : "2025-11-25",
    "price" : 410.65,
    "dma50" : 428.51,
    "dma100" : 434.21,
    "dma200" : 445.09,
    "volume" : 61333.00
  }, {
    "date" : "2025-11-26",
    "price" : 406.65,
    "dma50" : 427.66,
    "dma100" : 434.13,
    "dma200" : 444.70,
    "volume" : 23599.00
  }, {
    "date" : "2025-11-27",
    "price" : 401.65,
    "dma50" : 426.64,
    "dma100" : 433.97,
    "dma200" : 444.28,
    "volume" : 25186.00
  }, {
    "date" : "2025-11-28",
    "price" : 401.10,
    "dma50" : 425.63,
    "dma100" : 433.80,
    "dma200" : 443.85,
    "volume" : 21365.00
  }, {
    "date" : "2025-12-01",
    "price" : 398.95,
    "dma50" : 424.59,
    "dma100" : 433.60,
    "dma200" : 443.40,
    "volume" : 8116.00
  }, {
    "date" : "2025-12-02",
    "price" : 392.55,
    "dma50" : 423.33,
    "dma100" : 433.32,
    "dma200" : 442.89,
    "volume" : 15258.00
  }, {
    "date" : "2025-12-03",
    "price" : 396.35,
    "dma50" : 422.27,
    "dma100" : 433.10,
    "dma200" : 442.43,
    "volume" : 68625.00
  }, {
    "date" : "2025-12-04",
    "price" : 395.60,
    "dma50" : 421.23,
    "dma100" : 432.90,
    "dma200" : 441.96,
    "volume" : 12287.00
  }, {
    "date" : "2025-12-05",
    "price" : 381.80,
    "dma50" : 419.68,
    "dma100" : 432.55,
    "dma200" : 441.37,
    "volume" : 43749.00
  }, {
    "date" : "2025-12-08",
    "price" : 369.40,
    "dma50" : 417.71,
    "dma100" : 432.10,
    "dma200" : 440.65,
    "volume" : 38899.00
  }, {
    "date" : "2025-12-09",
    "price" : 363.65,
    "dma50" : 415.59,
    "dma100" : 431.56,
    "dma200" : 439.88,
    "volume" : 39863.00
  }, {
    "date" : "2025-12-10",
    "price" : 371.75,
    "dma50" : 413.87,
    "dma100" : 430.86,
    "dma200" : 439.21,
    "volume" : 38501.00
  }, {
    "date" : "2025-12-11",
    "price" : 369.30,
    "dma50" : 412.12,
    "dma100" : 430.09,
    "dma200" : 438.51,
    "volume" : 23221.00
  }, {
    "date" : "2025-12-12",
    "price" : 370.75,
    "dma50" : 410.50,
    "dma100" : 429.32,
    "dma200" : 437.84,
    "volume" : 26878.00
  }, {
    "date" : "2025-12-15",
    "price" : 399.55,
    "dma50" : 410.07,
    "dma100" : 428.91,
    "dma200" : 437.45,
    "volume" : 323120.00
  }, {
    "date" : "2025-12-16",
    "price" : 422.90,
    "dma50" : 410.57,
    "dma100" : 428.75,
    "dma200" : 437.31,
    "volume" : 237007.00
  }, {
    "date" : "2025-12-17",
    "price" : 421.80,
    "dma50" : 411.01,
    "dma100" : 428.65,
    "dma200" : 437.16,
    "volume" : 132373.00
  }, {
    "date" : "2025-12-18",
    "price" : 416.50,
    "dma50" : 411.23,
    "dma100" : 428.56,
    "dma200" : 436.95,
    "volume" : 22428.00
  }, {
    "date" : "2025-12-19",
    "price" : 411.25,
    "dma50" : 411.23,
    "dma100" : 428.46,
    "dma200" : 436.69,
    "volume" : 24078.00
  }, {
    "date" : "2025-12-22",
    "price" : 424.40,
    "dma50" : 411.75,
    "dma100" : 428.60,
    "dma200" : 436.57,
    "volume" : 68102.00
  }, {
    "date" : "2025-12-23",
    "price" : 423.25,
    "dma50" : 412.20,
    "dma100" : 428.71,
    "dma200" : 436.44,
    "volume" : 28143.00
  }, {
    "date" : "2025-12-24",
    "price" : 418.35,
    "dma50" : 412.44,
    "dma100" : 428.51,
    "dma200" : 436.26,
    "volume" : 16882.00
  }, {
    "date" : "2025-12-26",
    "price" : 412.65,
    "dma50" : 412.45,
    "dma100" : 428.07,
    "dma200" : 436.02,
    "volume" : 9247.00
  }, {
    "date" : "2025-12-29",
    "price" : 405.10,
    "dma50" : 412.16,
    "dma100" : 427.07,
    "dma200" : 435.72,
    "volume" : 17455.00
  }, {
    "date" : "2025-12-30",
    "price" : 419.60,
    "dma50" : 412.45,
    "dma100" : 426.14,
    "dma200" : 435.56,
    "volume" : 30163.00
  }, {
    "date" : "2025-12-31",
    "price" : 411.15,
    "dma50" : 412.40,
    "dma100" : 425.31,
    "dma200" : 435.31,
    "volume" : 18980.00
  }, {
    "date" : "2026-01-01",
    "price" : 413.60,
    "dma50" : 412.45,
    "dma100" : 424.84,
    "dma200" : 435.10,
    "volume" : 8044.00
  }, {
    "date" : "2026-01-02",
    "price" : 412.95,
    "dma50" : 412.47,
    "dma100" : 424.46,
    "dma200" : 434.88,
    "volume" : 17056.00
  }, {
    "date" : "2026-01-05",
    "price" : 407.70,
    "dma50" : 412.28,
    "dma100" : 424.15,
    "dma200" : 434.61,
    "volume" : 30781.00
  }, {
    "date" : "2026-01-06",
    "price" : 398.90,
    "dma50" : 411.75,
    "dma100" : 423.84,
    "dma200" : 434.25,
    "volume" : 38183.00
  }, {
    "date" : "2026-01-07",
    "price" : 395.80,
    "dma50" : 411.13,
    "dma100" : 423.64,
    "dma200" : 433.87,
    "volume" : 39623.00
  }, {
    "date" : "2026-01-08",
    "price" : 389.25,
    "dma50" : 410.27,
    "dma100" : 423.36,
    "dma200" : 433.42,
    "volume" : 10214.00
  }, {
    "date" : "2026-01-09",
    "price" : 389.25,
    "dma50" : 409.45,
    "dma100" : 422.94,
    "dma200" : 432.99,
    "volume" : 12146.00
  }, {
    "date" : "2026-01-12",
    "price" : 374.25,
    "dma50" : 408.07,
    "dma100" : 422.29,
    "dma200" : 432.40,
    "volume" : 55857.00
  }, {
    "date" : "2026-01-13",
    "price" : 379.50,
    "dma50" : 406.95,
    "dma100" : 421.73,
    "dma200" : 431.87,
    "volume" : 10311.00
  }, {
    "date" : "2026-01-14",
    "price" : 393.40,
    "dma50" : 406.42,
    "dma100" : 421.31,
    "dma200" : 431.49,
    "volume" : 30858.00
  }, {
    "date" : "2026-01-16",
    "price" : 394.20,
    "dma50" : 405.94,
    "dma100" : 420.90,
    "dma200" : 431.12,
    "volume" : 17836.00
  }, {
    "date" : "2026-01-19",
    "price" : 384.75,
    "dma50" : 405.11,
    "dma100" : 420.38,
    "dma200" : 430.66,
    "volume" : 15591.00
  }, {
    "date" : "2026-01-20",
    "price" : 375.35,
    "dma50" : 403.94,
    "dma100" : 419.78,
    "dma200" : 430.11,
    "volume" : 18404.00
  }, {
    "date" : "2026-01-21",
    "price" : 369.30,
    "dma50" : 402.58,
    "dma100" : 419.13,
    "dma200" : 429.50,
    "volume" : 24747.00
  }, {
    "date" : "2026-01-22",
    "price" : 376.15,
    "dma50" : 401.54,
    "dma100" : 418.65,
    "dma200" : 428.97,
    "volume" : 8915.00
  }, {
    "date" : "2026-01-23",
    "price" : 370.75,
    "dma50" : 400.34,
    "dma100" : 418.08,
    "dma200" : 428.39,
    "volume" : 13771.00
  }, {
    "date" : "2026-01-27",
    "price" : 353.95,
    "dma50" : 398.52,
    "dma100" : 417.35,
    "dma200" : 427.65,
    "volume" : 95937.00
  }, {
    "date" : "2026-01-28",
    "price" : 366.70,
    "dma50" : 397.27,
    "dma100" : 416.81,
    "dma200" : 427.05,
    "volume" : 20257.00
  }, {
    "date" : "2026-01-29",
    "price" : 368.50,
    "dma50" : 396.14,
    "dma100" : 416.17,
    "dma200" : 426.46,
    "volume" : 13730.00
  }, {
    "date" : "2026-01-30",
    "price" : 374.60,
    "dma50" : 395.30,
    "dma100" : 415.65,
    "dma200" : 425.95,
    "volume" : 23248.00
  }, {
    "date" : "2026-02-01",
    "price" : 365.00,
    "dma50" : 394.11,
    "dma100" : 415.02,
    "dma200" : 425.34,
    "volume" : 15757.00
  }, {
    "date" : "2026-02-02",
    "price" : 397.75,
    "dma50" : 394.25,
    "dma100" : 414.73,
    "dma200" : 425.07,
    "volume" : 362302.00
  }, {
    "date" : "2026-02-03",
    "price" : 405.70,
    "dma50" : 394.70,
    "dma100" : 414.53,
    "dma200" : 424.87,
    "volume" : 121272.00
  }, {
    "date" : "2026-02-04",
    "price" : 400.65,
    "dma50" : 394.93,
    "dma100" : 414.17,
    "dma200" : 424.63,
    "volume" : 27786.00
  }, {
    "date" : "2026-02-05",
    "price" : 394.45,
    "dma50" : 394.91,
    "dma100" : 413.76,
    "dma200" : 424.33,
    "volume" : 15646.00
  }, {
    "date" : "2026-02-06",
    "price" : 387.20,
    "dma50" : 394.61,
    "dma100" : 413.33,
    "dma200" : 423.96,
    "volume" : 15317.00
  }, {
    "date" : "2026-02-09",
    "price" : 418.90,
    "dma50" : 395.56,
    "dma100" : 413.27,
    "dma200" : 423.91,
    "volume" : 97960.00
  }, {
    "date" : "2026-02-10",
    "price" : 417.45,
    "dma50" : 396.42,
    "dma100" : 413.11,
    "dma200" : 423.85,
    "volume" : 60958.00
  }, {
    "date" : "2026-02-11",
    "price" : 414.85,
    "dma50" : 397.15,
    "dma100" : 413.00,
    "dma200" : 423.76,
    "volume" : 24373.00
  }, {
    "date" : "2026-02-12",
    "price" : 402.60,
    "dma50" : 397.36,
    "dma100" : 412.81,
    "dma200" : 423.55,
    "volume" : 37416.00
  }, {
    "date" : "2026-02-13",
    "price" : 405.25,
    "dma50" : 397.67,
    "dma100" : 412.66,
    "dma200" : 423.37,
    "volume" : 15314.00
  }, {
    "date" : "2026-02-16",
    "price" : 402.85,
    "dma50" : 397.87,
    "dma100" : 412.38,
    "dma200" : 423.16,
    "volume" : 12123.00
  }, {
    "date" : "2026-02-17",
    "price" : 401.95,
    "dma50" : 398.03,
    "dma100" : 412.00,
    "dma200" : 422.95,
    "volume" : 22644.00
  }, {
    "date" : "2026-02-18",
    "price" : 404.15,
    "dma50" : 398.27,
    "dma100" : 411.70,
    "dma200" : 422.76,
    "volume" : 15692.00
  }, {
    "date" : "2026-02-19",
    "price" : 392.65,
    "dma50" : 398.05,
    "dma100" : 411.20,
    "dma200" : 422.46,
    "volume" : 13170.00
  }, {
    "date" : "2026-02-20",
    "price" : 394.95,
    "dma50" : 397.93,
    "dma100" : 410.73,
    "dma200" : 422.19,
    "volume" : 14466.00
  } ],
  "latestTechnicalAttributes" : {
    "date" : "2026-02-20",
    "price" : 394.95,
    "dma50" : 397.93,
    "dma100" : 410.73,
    "dma200" : 422.19,
    "volume" : 14466.00
  },
  "quarterlyResults" : [ {
    "date" : "2005-03-31",
    "sales" : 18.55,
    "salesGrowthYoY" : null,
    "grossProfitMargin" : 29.87,
    "grossProfit" : 5.54,
    "operatingProfitMargin" : 3.67,
    "operatingProfit" : 0.68,
    "netProfitMargin" : 2.37,
    "netProfit" : 0.44
  }, {
    "date" : "2005-06-30",
    "sales" : 12.65,
    "salesGrowthYoY" : null,
    "grossProfitMargin" : 36.05,
    "grossProfit" : 4.56,
    "operatingProfitMargin" : 8.30,
    "operatingProfit" : 1.05,
    "netProfitMargin" : 1.19,
    "netProfit" : 0.15
  }, {
    "date" : "2005-09-30",
    "sales" : 13.02,
    "salesGrowthYoY" : null,
    "grossProfitMargin" : 32.95,
    "grossProfit" : 4.29,
    "operatingProfitMargin" : -17.59,
    "operatingProfit" : -2.29,
    "netProfitMargin" : -23.35,
    "netProfit" : -3.04
  }, {
    "date" : "2005-12-31",
    "sales" : 18.90,
    "salesGrowthYoY" : null,
    "grossProfitMargin" : 30.95,
    "grossProfit" : 5.85,
    "operatingProfitMargin" : 9.42,
    "operatingProfit" : 1.78,
    "netProfitMargin" : 4.66,
    "netProfit" : 0.88
  }, {
    "date" : "2006-03-31",
    "sales" : 29.79,
    "salesGrowthYoY" : 60.59,
    "grossProfitMargin" : 31.65,
    "grossProfit" : 9.43,
    "operatingProfitMargin" : 12.25,
    "operatingProfit" : 3.65,
    "netProfitMargin" : 8.53,
    "netProfit" : 2.54
  }, {
    "date" : "2006-06-30",
    "sales" : 11.44,
    "salesGrowthYoY" : -9.57,
    "grossProfitMargin" : 44.67,
    "grossProfit" : 5.11,
    "operatingProfitMargin" : 10.84,
    "operatingProfit" : 1.24,
    "netProfitMargin" : 3.50,
    "netProfit" : 0.40
  }, {
    "date" : "2006-09-30",
    "sales" : 10.82,
    "salesGrowthYoY" : -16.90,
    "grossProfitMargin" : 51.48,
    "grossProfit" : 5.57,
    "operatingProfitMargin" : 10.91,
    "operatingProfit" : 1.18,
    "netProfitMargin" : 3.23,
    "netProfit" : 0.35
  }, {
    "date" : "2006-12-31",
    "sales" : 16.72,
    "salesGrowthYoY" : -11.53,
    "grossProfitMargin" : 35.05,
    "grossProfit" : 5.86,
    "operatingProfitMargin" : 6.82,
    "operatingProfit" : 1.14,
    "netProfitMargin" : 2.15,
    "netProfit" : 0.36
  }, {
    "date" : "2007-03-31",
    "sales" : 25.24,
    "salesGrowthYoY" : -15.27,
    "grossProfitMargin" : 41.05,
    "grossProfit" : 10.36,
    "operatingProfitMargin" : 8.36,
    "operatingProfit" : 2.11,
    "netProfitMargin" : 1.47,
    "netProfit" : 0.37
  }, {
    "date" : "2007-06-30",
    "sales" : 15.40,
    "salesGrowthYoY" : 34.62,
    "grossProfitMargin" : 49.94,
    "grossProfit" : 7.69,
    "operatingProfitMargin" : 12.92,
    "operatingProfit" : 1.99,
    "netProfitMargin" : 6.56,
    "netProfit" : 1.01
  }, {
    "date" : "2007-09-30",
    "sales" : 28.95,
    "salesGrowthYoY" : 167.56,
    "grossProfitMargin" : 28.36,
    "grossProfit" : 8.21,
    "operatingProfitMargin" : 9.29,
    "operatingProfit" : 2.69,
    "netProfitMargin" : 1.62,
    "netProfit" : 0.47
  }, {
    "date" : "2007-12-31",
    "sales" : 27.53,
    "salesGrowthYoY" : 64.65,
    "grossProfitMargin" : 31.24,
    "grossProfit" : 8.60,
    "operatingProfitMargin" : 9.88,
    "operatingProfit" : 2.72,
    "netProfitMargin" : 3.85,
    "netProfit" : 1.06
  }, {
    "date" : "2008-03-31",
    "sales" : 38.20,
    "salesGrowthYoY" : 51.35,
    "grossProfitMargin" : 38.01,
    "grossProfit" : 14.52,
    "operatingProfitMargin" : 10.42,
    "operatingProfit" : 3.98,
    "netProfitMargin" : 6.34,
    "netProfit" : 2.42
  }, {
    "date" : "2008-06-30",
    "sales" : 29.79,
    "salesGrowthYoY" : 93.44,
    "grossProfitMargin" : 34.14,
    "grossProfit" : 10.17,
    "operatingProfitMargin" : 12.89,
    "operatingProfit" : 3.84,
    "netProfitMargin" : 6.08,
    "netProfit" : 1.81
  }, {
    "date" : "2008-09-30",
    "sales" : 31.95,
    "salesGrowthYoY" : 10.36,
    "grossProfitMargin" : 35.24,
    "grossProfit" : 11.26,
    "operatingProfitMargin" : 10.92,
    "operatingProfit" : 3.49,
    "netProfitMargin" : 4.82,
    "netProfit" : 1.54
  }, {
    "date" : "2008-12-31",
    "sales" : 31.97,
    "salesGrowthYoY" : 16.13,
    "grossProfitMargin" : 33.16,
    "grossProfit" : 10.60,
    "operatingProfitMargin" : 13.48,
    "operatingProfit" : 4.31,
    "netProfitMargin" : 5.66,
    "netProfit" : 1.81
  }, {
    "date" : "2009-03-31",
    "sales" : 65.91,
    "salesGrowthYoY" : 72.54,
    "grossProfitMargin" : 25.72,
    "grossProfit" : 16.95,
    "operatingProfitMargin" : 8.00,
    "operatingProfit" : 5.27,
    "netProfitMargin" : 4.73,
    "netProfit" : 3.12
  }, {
    "date" : "2009-06-30",
    "sales" : 35.64,
    "salesGrowthYoY" : 19.64,
    "grossProfitMargin" : 36.36,
    "grossProfit" : 12.96,
    "operatingProfitMargin" : 13.58,
    "operatingProfit" : 4.84,
    "netProfitMargin" : 6.23,
    "netProfit" : 2.22
  }, {
    "date" : "2009-09-30",
    "sales" : 50.78,
    "salesGrowthYoY" : 58.94,
    "grossProfitMargin" : 32.77,
    "grossProfit" : 16.64,
    "operatingProfitMargin" : 10.69,
    "operatingProfit" : 5.43,
    "netProfitMargin" : 5.83,
    "netProfit" : 2.96
  }, {
    "date" : "2009-12-31",
    "sales" : 52.34,
    "salesGrowthYoY" : 63.72,
    "grossProfitMargin" : 31.60,
    "grossProfit" : 16.54,
    "operatingProfitMargin" : 12.57,
    "operatingProfit" : 6.58,
    "netProfitMargin" : 6.78,
    "netProfit" : 3.55
  }, {
    "date" : "2010-03-31",
    "sales" : 73.65,
    "salesGrowthYoY" : 11.74,
    "grossProfitMargin" : 30.06,
    "grossProfit" : 22.14,
    "operatingProfitMargin" : 10.97,
    "operatingProfit" : 8.08,
    "netProfitMargin" : 6.30,
    "netProfit" : 4.64
  }, {
    "date" : "2010-06-30",
    "sales" : 45.72,
    "salesGrowthYoY" : 28.28,
    "grossProfitMargin" : 31.85,
    "grossProfit" : 14.56,
    "operatingProfitMargin" : 12.73,
    "operatingProfit" : 5.82,
    "netProfitMargin" : 6.87,
    "netProfit" : 3.14
  }, {
    "date" : "2010-09-30",
    "sales" : 47.29,
    "salesGrowthYoY" : -6.87,
    "grossProfitMargin" : 42.91,
    "grossProfit" : 20.29,
    "operatingProfitMargin" : 13.98,
    "operatingProfit" : 6.61,
    "netProfitMargin" : 7.44,
    "netProfit" : 3.52
  }, {
    "date" : "2010-12-31",
    "sales" : 40.62,
    "salesGrowthYoY" : -22.39,
    "grossProfitMargin" : 35.18,
    "grossProfit" : 14.29,
    "operatingProfitMargin" : 10.83,
    "operatingProfit" : 4.40,
    "netProfitMargin" : 4.38,
    "netProfit" : 1.78
  }, {
    "date" : "2011-03-31",
    "sales" : 85.85,
    "salesGrowthYoY" : 16.56,
    "grossProfitMargin" : 35.17,
    "grossProfit" : 30.19,
    "operatingProfitMargin" : 13.65,
    "operatingProfit" : 11.72,
    "netProfitMargin" : 8.50,
    "netProfit" : 7.30
  }, {
    "date" : "2011-06-30",
    "sales" : 44.24,
    "salesGrowthYoY" : -3.24,
    "grossProfitMargin" : 35.24,
    "grossProfit" : 15.59,
    "operatingProfitMargin" : 13.97,
    "operatingProfit" : 6.18,
    "netProfitMargin" : 6.37,
    "netProfit" : 2.82
  }, {
    "date" : "2011-09-30",
    "sales" : 83.64,
    "salesGrowthYoY" : 76.87,
    "grossProfitMargin" : 28.50,
    "grossProfit" : 23.84,
    "operatingProfitMargin" : 12.33,
    "operatingProfit" : 10.31,
    "netProfitMargin" : 6.81,
    "netProfit" : 5.70
  }, {
    "date" : "2011-12-31",
    "sales" : 75.75,
    "salesGrowthYoY" : 86.48,
    "grossProfitMargin" : 35.12,
    "grossProfit" : 26.60,
    "operatingProfitMargin" : 12.22,
    "operatingProfit" : 9.26,
    "netProfitMargin" : 5.68,
    "netProfit" : 4.30
  }, {
    "date" : "2012-03-31",
    "sales" : 97.03,
    "salesGrowthYoY" : 13.02,
    "grossProfitMargin" : 33.59,
    "grossProfit" : 32.59,
    "operatingProfitMargin" : 14.67,
    "operatingProfit" : 14.23,
    "netProfitMargin" : 7.23,
    "netProfit" : 7.02
  }, {
    "date" : "2012-06-30",
    "sales" : 57.44,
    "salesGrowthYoY" : 29.84,
    "grossProfitMargin" : 36.18,
    "grossProfit" : 20.78,
    "operatingProfitMargin" : 15.34,
    "operatingProfit" : 8.81,
    "netProfitMargin" : 6.39,
    "netProfit" : 3.67
  }, {
    "date" : "2012-09-30",
    "sales" : 70.51,
    "salesGrowthYoY" : -15.70,
    "grossProfitMargin" : 38.96,
    "grossProfit" : 27.47,
    "operatingProfitMargin" : 18.56,
    "operatingProfit" : 13.09,
    "netProfitMargin" : 8.74,
    "netProfit" : 6.16
  }, {
    "date" : "2012-12-31",
    "sales" : 60.26,
    "salesGrowthYoY" : -20.45,
    "grossProfitMargin" : 34.72,
    "grossProfit" : 20.92,
    "operatingProfitMargin" : 13.11,
    "operatingProfit" : 7.90,
    "netProfitMargin" : 5.04,
    "netProfit" : 3.04
  }, {
    "date" : "2013-03-31",
    "sales" : 80.47,
    "salesGrowthYoY" : -17.07,
    "grossProfitMargin" : 37.48,
    "grossProfit" : 30.16,
    "operatingProfitMargin" : 13.77,
    "operatingProfit" : 11.08,
    "netProfitMargin" : 7.32,
    "netProfit" : 5.89
  }, {
    "date" : "2013-06-30",
    "sales" : 43.30,
    "salesGrowthYoY" : -24.62,
    "grossProfitMargin" : 43.26,
    "grossProfit" : 18.73,
    "operatingProfitMargin" : 17.74,
    "operatingProfit" : 7.68,
    "netProfitMargin" : 4.50,
    "netProfit" : 1.95
  }, {
    "date" : "2013-09-30",
    "sales" : 66.11,
    "salesGrowthYoY" : -6.24,
    "grossProfitMargin" : 40.55,
    "grossProfit" : 26.81,
    "operatingProfitMargin" : 19.26,
    "operatingProfit" : 12.73,
    "netProfitMargin" : 5.75,
    "netProfit" : 3.80
  }, {
    "date" : "2013-12-31",
    "sales" : 56.50,
    "salesGrowthYoY" : -6.24,
    "grossProfitMargin" : 42.23,
    "grossProfit" : 23.86,
    "operatingProfitMargin" : 14.09,
    "operatingProfit" : 7.96,
    "netProfitMargin" : 4.76,
    "netProfit" : 2.69
  }, {
    "date" : "2014-03-31",
    "sales" : 98.70,
    "salesGrowthYoY" : 22.65,
    "grossProfitMargin" : 35.74,
    "grossProfit" : 35.28,
    "operatingProfitMargin" : 9.34,
    "operatingProfit" : 9.22,
    "netProfitMargin" : 8.84,
    "netProfit" : 8.73
  }, {
    "date" : "2014-06-30",
    "sales" : 53.00,
    "salesGrowthYoY" : 22.40,
    "grossProfitMargin" : 39.47,
    "grossProfit" : 20.92,
    "operatingProfitMargin" : 15.72,
    "operatingProfit" : 8.33,
    "netProfitMargin" : 5.92,
    "netProfit" : 3.14
  }, {
    "date" : "2014-09-30",
    "sales" : 62.06,
    "salesGrowthYoY" : -6.13,
    "grossProfitMargin" : 44.09,
    "grossProfit" : 27.36,
    "operatingProfitMargin" : 16.26,
    "operatingProfit" : 10.09,
    "netProfitMargin" : 6.74,
    "netProfit" : 4.18
  }, {
    "date" : "2014-12-31",
    "sales" : 55.88,
    "salesGrowthYoY" : -1.10,
    "grossProfitMargin" : 40.57,
    "grossProfit" : 22.67,
    "operatingProfitMargin" : 11.52,
    "operatingProfit" : 6.44,
    "netProfitMargin" : 2.06,
    "netProfit" : 1.15
  }, {
    "date" : "2015-03-31",
    "sales" : 62.08,
    "salesGrowthYoY" : -37.10,
    "grossProfitMargin" : 44.91,
    "grossProfit" : 27.88,
    "operatingProfitMargin" : 13.14,
    "operatingProfit" : 8.16,
    "netProfitMargin" : 13.47,
    "netProfit" : 8.36
  }, {
    "date" : "2015-06-30",
    "sales" : 34.98,
    "salesGrowthYoY" : -34.00,
    "grossProfitMargin" : 51.72,
    "grossProfit" : 18.09,
    "operatingProfitMargin" : 13.61,
    "operatingProfit" : 4.76,
    "netProfitMargin" : 4.75,
    "netProfit" : 1.66
  }, {
    "date" : "2015-09-30",
    "sales" : 40.57,
    "salesGrowthYoY" : -34.63,
    "grossProfitMargin" : 45.35,
    "grossProfit" : 18.40,
    "operatingProfitMargin" : 13.61,
    "operatingProfit" : 5.52,
    "netProfitMargin" : 4.81,
    "netProfit" : 1.95
  }, {
    "date" : "2015-12-31",
    "sales" : 62.52,
    "salesGrowthYoY" : 11.88,
    "grossProfitMargin" : 36.04,
    "grossProfit" : 22.53,
    "operatingProfitMargin" : 13.58,
    "operatingProfit" : 8.49,
    "netProfitMargin" : 7.25,
    "netProfit" : 4.53
  }, {
    "date" : "2016-03-31",
    "sales" : 74.03,
    "salesGrowthYoY" : 19.25,
    "grossProfitMargin" : 40.78,
    "grossProfit" : 30.19,
    "operatingProfitMargin" : 13.26,
    "operatingProfit" : 9.82,
    "netProfitMargin" : 12.22,
    "netProfit" : 9.05
  }, {
    "date" : "2016-06-30",
    "sales" : 40.61,
    "salesGrowthYoY" : 16.09,
    "grossProfitMargin" : 48.76,
    "grossProfit" : 19.80,
    "operatingProfitMargin" : 14.87,
    "operatingProfit" : 6.04,
    "netProfitMargin" : 7.14,
    "netProfit" : 2.90
  }, {
    "date" : "2016-09-30",
    "sales" : 61.83,
    "salesGrowthYoY" : 52.40,
    "grossProfitMargin" : 37.25,
    "grossProfit" : 23.03,
    "operatingProfitMargin" : 10.87,
    "operatingProfit" : 6.72,
    "netProfitMargin" : 7.49,
    "netProfit" : 4.63
  }, {
    "date" : "2016-12-31",
    "sales" : 72.33,
    "salesGrowthYoY" : 15.69,
    "grossProfitMargin" : 40.61,
    "grossProfit" : 29.37,
    "operatingProfitMargin" : 16.24,
    "operatingProfit" : 11.75,
    "netProfitMargin" : 8.70,
    "netProfit" : 6.29
  }, {
    "date" : "2017-03-31",
    "sales" : 106.59,
    "salesGrowthYoY" : 43.98,
    "grossProfitMargin" : 40.84,
    "grossProfit" : 43.53,
    "operatingProfitMargin" : 12.70,
    "operatingProfit" : 13.54,
    "netProfitMargin" : 6.91,
    "netProfit" : 7.37
  }, {
    "date" : "2017-06-30",
    "sales" : 73.40,
    "salesGrowthYoY" : 80.74,
    "grossProfitMargin" : 30.87,
    "grossProfit" : 22.66,
    "operatingProfitMargin" : 9.33,
    "operatingProfit" : 6.85,
    "netProfitMargin" : 7.25,
    "netProfit" : 5.32
  }, {
    "date" : "2017-09-30",
    "sales" : 60.66,
    "salesGrowthYoY" : -1.89,
    "grossProfitMargin" : 41.48,
    "grossProfit" : 25.16,
    "operatingProfitMargin" : 3.99,
    "operatingProfit" : 2.42,
    "netProfitMargin" : 4.48,
    "netProfit" : 2.72
  }, {
    "date" : "2017-12-31",
    "sales" : 113.77,
    "salesGrowthYoY" : 57.29,
    "grossProfitMargin" : 30.02,
    "grossProfit" : 34.15,
    "operatingProfitMargin" : 10.44,
    "operatingProfit" : 11.88,
    "netProfitMargin" : 5.20,
    "netProfit" : 5.92
  }, {
    "date" : "2018-03-31",
    "sales" : 174.15,
    "salesGrowthYoY" : 63.38,
    "grossProfitMargin" : 48.07,
    "grossProfit" : 83.71,
    "operatingProfitMargin" : 25.44,
    "operatingProfit" : 44.30,
    "netProfitMargin" : 19.29,
    "netProfit" : 33.59
  }, {
    "date" : "2018-06-30",
    "sales" : 142.58,
    "salesGrowthYoY" : 94.25,
    "grossProfitMargin" : 42.83,
    "grossProfit" : 61.07,
    "operatingProfitMargin" : 25.00,
    "operatingProfit" : 35.65,
    "netProfitMargin" : 16.96,
    "netProfit" : 24.18
  }, {
    "date" : "2018-09-30",
    "sales" : 117.86,
    "salesGrowthYoY" : 94.30,
    "grossProfitMargin" : 41.96,
    "grossProfit" : 49.45,
    "operatingProfitMargin" : 17.81,
    "operatingProfit" : 20.99,
    "netProfitMargin" : 17.52,
    "netProfit" : 20.65
  }, {
    "date" : "2018-12-31",
    "sales" : 125.48,
    "salesGrowthYoY" : 10.29,
    "grossProfitMargin" : 56.16,
    "grossProfit" : 70.47,
    "operatingProfitMargin" : 23.17,
    "operatingProfit" : 29.07,
    "netProfitMargin" : 13.80,
    "netProfit" : 17.32
  }, {
    "date" : "2019-03-31",
    "sales" : 146.98,
    "salesGrowthYoY" : -15.60,
    "grossProfitMargin" : 46.37,
    "grossProfit" : 68.15,
    "operatingProfitMargin" : 13.53,
    "operatingProfit" : 19.89,
    "netProfitMargin" : 7.68,
    "netProfit" : 11.29
  }, {
    "date" : "2019-06-30",
    "sales" : 86.78,
    "salesGrowthYoY" : -39.14,
    "grossProfitMargin" : 52.92,
    "grossProfit" : 45.92,
    "operatingProfitMargin" : 25.73,
    "operatingProfit" : 22.33,
    "netProfitMargin" : 17.30,
    "netProfit" : 15.01
  }, {
    "date" : "2019-09-30",
    "sales" : 103.63,
    "salesGrowthYoY" : -12.07,
    "grossProfitMargin" : 39.66,
    "grossProfit" : 41.10,
    "operatingProfitMargin" : 13.49,
    "operatingProfit" : 13.98,
    "netProfitMargin" : 12.28,
    "netProfit" : 12.73
  }, {
    "date" : "2019-12-31",
    "sales" : 81.13,
    "salesGrowthYoY" : -35.34,
    "grossProfitMargin" : 52.71,
    "grossProfit" : 42.76,
    "operatingProfitMargin" : 15.94,
    "operatingProfit" : 12.93,
    "netProfitMargin" : 17.56,
    "netProfit" : 14.25
  }, {
    "date" : "2020-03-31",
    "sales" : 100.38,
    "salesGrowthYoY" : -31.70,
    "grossProfitMargin" : 49.43,
    "grossProfit" : 49.62,
    "operatingProfitMargin" : 12.44,
    "operatingProfit" : 12.49,
    "netProfitMargin" : 17.19,
    "netProfit" : 17.26
  }, {
    "date" : "2020-06-30",
    "sales" : 56.78,
    "salesGrowthYoY" : -34.57,
    "grossProfitMargin" : 44.14,
    "grossProfit" : 25.06,
    "operatingProfitMargin" : 12.96,
    "operatingProfit" : 7.36,
    "netProfitMargin" : 13.44,
    "netProfit" : 7.63
  }, {
    "date" : "2020-09-30",
    "sales" : 62.86,
    "salesGrowthYoY" : -39.34,
    "grossProfitMargin" : 56.20,
    "grossProfit" : 35.33,
    "operatingProfitMargin" : 24.36,
    "operatingProfit" : 15.31,
    "netProfitMargin" : 20.43,
    "netProfit" : 12.84
  }, {
    "date" : "2020-12-31",
    "sales" : 103.07,
    "salesGrowthYoY" : 27.04,
    "grossProfitMargin" : 40.02,
    "grossProfit" : 41.25,
    "operatingProfitMargin" : 17.52,
    "operatingProfit" : 18.06,
    "netProfitMargin" : 18.45,
    "netProfit" : 19.02
  }, {
    "date" : "2021-03-31",
    "sales" : 117.63,
    "salesGrowthYoY" : 17.18,
    "grossProfitMargin" : 53.37,
    "grossProfit" : 62.78,
    "operatingProfitMargin" : 27.12,
    "operatingProfit" : 31.90,
    "netProfitMargin" : 17.16,
    "netProfit" : 20.19
  }, {
    "date" : "2021-06-30",
    "sales" : 62.34,
    "salesGrowthYoY" : 9.79,
    "grossProfitMargin" : 49.02,
    "grossProfit" : 30.56,
    "operatingProfitMargin" : 12.26,
    "operatingProfit" : 7.64,
    "netProfitMargin" : 14.26,
    "netProfit" : 8.89
  }, {
    "date" : "2021-09-30",
    "sales" : 113.55,
    "salesGrowthYoY" : 80.64,
    "grossProfitMargin" : 44.34,
    "grossProfit" : 50.35,
    "operatingProfitMargin" : 20.12,
    "operatingProfit" : 22.85,
    "netProfitMargin" : 11.92,
    "netProfit" : 13.54
  }, {
    "date" : "2021-12-31",
    "sales" : 106.97,
    "salesGrowthYoY" : 3.78,
    "grossProfitMargin" : 41.12,
    "grossProfit" : 43.99,
    "operatingProfitMargin" : 13.25,
    "operatingProfit" : 14.17,
    "netProfitMargin" : 8.94,
    "netProfit" : 9.56
  }, {
    "date" : "2022-03-31",
    "sales" : 246.95,
    "salesGrowthYoY" : 109.94,
    "grossProfitMargin" : 35.39,
    "grossProfit" : 87.40,
    "operatingProfitMargin" : 16.31,
    "operatingProfit" : 40.28,
    "netProfitMargin" : 12.92,
    "netProfit" : 31.91
  }, {
    "date" : "2022-06-30",
    "sales" : 131.25,
    "salesGrowthYoY" : 110.54,
    "grossProfitMargin" : 43.36,
    "grossProfit" : 56.91,
    "operatingProfitMargin" : 16.12,
    "operatingProfit" : 21.16,
    "netProfitMargin" : 12.17,
    "netProfit" : 15.97
  }, {
    "date" : "2022-09-30",
    "sales" : 246.90,
    "salesGrowthYoY" : 117.44,
    "grossProfitMargin" : 28.03,
    "grossProfit" : 69.21,
    "operatingProfitMargin" : 12.53,
    "operatingProfit" : 30.94,
    "netProfitMargin" : 8.00,
    "netProfit" : 19.75
  }, {
    "date" : "2022-12-31",
    "sales" : 272.81,
    "salesGrowthYoY" : 155.03,
    "grossProfitMargin" : 90.07,
    "grossProfit" : 245.72,
    "operatingProfitMargin" : 17.24,
    "operatingProfit" : 47.03,
    "netProfitMargin" : 17.84,
    "netProfit" : 48.67
  }, {
    "date" : "2023-03-31",
    "sales" : 351.48,
    "salesGrowthYoY" : 42.33,
    "grossProfitMargin" : 94.28,
    "grossProfit" : 331.38,
    "operatingProfitMargin" : 21.49,
    "operatingProfit" : 75.53,
    "netProfitMargin" : 16.68,
    "netProfit" : 58.63
  }, {
    "date" : "2023-06-30",
    "sales" : 182.20,
    "salesGrowthYoY" : 38.82,
    "grossProfitMargin" : 86.22,
    "grossProfit" : 157.09,
    "operatingProfitMargin" : 15.96,
    "operatingProfit" : 29.08,
    "netProfitMargin" : 12.11,
    "netProfit" : 22.06
  }, {
    "date" : "2023-09-30",
    "sales" : 185.33,
    "salesGrowthYoY" : -24.94,
    "grossProfitMargin" : 85.16,
    "grossProfit" : 157.83,
    "operatingProfitMargin" : 16.83,
    "operatingProfit" : 31.19,
    "netProfitMargin" : 12.64,
    "netProfit" : 23.43
  }, {
    "date" : "2023-12-31",
    "sales" : 274.33,
    "salesGrowthYoY" : 0.56,
    "grossProfitMargin" : 89.36,
    "grossProfit" : 245.14,
    "operatingProfitMargin" : 19.10,
    "operatingProfit" : 52.40,
    "netProfitMargin" : 14.80,
    "netProfit" : 40.60
  }, {
    "date" : "2024-03-31",
    "sales" : 435.06,
    "salesGrowthYoY" : 23.78,
    "grossProfitMargin" : 89.62,
    "grossProfit" : 389.90,
    "operatingProfitMargin" : 18.36,
    "operatingProfit" : 79.88,
    "netProfitMargin" : 12.86,
    "netProfit" : 55.95
  }, {
    "date" : "2024-06-30",
    "sales" : 239.41,
    "salesGrowthYoY" : 31.40,
    "grossProfitMargin" : 88.31,
    "grossProfit" : 211.42,
    "operatingProfitMargin" : 16.70,
    "operatingProfit" : 39.98,
    "netProfitMargin" : 12.88,
    "netProfit" : 30.84
  }, {
    "date" : "2024-09-30",
    "sales" : 329.75,
    "salesGrowthYoY" : 77.93,
    "grossProfitMargin" : 87.33,
    "grossProfit" : 287.97,
    "operatingProfitMargin" : 19.24,
    "operatingProfit" : 63.44,
    "netProfitMargin" : 14.13,
    "netProfit" : 46.59
  }, {
    "date" : "2024-12-31",
    "sales" : 217.53,
    "salesGrowthYoY" : -20.70,
    "grossProfitMargin" : 80.79,
    "grossProfit" : 175.74,
    "operatingProfitMargin" : 15.11,
    "operatingProfit" : 32.87,
    "netProfitMargin" : 9.35,
    "netProfit" : 20.34
  }, {
    "date" : "2025-03-31",
    "sales" : 361.02,
    "salesGrowthYoY" : -17.02,
    "grossProfitMargin" : 83.38,
    "grossProfit" : 301.02,
    "operatingProfitMargin" : 17.86,
    "operatingProfit" : 64.48,
    "netProfitMargin" : 12.76,
    "netProfit" : 46.07
  }, {
    "date" : "2025-06-30",
    "sales" : 181.25,
    "salesGrowthYoY" : -24.29,
    "grossProfitMargin" : 82.04,
    "grossProfit" : 148.70,
    "operatingProfitMargin" : 15.62,
    "operatingProfit" : 28.31,
    "netProfitMargin" : 10.47,
    "netProfit" : 18.98
  }, {
    "date" : "2025-09-30",
    "sales" : 175.89,
    "salesGrowthYoY" : -46.66,
    "grossProfitMargin" : 78.21,
    "grossProfit" : 137.56,
    "operatingProfitMargin" : 19.98,
    "operatingProfit" : 35.14,
    "netProfitMargin" : 14.23,
    "netProfit" : 25.03
  }, {
    "date" : "2025-12-31",
    "sales" : 204.39,
    "salesGrowthYoY" : -6.04,
    "grossProfitMargin" : 77.79,
    "grossProfit" : 158.99,
    "operatingProfitMargin" : 23.82,
    "operatingProfit" : 48.69,
    "netProfitMargin" : 16.01,
    "netProfit" : 32.72
  } ],
  "latestQuarterlyResult" : {
    "date" : "2025-12-31",
    "sales" : 204.39,
    "salesGrowthYoY" : -6.04,
    "grossProfitMargin" : 77.79,
    "grossProfit" : 158.99,
    "operatingProfitMargin" : 23.82,
    "operatingProfit" : 48.69,
    "netProfitMargin" : 16.01,
    "netProfit" : 32.72
  },
  "companyScore" : {
    "priceHigherThanDma50" : 0.00,
    "priceHigherThanDma100" : 0.00,
    "priceHigherThanDma200" : 0.00,
    "dma50HigherThanDma100" : 0.00,
    "dma50HigherThanDma200" : 0.00,
    "dma100HigherThanDma200" : 0.00,
    "pricePercentageAboveDma50" : 5.04,
    "pricePercentageAboveDma100" : 5.19,
    "pricePercentageAboveDma200" : 5.32,
    "weeklyVolumeHigherThanYearlyVolume" : 0.00,
    "salesGrowthPercentile" : 7.25,
    "operatingProfitMarginPercentile" : 18.81,
    "netProfitMarginPercentile" : 8.99,
    "totalTechnicalScore" : 15.55,
    "totalFundamentalScore" : 35.05,
    "totalScore" : 50.60
  }
}