{
  "metadata" : {
    "screenerCompanyId" : "2894",
    "companyCode" : "512020",
    "companyName" : "Saraswati Commer",
    "screenerCompanyLink" : "https://www.screener.in/company/512020/",
    "screenerTechnicalHistoryLink" : "https://www.screener.in/api/company/2894/chart/?q=Price-DMA50-DMA200-Volume&days=365",
    "screenerQuarterlyResultsLink" : "https://www.screener.in/api/company/2894/chart/?q=GPM-OPM-NPM-Quarter+Sales&days=10000",
    "attributes" : {
      "companyCode" : "512020",
      "companyName" : "Saraswati Commer",
      "marketCap" : 1235.00,
      "peRatio" : 14.40,
      "description" : "Incorporated in 1983, Saraswati Commercial (India) Ltd deals in shares and securities & lending[1]"
    },
    "companyScore" : {
      "priceHigherThanDma50" : 0.00,
      "priceHigherThanDma100" : 0.00,
      "priceHigherThanDma200" : 0.00,
      "dma50HigherThanDma100" : 0.00,
      "dma50HigherThanDma200" : 0.00,
      "dma100HigherThanDma200" : 0.00,
      "pricePercentageAboveDma50" : 5.48,
      "pricePercentageAboveDma100" : 5.57,
      "pricePercentageAboveDma200" : 5.71,
      "weeklyVolumeHigherThanYearlyVolume" : 0.00,
      "salesGrowthPercentile" : 4.25,
      "operatingProfitMarginPercentile" : 19.97,
      "netProfitMarginPercentile" : 8.78,
      "totalTechnicalScore" : 16.76,
      "totalFundamentalScore" : 32.99,
      "totalScore" : 49.75
    }
  },
  "attributes" : {
    "companyCode" : "512020",
    "companyName" : "Saraswati Commer",
    "marketCap" : 1235.00,
    "peRatio" : 14.40,
    "description" : "Incorporated in 1983, Saraswati Commercial (India) Ltd deals in shares and securities & lending[1]"
  },
  "technicalHistory" : [ {
    "date" : "2025-02-24",
    "price" : 10510.75,
    "dma50" : 16130.53,
    "dma100" : null,
    "dma200" : 15102.09,
    "volume" : 106.00
  }, {
    "date" : "2025-02-25",
    "price" : 10077.70,
    "dma50" : 15893.17,
    "dma100" : null,
    "dma200" : 15052.09,
    "volume" : 183.00
  }, {
    "date" : "2025-02-27",
    "price" : 9691.70,
    "dma50" : 15649.97,
    "dma100" : null,
    "dma200" : 14998.75,
    "volume" : 199.00
  }, {
    "date" : "2025-02-28",
    "price" : 9392.80,
    "dma50" : 15404.59,
    "dma100" : null,
    "dma200" : 14942.97,
    "volume" : 88.00
  }, {
    "date" : "2025-03-03",
    "price" : 9862.40,
    "dma50" : 15187.25,
    "dma100" : null,
    "dma200" : 14892.42,
    "volume" : 303.00
  }, {
    "date" : "2025-03-04",
    "price" : 10355.50,
    "dma50" : 14997.77,
    "dma100" : null,
    "dma200" : 14847.28,
    "volume" : 61.00
  }, {
    "date" : "2025-03-05",
    "price" : 10873.25,
    "dma50" : 14836.03,
    "dma100" : null,
    "dma200" : 14807.73,
    "volume" : 24.00
  }, {
    "date" : "2025-03-06",
    "price" : 11416.90,
    "dma50" : 14701.94,
    "dma100" : null,
    "dma200" : 14774.00,
    "volume" : 69.00
  }, {
    "date" : "2025-03-07",
    "price" : 11987.70,
    "dma50" : 14595.50,
    "dma100" : null,
    "dma200" : 14746.27,
    "volume" : 32.00
  }, {
    "date" : "2025-03-10",
    "price" : 12587.05,
    "dma50" : 14516.74,
    "dma100" : null,
    "dma200" : 14724.79,
    "volume" : 181.00
  }, {
    "date" : "2025-03-11",
    "price" : 13216.40,
    "dma50" : 14465.75,
    "dma100" : null,
    "dma200" : 14709.78,
    "volume" : 138.00
  }, {
    "date" : "2025-03-12",
    "price" : 13480.70,
    "dma50" : 14427.12,
    "dma100" : null,
    "dma200" : 14697.55,
    "volume" : 156.00
  }, {
    "date" : "2025-03-13",
    "price" : 13211.10,
    "dma50" : 14379.43,
    "dma100" : null,
    "dma200" : 14682.76,
    "volume" : 29.00
  }, {
    "date" : "2025-03-17",
    "price" : 12946.90,
    "dma50" : 14323.25,
    "dma100" : null,
    "dma200" : 14665.48,
    "volume" : 15.00
  }, {
    "date" : "2025-03-18",
    "price" : 12688.00,
    "dma50" : 14259.12,
    "dma100" : null,
    "dma200" : 14645.81,
    "volume" : 116.00
  }, {
    "date" : "2025-03-19",
    "price" : 12434.25,
    "dma50" : 14187.56,
    "dma100" : null,
    "dma200" : 14623.80,
    "volume" : 46.00
  }, {
    "date" : "2025-03-20",
    "price" : 12185.60,
    "dma50" : 14109.05,
    "dma100" : null,
    "dma200" : 14599.54,
    "volume" : 94.00
  }, {
    "date" : "2025-03-21",
    "price" : 11941.90,
    "dma50" : 14024.07,
    "dma100" : null,
    "dma200" : 14573.10,
    "volume" : 103.00
  }, {
    "date" : "2025-03-24",
    "price" : 12180.70,
    "dma50" : 13951.78,
    "dma100" : null,
    "dma200" : 14549.29,
    "volume" : 74.00
  }, {
    "date" : "2025-03-25",
    "price" : 12424.30,
    "dma50" : 13891.88,
    "dma100" : null,
    "dma200" : 14528.15,
    "volume" : 37.00
  }, {
    "date" : "2025-03-26",
    "price" : 12210.00,
    "dma50" : 13825.92,
    "dma100" : null,
    "dma200" : 14505.08,
    "volume" : 100.00
  }, {
    "date" : "2025-03-27",
    "price" : 11965.80,
    "dma50" : 13752.97,
    "dma100" : null,
    "dma200" : 14479.82,
    "volume" : 74.00
  }, {
    "date" : "2025-03-28",
    "price" : 11899.00,
    "dma50" : 13680.27,
    "dma100" : null,
    "dma200" : 14454.14,
    "volume" : 85.00
  }, {
    "date" : "2025-04-01",
    "price" : 12136.95,
    "dma50" : 13619.75,
    "dma100" : null,
    "dma200" : 14431.08,
    "volume" : 13.00
  }, {
    "date" : "2025-04-02",
    "price" : 12370.00,
    "dma50" : 13570.74,
    "dma100" : null,
    "dma200" : 14410.57,
    "volume" : 24.00
  }, {
    "date" : "2025-04-03",
    "price" : 12617.40,
    "dma50" : 13533.35,
    "dma100" : null,
    "dma200" : 14392.73,
    "volume" : 34.00
  }, {
    "date" : "2025-04-04",
    "price" : 12500.00,
    "dma50" : 13492.83,
    "dma100" : null,
    "dma200" : 14373.90,
    "volume" : 23.00
  }, {
    "date" : "2025-04-07",
    "price" : 12250.00,
    "dma50" : 13444.09,
    "dma100" : null,
    "dma200" : 14352.76,
    "volume" : 66.00
  }, {
    "date" : "2025-04-08",
    "price" : 12150.00,
    "dma50" : 13393.34,
    "dma100" : null,
    "dma200" : 14330.84,
    "volume" : 13.00
  }, {
    "date" : "2025-04-09",
    "price" : 12393.00,
    "dma50" : 13354.11,
    "dma100" : null,
    "dma200" : 14311.56,
    "volume" : 91.00
  }, {
    "date" : "2025-04-11",
    "price" : 12640.85,
    "dma50" : 13326.14,
    "dma100" : null,
    "dma200" : 14294.94,
    "volume" : 23.00
  }, {
    "date" : "2025-04-15",
    "price" : 12800.00,
    "dma50" : 13305.51,
    "dma100" : null,
    "dma200" : 14280.06,
    "volume" : 34.00
  }, {
    "date" : "2025-04-16",
    "price" : 13056.00,
    "dma50" : 13295.72,
    "dma100" : null,
    "dma200" : 14267.88,
    "volume" : 74.00
  }, {
    "date" : "2025-04-17",
    "price" : 13317.10,
    "dma50" : 13296.56,
    "dma100" : null,
    "dma200" : 14258.42,
    "volume" : 37.00
  }, {
    "date" : "2025-04-21",
    "price" : 13982.95,
    "dma50" : 13323.48,
    "dma100" : null,
    "dma200" : 14255.68,
    "volume" : 54.00
  }, {
    "date" : "2025-04-22",
    "price" : 14682.05,
    "dma50" : 13376.76,
    "dma100" : null,
    "dma200" : 14259.92,
    "volume" : 12.00
  }, {
    "date" : "2025-04-23",
    "price" : 15416.15,
    "dma50" : 13456.73,
    "dma100" : null,
    "dma200" : 14271.43,
    "volume" : 15.00
  }, {
    "date" : "2025-04-24",
    "price" : 16042.55,
    "dma50" : 13558.14,
    "dma100" : null,
    "dma200" : 14289.05,
    "volume" : 218.00
  }, {
    "date" : "2025-04-25",
    "price" : 16333.35,
    "dma50" : 13666.97,
    "dma100" : null,
    "dma200" : 14309.39,
    "volume" : 310.00
  }, {
    "date" : "2025-04-28",
    "price" : 15800.00,
    "dma50" : 13750.62,
    "dma100" : null,
    "dma200" : 14324.23,
    "volume" : 142.00
  }, {
    "date" : "2025-04-29",
    "price" : 16478.20,
    "dma50" : 13857.58,
    "dma100" : null,
    "dma200" : 14345.66,
    "volume" : 104.00
  }, {
    "date" : "2025-04-30",
    "price" : 16749.90,
    "dma50" : 13971.01,
    "dma100" : null,
    "dma200" : 14369.58,
    "volume" : 165.00
  }, {
    "date" : "2025-05-02",
    "price" : 17127.65,
    "dma50" : 14094.80,
    "dma100" : null,
    "dma200" : 14397.02,
    "volume" : 149.00
  }, {
    "date" : "2025-05-05",
    "price" : 16300.00,
    "dma50" : 14181.27,
    "dma100" : null,
    "dma200" : 14415.96,
    "volume" : 225.00
  }, {
    "date" : "2025-05-06",
    "price" : 15500.00,
    "dma50" : 14232.99,
    "dma100" : null,
    "dma200" : 14426.75,
    "volume" : 136.00
  }, {
    "date" : "2025-05-07",
    "price" : 14725.00,
    "dma50" : 14252.28,
    "dma100" : null,
    "dma200" : 14429.71,
    "volume" : 109.00
  }, {
    "date" : "2025-05-08",
    "price" : 15461.25,
    "dma50" : 14299.69,
    "dma100" : null,
    "dma200" : 14439.98,
    "volume" : 61.00
  }, {
    "date" : "2025-05-09",
    "price" : 14999.80,
    "dma50" : 14327.15,
    "dma100" : null,
    "dma200" : 14445.55,
    "volume" : 118.00
  }, {
    "date" : "2025-05-12",
    "price" : 15749.75,
    "dma50" : 14382.94,
    "dma100" : null,
    "dma200" : 14458.53,
    "volume" : 54.00
  }, {
    "date" : "2025-05-13",
    "price" : 16269.00,
    "dma50" : 14456.90,
    "dma100" : null,
    "dma200" : 14476.54,
    "volume" : 147.00
  }, {
    "date" : "2025-05-14",
    "price" : 16975.75,
    "dma50" : 14555.68,
    "dma100" : null,
    "dma200" : 14501.41,
    "volume" : 167.00
  }, {
    "date" : "2025-05-15",
    "price" : 17683.95,
    "dma50" : 14678.36,
    "dma100" : null,
    "dma200" : 14533.07,
    "volume" : 161.00
  }, {
    "date" : "2025-05-16",
    "price" : 17330.30,
    "dma50" : 14782.35,
    "dma100" : null,
    "dma200" : 14560.91,
    "volume" : 22.00
  }, {
    "date" : "2025-05-19",
    "price" : 17330.30,
    "dma50" : 14882.27,
    "dma100" : null,
    "dma200" : 14588.46,
    "volume" : 63.00
  }, {
    "date" : "2025-05-20",
    "price" : 17100.00,
    "dma50" : 14969.24,
    "dma100" : null,
    "dma200" : 14613.45,
    "volume" : 115.00
  }, {
    "date" : "2025-05-21",
    "price" : 16900.00,
    "dma50" : 15044.96,
    "dma100" : null,
    "dma200" : 14636.21,
    "volume" : 94.00
  }, {
    "date" : "2025-05-22",
    "price" : 16750.00,
    "dma50" : 15111.82,
    "dma100" : null,
    "dma200" : 14657.24,
    "volume" : 38.00
  }, {
    "date" : "2025-05-23",
    "price" : 16415.00,
    "dma50" : 15162.93,
    "dma100" : null,
    "dma200" : 14674.73,
    "volume" : 27.00
  }, {
    "date" : "2025-05-26",
    "price" : 16088.70,
    "dma50" : 15199.23,
    "dma100" : null,
    "dma200" : 14688.80,
    "volume" : 30.00
  }, {
    "date" : "2025-05-27",
    "price" : 15766.95,
    "dma50" : 15221.50,
    "dma100" : null,
    "dma200" : 14699.53,
    "volume" : 54.00
  }, {
    "date" : "2025-05-28",
    "price" : 15451.65,
    "dma50" : 15230.52,
    "dma100" : null,
    "dma200" : 14707.01,
    "volume" : 65.00
  }, {
    "date" : "2025-05-29",
    "price" : 15142.65,
    "dma50" : 15227.08,
    "dma100" : null,
    "dma200" : 14711.34,
    "volume" : 24.00
  }, {
    "date" : "2025-05-30",
    "price" : 14839.80,
    "dma50" : 15211.89,
    "dma100" : null,
    "dma200" : 14712.62,
    "volume" : 22.00
  }, {
    "date" : "2025-06-02",
    "price" : 14543.05,
    "dma50" : 15185.66,
    "dma100" : null,
    "dma200" : 14710.94,
    "volume" : 23.00
  }, {
    "date" : "2025-06-03",
    "price" : 14252.20,
    "dma50" : 15149.05,
    "dma100" : null,
    "dma200" : 14706.37,
    "volume" : 29.00
  }, {
    "date" : "2025-06-04",
    "price" : 13967.20,
    "dma50" : 15102.71,
    "dma100" : null,
    "dma200" : 14699.02,
    "volume" : 29.00
  }, {
    "date" : "2025-06-05",
    "price" : 13687.90,
    "dma50" : 15047.22,
    "dma100" : null,
    "dma200" : 14688.96,
    "volume" : 53.00
  }, {
    "date" : "2025-06-06",
    "price" : 13414.15,
    "dma50" : 14983.18,
    "dma100" : null,
    "dma200" : 14676.27,
    "volume" : 92.00
  }, {
    "date" : "2025-06-09",
    "price" : 13145.90,
    "dma50" : 14911.13,
    "dma100" : null,
    "dma200" : 14661.04,
    "volume" : 70.00
  }, {
    "date" : "2025-06-10",
    "price" : 12883.00,
    "dma50" : 14831.60,
    "dma100" : null,
    "dma200" : 14643.35,
    "volume" : 51.00
  }, {
    "date" : "2025-06-11",
    "price" : 12625.35,
    "dma50" : 14745.08,
    "dma100" : null,
    "dma200" : 14623.27,
    "volume" : 55.00
  }, {
    "date" : "2025-06-12",
    "price" : 12372.85,
    "dma50" : 14652.05,
    "dma100" : null,
    "dma200" : 14600.88,
    "volume" : 56.00
  }, {
    "date" : "2025-06-13",
    "price" : 12125.40,
    "dma50" : 14552.96,
    "dma100" : null,
    "dma200" : 14576.25,
    "volume" : 48.00
  }, {
    "date" : "2025-06-16",
    "price" : 12367.90,
    "dma50" : 14467.28,
    "dma100" : null,
    "dma200" : 14554.27,
    "volume" : 182.00
  }, {
    "date" : "2025-06-17",
    "price" : 12615.25,
    "dma50" : 14394.65,
    "dma100" : null,
    "dma200" : 14534.98,
    "volume" : 29.00
  }, {
    "date" : "2025-06-18",
    "price" : 12867.55,
    "dma50" : 14334.76,
    "dma100" : null,
    "dma200" : 14518.39,
    "volume" : 3.00
  }, {
    "date" : "2025-06-19",
    "price" : 13124.90,
    "dma50" : 14287.32,
    "dma100" : null,
    "dma200" : 14504.52,
    "volume" : 211.00
  }, {
    "date" : "2025-06-20",
    "price" : 13387.35,
    "dma50" : 14252.02,
    "dma100" : null,
    "dma200" : 14493.41,
    "volume" : 184.00
  }, {
    "date" : "2025-06-23",
    "price" : 14056.70,
    "dma50" : 14244.36,
    "dma100" : null,
    "dma200" : 14489.06,
    "volume" : 41.00
  }, {
    "date" : "2025-06-24",
    "price" : 14759.50,
    "dma50" : 14264.56,
    "dma100" : null,
    "dma200" : 14491.75,
    "volume" : 20.00
  }, {
    "date" : "2025-06-25",
    "price" : 15497.45,
    "dma50" : 14312.91,
    "dma100" : null,
    "dma200" : 14501.76,
    "volume" : 301.00
  }, {
    "date" : "2025-06-26",
    "price" : 15504.60,
    "dma50" : 14359.65,
    "dma100" : null,
    "dma200" : 14511.74,
    "volume" : 196.00
  }, {
    "date" : "2025-06-27",
    "price" : 15200.00,
    "dma50" : 14392.60,
    "dma100" : null,
    "dma200" : 14518.59,
    "volume" : 187.00
  }, {
    "date" : "2025-06-30",
    "price" : 14766.90,
    "dma50" : 14407.28,
    "dma100" : null,
    "dma200" : 14521.06,
    "volume" : 125.00
  }, {
    "date" : "2025-07-01",
    "price" : 15084.25,
    "dma50" : 14433.83,
    "dma100" : null,
    "dma200" : 14526.66,
    "volume" : 33.00
  }, {
    "date" : "2025-07-02",
    "price" : 14351.00,
    "dma50" : 14430.58,
    "dma100" : null,
    "dma200" : 14524.91,
    "volume" : 60.00
  }, {
    "date" : "2025-07-03",
    "price" : 14570.00,
    "dma50" : 14436.05,
    "dma100" : null,
    "dma200" : 14525.36,
    "volume" : 28.00
  }, {
    "date" : "2025-07-04",
    "price" : 14349.80,
    "dma50" : 14432.66,
    "dma100" : null,
    "dma200" : 14523.62,
    "volume" : 12.00
  }, {
    "date" : "2025-07-07",
    "price" : 13632.35,
    "dma50" : 14401.28,
    "dma100" : null,
    "dma200" : 14514.75,
    "volume" : 170.00
  }, {
    "date" : "2025-07-08",
    "price" : 13741.15,
    "dma50" : 14375.39,
    "dma100" : null,
    "dma200" : 14507.05,
    "volume" : 132.00
  }, {
    "date" : "2025-07-09",
    "price" : 13942.50,
    "dma50" : 14358.42,
    "dma100" : null,
    "dma200" : 14501.43,
    "volume" : 64.00
  }, {
    "date" : "2025-07-10",
    "price" : 13773.25,
    "dma50" : 14335.47,
    "dma100" : null,
    "dma200" : 14494.19,
    "volume" : 298.00
  }, {
    "date" : "2025-07-11",
    "price" : 13635.95,
    "dma50" : 14308.04,
    "dma100" : null,
    "dma200" : 14485.65,
    "volume" : 235.00
  }, {
    "date" : "2025-07-14",
    "price" : 13789.95,
    "dma50" : 14287.72,
    "dma100" : null,
    "dma200" : 14478.72,
    "volume" : 43.00
  }, {
    "date" : "2025-07-15",
    "price" : 13750.00,
    "dma50" : 14266.63,
    "dma100" : null,
    "dma200" : 14471.47,
    "volume" : 55.00
  }, {
    "date" : "2025-07-16",
    "price" : 13980.85,
    "dma50" : 14255.42,
    "dma100" : null,
    "dma200" : 14466.59,
    "volume" : 48.00
  }, {
    "date" : "2025-07-17",
    "price" : 13753.65,
    "dma50" : 14235.75,
    "dma100" : null,
    "dma200" : 14459.50,
    "volume" : 104.00
  }, {
    "date" : "2025-07-18",
    "price" : 13836.85,
    "dma50" : 14220.10,
    "dma100" : null,
    "dma200" : 14453.30,
    "volume" : 25.00
  }, {
    "date" : "2025-07-21",
    "price" : 13970.40,
    "dma50" : 14210.31,
    "dma100" : null,
    "dma200" : 14448.50,
    "volume" : 34.00
  }, {
    "date" : "2025-07-22",
    "price" : 13760.70,
    "dma50" : 14192.68,
    "dma100" : null,
    "dma200" : 14441.65,
    "volume" : 53.00
  }, {
    "date" : "2025-07-23",
    "price" : 13573.40,
    "dma50" : 14168.39,
    "dma100" : 13873.15,
    "dma200" : 14433.01,
    "volume" : 57.00
  }, {
    "date" : "2025-07-24",
    "price" : 13650.00,
    "dma50" : 14148.07,
    "dma100" : 13908.87,
    "dma200" : 14425.22,
    "volume" : 29.00
  }, {
    "date" : "2025-07-25",
    "price" : 13098.20,
    "dma50" : 14106.89,
    "dma100" : 13942.94,
    "dma200" : 14412.02,
    "volume" : 99.00
  }, {
    "date" : "2025-07-28",
    "price" : 12677.50,
    "dma50" : 14050.84,
    "dma100" : 13975.78,
    "dma200" : 14394.76,
    "volume" : 112.00
  }, {
    "date" : "2025-07-29",
    "price" : 13004.60,
    "dma50" : 14009.81,
    "dma100" : 14007.20,
    "dma200" : 14380.93,
    "volume" : 77.00
  }, {
    "date" : "2025-07-30",
    "price" : 13060.25,
    "dma50" : 13972.57,
    "dma100" : 14034.25,
    "dma200" : 14367.79,
    "volume" : 63.00
  }, {
    "date" : "2025-07-31",
    "price" : 13018.05,
    "dma50" : 13935.14,
    "dma100" : 14055.70,
    "dma200" : 14354.36,
    "volume" : 27.00
  }, {
    "date" : "2025-08-01",
    "price" : 13094.85,
    "dma50" : 13902.19,
    "dma100" : 14072.48,
    "dma200" : 14341.82,
    "volume" : 79.00
  }, {
    "date" : "2025-08-04",
    "price" : 13050.55,
    "dma50" : 13868.79,
    "dma100" : 14083.11,
    "dma200" : 14328.98,
    "volume" : 28.00
  }, {
    "date" : "2025-08-05",
    "price" : 13097.25,
    "dma50" : 13838.53,
    "dma100" : 14088.21,
    "dma200" : 14316.72,
    "volume" : 35.00
  }, {
    "date" : "2025-08-06",
    "price" : 12952.50,
    "dma50" : 13803.79,
    "dma100" : 14085.57,
    "dma200" : 14303.14,
    "volume" : 62.00
  }, {
    "date" : "2025-08-07",
    "price" : 13411.80,
    "dma50" : 13788.42,
    "dma100" : 14084.88,
    "dma200" : 14294.28,
    "volume" : 79.00
  }, {
    "date" : "2025-08-08",
    "price" : 12961.65,
    "dma50" : 13755.99,
    "dma100" : 14082.39,
    "dma200" : 14281.02,
    "volume" : 31.00
  }, {
    "date" : "2025-08-11",
    "price" : 13251.50,
    "dma50" : 13736.21,
    "dma100" : 14085.43,
    "dma200" : 14270.77,
    "volume" : 46.00
  }, {
    "date" : "2025-08-12",
    "price" : 13298.20,
    "dma50" : 13719.03,
    "dma100" : 14091.54,
    "dma200" : 14261.09,
    "volume" : 33.00
  }, {
    "date" : "2025-08-13",
    "price" : 13304.40,
    "dma50" : 13702.77,
    "dma100" : 14100.24,
    "dma200" : 14251.58,
    "volume" : 31.00
  }, {
    "date" : "2025-08-14",
    "price" : 14742.70,
    "dma50" : 13743.55,
    "dma100" : 14125.81,
    "dma200" : 14256.46,
    "volume" : 860.00
  }, {
    "date" : "2025-08-18",
    "price" : 14688.90,
    "dma50" : 13780.63,
    "dma100" : 14153.28,
    "dma200" : 14260.76,
    "volume" : 262.00
  }, {
    "date" : "2025-08-19",
    "price" : 14257.10,
    "dma50" : 13799.31,
    "dma100" : 14174.04,
    "dma200" : 14260.73,
    "volume" : 168.00
  }, {
    "date" : "2025-08-20",
    "price" : 14319.55,
    "dma50" : 13819.71,
    "dma100" : 14192.99,
    "dma200" : 14261.31,
    "volume" : 62.00
  }, {
    "date" : "2025-08-21",
    "price" : 14291.70,
    "dma50" : 13838.22,
    "dma100" : 14213.81,
    "dma200" : 14261.62,
    "volume" : 189.00
  }, {
    "date" : "2025-08-22",
    "price" : 14313.50,
    "dma50" : 13856.86,
    "dma100" : 14237.29,
    "dma200" : 14262.13,
    "volume" : 30.00
  }, {
    "date" : "2025-08-25",
    "price" : 14100.65,
    "dma50" : 13866.42,
    "dma100" : 14259.31,
    "dma200" : 14260.53,
    "volume" : 44.00
  }, {
    "date" : "2025-08-26",
    "price" : 13989.15,
    "dma50" : 13871.23,
    "dma100" : 14277.83,
    "dma200" : 14257.83,
    "volume" : 30.00
  }, {
    "date" : "2025-08-28",
    "price" : 13650.00,
    "dma50" : 13862.56,
    "dma100" : 14290.63,
    "dma200" : 14251.78,
    "volume" : 56.00
  }, {
    "date" : "2025-08-29",
    "price" : 13258.15,
    "dma50" : 13838.86,
    "dma100" : 14297.03,
    "dma200" : 14241.89,
    "volume" : 119.00
  }, {
    "date" : "2025-09-01",
    "price" : 13179.05,
    "dma50" : 13812.98,
    "dma100" : 14303.83,
    "dma200" : 14231.31,
    "volume" : 20.00
  }, {
    "date" : "2025-09-02",
    "price" : 13203.75,
    "dma50" : 13789.09,
    "dma100" : 14313.36,
    "dma200" : 14221.09,
    "volume" : 208.00
  }, {
    "date" : "2025-09-03",
    "price" : 13444.20,
    "dma50" : 13775.56,
    "dma100" : 14326.30,
    "dma200" : 14213.36,
    "volume" : 23.00
  }, {
    "date" : "2025-09-04",
    "price" : 13544.00,
    "dma50" : 13766.48,
    "dma100" : 14337.81,
    "dma200" : 14206.70,
    "volume" : 36.00
  }, {
    "date" : "2025-09-05",
    "price" : 13003.00,
    "dma50" : 13736.54,
    "dma100" : 14341.44,
    "dma200" : 14194.72,
    "volume" : 30.00
  }, {
    "date" : "2025-09-08",
    "price" : 13125.85,
    "dma50" : 13712.59,
    "dma100" : 14344.69,
    "dma200" : 14184.09,
    "volume" : 40.00
  }, {
    "date" : "2025-09-09",
    "price" : 12934.70,
    "dma50" : 13682.09,
    "dma100" : 14343.48,
    "dma200" : 14171.66,
    "volume" : 49.00
  }, {
    "date" : "2025-09-10",
    "price" : 13001.95,
    "dma50" : 13655.42,
    "dma100" : 14340.33,
    "dma200" : 14160.02,
    "volume" : 54.00
  }, {
    "date" : "2025-09-11",
    "price" : 12852.60,
    "dma50" : 13623.93,
    "dma100" : 14329.03,
    "dma200" : 14147.01,
    "volume" : 51.00
  }, {
    "date" : "2025-09-12",
    "price" : 12846.90,
    "dma50" : 13593.46,
    "dma100" : 14310.67,
    "dma200" : 14134.07,
    "volume" : 66.00
  }, {
    "date" : "2025-09-15",
    "price" : 12620.60,
    "dma50" : 13555.31,
    "dma100" : 14282.72,
    "dma200" : 14119.01,
    "volume" : 71.00
  }, {
    "date" : "2025-09-16",
    "price" : 12806.00,
    "dma50" : 13525.93,
    "dma100" : 14250.35,
    "dma200" : 14105.95,
    "volume" : 84.00
  }, {
    "date" : "2025-09-17",
    "price" : 12855.50,
    "dma50" : 13499.63,
    "dma100" : 14215.58,
    "dma200" : 14093.50,
    "volume" : 52.00
  }, {
    "date" : "2025-09-18",
    "price" : 12760.70,
    "dma50" : 13470.66,
    "dma100" : 14185.18,
    "dma200" : 14080.24,
    "volume" : 29.00
  }, {
    "date" : "2025-09-19",
    "price" : 12683.50,
    "dma50" : 13439.79,
    "dma100" : 14147.24,
    "dma200" : 14066.34,
    "volume" : 49.00
  }, {
    "date" : "2025-09-22",
    "price" : 12659.60,
    "dma50" : 13409.19,
    "dma100" : 14106.33,
    "dma200" : 14052.35,
    "volume" : 47.00
  }, {
    "date" : "2025-09-23",
    "price" : 12491.95,
    "dma50" : 13373.22,
    "dma100" : 14059.98,
    "dma200" : 14036.82,
    "volume" : 94.00
  }, {
    "date" : "2025-09-24",
    "price" : 12627.85,
    "dma50" : 13343.99,
    "dma100" : 14023.25,
    "dma200" : 14022.80,
    "volume" : 66.00
  }, {
    "date" : "2025-09-25",
    "price" : 12500.00,
    "dma50" : 13310.89,
    "dma100" : 13993.25,
    "dma200" : 14007.65,
    "volume" : 15.00
  }, {
    "date" : "2025-09-26",
    "price" : 12379.00,
    "dma50" : 13274.35,
    "dma100" : 13969.79,
    "dma200" : 13991.44,
    "volume" : 21.00
  }, {
    "date" : "2025-09-29",
    "price" : 12404.00,
    "dma50" : 13240.22,
    "dma100" : 13939.22,
    "dma200" : 13975.65,
    "volume" : 37.00
  }, {
    "date" : "2025-09-30",
    "price" : 12905.35,
    "dma50" : 13227.09,
    "dma100" : 13918.28,
    "dma200" : 13965.00,
    "volume" : 87.00
  }, {
    "date" : "2025-10-01",
    "price" : 12895.75,
    "dma50" : 13214.09,
    "dma100" : 13889.74,
    "dma200" : 13954.36,
    "volume" : 398.00
  }, {
    "date" : "2025-10-03",
    "price" : 13549.30,
    "dma50" : 13227.24,
    "dma100" : 13862.54,
    "dma200" : 13950.33,
    "volume" : 59.00
  }, {
    "date" : "2025-10-06",
    "price" : 13600.00,
    "dma50" : 13241.86,
    "dma100" : 13828.78,
    "dma200" : 13946.84,
    "volume" : 43.00
  }, {
    "date" : "2025-10-07",
    "price" : 13218.90,
    "dma50" : 13240.96,
    "dma100" : 13784.13,
    "dma200" : 13939.60,
    "volume" : 93.00
  }, {
    "date" : "2025-10-08",
    "price" : 13012.00,
    "dma50" : 13231.98,
    "dma100" : 13740.95,
    "dma200" : 13930.37,
    "volume" : 66.00
  }, {
    "date" : "2025-10-09",
    "price" : 12827.40,
    "dma50" : 13216.11,
    "dma100" : 13695.92,
    "dma200" : 13919.40,
    "volume" : 139.00
  }, {
    "date" : "2025-10-10",
    "price" : 12845.35,
    "dma50" : 13201.57,
    "dma100" : 13653.37,
    "dma200" : 13908.71,
    "volume" : 69.00
  }, {
    "date" : "2025-10-13",
    "price" : 12546.00,
    "dma50" : 13175.86,
    "dma100" : 13609.83,
    "dma200" : 13895.15,
    "volume" : 78.00
  }, {
    "date" : "2025-10-14",
    "price" : 12604.60,
    "dma50" : 13153.46,
    "dma100" : 13568.38,
    "dma200" : 13882.31,
    "volume" : 136.00
  }, {
    "date" : "2025-10-15",
    "price" : 12445.35,
    "dma50" : 13125.69,
    "dma100" : 13528.68,
    "dma200" : 13868.01,
    "volume" : 127.00
  }, {
    "date" : "2025-10-16",
    "price" : 12619.45,
    "dma50" : 13105.84,
    "dma100" : 13493.99,
    "dma200" : 13855.59,
    "volume" : 91.00
  }, {
    "date" : "2025-10-17",
    "price" : 12425.40,
    "dma50" : 13079.15,
    "dma100" : 13460.58,
    "dma200" : 13841.36,
    "volume" : 117.00
  }, {
    "date" : "2025-10-20",
    "price" : 12605.00,
    "dma50" : 13060.56,
    "dma100" : 13432.11,
    "dma200" : 13829.05,
    "volume" : 67.00
  }, {
    "date" : "2025-10-21",
    "price" : 12912.50,
    "dma50" : 13054.75,
    "dma100" : 13409.81,
    "dma200" : 13819.93,
    "volume" : 49.00
  }, {
    "date" : "2025-10-23",
    "price" : 12609.40,
    "dma50" : 13037.29,
    "dma100" : 13387.50,
    "dma200" : 13807.89,
    "volume" : 100.00
  }, {
    "date" : "2025-10-24",
    "price" : 12642.60,
    "dma50" : 13021.81,
    "dma100" : 13368.50,
    "dma200" : 13796.29,
    "volume" : 60.00
  }, {
    "date" : "2025-10-27",
    "price" : 12462.00,
    "dma50" : 12999.86,
    "dma100" : 13350.60,
    "dma200" : 13783.02,
    "volume" : 55.00
  }, {
    "date" : "2025-10-28",
    "price" : 12397.05,
    "dma50" : 12976.22,
    "dma100" : 13334.90,
    "dma200" : 13769.23,
    "volume" : 46.00
  }, {
    "date" : "2025-10-29",
    "price" : 12677.65,
    "dma50" : 12964.51,
    "dma100" : 13324.79,
    "dma200" : 13758.36,
    "volume" : 10.00
  }, {
    "date" : "2025-10-30",
    "price" : 12408.50,
    "dma50" : 12942.71,
    "dma100" : 13314.74,
    "dma200" : 13744.93,
    "volume" : 48.00
  }, {
    "date" : "2025-10-31",
    "price" : 12229.40,
    "dma50" : 12914.73,
    "dma100" : 13305.57,
    "dma200" : 13729.85,
    "volume" : 44.00
  }, {
    "date" : "2025-11-03",
    "price" : 12224.70,
    "dma50" : 12887.67,
    "dma100" : 13298.99,
    "dma200" : 13714.88,
    "volume" : 77.00
  }, {
    "date" : "2025-11-04",
    "price" : 12293.70,
    "dma50" : 12864.38,
    "dma100" : 13295.67,
    "dma200" : 13700.74,
    "volume" : 43.00
  }, {
    "date" : "2025-11-06",
    "price" : 12120.50,
    "dma50" : 12835.21,
    "dma100" : 13293.15,
    "dma200" : 13685.01,
    "volume" : 24.00
  }, {
    "date" : "2025-11-07",
    "price" : 12398.45,
    "dma50" : 12818.08,
    "dma100" : 13295.88,
    "dma200" : 13672.21,
    "volume" : 84.00
  }, {
    "date" : "2025-11-10",
    "price" : 12485.90,
    "dma50" : 12805.05,
    "dma100" : 13297.06,
    "dma200" : 13660.41,
    "volume" : 57.00
  }, {
    "date" : "2025-11-11",
    "price" : 12416.35,
    "dma50" : 12789.81,
    "dma100" : 13295.07,
    "dma200" : 13648.03,
    "volume" : 88.00
  }, {
    "date" : "2025-11-12",
    "price" : 12499.90,
    "dma50" : 12778.44,
    "dma100" : 13291.39,
    "dma200" : 13636.60,
    "volume" : 69.00
  }, {
    "date" : "2025-11-13",
    "price" : 13700.50,
    "dma50" : 12814.60,
    "dma100" : 13297.15,
    "dma200" : 13637.24,
    "volume" : 499.00
  }, {
    "date" : "2025-11-14",
    "price" : 13846.50,
    "dma50" : 12855.07,
    "dma100" : 13301.74,
    "dma200" : 13639.32,
    "volume" : 116.00
  }, {
    "date" : "2025-11-17",
    "price" : 13284.15,
    "dma50" : 12871.89,
    "dma100" : 13294.02,
    "dma200" : 13635.79,
    "volume" : 65.00
  }, {
    "date" : "2025-11-18",
    "price" : 13274.90,
    "dma50" : 12887.70,
    "dma100" : 13279.17,
    "dma200" : 13632.20,
    "volume" : 37.00
  }, {
    "date" : "2025-11-19",
    "price" : 12714.90,
    "dma50" : 12880.92,
    "dma100" : 13251.34,
    "dma200" : 13623.07,
    "volume" : 52.00
  }, {
    "date" : "2025-11-20",
    "price" : 13150.00,
    "dma50" : 12891.47,
    "dma100" : 13227.80,
    "dma200" : 13618.36,
    "volume" : 68.00
  }, {
    "date" : "2025-11-21",
    "price" : 13051.00,
    "dma50" : 12897.73,
    "dma100" : 13206.31,
    "dma200" : 13612.72,
    "volume" : 81.00
  }, {
    "date" : "2025-11-24",
    "price" : 12658.90,
    "dma50" : 12888.36,
    "dma100" : 13185.23,
    "dma200" : 13603.23,
    "volume" : 21.00
  }, {
    "date" : "2025-11-25",
    "price" : 12600.00,
    "dma50" : 12877.06,
    "dma100" : 13160.39,
    "dma200" : 13593.24,
    "volume" : 86.00
  }, {
    "date" : "2025-11-26",
    "price" : 12690.00,
    "dma50" : 12869.72,
    "dma100" : 13143.78,
    "dma200" : 13584.26,
    "volume" : 57.00
  }, {
    "date" : "2025-11-27",
    "price" : 13312.00,
    "dma50" : 12887.06,
    "dma100" : 13131.20,
    "dma200" : 13581.55,
    "volume" : 373.00
  }, {
    "date" : "2025-11-28",
    "price" : 13154.00,
    "dma50" : 12897.53,
    "dma100" : 13119.24,
    "dma200" : 13577.29,
    "volume" : 132.00
  }, {
    "date" : "2025-12-01",
    "price" : 13231.00,
    "dma50" : 12910.61,
    "dma100" : 13115.22,
    "dma200" : 13573.85,
    "volume" : 148.00
  }, {
    "date" : "2025-12-02",
    "price" : 12985.95,
    "dma50" : 12913.56,
    "dma100" : 13107.67,
    "dma200" : 13568.00,
    "volume" : 235.00
  }, {
    "date" : "2025-12-03",
    "price" : 13150.40,
    "dma50" : 12922.85,
    "dma100" : 13099.75,
    "dma200" : 13563.84,
    "volume" : 427.00
  }, {
    "date" : "2025-12-04",
    "price" : 13379.40,
    "dma50" : 12940.76,
    "dma100" : 13095.81,
    "dma200" : 13562.01,
    "volume" : 292.00
  }, {
    "date" : "2025-12-05",
    "price" : 12900.35,
    "dma50" : 12939.17,
    "dma100" : 13088.46,
    "dma200" : 13555.42,
    "volume" : 159.00
  }, {
    "date" : "2025-12-08",
    "price" : 12769.90,
    "dma50" : 12932.53,
    "dma100" : 13078.26,
    "dma200" : 13547.61,
    "volume" : 152.00
  }, {
    "date" : "2025-12-09",
    "price" : 12809.50,
    "dma50" : 12927.71,
    "dma100" : 13068.85,
    "dma200" : 13540.26,
    "volume" : 396.00
  }, {
    "date" : "2025-12-10",
    "price" : 12850.00,
    "dma50" : 12924.66,
    "dma100" : 13057.54,
    "dma200" : 13533.39,
    "volume" : 69.00
  }, {
    "date" : "2025-12-11",
    "price" : 12955.25,
    "dma50" : 12925.86,
    "dma100" : 13049.56,
    "dma200" : 13527.64,
    "volume" : 18.00
  }, {
    "date" : "2025-12-12",
    "price" : 12992.65,
    "dma50" : 12928.48,
    "dma100" : 13041.12,
    "dma200" : 13522.32,
    "volume" : 46.00
  }, {
    "date" : "2025-12-15",
    "price" : 12990.00,
    "dma50" : 12930.89,
    "dma100" : 13031.31,
    "dma200" : 13517.02,
    "volume" : 35.00
  }, {
    "date" : "2025-12-16",
    "price" : 12793.95,
    "dma50" : 12925.52,
    "dma100" : 13021.64,
    "dma200" : 13509.83,
    "volume" : 73.00
  }, {
    "date" : "2025-12-17",
    "price" : 12875.00,
    "dma50" : 12923.54,
    "dma100" : 13014.66,
    "dma200" : 13503.51,
    "volume" : 181.00
  }, {
    "date" : "2025-12-18",
    "price" : 12988.10,
    "dma50" : 12926.07,
    "dma100" : 13008.04,
    "dma200" : 13498.38,
    "volume" : 47.00
  }, {
    "date" : "2025-12-19",
    "price" : 12898.15,
    "dma50" : 12924.98,
    "dma100" : 13006.04,
    "dma200" : 13492.41,
    "volume" : 12.00
  }, {
    "date" : "2025-12-22",
    "price" : 12896.60,
    "dma50" : 12923.86,
    "dma100" : 13008.23,
    "dma200" : 13486.48,
    "volume" : 69.00
  }, {
    "date" : "2025-12-23",
    "price" : 13034.25,
    "dma50" : 12928.19,
    "dma100" : 13008.53,
    "dma200" : 13481.98,
    "volume" : 148.00
  }, {
    "date" : "2025-12-24",
    "price" : 13037.15,
    "dma50" : 12932.47,
    "dma100" : 13008.30,
    "dma200" : 13477.55,
    "volume" : 141.00
  }, {
    "date" : "2025-12-26",
    "price" : 12878.70,
    "dma50" : 12930.36,
    "dma100" : 13006.90,
    "dma200" : 13471.60,
    "volume" : 118.00
  }, {
    "date" : "2025-12-29",
    "price" : 13033.95,
    "dma50" : 12934.42,
    "dma100" : 13006.29,
    "dma200" : 13467.24,
    "volume" : 147.00
  }, {
    "date" : "2025-12-30",
    "price" : 12759.00,
    "dma50" : 12927.54,
    "dma100" : 13003.38,
    "dma200" : 13460.19,
    "volume" : 179.00
  }, {
    "date" : "2025-12-31",
    "price" : 12768.80,
    "dma50" : 12921.32,
    "dma100" : 13000.09,
    "dma200" : 13453.31,
    "volume" : 124.00
  }, {
    "date" : "2026-01-01",
    "price" : 12755.00,
    "dma50" : 12914.79,
    "dma100" : 12998.12,
    "dma200" : 13446.37,
    "volume" : 131.00
  }, {
    "date" : "2026-01-02",
    "price" : 12923.35,
    "dma50" : 12915.13,
    "dma100" : 12993.24,
    "dma200" : 13441.16,
    "volume" : 318.00
  }, {
    "date" : "2026-01-05",
    "price" : 13090.00,
    "dma50" : 12921.99,
    "dma100" : 12994.52,
    "dma200" : 13437.67,
    "volume" : 188.00
  }, {
    "date" : "2026-01-06",
    "price" : 12980.30,
    "dma50" : 12924.27,
    "dma100" : 12991.81,
    "dma200" : 13433.12,
    "volume" : 108.00
  }, {
    "date" : "2026-01-07",
    "price" : 12930.70,
    "dma50" : 12924.53,
    "dma100" : 12988.13,
    "dma200" : 13428.12,
    "volume" : 228.00
  }, {
    "date" : "2026-01-08",
    "price" : 12958.35,
    "dma50" : 12925.85,
    "dma100" : 12984.67,
    "dma200" : 13423.44,
    "volume" : 297.00
  }, {
    "date" : "2026-01-09",
    "price" : 13062.35,
    "dma50" : 12931.20,
    "dma100" : 12967.87,
    "dma200" : 13419.85,
    "volume" : 346.00
  }, {
    "date" : "2026-01-12",
    "price" : 12911.45,
    "dma50" : 12930.43,
    "dma100" : 12950.09,
    "dma200" : 13414.79,
    "volume" : 229.00
  }, {
    "date" : "2026-01-13",
    "price" : 12970.10,
    "dma50" : 12931.99,
    "dma100" : 12937.22,
    "dma200" : 13410.37,
    "volume" : 139.00
  }, {
    "date" : "2026-01-14",
    "price" : 12950.00,
    "dma50" : 12932.69,
    "dma100" : 12923.53,
    "dma200" : 13405.79,
    "volume" : 248.00
  }, {
    "date" : "2026-01-16",
    "price" : 13013.20,
    "dma50" : 12935.85,
    "dma100" : 12910.74,
    "dma200" : 13401.88,
    "volume" : 270.00
  }, {
    "date" : "2026-01-19",
    "price" : 13063.55,
    "dma50" : 12940.86,
    "dma100" : 12898.24,
    "dma200" : 13398.51,
    "volume" : 202.00
  }, {
    "date" : "2026-01-20",
    "price" : 13003.45,
    "dma50" : 12943.31,
    "dma100" : 12887.27,
    "dma200" : 13394.58,
    "volume" : 301.00
  }, {
    "date" : "2026-01-21",
    "price" : 12501.95,
    "dma50" : 12926.00,
    "dma100" : 12872.40,
    "dma200" : 13385.70,
    "volume" : 229.00
  }, {
    "date" : "2026-01-22",
    "price" : 12823.30,
    "dma50" : 12921.98,
    "dma100" : 12864.13,
    "dma200" : 13380.10,
    "volume" : 169.00
  }, {
    "date" : "2026-01-23",
    "price" : 12645.35,
    "dma50" : 12911.13,
    "dma100" : 12858.00,
    "dma200" : 13372.79,
    "volume" : 339.00
  }, {
    "date" : "2026-01-27",
    "price" : 12663.45,
    "dma50" : 12901.42,
    "dma100" : 12852.85,
    "dma200" : 13365.74,
    "volume" : 87.00
  }, {
    "date" : "2026-01-28",
    "price" : 12238.35,
    "dma50" : 12875.41,
    "dma100" : 12843.19,
    "dma200" : 13354.52,
    "volume" : 271.00
  }, {
    "date" : "2026-01-29",
    "price" : 12273.90,
    "dma50" : 12851.82,
    "dma100" : 12831.49,
    "dma200" : 13343.77,
    "volume" : 120.00
  }, {
    "date" : "2026-01-30",
    "price" : 12115.00,
    "dma50" : 12822.93,
    "dma100" : 12817.20,
    "dma200" : 13331.54,
    "volume" : 278.00
  }, {
    "date" : "2026-02-01",
    "price" : 12400.00,
    "dma50" : 12806.34,
    "dma100" : 12811.17,
    "dma200" : 13322.27,
    "volume" : 18.00
  }, {
    "date" : "2026-02-02",
    "price" : 12392.65,
    "dma50" : 12790.12,
    "dma100" : 12803.84,
    "dma200" : 13313.02,
    "volume" : 15.00
  }, {
    "date" : "2026-02-03",
    "price" : 12549.50,
    "dma50" : 12780.68,
    "dma100" : 12799.99,
    "dma200" : 13305.42,
    "volume" : 11.00
  }, {
    "date" : "2026-02-04",
    "price" : 12104.95,
    "dma50" : 12754.18,
    "dma100" : 12791.02,
    "dma200" : 13293.48,
    "volume" : 23.00
  }, {
    "date" : "2026-02-05",
    "price" : 11937.00,
    "dma50" : 12722.14,
    "dma100" : 12781.86,
    "dma200" : 13279.98,
    "volume" : 36.00
  }, {
    "date" : "2026-02-06",
    "price" : 12471.00,
    "dma50" : 12712.29,
    "dma100" : 12778.10,
    "dma200" : 13271.93,
    "volume" : 1.00
  }, {
    "date" : "2026-02-09",
    "price" : 12272.95,
    "dma50" : 12695.06,
    "dma100" : 12774.63,
    "dma200" : 13261.99,
    "volume" : 81.00
  }, {
    "date" : "2026-02-10",
    "price" : 12106.95,
    "dma50" : 12672.00,
    "dma100" : 12767.64,
    "dma200" : 13250.50,
    "volume" : 26.00
  }, {
    "date" : "2026-02-11",
    "price" : 12232.40,
    "dma50" : 12654.76,
    "dma100" : 12761.40,
    "dma200" : 13240.37,
    "volume" : 93.00
  }, {
    "date" : "2026-02-12",
    "price" : 12286.65,
    "dma50" : 12640.32,
    "dma100" : 12756.66,
    "dma200" : 13230.88,
    "volume" : 64.00
  }, {
    "date" : "2026-02-13",
    "price" : 12073.50,
    "dma50" : 12618.09,
    "dma100" : 12750.56,
    "dma200" : 13219.36,
    "volume" : 24.00
  }, {
    "date" : "2026-02-16",
    "price" : 11999.00,
    "dma50" : 12593.82,
    "dma100" : 12743.96,
    "dma200" : 13207.22,
    "volume" : 141.00
  }, {
    "date" : "2026-02-17",
    "price" : 11866.75,
    "dma50" : 12565.30,
    "dma100" : 12737.71,
    "dma200" : 13193.88,
    "volume" : 39.00
  }, {
    "date" : "2026-02-18",
    "price" : 12100.00,
    "dma50" : 12547.06,
    "dma100" : 12732.43,
    "dma200" : 13183.00,
    "volume" : 12.00
  }, {
    "date" : "2026-02-19",
    "price" : 11800.00,
    "dma50" : 12517.76,
    "dma100" : 12725.43,
    "dma200" : 13169.23,
    "volume" : 12.00
  }, {
    "date" : "2026-02-20",
    "price" : 11271.05,
    "dma50" : 12468.87,
    "dma100" : 12714.35,
    "dma200" : 13150.35,
    "volume" : 183.00
  } ],
  "latestTechnicalAttributes" : {
    "date" : "2026-02-20",
    "price" : 11271.05,
    "dma50" : 12468.87,
    "dma100" : 12714.35,
    "dma200" : 13150.35,
    "volume" : 183.00
  },
  "quarterlyResults" : [ {
    "date" : "2005-03-31",
    "sales" : 0.01,
    "salesGrowthYoY" : null,
    "grossProfitMargin" : 100.00,
    "grossProfit" : 0.01,
    "operatingProfitMargin" : -100.00,
    "operatingProfit" : -0.01,
    "netProfitMargin" : -100.00,
    "netProfit" : -0.01
  }, {
    "date" : "2005-06-30",
    "sales" : -0.09,
    "salesGrowthYoY" : null,
    "grossProfitMargin" : 0.00,
    "grossProfit" : -0.00,
    "operatingProfitMargin" : 0.00,
    "operatingProfit" : -0.00,
    "netProfitMargin" : 0.00,
    "netProfit" : -0.00
  }, {
    "date" : "2005-09-30",
    "sales" : 0.04,
    "salesGrowthYoY" : null,
    "grossProfitMargin" : 100.00,
    "grossProfit" : 0.04,
    "operatingProfitMargin" : 50.00,
    "operatingProfit" : 0.02,
    "netProfitMargin" : 50.00,
    "netProfit" : 0.02
  }, {
    "date" : "2005-12-31",
    "sales" : 0.01,
    "salesGrowthYoY" : null,
    "grossProfitMargin" : 100.00,
    "grossProfit" : 0.01,
    "operatingProfitMargin" : -100.00,
    "operatingProfit" : -0.01,
    "netProfitMargin" : -100.00,
    "netProfit" : -0.01
  }, {
    "date" : "2006-03-31",
    "sales" : 0.14,
    "salesGrowthYoY" : 1300.00,
    "grossProfitMargin" : 100.00,
    "grossProfit" : 0.14,
    "operatingProfitMargin" : 92.86,
    "operatingProfit" : 0.13,
    "netProfitMargin" : 92.86,
    "netProfit" : 0.13
  }, {
    "date" : "2006-06-30",
    "sales" : 0.04,
    "salesGrowthYoY" : -144.44,
    "grossProfitMargin" : 100.00,
    "grossProfit" : 0.04,
    "operatingProfitMargin" : 75.00,
    "operatingProfit" : 0.03,
    "netProfitMargin" : 75.00,
    "netProfit" : 0.03
  }, {
    "date" : "2006-09-30",
    "sales" : 0.00,
    "salesGrowthYoY" : -100.00,
    "grossProfitMargin" : 0.00,
    "grossProfit" : 0.00,
    "operatingProfitMargin" : 0.00,
    "operatingProfit" : 0.00,
    "netProfitMargin" : 0.00,
    "netProfit" : 0.00
  }, {
    "date" : "2006-12-31",
    "sales" : 0.01,
    "salesGrowthYoY" : 0.00,
    "grossProfitMargin" : 100.00,
    "grossProfit" : 0.01,
    "operatingProfitMargin" : 0.00,
    "operatingProfit" : 0.00,
    "netProfitMargin" : 0.00,
    "netProfit" : 0.00
  }, {
    "date" : "2007-03-31",
    "sales" : 0.87,
    "salesGrowthYoY" : 521.43,
    "grossProfitMargin" : 100.00,
    "grossProfit" : 0.87,
    "operatingProfitMargin" : 94.25,
    "operatingProfit" : 0.82,
    "netProfitMargin" : 14.94,
    "netProfit" : 0.13
  }, {
    "date" : "2007-06-30",
    "sales" : 0.01,
    "salesGrowthYoY" : -75.00,
    "grossProfitMargin" : 100.00,
    "grossProfit" : 0.01,
    "operatingProfitMargin" : 0.00,
    "operatingProfit" : 0.00,
    "netProfitMargin" : 0.00,
    "netProfit" : 0.00
  }, {
    "date" : "2007-09-30",
    "sales" : 0.12,
    "salesGrowthYoY" : 100.00,
    "grossProfitMargin" : 100.00,
    "grossProfit" : 0.12,
    "operatingProfitMargin" : 75.00,
    "operatingProfit" : 0.09,
    "netProfitMargin" : -33.33,
    "netProfit" : -0.04
  }, {
    "date" : "2007-12-31",
    "sales" : 0.02,
    "salesGrowthYoY" : 100.00,
    "grossProfitMargin" : 100.00,
    "grossProfit" : 0.02,
    "operatingProfitMargin" : 0.00,
    "operatingProfit" : 0.00,
    "netProfitMargin" : -50.00,
    "netProfit" : -0.01
  }, {
    "date" : "2008-03-31",
    "sales" : 0.07,
    "salesGrowthYoY" : -91.95,
    "grossProfitMargin" : 100.00,
    "grossProfit" : 0.07,
    "operatingProfitMargin" : 85.71,
    "operatingProfit" : 0.06,
    "netProfitMargin" : 71.43,
    "netProfit" : 0.05
  }, {
    "date" : "2008-06-30",
    "sales" : 0.01,
    "salesGrowthYoY" : 0.00,
    "grossProfitMargin" : 100.00,
    "grossProfit" : 0.01,
    "operatingProfitMargin" : 0.00,
    "operatingProfit" : 0.00,
    "netProfitMargin" : 0.00,
    "netProfit" : 0.00
  }, {
    "date" : "2008-09-30",
    "sales" : 0.17,
    "salesGrowthYoY" : 41.67,
    "grossProfitMargin" : 100.00,
    "grossProfit" : 0.17,
    "operatingProfitMargin" : 94.12,
    "operatingProfit" : 0.16,
    "netProfitMargin" : 94.12,
    "netProfit" : 0.16
  }, {
    "date" : "2008-12-31",
    "sales" : 0.02,
    "salesGrowthYoY" : 0.00,
    "grossProfitMargin" : 100.00,
    "grossProfit" : 0.02,
    "operatingProfitMargin" : 50.00,
    "operatingProfit" : 0.01,
    "netProfitMargin" : 50.00,
    "netProfit" : 0.01
  }, {
    "date" : "2009-03-31",
    "sales" : 0.04,
    "salesGrowthYoY" : -42.86,
    "grossProfitMargin" : 100.00,
    "grossProfit" : 0.04,
    "operatingProfitMargin" : 50.00,
    "operatingProfit" : 0.02,
    "netProfitMargin" : 50.00,
    "netProfit" : 0.02
  }, {
    "date" : "2009-06-30",
    "sales" : 0.01,
    "salesGrowthYoY" : 0.00,
    "grossProfitMargin" : 100.00,
    "grossProfit" : 0.01,
    "operatingProfitMargin" : 0.00,
    "operatingProfit" : 0.00,
    "netProfitMargin" : 0.00,
    "netProfit" : 0.00
  }, {
    "date" : "2009-09-30",
    "sales" : 0.16,
    "salesGrowthYoY" : -5.88,
    "grossProfitMargin" : 100.00,
    "grossProfit" : 0.16,
    "operatingProfitMargin" : 87.50,
    "operatingProfit" : 0.14,
    "netProfitMargin" : 87.50,
    "netProfit" : 0.14
  }, {
    "date" : "2009-12-31",
    "sales" : 0.01,
    "salesGrowthYoY" : -50.00,
    "grossProfitMargin" : 100.00,
    "grossProfit" : 0.01,
    "operatingProfitMargin" : 0.00,
    "operatingProfit" : 0.00,
    "netProfitMargin" : 0.00,
    "netProfit" : 0.00
  }, {
    "date" : "2010-03-31",
    "sales" : 5.69,
    "salesGrowthYoY" : 14125.00,
    "grossProfitMargin" : 100.00,
    "grossProfit" : 5.69,
    "operatingProfitMargin" : 99.47,
    "operatingProfit" : 5.66,
    "netProfitMargin" : 82.60,
    "netProfit" : 4.70
  }, {
    "date" : "2010-06-30",
    "sales" : 2.89,
    "salesGrowthYoY" : 28800.00,
    "grossProfitMargin" : 100.00,
    "grossProfit" : 2.89,
    "operatingProfitMargin" : 99.65,
    "operatingProfit" : 2.88,
    "netProfitMargin" : 99.65,
    "netProfit" : 2.88
  }, {
    "date" : "2010-09-30",
    "sales" : 0.19,
    "salesGrowthYoY" : 18.75,
    "grossProfitMargin" : 100.00,
    "grossProfit" : 0.19,
    "operatingProfitMargin" : 94.74,
    "operatingProfit" : 0.18,
    "netProfitMargin" : 94.74,
    "netProfit" : 0.18
  }, {
    "date" : "2010-12-31",
    "sales" : 0.29,
    "salesGrowthYoY" : 2800.00,
    "grossProfitMargin" : 100.00,
    "grossProfit" : 0.29,
    "operatingProfitMargin" : 93.10,
    "operatingProfit" : 0.27,
    "netProfitMargin" : 51.72,
    "netProfit" : 0.15
  }, {
    "date" : "2011-03-31",
    "sales" : 0.43,
    "salesGrowthYoY" : -92.44,
    "grossProfitMargin" : 100.00,
    "grossProfit" : 0.43,
    "operatingProfitMargin" : 93.02,
    "operatingProfit" : 0.40,
    "netProfitMargin" : -74.42,
    "netProfit" : -0.32
  }, {
    "date" : "2011-06-30",
    "sales" : 0.16,
    "salesGrowthYoY" : -94.46,
    "grossProfitMargin" : 100.00,
    "grossProfit" : 0.16,
    "operatingProfitMargin" : 81.25,
    "operatingProfit" : 0.13,
    "netProfitMargin" : 87.50,
    "netProfit" : 0.14
  }, {
    "date" : "2011-09-30",
    "sales" : 0.30,
    "salesGrowthYoY" : 57.89,
    "grossProfitMargin" : 100.00,
    "grossProfit" : 0.30,
    "operatingProfitMargin" : 86.67,
    "operatingProfit" : 0.26,
    "netProfitMargin" : 103.33,
    "netProfit" : 0.31
  }, {
    "date" : "2011-12-31",
    "sales" : 0.15,
    "salesGrowthYoY" : -48.28,
    "grossProfitMargin" : 100.00,
    "grossProfit" : 0.15,
    "operatingProfitMargin" : 86.67,
    "operatingProfit" : 0.13,
    "netProfitMargin" : 133.33,
    "netProfit" : 0.20
  }, {
    "date" : "2012-03-31",
    "sales" : 0.21,
    "salesGrowthYoY" : -51.16,
    "grossProfitMargin" : 100.00,
    "grossProfit" : 0.21,
    "operatingProfitMargin" : 61.90,
    "operatingProfit" : 0.13,
    "netProfitMargin" : -28.57,
    "netProfit" : -0.06
  }, {
    "date" : "2012-06-30",
    "sales" : 0.03,
    "salesGrowthYoY" : -81.25,
    "grossProfitMargin" : 100.00,
    "grossProfit" : 0.03,
    "operatingProfitMargin" : 33.33,
    "operatingProfit" : 0.01,
    "netProfitMargin" : 66.67,
    "netProfit" : 0.02
  }, {
    "date" : "2012-09-30",
    "sales" : 0.36,
    "salesGrowthYoY" : 20.00,
    "grossProfitMargin" : 100.00,
    "grossProfit" : 0.36,
    "operatingProfitMargin" : 94.44,
    "operatingProfit" : 0.34,
    "netProfitMargin" : 108.33,
    "netProfit" : 0.39
  }, {
    "date" : "2012-12-31",
    "sales" : 0.32,
    "salesGrowthYoY" : 113.33,
    "grossProfitMargin" : 100.00,
    "grossProfit" : 0.32,
    "operatingProfitMargin" : 93.75,
    "operatingProfit" : 0.30,
    "netProfitMargin" : 96.88,
    "netProfit" : 0.31
  }, {
    "date" : "2013-03-31",
    "sales" : -0.26,
    "salesGrowthYoY" : -223.81,
    "grossProfitMargin" : 0.00,
    "grossProfit" : -0.00,
    "operatingProfitMargin" : 0.00,
    "operatingProfit" : -0.00,
    "netProfitMargin" : 0.00,
    "netProfit" : -0.00
  }, {
    "date" : "2013-06-30",
    "sales" : 0.06,
    "salesGrowthYoY" : 100.00,
    "grossProfitMargin" : 100.00,
    "grossProfit" : 0.06,
    "operatingProfitMargin" : 66.67,
    "operatingProfit" : 0.04,
    "netProfitMargin" : 83.33,
    "netProfit" : 0.05
  }, {
    "date" : "2013-09-30",
    "sales" : 0.23,
    "salesGrowthYoY" : -36.11,
    "grossProfitMargin" : 100.00,
    "grossProfit" : 0.23,
    "operatingProfitMargin" : 91.30,
    "operatingProfit" : 0.21,
    "netProfitMargin" : 104.35,
    "netProfit" : 0.24
  }, {
    "date" : "2013-12-31",
    "sales" : 0.25,
    "salesGrowthYoY" : -21.88,
    "grossProfitMargin" : 100.00,
    "grossProfit" : 0.25,
    "operatingProfitMargin" : 56.00,
    "operatingProfit" : 0.14,
    "netProfitMargin" : -84.00,
    "netProfit" : -0.21
  }, {
    "date" : "2014-03-31",
    "sales" : 0.74,
    "salesGrowthYoY" : -384.62,
    "grossProfitMargin" : 100.00,
    "grossProfit" : 0.74,
    "operatingProfitMargin" : 67.57,
    "operatingProfit" : 0.50,
    "netProfitMargin" : -5.41,
    "netProfit" : -0.04
  }, {
    "date" : "2014-06-30",
    "sales" : 1.24,
    "salesGrowthYoY" : 1966.67,
    "grossProfitMargin" : 100.00,
    "grossProfit" : 1.24,
    "operatingProfitMargin" : 91.13,
    "operatingProfit" : 1.13,
    "netProfitMargin" : 16.13,
    "netProfit" : 0.20
  }, {
    "date" : "2014-09-30",
    "sales" : 5.19,
    "salesGrowthYoY" : 2156.52,
    "grossProfitMargin" : 100.00,
    "grossProfit" : 5.19,
    "operatingProfitMargin" : 96.15,
    "operatingProfit" : 4.99,
    "netProfitMargin" : 74.76,
    "netProfit" : 3.88
  }, {
    "date" : "2014-12-31",
    "sales" : 1.41,
    "salesGrowthYoY" : 464.00,
    "grossProfitMargin" : 100.00,
    "grossProfit" : 1.41,
    "operatingProfitMargin" : 95.74,
    "operatingProfit" : 1.35,
    "netProfitMargin" : 170.21,
    "netProfit" : 2.40
  }, {
    "date" : "2015-03-31",
    "sales" : 1.38,
    "salesGrowthYoY" : 86.49,
    "grossProfitMargin" : 100.00,
    "grossProfit" : 1.38,
    "operatingProfitMargin" : 75.36,
    "operatingProfit" : 1.04,
    "netProfitMargin" : 20.29,
    "netProfit" : 0.28
  }, {
    "date" : "2015-06-30",
    "sales" : 6.69,
    "salesGrowthYoY" : 439.52,
    "grossProfitMargin" : 100.00,
    "grossProfit" : 6.69,
    "operatingProfitMargin" : 96.56,
    "operatingProfit" : 6.46,
    "netProfitMargin" : 108.37,
    "netProfit" : 7.25
  }, {
    "date" : "2015-09-30",
    "sales" : 1.33,
    "salesGrowthYoY" : -74.37,
    "grossProfitMargin" : 100.00,
    "grossProfit" : 1.33,
    "operatingProfitMargin" : 75.19,
    "operatingProfit" : 1.00,
    "netProfitMargin" : 12.78,
    "netProfit" : 0.17
  }, {
    "date" : "2015-12-31",
    "sales" : 4.06,
    "salesGrowthYoY" : 187.94,
    "grossProfitMargin" : 100.00,
    "grossProfit" : 4.06,
    "operatingProfitMargin" : 95.07,
    "operatingProfit" : 3.86,
    "netProfitMargin" : 123.15,
    "netProfit" : 5.00
  }, {
    "date" : "2016-03-31",
    "sales" : -2.83,
    "salesGrowthYoY" : -305.07,
    "grossProfitMargin" : 0.00,
    "grossProfit" : -0.00,
    "operatingProfitMargin" : 0.00,
    "operatingProfit" : -0.00,
    "netProfitMargin" : 0.00,
    "netProfit" : -0.00
  }, {
    "date" : "2016-06-30",
    "sales" : 3.74,
    "salesGrowthYoY" : -44.10,
    "grossProfitMargin" : 100.00,
    "grossProfit" : 3.74,
    "operatingProfitMargin" : 93.85,
    "operatingProfit" : 3.51,
    "netProfitMargin" : 67.11,
    "netProfit" : 2.51
  }, {
    "date" : "2016-09-30",
    "sales" : -0.43,
    "salesGrowthYoY" : -132.33,
    "grossProfitMargin" : 0.00,
    "grossProfit" : -0.00,
    "operatingProfitMargin" : 0.00,
    "operatingProfit" : -0.00,
    "netProfitMargin" : 0.00,
    "netProfit" : -0.00
  }, {
    "date" : "2016-12-31",
    "sales" : 1.72,
    "salesGrowthYoY" : -57.64,
    "grossProfitMargin" : 100.00,
    "grossProfit" : 1.72,
    "operatingProfitMargin" : 94.77,
    "operatingProfit" : 1.63,
    "netProfitMargin" : 62.21,
    "netProfit" : 1.07
  }, {
    "date" : "2017-03-31",
    "sales" : -3.14,
    "salesGrowthYoY" : 10.95,
    "grossProfitMargin" : 0.00,
    "grossProfit" : -0.00,
    "operatingProfitMargin" : 0.00,
    "operatingProfit" : -0.00,
    "netProfitMargin" : 0.00,
    "netProfit" : -0.00
  }, {
    "date" : "2017-06-30",
    "sales" : 13.32,
    "salesGrowthYoY" : 256.15,
    "grossProfitMargin" : 100.00,
    "grossProfit" : 13.32,
    "operatingProfitMargin" : 97.37,
    "operatingProfit" : 12.97,
    "netProfitMargin" : 86.94,
    "netProfit" : 11.58
  }, {
    "date" : "2017-09-30",
    "sales" : 1.79,
    "salesGrowthYoY" : -516.28,
    "grossProfitMargin" : 100.00,
    "grossProfit" : 1.79,
    "operatingProfitMargin" : 82.68,
    "operatingProfit" : 1.48,
    "netProfitMargin" : 268.72,
    "netProfit" : 4.81
  }, {
    "date" : "2017-12-31",
    "sales" : -2.06,
    "salesGrowthYoY" : -219.77,
    "grossProfitMargin" : 0.00,
    "grossProfit" : -0.00,
    "operatingProfitMargin" : 0.00,
    "operatingProfit" : -0.00,
    "netProfitMargin" : 0.00,
    "netProfit" : -0.00
  }, {
    "date" : "2018-03-31",
    "sales" : -2.92,
    "salesGrowthYoY" : -7.01,
    "grossProfitMargin" : 0.00,
    "grossProfit" : -0.00,
    "operatingProfitMargin" : 0.00,
    "operatingProfit" : -0.00,
    "netProfitMargin" : 0.00,
    "netProfit" : -0.00
  }, {
    "date" : "2018-06-30",
    "sales" : 1.60,
    "salesGrowthYoY" : -87.99,
    "grossProfitMargin" : 100.00,
    "grossProfit" : 1.60,
    "operatingProfitMargin" : 60.62,
    "operatingProfit" : 0.97,
    "netProfitMargin" : 40.00,
    "netProfit" : 0.64
  }, {
    "date" : "2018-09-30",
    "sales" : 1.00,
    "salesGrowthYoY" : -44.13,
    "grossProfitMargin" : 100.00,
    "grossProfit" : 1.00,
    "operatingProfitMargin" : -94.00,
    "operatingProfit" : -0.94,
    "netProfitMargin" : -59.00,
    "netProfit" : -0.59
  }, {
    "date" : "2018-12-31",
    "sales" : 1.43,
    "salesGrowthYoY" : -169.42,
    "grossProfitMargin" : 100.00,
    "grossProfit" : 1.43,
    "operatingProfitMargin" : 78.32,
    "operatingProfit" : 1.12,
    "netProfitMargin" : 77.62,
    "netProfit" : 1.11
  }, {
    "date" : "2019-03-31",
    "sales" : 5.34,
    "salesGrowthYoY" : -282.88,
    "grossProfitMargin" : 100.00,
    "grossProfit" : 5.34,
    "operatingProfitMargin" : -5.62,
    "operatingProfit" : -0.30,
    "netProfitMargin" : -14.79,
    "netProfit" : -0.79
  }, {
    "date" : "2019-06-30",
    "sales" : 0.13,
    "salesGrowthYoY" : -91.88,
    "grossProfitMargin" : 100.00,
    "grossProfit" : 0.13,
    "operatingProfitMargin" : -1284.62,
    "operatingProfit" : -1.67,
    "netProfitMargin" : -1307.69,
    "netProfit" : -1.70
  }, {
    "date" : "2019-09-30",
    "sales" : 0.56,
    "salesGrowthYoY" : -44.00,
    "grossProfitMargin" : 100.00,
    "grossProfit" : 0.56,
    "operatingProfitMargin" : 0.00,
    "operatingProfit" : 0.00,
    "netProfitMargin" : -307.14,
    "netProfit" : -1.72
  }, {
    "date" : "2019-12-31",
    "sales" : 0.26,
    "salesGrowthYoY" : -81.82,
    "grossProfitMargin" : 100.00,
    "grossProfit" : 0.26,
    "operatingProfitMargin" : -7.69,
    "operatingProfit" : -0.02,
    "netProfitMargin" : -34.62,
    "netProfit" : -0.09
  }, {
    "date" : "2020-03-31",
    "sales" : 0.50,
    "salesGrowthYoY" : -90.64,
    "grossProfitMargin" : 100.00,
    "grossProfit" : 0.50,
    "operatingProfitMargin" : -2236.00,
    "operatingProfit" : -11.18,
    "netProfitMargin" : -1218.00,
    "netProfit" : -6.09
  }, {
    "date" : "2020-06-30",
    "sales" : 8.38,
    "salesGrowthYoY" : 6346.15,
    "grossProfitMargin" : 100.00,
    "grossProfit" : 8.38,
    "operatingProfitMargin" : 96.42,
    "operatingProfit" : 8.08,
    "netProfitMargin" : 46.18,
    "netProfit" : 3.87
  }, {
    "date" : "2020-09-30",
    "sales" : 20.43,
    "salesGrowthYoY" : 3548.21,
    "grossProfitMargin" : 100.00,
    "grossProfit" : 20.43,
    "operatingProfitMargin" : 97.65,
    "operatingProfit" : 19.95,
    "netProfitMargin" : 70.44,
    "netProfit" : 14.39
  }, {
    "date" : "2020-12-31",
    "sales" : 3.40,
    "salesGrowthYoY" : 1207.69,
    "grossProfitMargin" : 100.00,
    "grossProfit" : 3.40,
    "operatingProfitMargin" : 92.06,
    "operatingProfit" : 3.13,
    "netProfitMargin" : 62.65,
    "netProfit" : 2.13
  }, {
    "date" : "2021-03-31",
    "sales" : -4.22,
    "salesGrowthYoY" : -944.00,
    "grossProfitMargin" : 0.00,
    "grossProfit" : -0.00,
    "operatingProfitMargin" : 0.00,
    "operatingProfit" : -0.00,
    "netProfitMargin" : 0.00,
    "netProfit" : -0.00
  }, {
    "date" : "2021-06-30",
    "sales" : 20.18,
    "salesGrowthYoY" : 140.81,
    "grossProfitMargin" : 100.00,
    "grossProfit" : 20.18,
    "operatingProfitMargin" : 97.72,
    "operatingProfit" : 19.72,
    "netProfitMargin" : 78.84,
    "netProfit" : 15.91
  }, {
    "date" : "2021-09-30",
    "sales" : 66.53,
    "salesGrowthYoY" : 225.65,
    "grossProfitMargin" : 100.00,
    "grossProfit" : 66.53,
    "operatingProfitMargin" : 99.05,
    "operatingProfit" : 65.90,
    "netProfitMargin" : 80.26,
    "netProfit" : 53.40
  }, {
    "date" : "2021-12-31",
    "sales" : -11.07,
    "salesGrowthYoY" : -425.59,
    "grossProfitMargin" : 0.00,
    "grossProfit" : -0.00,
    "operatingProfitMargin" : 0.00,
    "operatingProfit" : -0.00,
    "netProfitMargin" : 0.00,
    "netProfit" : -0.00
  }, {
    "date" : "2022-03-31",
    "sales" : 11.19,
    "salesGrowthYoY" : -365.17,
    "grossProfitMargin" : 100.00,
    "grossProfit" : 11.19,
    "operatingProfitMargin" : 92.31,
    "operatingProfit" : 10.33,
    "netProfitMargin" : 57.10,
    "netProfit" : 6.39
  }, {
    "date" : "2022-06-30",
    "sales" : -27.86,
    "salesGrowthYoY" : -238.06,
    "grossProfitMargin" : 0.00,
    "grossProfit" : -0.00,
    "operatingProfitMargin" : 0.00,
    "operatingProfit" : -0.00,
    "netProfitMargin" : 0.00,
    "netProfit" : -0.00
  }, {
    "date" : "2022-09-30",
    "sales" : 57.27,
    "salesGrowthYoY" : -13.92,
    "grossProfitMargin" : 100.00,
    "grossProfit" : 57.27,
    "operatingProfitMargin" : 98.87,
    "operatingProfit" : 56.62,
    "netProfitMargin" : 79.26,
    "netProfit" : 45.39
  }, {
    "date" : "2022-12-31",
    "sales" : 12.24,
    "salesGrowthYoY" : -210.57,
    "grossProfitMargin" : 100.00,
    "grossProfit" : 12.24,
    "operatingProfitMargin" : 95.02,
    "operatingProfit" : 11.63,
    "netProfitMargin" : 68.63,
    "netProfit" : 8.40
  }, {
    "date" : "2023-03-31",
    "sales" : -17.69,
    "salesGrowthYoY" : -258.09,
    "grossProfitMargin" : 0.00,
    "grossProfit" : -0.00,
    "operatingProfitMargin" : 0.00,
    "operatingProfit" : -0.00,
    "netProfitMargin" : 0.00,
    "netProfit" : -0.00
  }, {
    "date" : "2023-06-30",
    "sales" : 29.53,
    "salesGrowthYoY" : -205.99,
    "grossProfitMargin" : 100.00,
    "grossProfit" : 29.53,
    "operatingProfitMargin" : 97.63,
    "operatingProfit" : 28.83,
    "netProfitMargin" : 82.70,
    "netProfit" : 24.42
  }, {
    "date" : "2023-09-30",
    "sales" : 28.57,
    "salesGrowthYoY" : -50.11,
    "grossProfitMargin" : 100.00,
    "grossProfit" : 28.57,
    "operatingProfitMargin" : 97.86,
    "operatingProfit" : 27.96,
    "netProfitMargin" : 83.30,
    "netProfit" : 23.80
  }, {
    "date" : "2023-12-31",
    "sales" : 40.08,
    "salesGrowthYoY" : 227.45,
    "grossProfitMargin" : 100.00,
    "grossProfit" : 40.08,
    "operatingProfitMargin" : 97.73,
    "operatingProfit" : 39.17,
    "netProfitMargin" : 83.13,
    "netProfit" : 33.32
  }, {
    "date" : "2024-03-31",
    "sales" : 30.06,
    "salesGrowthYoY" : -269.93,
    "grossProfitMargin" : 100.00,
    "grossProfit" : 30.06,
    "operatingProfitMargin" : 96.74,
    "operatingProfit" : 29.08,
    "netProfitMargin" : 74.42,
    "netProfit" : 22.37
  }, {
    "date" : "2024-06-30",
    "sales" : 68.21,
    "salesGrowthYoY" : 130.99,
    "grossProfitMargin" : 100.00,
    "grossProfit" : 68.21,
    "operatingProfitMargin" : 98.05,
    "operatingProfit" : 66.88,
    "netProfitMargin" : 76.89,
    "netProfit" : 52.45
  }, {
    "date" : "2024-09-30",
    "sales" : 78.31,
    "salesGrowthYoY" : 174.10,
    "grossProfitMargin" : 100.00,
    "grossProfit" : 78.31,
    "operatingProfitMargin" : 97.96,
    "operatingProfit" : 76.71,
    "netProfitMargin" : 80.87,
    "netProfit" : 63.33
  }, {
    "date" : "2024-12-31",
    "sales" : -44.85,
    "salesGrowthYoY" : -211.90,
    "grossProfitMargin" : 0.00,
    "grossProfit" : -0.00,
    "operatingProfitMargin" : 0.00,
    "operatingProfit" : -0.00,
    "netProfitMargin" : 0.00,
    "netProfit" : -0.00
  }, {
    "date" : "2025-03-31",
    "sales" : -26.26,
    "salesGrowthYoY" : -187.36,
    "grossProfitMargin" : 0.00,
    "grossProfit" : -0.00,
    "operatingProfitMargin" : 0.00,
    "operatingProfit" : -0.00,
    "netProfitMargin" : 0.00,
    "netProfit" : -0.00
  }, {
    "date" : "2025-06-30",
    "sales" : 31.47,
    "salesGrowthYoY" : -53.86,
    "grossProfitMargin" : 100.00,
    "grossProfit" : 31.47,
    "operatingProfitMargin" : 94.25,
    "operatingProfit" : 29.66,
    "netProfitMargin" : 74.93,
    "netProfit" : 23.58
  }, {
    "date" : "2025-09-30",
    "sales" : 73.27,
    "salesGrowthYoY" : -6.44,
    "grossProfitMargin" : 100.00,
    "grossProfit" : 73.27,
    "operatingProfitMargin" : 98.89,
    "operatingProfit" : 72.46,
    "netProfitMargin" : 82.30,
    "netProfit" : 60.30
  }, {
    "date" : "2025-12-31",
    "sales" : 32.69,
    "salesGrowthYoY" : -172.89,
    "grossProfitMargin" : 100.00,
    "grossProfit" : 32.69,
    "operatingProfitMargin" : 95.75,
    "operatingProfit" : 31.30,
    "netProfitMargin" : 75.71,
    "netProfit" : 24.75
  } ],
  "latestQuarterlyResult" : {
    "date" : "2025-12-31",
    "sales" : 32.69,
    "salesGrowthYoY" : -172.89,
    "grossProfitMargin" : 100.00,
    "grossProfit" : 32.69,
    "operatingProfitMargin" : 95.75,
    "operatingProfit" : 31.30,
    "netProfitMargin" : 75.71,
    "netProfit" : 24.75
  },
  "companyScore" : {
    "priceHigherThanDma50" : 0.00,
    "priceHigherThanDma100" : 0.00,
    "priceHigherThanDma200" : 0.00,
    "dma50HigherThanDma100" : 0.00,
    "dma50HigherThanDma200" : 0.00,
    "dma100HigherThanDma200" : 0.00,
    "pricePercentageAboveDma50" : 5.48,
    "pricePercentageAboveDma100" : 5.57,
    "pricePercentageAboveDma200" : 5.71,
    "weeklyVolumeHigherThanYearlyVolume" : 0.00,
    "salesGrowthPercentile" : 4.25,
    "operatingProfitMarginPercentile" : 19.97,
    "netProfitMarginPercentile" : 8.78,
    "totalTechnicalScore" : 16.76,
    "totalFundamentalScore" : 32.99,
    "totalScore" : 49.75
  }
}