{
  "metadata" : {
    "screenerCompanyId" : "1245",
    "companyCode" : "513536",
    "companyName" : "Guj.Nat.Resour.",
    "screenerCompanyLink" : "https://www.screener.in/company/513536",
    "screenerTechnicalHistoryLink" : "https://www.screener.in/api/company/1245/chart/?q=Price-DMA50-DMA200-Volume&days=365",
    "screenerQuarterlyResultsLink" : "https://www.screener.in/api/company/1245/chart/?q=GPM-OPM-NPM-Quarter+Sales&days=10000",
    "attributes" : {
      "companyCode" : "513536",
      "companyName" : "Guj.Nat.Resour.",
      "marketCap" : 1117.00,
      "peRatio" : 272.00,
      "description" : "Incorporated in 1991, Gujarat Natural Resources Ltd is in the business of Oil & Gas exploration and trading of goods[1]"
    },
    "companyScore" : {
      "priceHigherThanDma50" : 5.00,
      "priceHigherThanDma100" : 5.00,
      "priceHigherThanDma200" : 5.00,
      "dma50HigherThanDma100" : 5.00,
      "dma50HigherThanDma200" : 5.00,
      "dma100HigherThanDma200" : 5.00,
      "pricePercentageAboveDma50" : 4.93,
      "pricePercentageAboveDma100" : 4.35,
      "pricePercentageAboveDma200" : 3.18,
      "weeklyVolumeHigherThanYearlyVolume" : 5.00,
      "salesGrowthPercentile" : 17.97,
      "operatingProfitMarginPercentile" : 20.00,
      "netProfitMarginPercentile" : 9.64,
      "totalTechnicalScore" : 47.46,
      "totalFundamentalScore" : 47.61,
      "totalScore" : 95.08
    }
  },
  "attributes" : {
    "companyCode" : "513536",
    "companyName" : "Guj.Nat.Resour.",
    "marketCap" : 1117.00,
    "peRatio" : 272.00,
    "description" : "Incorporated in 1991, Gujarat Natural Resources Ltd is in the business of Oil & Gas exploration and trading of goods[1]"
  },
  "technicalHistory" : [ {
    "date" : "2024-12-09",
    "price" : 18.37,
    "dma50" : 18.53,
    "dma100" : null,
    "dma200" : 15.79,
    "volume" : 587799.00
  }, {
    "date" : "2024-12-10",
    "price" : 17.74,
    "dma50" : 18.50,
    "dma100" : null,
    "dma200" : 15.81,
    "volume" : 408753.00
  }, {
    "date" : "2024-12-11",
    "price" : 17.30,
    "dma50" : 18.45,
    "dma100" : null,
    "dma200" : 15.82,
    "volume" : 382744.00
  }, {
    "date" : "2024-12-12",
    "price" : 16.63,
    "dma50" : 18.38,
    "dma100" : null,
    "dma200" : 15.83,
    "volume" : 365675.00
  }, {
    "date" : "2024-12-13",
    "price" : 16.92,
    "dma50" : 18.32,
    "dma100" : null,
    "dma200" : 15.84,
    "volume" : 395071.00
  }, {
    "date" : "2024-12-16",
    "price" : 17.75,
    "dma50" : 18.30,
    "dma100" : null,
    "dma200" : 15.86,
    "volume" : 580871.00
  }, {
    "date" : "2024-12-17",
    "price" : 17.83,
    "dma50" : 18.28,
    "dma100" : null,
    "dma200" : 15.88,
    "volume" : 878160.00
  }, {
    "date" : "2024-12-18",
    "price" : 18.39,
    "dma50" : 18.29,
    "dma100" : null,
    "dma200" : 15.91,
    "volume" : 197863.00
  }, {
    "date" : "2024-12-19",
    "price" : 19.30,
    "dma50" : 18.33,
    "dma100" : null,
    "dma200" : 15.94,
    "volume" : 863205.00
  }, {
    "date" : "2024-12-20",
    "price" : 19.68,
    "dma50" : 18.38,
    "dma100" : null,
    "dma200" : 15.98,
    "volume" : 893967.00
  }, {
    "date" : "2024-12-23",
    "price" : 19.29,
    "dma50" : 18.42,
    "dma100" : null,
    "dma200" : 16.01,
    "volume" : 200972.00
  }, {
    "date" : "2024-12-24",
    "price" : 19.11,
    "dma50" : 18.44,
    "dma100" : null,
    "dma200" : 16.04,
    "volume" : 680432.00
  }, {
    "date" : "2024-12-26",
    "price" : 19.49,
    "dma50" : 18.48,
    "dma100" : null,
    "dma200" : 16.08,
    "volume" : 125181.00
  }, {
    "date" : "2024-12-27",
    "price" : 19.18,
    "dma50" : 18.51,
    "dma100" : null,
    "dma200" : 16.11,
    "volume" : 135593.00
  }, {
    "date" : "2024-12-30",
    "price" : 19.49,
    "dma50" : 18.55,
    "dma100" : null,
    "dma200" : 16.14,
    "volume" : 131637.00
  }, {
    "date" : "2024-12-31",
    "price" : 19.50,
    "dma50" : 18.59,
    "dma100" : null,
    "dma200" : 16.17,
    "volume" : 85758.00
  }, {
    "date" : "2025-01-01",
    "price" : 19.50,
    "dma50" : 18.62,
    "dma100" : null,
    "dma200" : 16.21,
    "volume" : 129758.00
  }, {
    "date" : "2025-01-02",
    "price" : 19.11,
    "dma50" : 18.64,
    "dma100" : null,
    "dma200" : 16.24,
    "volume" : 262604.00
  }, {
    "date" : "2025-01-03",
    "price" : 18.73,
    "dma50" : 18.65,
    "dma100" : null,
    "dma200" : 16.26,
    "volume" : 247066.00
  }, {
    "date" : "2025-01-06",
    "price" : 18.36,
    "dma50" : 18.63,
    "dma100" : null,
    "dma200" : 16.28,
    "volume" : 353460.00
  }, {
    "date" : "2025-01-07",
    "price" : 18.00,
    "dma50" : 18.61,
    "dma100" : null,
    "dma200" : 16.30,
    "volume" : 317683.00
  }, {
    "date" : "2025-01-08",
    "price" : 18.00,
    "dma50" : 18.59,
    "dma100" : null,
    "dma200" : 16.32,
    "volume" : 108685.00
  }, {
    "date" : "2025-01-09",
    "price" : 17.65,
    "dma50" : 18.55,
    "dma100" : null,
    "dma200" : 16.33,
    "volume" : 64485.00
  }, {
    "date" : "2025-01-10",
    "price" : 17.50,
    "dma50" : 18.51,
    "dma100" : null,
    "dma200" : 16.34,
    "volume" : 76228.00
  }, {
    "date" : "2025-01-13",
    "price" : 17.25,
    "dma50" : 18.46,
    "dma100" : null,
    "dma200" : 16.35,
    "volume" : 5364084.00
  }, {
    "date" : "2025-01-14",
    "price" : 16.91,
    "dma50" : 18.40,
    "dma100" : null,
    "dma200" : 16.36,
    "volume" : 441473.00
  }, {
    "date" : "2025-01-15",
    "price" : 16.70,
    "dma50" : 18.33,
    "dma100" : null,
    "dma200" : 16.36,
    "volume" : 222144.00
  }, {
    "date" : "2025-01-16",
    "price" : 17.03,
    "dma50" : 18.28,
    "dma100" : null,
    "dma200" : 16.37,
    "volume" : 330688.00
  }, {
    "date" : "2025-01-17",
    "price" : 17.37,
    "dma50" : 18.24,
    "dma100" : null,
    "dma200" : 16.38,
    "volume" : 46021.00
  }, {
    "date" : "2025-01-20",
    "price" : 17.71,
    "dma50" : 18.22,
    "dma100" : null,
    "dma200" : 16.39,
    "volume" : 52824.00
  }, {
    "date" : "2025-01-21",
    "price" : 18.06,
    "dma50" : 18.22,
    "dma100" : null,
    "dma200" : 16.41,
    "volume" : 74527.00
  }, {
    "date" : "2025-01-22",
    "price" : 18.00,
    "dma50" : 18.21,
    "dma100" : null,
    "dma200" : 16.42,
    "volume" : 827487.00
  }, {
    "date" : "2025-01-23",
    "price" : 18.25,
    "dma50" : 18.21,
    "dma100" : null,
    "dma200" : 16.44,
    "volume" : 37046.00
  }, {
    "date" : "2025-01-24",
    "price" : 18.31,
    "dma50" : 18.21,
    "dma100" : null,
    "dma200" : 16.46,
    "volume" : 39376.00
  }, {
    "date" : "2025-01-27",
    "price" : 17.50,
    "dma50" : 18.19,
    "dma100" : null,
    "dma200" : 16.47,
    "volume" : 675419.00
  }, {
    "date" : "2025-01-28",
    "price" : 17.50,
    "dma50" : 18.16,
    "dma100" : null,
    "dma200" : 16.48,
    "volume" : 336605.00
  }, {
    "date" : "2025-01-29",
    "price" : 17.78,
    "dma50" : 18.14,
    "dma100" : null,
    "dma200" : 16.49,
    "volume" : 20112.00
  }, {
    "date" : "2025-01-30",
    "price" : 17.76,
    "dma50" : 18.13,
    "dma100" : null,
    "dma200" : 16.50,
    "volume" : 226426.00
  }, {
    "date" : "2025-01-31",
    "price" : 18.52,
    "dma50" : 18.14,
    "dma100" : null,
    "dma200" : 16.52,
    "volume" : 132779.00
  }, {
    "date" : "2025-02-01",
    "price" : 18.88,
    "dma50" : 18.17,
    "dma100" : null,
    "dma200" : 16.55,
    "volume" : 110841.00
  }, {
    "date" : "2025-02-03",
    "price" : 18.69,
    "dma50" : 18.19,
    "dma100" : null,
    "dma200" : 16.57,
    "volume" : 63204.00
  }, {
    "date" : "2025-02-04",
    "price" : 18.48,
    "dma50" : 18.21,
    "dma100" : null,
    "dma200" : 16.59,
    "volume" : 117769.00
  }, {
    "date" : "2025-02-05",
    "price" : 19.23,
    "dma50" : 18.25,
    "dma100" : null,
    "dma200" : 16.61,
    "volume" : 157016.00
  }, {
    "date" : "2025-02-06",
    "price" : 19.61,
    "dma50" : 18.30,
    "dma100" : null,
    "dma200" : 16.64,
    "volume" : 186994.00
  }, {
    "date" : "2025-02-07",
    "price" : 18.88,
    "dma50" : 18.32,
    "dma100" : null,
    "dma200" : 16.67,
    "volume" : 270311.00
  }, {
    "date" : "2025-02-10",
    "price" : 18.69,
    "dma50" : 18.34,
    "dma100" : null,
    "dma200" : 16.69,
    "volume" : 190400.00
  }, {
    "date" : "2025-02-11",
    "price" : 18.33,
    "dma50" : 18.34,
    "dma100" : null,
    "dma200" : 16.70,
    "volume" : 117168.00
  }, {
    "date" : "2025-02-12",
    "price" : 19.16,
    "dma50" : 18.37,
    "dma100" : null,
    "dma200" : 16.73,
    "volume" : 274416.00
  }, {
    "date" : "2025-02-13",
    "price" : 19.05,
    "dma50" : 18.39,
    "dma100" : null,
    "dma200" : 16.75,
    "volume" : 262554.00
  }, {
    "date" : "2025-02-14",
    "price" : 19.37,
    "dma50" : 18.43,
    "dma100" : null,
    "dma200" : 16.78,
    "volume" : 209943.00
  }, {
    "date" : "2025-02-17",
    "price" : 19.08,
    "dma50" : 18.46,
    "dma100" : null,
    "dma200" : 16.80,
    "volume" : 265314.00
  }, {
    "date" : "2025-02-18",
    "price" : 18.88,
    "dma50" : 18.47,
    "dma100" : null,
    "dma200" : 16.82,
    "volume" : 230400.00
  }, {
    "date" : "2025-02-19",
    "price" : 18.84,
    "dma50" : 18.49,
    "dma100" : null,
    "dma200" : 16.84,
    "volume" : 534227.00
  }, {
    "date" : "2025-02-20",
    "price" : 18.85,
    "dma50" : 18.50,
    "dma100" : null,
    "dma200" : 16.86,
    "volume" : 49893.00
  }, {
    "date" : "2025-02-21",
    "price" : 19.30,
    "dma50" : 18.53,
    "dma100" : null,
    "dma200" : 16.88,
    "volume" : 154087.00
  }, {
    "date" : "2025-02-24",
    "price" : 19.52,
    "dma50" : 18.57,
    "dma100" : null,
    "dma200" : 16.91,
    "volume" : 108683.00
  }, {
    "date" : "2025-02-25",
    "price" : 19.99,
    "dma50" : 18.63,
    "dma100" : null,
    "dma200" : 16.94,
    "volume" : 128715.00
  }, {
    "date" : "2025-02-27",
    "price" : 20.35,
    "dma50" : 18.70,
    "dma100" : null,
    "dma200" : 16.98,
    "volume" : 104355.00
  }, {
    "date" : "2025-02-28",
    "price" : 21.35,
    "dma50" : 18.80,
    "dma100" : null,
    "dma200" : 17.02,
    "volume" : 268530.00
  }, {
    "date" : "2025-03-03",
    "price" : 22.38,
    "dma50" : 18.94,
    "dma100" : null,
    "dma200" : 17.07,
    "volume" : 505609.00
  }, {
    "date" : "2025-03-04",
    "price" : 23.32,
    "dma50" : 19.11,
    "dma100" : null,
    "dma200" : 17.13,
    "volume" : 350930.00
  }, {
    "date" : "2025-03-05",
    "price" : 23.44,
    "dma50" : 19.28,
    "dma100" : null,
    "dma200" : 17.20,
    "volume" : 1592901.00
  }, {
    "date" : "2025-03-06",
    "price" : 23.02,
    "dma50" : 19.43,
    "dma100" : null,
    "dma200" : 17.25,
    "volume" : 352083.00
  }, {
    "date" : "2025-03-07",
    "price" : 23.18,
    "dma50" : 19.58,
    "dma100" : null,
    "dma200" : 17.31,
    "volume" : 247781.00
  }, {
    "date" : "2025-03-10",
    "price" : 24.10,
    "dma50" : 19.75,
    "dma100" : null,
    "dma200" : 17.38,
    "volume" : 3707121.00
  }, {
    "date" : "2025-03-11",
    "price" : 23.93,
    "dma50" : 19.92,
    "dma100" : null,
    "dma200" : 17.45,
    "volume" : 767301.00
  }, {
    "date" : "2025-03-12",
    "price" : 23.34,
    "dma50" : 20.05,
    "dma100" : null,
    "dma200" : 17.51,
    "volume" : 302170.00
  }, {
    "date" : "2025-03-13",
    "price" : 22.99,
    "dma50" : 20.17,
    "dma100" : null,
    "dma200" : 17.56,
    "volume" : 434437.00
  }, {
    "date" : "2025-03-17",
    "price" : 21.90,
    "dma50" : 20.23,
    "dma100" : null,
    "dma200" : 17.60,
    "volume" : 924885.00
  }, {
    "date" : "2025-03-18",
    "price" : 20.98,
    "dma50" : 20.26,
    "dma100" : null,
    "dma200" : 17.64,
    "volume" : 1182169.00
  }, {
    "date" : "2025-03-19",
    "price" : 20.28,
    "dma50" : 20.26,
    "dma100" : null,
    "dma200" : 17.66,
    "volume" : 1045988.00
  }, {
    "date" : "2025-03-20",
    "price" : 20.98,
    "dma50" : 20.29,
    "dma100" : null,
    "dma200" : 17.70,
    "volume" : 3691480.00
  }, {
    "date" : "2025-03-21",
    "price" : 22.01,
    "dma50" : 20.36,
    "dma100" : null,
    "dma200" : 17.74,
    "volume" : 232825.00
  }, {
    "date" : "2025-03-24",
    "price" : 23.01,
    "dma50" : 20.46,
    "dma100" : null,
    "dma200" : 17.79,
    "volume" : 728392.00
  }, {
    "date" : "2025-03-25",
    "price" : 23.95,
    "dma50" : 20.60,
    "dma100" : null,
    "dma200" : 17.85,
    "volume" : 1162606.00
  }, {
    "date" : "2025-03-26",
    "price" : 24.91,
    "dma50" : 20.77,
    "dma100" : null,
    "dma200" : 17.92,
    "volume" : 1961993.00
  }, {
    "date" : "2025-03-27",
    "price" : 25.79,
    "dma50" : 20.97,
    "dma100" : null,
    "dma200" : 18.00,
    "volume" : 458833.00
  }, {
    "date" : "2025-03-28",
    "price" : 27.07,
    "dma50" : 21.21,
    "dma100" : null,
    "dma200" : 18.09,
    "volume" : 349046.00
  }, {
    "date" : "2025-04-01",
    "price" : 28.42,
    "dma50" : 21.49,
    "dma100" : null,
    "dma200" : 18.19,
    "volume" : 466584.00
  }, {
    "date" : "2025-04-02",
    "price" : 29.84,
    "dma50" : 21.82,
    "dma100" : null,
    "dma200" : 18.31,
    "volume" : 200893.00
  }, {
    "date" : "2025-04-03",
    "price" : 31.33,
    "dma50" : 22.19,
    "dma100" : null,
    "dma200" : 18.44,
    "volume" : 265213.00
  }, {
    "date" : "2025-04-04",
    "price" : 32.89,
    "dma50" : 22.61,
    "dma100" : null,
    "dma200" : 18.58,
    "volume" : 153050.00
  }, {
    "date" : "2025-04-07",
    "price" : 31.29,
    "dma50" : 22.95,
    "dma100" : null,
    "dma200" : 18.71,
    "volume" : 1176688.00
  }, {
    "date" : "2025-04-08",
    "price" : 32.85,
    "dma50" : 23.34,
    "dma100" : null,
    "dma200" : 18.85,
    "volume" : 256482.00
  }, {
    "date" : "2025-04-09",
    "price" : 34.49,
    "dma50" : 23.77,
    "dma100" : null,
    "dma200" : 19.01,
    "volume" : 153636.00
  }, {
    "date" : "2025-04-11",
    "price" : 36.21,
    "dma50" : 24.26,
    "dma100" : null,
    "dma200" : 19.18,
    "volume" : 1096497.00
  }, {
    "date" : "2025-04-15",
    "price" : 37.99,
    "dma50" : 24.80,
    "dma100" : null,
    "dma200" : 19.36,
    "volume" : 680209.00
  }, {
    "date" : "2025-04-16",
    "price" : 39.88,
    "dma50" : 25.39,
    "dma100" : null,
    "dma200" : 19.57,
    "volume" : 488196.00
  }, {
    "date" : "2025-04-17",
    "price" : 39.26,
    "dma50" : 25.94,
    "dma100" : null,
    "dma200" : 19.76,
    "volume" : 1413532.00
  }, {
    "date" : "2025-04-21",
    "price" : 39.64,
    "dma50" : 26.47,
    "dma100" : null,
    "dma200" : 19.96,
    "volume" : 1208696.00
  }, {
    "date" : "2025-04-22",
    "price" : 41.06,
    "dma50" : 27.05,
    "dma100" : null,
    "dma200" : 20.17,
    "volume" : 339780.00
  }, {
    "date" : "2025-04-23",
    "price" : 41.61,
    "dma50" : 27.62,
    "dma100" : null,
    "dma200" : 20.39,
    "volume" : 367692.00
  }, {
    "date" : "2025-04-24",
    "price" : 41.27,
    "dma50" : 28.15,
    "dma100" : null,
    "dma200" : 20.59,
    "volume" : 603860.00
  }, {
    "date" : "2025-04-25",
    "price" : 41.08,
    "dma50" : 28.66,
    "dma100" : null,
    "dma200" : 20.80,
    "volume" : 559287.00
  }, {
    "date" : "2025-04-28",
    "price" : 40.99,
    "dma50" : 29.14,
    "dma100" : null,
    "dma200" : 21.00,
    "volume" : 273003.00
  }, {
    "date" : "2025-04-29",
    "price" : 42.53,
    "dma50" : 29.67,
    "dma100" : null,
    "dma200" : 21.21,
    "volume" : 845322.00
  }, {
    "date" : "2025-04-30",
    "price" : 44.65,
    "dma50" : 30.26,
    "dma100" : null,
    "dma200" : 21.45,
    "volume" : 707915.00
  }, {
    "date" : "2025-05-02",
    "price" : 46.88,
    "dma50" : 30.91,
    "dma100" : null,
    "dma200" : 21.70,
    "volume" : 1471596.00
  }, {
    "date" : "2025-05-05",
    "price" : 49.21,
    "dma50" : 31.62,
    "dma100" : null,
    "dma200" : 21.97,
    "volume" : 810750.00
  }, {
    "date" : "2025-05-06",
    "price" : 51.67,
    "dma50" : 32.41,
    "dma100" : null,
    "dma200" : 22.27,
    "volume" : 503932.00
  }, {
    "date" : "2025-05-07",
    "price" : 50.64,
    "dma50" : 33.13,
    "dma100" : 24.20,
    "dma200" : 22.55,
    "volume" : 91273.00
  }, {
    "date" : "2025-05-08",
    "price" : 49.63,
    "dma50" : 33.77,
    "dma100" : 24.52,
    "dma200" : 22.82,
    "volume" : 50744.00
  }, {
    "date" : "2025-05-09",
    "price" : 48.64,
    "dma50" : 34.36,
    "dma100" : 24.83,
    "dma200" : 23.08,
    "volume" : 16523.00
  }, {
    "date" : "2025-05-12",
    "price" : 47.67,
    "dma50" : 34.88,
    "dma100" : 25.14,
    "dma200" : 23.32,
    "volume" : 240597.00
  }, {
    "date" : "2025-05-13",
    "price" : 47.05,
    "dma50" : 35.36,
    "dma100" : 25.44,
    "dma200" : 23.56,
    "volume" : 1360849.00
  }, {
    "date" : "2025-05-14",
    "price" : 47.99,
    "dma50" : 35.85,
    "dma100" : 25.75,
    "dma200" : 23.80,
    "volume" : 461697.00
  }, {
    "date" : "2025-05-15",
    "price" : 48.94,
    "dma50" : 36.36,
    "dma100" : 26.06,
    "dma200" : 24.05,
    "volume" : 238174.00
  }, {
    "date" : "2025-05-16",
    "price" : 49.90,
    "dma50" : 36.90,
    "dma100" : 26.37,
    "dma200" : 24.31,
    "volume" : 387902.00
  }, {
    "date" : "2025-05-19",
    "price" : 50.88,
    "dma50" : 37.44,
    "dma100" : 26.69,
    "dma200" : 24.57,
    "volume" : 1419947.00
  }, {
    "date" : "2025-05-20",
    "price" : 49.87,
    "dma50" : 37.93,
    "dma100" : 26.99,
    "dma200" : 24.82,
    "volume" : 210161.00
  }, {
    "date" : "2025-05-21",
    "price" : 48.88,
    "dma50" : 38.36,
    "dma100" : 27.29,
    "dma200" : 25.06,
    "volume" : 50611.00
  }, {
    "date" : "2025-05-22",
    "price" : 47.91,
    "dma50" : 38.73,
    "dma100" : 27.57,
    "dma200" : 25.29,
    "volume" : 39365.00
  }, {
    "date" : "2025-05-23",
    "price" : 48.86,
    "dma50" : 39.13,
    "dma100" : 27.87,
    "dma200" : 25.53,
    "volume" : 789128.00
  }, {
    "date" : "2025-05-26",
    "price" : 47.89,
    "dma50" : 39.48,
    "dma100" : 28.15,
    "dma200" : 25.75,
    "volume" : 62649.00
  }, {
    "date" : "2025-05-27",
    "price" : 46.94,
    "dma50" : 39.77,
    "dma100" : 28.43,
    "dma200" : 25.96,
    "volume" : 43383.00
  }, {
    "date" : "2025-05-28",
    "price" : 47.87,
    "dma50" : 40.09,
    "dma100" : 28.71,
    "dma200" : 26.18,
    "volume" : 202590.00
  }, {
    "date" : "2025-05-29",
    "price" : 48.82,
    "dma50" : 40.43,
    "dma100" : 29.01,
    "dma200" : 26.40,
    "volume" : 101572.00
  }, {
    "date" : "2025-05-30",
    "price" : 49.79,
    "dma50" : 40.80,
    "dma100" : 29.31,
    "dma200" : 26.63,
    "volume" : 253165.00
  }, {
    "date" : "2025-06-02",
    "price" : 50.78,
    "dma50" : 41.19,
    "dma100" : 29.63,
    "dma200" : 26.87,
    "volume" : 219282.00
  }, {
    "date" : "2025-06-03",
    "price" : 51.79,
    "dma50" : 41.60,
    "dma100" : 29.97,
    "dma200" : 27.12,
    "volume" : 72384.00
  }, {
    "date" : "2025-06-04",
    "price" : 52.82,
    "dma50" : 42.04,
    "dma100" : 30.32,
    "dma200" : 27.38,
    "volume" : 573782.00
  }, {
    "date" : "2025-06-05",
    "price" : 53.87,
    "dma50" : 42.51,
    "dma100" : 30.67,
    "dma200" : 27.64,
    "volume" : 153094.00
  }, {
    "date" : "2025-06-06",
    "price" : 54.94,
    "dma50" : 42.99,
    "dma100" : 31.05,
    "dma200" : 27.91,
    "volume" : 174614.00
  }, {
    "date" : "2025-06-09",
    "price" : 56.03,
    "dma50" : 43.51,
    "dma100" : 31.43,
    "dma200" : 28.19,
    "volume" : 112069.00
  }, {
    "date" : "2025-06-10",
    "price" : 57.15,
    "dma50" : 44.04,
    "dma100" : 31.83,
    "dma200" : 28.48,
    "volume" : 185657.00
  }, {
    "date" : "2025-06-11",
    "price" : 58.29,
    "dma50" : 44.60,
    "dma100" : 32.24,
    "dma200" : 28.78,
    "volume" : 619602.00
  }, {
    "date" : "2025-06-12",
    "price" : 59.45,
    "dma50" : 45.18,
    "dma100" : 32.67,
    "dma200" : 29.08,
    "volume" : 61577.00
  }, {
    "date" : "2025-06-13",
    "price" : 60.63,
    "dma50" : 45.79,
    "dma100" : 33.11,
    "dma200" : 29.40,
    "volume" : 554426.00
  }, {
    "date" : "2025-06-16",
    "price" : 61.84,
    "dma50" : 46.42,
    "dma100" : 33.55,
    "dma200" : 29.72,
    "volume" : 115963.00
  }, {
    "date" : "2025-06-17",
    "price" : 63.07,
    "dma50" : 47.07,
    "dma100" : 34.01,
    "dma200" : 30.05,
    "volume" : 101805.00
  }, {
    "date" : "2025-06-18",
    "price" : 64.33,
    "dma50" : 47.75,
    "dma100" : 34.47,
    "dma200" : 30.39,
    "volume" : 127150.00
  }, {
    "date" : "2025-06-19",
    "price" : 65.61,
    "dma50" : 48.45,
    "dma100" : 34.95,
    "dma200" : 30.74,
    "volume" : 144678.00
  }, {
    "date" : "2025-06-20",
    "price" : 66.92,
    "dma50" : 49.17,
    "dma100" : 35.43,
    "dma200" : 31.10,
    "volume" : 170478.00
  }, {
    "date" : "2025-06-23",
    "price" : 65.59,
    "dma50" : 49.82,
    "dma100" : 35.90,
    "dma200" : 31.45,
    "volume" : 1037185.00
  }, {
    "date" : "2025-06-24",
    "price" : 64.28,
    "dma50" : 50.38,
    "dma100" : 36.37,
    "dma200" : 31.77,
    "volume" : 179127.00
  }, {
    "date" : "2025-06-25",
    "price" : 63.92,
    "dma50" : 50.91,
    "dma100" : 36.84,
    "dma200" : 32.09,
    "volume" : 591338.00
  }, {
    "date" : "2025-06-26",
    "price" : 64.00,
    "dma50" : 51.43,
    "dma100" : 37.30,
    "dma200" : 32.41,
    "volume" : 361439.00
  }, {
    "date" : "2025-06-27",
    "price" : 65.28,
    "dma50" : 51.97,
    "dma100" : 37.77,
    "dma200" : 32.74,
    "volume" : 145708.00
  }, {
    "date" : "2025-06-30",
    "price" : 66.58,
    "dma50" : 52.54,
    "dma100" : 38.25,
    "dma200" : 33.07,
    "volume" : 187945.00
  }, {
    "date" : "2025-07-01",
    "price" : 67.91,
    "dma50" : 53.15,
    "dma100" : 38.75,
    "dma200" : 33.42,
    "volume" : 155194.00
  }, {
    "date" : "2025-07-02",
    "price" : 69.26,
    "dma50" : 53.78,
    "dma100" : 39.25,
    "dma200" : 33.78,
    "volume" : 67401.00
  }, {
    "date" : "2025-07-03",
    "price" : 70.64,
    "dma50" : 54.44,
    "dma100" : 39.77,
    "dma200" : 34.14,
    "volume" : 159577.00
  }, {
    "date" : "2025-07-04",
    "price" : 69.23,
    "dma50" : 55.02,
    "dma100" : 40.27,
    "dma200" : 34.49,
    "volume" : 421360.00
  }, {
    "date" : "2025-07-07",
    "price" : 67.85,
    "dma50" : 55.52,
    "dma100" : 40.75,
    "dma200" : 34.83,
    "volume" : 146910.00
  }, {
    "date" : "2025-07-08",
    "price" : 68.00,
    "dma50" : 56.01,
    "dma100" : 41.25,
    "dma200" : 35.16,
    "volume" : 181645.00
  }, {
    "date" : "2025-07-09",
    "price" : 69.36,
    "dma50" : 56.53,
    "dma100" : 41.75,
    "dma200" : 35.50,
    "volume" : 120444.00
  }, {
    "date" : "2025-07-10",
    "price" : 67.98,
    "dma50" : 56.98,
    "dma100" : 42.25,
    "dma200" : 35.82,
    "volume" : 193555.00
  }, {
    "date" : "2025-07-11",
    "price" : 67.86,
    "dma50" : 57.41,
    "dma100" : 42.74,
    "dma200" : 36.14,
    "volume" : 33749.00
  }, {
    "date" : "2025-07-14",
    "price" : 67.00,
    "dma50" : 57.79,
    "dma100" : 43.22,
    "dma200" : 36.44,
    "volume" : 50385.00
  }, {
    "date" : "2025-07-15",
    "price" : 68.30,
    "dma50" : 58.20,
    "dma100" : 43.71,
    "dma200" : 36.76,
    "volume" : 60444.00
  }, {
    "date" : "2025-07-16",
    "price" : 69.43,
    "dma50" : 58.64,
    "dma100" : 44.21,
    "dma200" : 37.09,
    "volume" : 80884.00
  }, {
    "date" : "2025-07-17",
    "price" : 69.99,
    "dma50" : 59.08,
    "dma100" : 44.72,
    "dma200" : 37.41,
    "volume" : 139771.00
  }, {
    "date" : "2025-07-18",
    "price" : 68.60,
    "dma50" : 59.46,
    "dma100" : 45.22,
    "dma200" : 37.72,
    "volume" : 23123.00
  }, {
    "date" : "2025-07-21",
    "price" : 67.23,
    "dma50" : 59.76,
    "dma100" : 45.70,
    "dma200" : 38.02,
    "volume" : 10499.00
  }, {
    "date" : "2025-07-22",
    "price" : 67.25,
    "dma50" : 60.06,
    "dma100" : 46.18,
    "dma200" : 38.31,
    "volume" : 427253.00
  }, {
    "date" : "2025-07-23",
    "price" : 65.91,
    "dma50" : 60.29,
    "dma100" : 46.64,
    "dma200" : 38.58,
    "volume" : 147002.00
  }, {
    "date" : "2025-07-24",
    "price" : 64.60,
    "dma50" : 60.45,
    "dma100" : 47.09,
    "dma200" : 38.84,
    "volume" : 146687.00
  }, {
    "date" : "2025-07-25",
    "price" : 63.31,
    "dma50" : 60.57,
    "dma100" : 47.52,
    "dma200" : 39.09,
    "volume" : 96841.00
  }, {
    "date" : "2025-07-28",
    "price" : 66.45,
    "dma50" : 60.80,
    "dma100" : 47.97,
    "dma200" : 39.36,
    "volume" : 435667.00
  }, {
    "date" : "2025-07-29",
    "price" : 66.81,
    "dma50" : 61.03,
    "dma100" : 48.42,
    "dma200" : 39.63,
    "volume" : 5307798.00
  }, {
    "date" : "2025-07-30",
    "price" : 67.69,
    "dma50" : 61.29,
    "dma100" : 48.86,
    "dma200" : 39.91,
    "volume" : 221475.00
  }, {
    "date" : "2025-07-31",
    "price" : 71.00,
    "dma50" : 61.67,
    "dma100" : 49.33,
    "dma200" : 40.22,
    "volume" : 241708.00
  }, {
    "date" : "2025-08-01",
    "price" : 74.55,
    "dma50" : 62.18,
    "dma100" : 49.85,
    "dma200" : 40.56,
    "volume" : 438807.00
  }, {
    "date" : "2025-08-04",
    "price" : 77.41,
    "dma50" : 62.78,
    "dma100" : 50.39,
    "dma200" : 40.93,
    "volume" : 255246.00
  }, {
    "date" : "2025-08-05",
    "price" : 77.93,
    "dma50" : 63.37,
    "dma100" : 50.93,
    "dma200" : 41.30,
    "volume" : 133717.00
  }, {
    "date" : "2025-08-06",
    "price" : 76.38,
    "dma50" : 63.88,
    "dma100" : 51.46,
    "dma200" : 41.65,
    "volume" : 9859.00
  }, {
    "date" : "2025-08-07",
    "price" : 77.00,
    "dma50" : 64.40,
    "dma100" : 51.99,
    "dma200" : 42.00,
    "volume" : 278076.00
  }, {
    "date" : "2025-08-08",
    "price" : 75.46,
    "dma50" : 64.83,
    "dma100" : 52.52,
    "dma200" : 42.33,
    "volume" : 162961.00
  }, {
    "date" : "2025-08-11",
    "price" : 73.96,
    "dma50" : 65.19,
    "dma100" : 53.04,
    "dma200" : 42.65,
    "volume" : 28007.00
  }, {
    "date" : "2025-08-12",
    "price" : 73.15,
    "dma50" : 65.50,
    "dma100" : 53.56,
    "dma200" : 42.95,
    "volume" : 278906.00
  }, {
    "date" : "2025-08-13",
    "price" : 71.69,
    "dma50" : 65.74,
    "dma100" : 54.07,
    "dma200" : 43.23,
    "volume" : 38124.00
  }, {
    "date" : "2025-08-14",
    "price" : 70.26,
    "dma50" : 65.92,
    "dma100" : 54.57,
    "dma200" : 43.50,
    "volume" : 56387.00
  }, {
    "date" : "2025-08-18",
    "price" : 68.86,
    "dma50" : 66.04,
    "dma100" : 55.03,
    "dma200" : 43.76,
    "volume" : 120513.00
  }, {
    "date" : "2025-08-19",
    "price" : 67.49,
    "dma50" : 66.09,
    "dma100" : 55.48,
    "dma200" : 43.99,
    "volume" : 1014817.00
  }, {
    "date" : "2025-08-20",
    "price" : 66.15,
    "dma50" : 66.09,
    "dma100" : 55.90,
    "dma200" : 44.21,
    "volume" : 720541.00
  }, {
    "date" : "2025-08-21",
    "price" : 64.83,
    "dma50" : 66.04,
    "dma100" : 56.30,
    "dma200" : 44.42,
    "volume" : 79959.00
  }, {
    "date" : "2025-08-22",
    "price" : 63.54,
    "dma50" : 65.95,
    "dma100" : 56.68,
    "dma200" : 44.61,
    "volume" : 96889.00
  }, {
    "date" : "2025-08-25",
    "price" : 62.27,
    "dma50" : 65.80,
    "dma100" : 57.03,
    "dma200" : 44.78,
    "volume" : 2260153.00
  }, {
    "date" : "2025-08-26",
    "price" : 62.27,
    "dma50" : 65.66,
    "dma100" : 57.37,
    "dma200" : 44.96,
    "volume" : 1061770.00
  }, {
    "date" : "2025-08-28",
    "price" : 62.50,
    "dma50" : 65.54,
    "dma100" : 57.69,
    "dma200" : 45.13,
    "volume" : 1133047.00
  }, {
    "date" : "2025-08-29",
    "price" : 63.75,
    "dma50" : 65.47,
    "dma100" : 58.02,
    "dma200" : 45.32,
    "volume" : 110246.00
  }, {
    "date" : "2025-09-01",
    "price" : 65.02,
    "dma50" : 65.45,
    "dma100" : 58.34,
    "dma200" : 45.51,
    "volume" : 22864.00
  }, {
    "date" : "2025-09-02",
    "price" : 66.32,
    "dma50" : 65.49,
    "dma100" : 58.69,
    "dma200" : 45.72,
    "volume" : 34652.00
  }, {
    "date" : "2025-09-03",
    "price" : 67.64,
    "dma50" : 65.57,
    "dma100" : 59.04,
    "dma200" : 45.94,
    "volume" : 279733.00
  }, {
    "date" : "2025-09-04",
    "price" : 66.29,
    "dma50" : 65.60,
    "dma100" : 59.36,
    "dma200" : 46.14,
    "volume" : 30062.00
  }, {
    "date" : "2025-09-05",
    "price" : 64.97,
    "dma50" : 65.57,
    "dma100" : 59.64,
    "dma200" : 46.33,
    "volume" : 201870.00
  }, {
    "date" : "2025-09-08",
    "price" : 63.76,
    "dma50" : 65.50,
    "dma100" : 59.90,
    "dma200" : 46.50,
    "volume" : 45262.00
  }, {
    "date" : "2025-09-09",
    "price" : 63.76,
    "dma50" : 65.43,
    "dma100" : 60.14,
    "dma200" : 46.67,
    "volume" : 584700.00
  }, {
    "date" : "2025-09-10",
    "price" : 62.55,
    "dma50" : 65.32,
    "dma100" : 60.37,
    "dma200" : 46.83,
    "volume" : 1056130.00
  }, {
    "date" : "2025-09-11",
    "price" : 63.00,
    "dma50" : 65.23,
    "dma100" : 60.61,
    "dma200" : 46.99,
    "volume" : 60662.00
  }, {
    "date" : "2025-09-12",
    "price" : 63.00,
    "dma50" : 65.14,
    "dma100" : 60.83,
    "dma200" : 47.15,
    "volume" : 243323.00
  }, {
    "date" : "2025-09-15",
    "price" : 62.90,
    "dma50" : 65.06,
    "dma100" : 61.04,
    "dma200" : 47.31,
    "volume" : 203619.00
  }, {
    "date" : "2025-09-16",
    "price" : 63.46,
    "dma50" : 64.99,
    "dma100" : 61.26,
    "dma200" : 47.47,
    "volume" : 175925.00
  }, {
    "date" : "2025-09-17",
    "price" : 64.82,
    "dma50" : 64.99,
    "dma100" : 61.50,
    "dma200" : 47.64,
    "volume" : 343404.00
  }, {
    "date" : "2025-09-18",
    "price" : 65.37,
    "dma50" : 65.00,
    "dma100" : 61.74,
    "dma200" : 47.82,
    "volume" : 59917.00
  }, {
    "date" : "2025-09-19",
    "price" : 66.87,
    "dma50" : 65.07,
    "dma100" : 61.99,
    "dma200" : 48.01,
    "volume" : 76435.00
  }, {
    "date" : "2025-09-22",
    "price" : 67.53,
    "dma50" : 65.17,
    "dma100" : 62.21,
    "dma200" : 48.20,
    "volume" : 314851.00
  }, {
    "date" : "2025-09-23",
    "price" : 68.54,
    "dma50" : 65.30,
    "dma100" : 62.43,
    "dma200" : 48.40,
    "volume" : 67817.00
  }, {
    "date" : "2025-09-24",
    "price" : 69.86,
    "dma50" : 65.48,
    "dma100" : 62.64,
    "dma200" : 48.62,
    "volume" : 398836.00
  }, {
    "date" : "2025-09-25",
    "price" : 70.35,
    "dma50" : 65.67,
    "dma100" : 62.82,
    "dma200" : 48.83,
    "volume" : 120351.00
  }, {
    "date" : "2025-09-26",
    "price" : 70.83,
    "dma50" : 65.87,
    "dma100" : 63.03,
    "dma200" : 49.05,
    "volume" : 211625.00
  }, {
    "date" : "2025-09-29",
    "price" : 72.41,
    "dma50" : 66.13,
    "dma100" : 63.25,
    "dma200" : 49.29,
    "volume" : 148860.00
  }, {
    "date" : "2025-09-30",
    "price" : 73.29,
    "dma50" : 66.41,
    "dma100" : 63.50,
    "dma200" : 49.52,
    "volume" : 65944.00
  }, {
    "date" : "2025-10-01",
    "price" : 75.50,
    "dma50" : 66.77,
    "dma100" : 63.78,
    "dma200" : 49.78,
    "volume" : 180897.00
  }, {
    "date" : "2025-10-03",
    "price" : 78.98,
    "dma50" : 67.25,
    "dma100" : 64.10,
    "dma200" : 50.07,
    "volume" : 148336.00
  }, {
    "date" : "2025-10-06",
    "price" : 80.69,
    "dma50" : 67.77,
    "dma100" : 64.43,
    "dma200" : 50.38,
    "volume" : 165883.00
  }, {
    "date" : "2025-10-07",
    "price" : 80.09,
    "dma50" : 68.26,
    "dma100" : 64.74,
    "dma200" : 50.67,
    "volume" : 196848.00
  }, {
    "date" : "2025-10-08",
    "price" : 79.99,
    "dma50" : 68.72,
    "dma100" : 65.04,
    "dma200" : 50.97,
    "volume" : 135888.00
  }, {
    "date" : "2025-10-09",
    "price" : 79.51,
    "dma50" : 69.14,
    "dma100" : 65.32,
    "dma200" : 51.25,
    "volume" : 239801.00
  }, {
    "date" : "2025-10-10",
    "price" : 79.90,
    "dma50" : 69.56,
    "dma100" : 65.62,
    "dma200" : 51.53,
    "volume" : 167834.00
  }, {
    "date" : "2025-10-13",
    "price" : 80.40,
    "dma50" : 69.99,
    "dma100" : 65.94,
    "dma200" : 51.82,
    "volume" : 69051.00
  }, {
    "date" : "2025-10-14",
    "price" : 78.79,
    "dma50" : 70.33,
    "dma100" : 66.25,
    "dma200" : 52.09,
    "volume" : 357620.00
  }, {
    "date" : "2025-10-15",
    "price" : 80.20,
    "dma50" : 70.72,
    "dma100" : 66.56,
    "dma200" : 52.37,
    "volume" : 103338.00
  }, {
    "date" : "2025-10-16",
    "price" : 80.67,
    "dma50" : 71.11,
    "dma100" : 66.89,
    "dma200" : 52.65,
    "volume" : 43495.00
  }, {
    "date" : "2025-10-17",
    "price" : 81.13,
    "dma50" : 71.50,
    "dma100" : 67.23,
    "dma200" : 52.93,
    "volume" : 92577.00
  }, {
    "date" : "2025-10-20",
    "price" : 81.03,
    "dma50" : 71.88,
    "dma100" : 67.56,
    "dma200" : 53.21,
    "volume" : 78066.00
  }, {
    "date" : "2025-10-21",
    "price" : 82.21,
    "dma50" : 72.28,
    "dma100" : 67.90,
    "dma200" : 53.50,
    "volume" : 109521.00
  }, {
    "date" : "2025-10-23",
    "price" : 82.17,
    "dma50" : 72.67,
    "dma100" : 68.22,
    "dma200" : 53.79,
    "volume" : 125536.00
  }, {
    "date" : "2025-10-24",
    "price" : 85.44,
    "dma50" : 73.17,
    "dma100" : 68.57,
    "dma200" : 54.10,
    "volume" : 359953.00
  }, {
    "date" : "2025-10-27",
    "price" : 89.61,
    "dma50" : 73.81,
    "dma100" : 68.95,
    "dma200" : 54.46,
    "volume" : 722443.00
  }, {
    "date" : "2025-10-28",
    "price" : 93.13,
    "dma50" : 74.57,
    "dma100" : 69.35,
    "dma200" : 54.84,
    "volume" : 391316.00
  }, {
    "date" : "2025-10-29",
    "price" : 92.93,
    "dma50" : 75.29,
    "dma100" : 69.74,
    "dma200" : 55.22,
    "volume" : 131975.00
  }, {
    "date" : "2025-10-30",
    "price" : 91.20,
    "dma50" : 75.92,
    "dma100" : 70.10,
    "dma200" : 55.58,
    "volume" : 583633.00
  }, {
    "date" : "2025-10-31",
    "price" : 90.59,
    "dma50" : 76.49,
    "dma100" : 70.45,
    "dma200" : 55.93,
    "volume" : 172603.00
  }, {
    "date" : "2025-11-03",
    "price" : 93.08,
    "dma50" : 77.14,
    "dma100" : 70.81,
    "dma200" : 56.30,
    "volume" : 109429.00
  }, {
    "date" : "2025-11-04",
    "price" : 91.35,
    "dma50" : 77.70,
    "dma100" : 71.14,
    "dma200" : 56.64,
    "volume" : 133327.00
  }, {
    "date" : "2025-11-06",
    "price" : 89.92,
    "dma50" : 78.18,
    "dma100" : 71.44,
    "dma200" : 56.98,
    "volume" : 165936.00
  }, {
    "date" : "2025-11-07",
    "price" : 89.76,
    "dma50" : 78.63,
    "dma100" : 71.73,
    "dma200" : 57.30,
    "volume" : 277625.00
  }, {
    "date" : "2025-11-10",
    "price" : 88.22,
    "dma50" : 79.01,
    "dma100" : 72.00,
    "dma200" : 57.61,
    "volume" : 196363.00
  }, {
    "date" : "2025-11-11",
    "price" : 89.06,
    "dma50" : 79.40,
    "dma100" : 72.26,
    "dma200" : 57.92,
    "volume" : 62727.00
  }, {
    "date" : "2025-11-12",
    "price" : 91.99,
    "dma50" : 79.90,
    "dma100" : 72.53,
    "dma200" : 58.26,
    "volume" : 640768.00
  }, {
    "date" : "2025-11-13",
    "price" : 93.43,
    "dma50" : 80.43,
    "dma100" : 72.81,
    "dma200" : 58.61,
    "volume" : 203599.00
  }, {
    "date" : "2025-11-14",
    "price" : 93.31,
    "dma50" : 80.93,
    "dma100" : 73.08,
    "dma200" : 58.96,
    "volume" : 697932.00
  }, {
    "date" : "2025-11-17",
    "price" : 95.12,
    "dma50" : 81.49,
    "dma100" : 73.37,
    "dma200" : 59.32,
    "volume" : 224037.00
  }, {
    "date" : "2025-11-18",
    "price" : 96.08,
    "dma50" : 82.06,
    "dma100" : 73.69,
    "dma200" : 59.68,
    "volume" : 547587.00
  }, {
    "date" : "2025-11-19",
    "price" : 95.40,
    "dma50" : 82.58,
    "dma100" : 74.00,
    "dma200" : 60.04,
    "volume" : 114675.00
  }, {
    "date" : "2025-11-20",
    "price" : 94.59,
    "dma50" : 83.05,
    "dma100" : 74.31,
    "dma200" : 60.38,
    "volume" : 132693.00
  }, {
    "date" : "2025-11-21",
    "price" : 95.53,
    "dma50" : 83.54,
    "dma100" : 74.61,
    "dma200" : 60.73,
    "volume" : 242678.00
  }, {
    "date" : "2025-11-24",
    "price" : 93.05,
    "dma50" : 83.92,
    "dma100" : 74.88,
    "dma200" : 61.05,
    "volume" : 66869.00
  }, {
    "date" : "2025-11-25",
    "price" : 94.48,
    "dma50" : 84.33,
    "dma100" : 75.14,
    "dma200" : 61.39,
    "volume" : 392757.00
  }, {
    "date" : "2025-11-26",
    "price" : 93.06,
    "dma50" : 84.67,
    "dma100" : 75.38,
    "dma200" : 61.70,
    "volume" : 630392.00
  }, {
    "date" : "2025-11-27",
    "price" : 91.98,
    "dma50" : 84.96,
    "dma100" : 75.59,
    "dma200" : 62.00,
    "volume" : 136214.00
  }, {
    "date" : "2025-11-28",
    "price" : 92.08,
    "dma50" : 85.24,
    "dma100" : 75.82,
    "dma200" : 62.30,
    "volume" : 48626.00
  }, {
    "date" : "2025-12-01",
    "price" : 89.68,
    "dma50" : 85.41,
    "dma100" : 76.04,
    "dma200" : 62.57,
    "volume" : 218488.00
  }, {
    "date" : "2025-12-02",
    "price" : 87.10,
    "dma50" : 85.48,
    "dma100" : 76.23,
    "dma200" : 62.82,
    "volume" : 508246.00
  }, {
    "date" : "2025-12-03",
    "price" : 87.98,
    "dma50" : 85.58,
    "dma100" : 76.42,
    "dma200" : 63.07,
    "volume" : 1929480.00
  }, {
    "date" : "2025-12-04",
    "price" : 88.08,
    "dma50" : 85.68,
    "dma100" : 76.62,
    "dma200" : 63.32,
    "volume" : 389823.00
  }, {
    "date" : "2025-12-05",
    "price" : 88.17,
    "dma50" : 85.77,
    "dma100" : 76.82,
    "dma200" : 63.56,
    "volume" : 160905.00
  }, {
    "date" : "2025-12-08",
    "price" : 87.01,
    "dma50" : 85.82,
    "dma100" : 77.02,
    "dma200" : 63.80,
    "volume" : 79892.00
  } ],
  "latestTechnicalAttributes" : {
    "date" : "2025-12-08",
    "price" : 87.01,
    "dma50" : 85.82,
    "dma100" : 77.02,
    "dma200" : 63.80,
    "volume" : 79892.00
  },
  "quarterlyResults" : [ {
    "date" : "2005-03-31",
    "sales" : 0.10,
    "salesGrowthYoY" : null,
    "grossProfitMargin" : 100.00,
    "grossProfit" : 0.10,
    "operatingProfitMargin" : 20.00,
    "operatingProfit" : 0.02,
    "netProfitMargin" : 10.00,
    "netProfit" : 0.01
  }, {
    "date" : "2005-06-30",
    "sales" : 0.12,
    "salesGrowthYoY" : null,
    "grossProfitMargin" : 16.67,
    "grossProfit" : 0.02,
    "operatingProfitMargin" : 0.00,
    "operatingProfit" : 0.00,
    "netProfitMargin" : 0.00,
    "netProfit" : 0.00
  }, {
    "date" : "2005-09-30",
    "sales" : 0.10,
    "salesGrowthYoY" : null,
    "grossProfitMargin" : 20.00,
    "grossProfit" : 0.02,
    "operatingProfitMargin" : 20.00,
    "operatingProfit" : 0.02,
    "netProfitMargin" : 10.00,
    "netProfit" : 0.01
  }, {
    "date" : "2005-12-31",
    "sales" : 0.16,
    "salesGrowthYoY" : null,
    "grossProfitMargin" : 18.75,
    "grossProfit" : 0.03,
    "operatingProfitMargin" : 0.00,
    "operatingProfit" : 0.00,
    "netProfitMargin" : 0.00,
    "netProfit" : 0.00
  }, {
    "date" : "2006-03-31",
    "sales" : 1.07,
    "salesGrowthYoY" : 970.00,
    "grossProfitMargin" : 8.41,
    "grossProfit" : 0.09,
    "operatingProfitMargin" : 0.00,
    "operatingProfit" : 0.00,
    "netProfitMargin" : 0.00,
    "netProfit" : 0.00
  }, {
    "date" : "2006-06-30",
    "sales" : 0.59,
    "salesGrowthYoY" : 391.67,
    "grossProfitMargin" : 10.17,
    "grossProfit" : 0.06,
    "operatingProfitMargin" : 0.00,
    "operatingProfit" : 0.00,
    "netProfitMargin" : 0.00,
    "netProfit" : 0.00
  }, {
    "date" : "2006-09-30",
    "sales" : 0.52,
    "salesGrowthYoY" : 420.00,
    "grossProfitMargin" : 13.46,
    "grossProfit" : 0.07,
    "operatingProfitMargin" : 0.00,
    "operatingProfit" : 0.00,
    "netProfitMargin" : 0.00,
    "netProfit" : 0.00
  }, {
    "date" : "2006-12-31",
    "sales" : 0.56,
    "salesGrowthYoY" : 250.00,
    "grossProfitMargin" : 10.71,
    "grossProfit" : 0.06,
    "operatingProfitMargin" : 1.79,
    "operatingProfit" : 0.01,
    "netProfitMargin" : 1.79,
    "netProfit" : 0.01
  }, {
    "date" : "2007-03-31",
    "sales" : 0.41,
    "salesGrowthYoY" : -61.68,
    "grossProfitMargin" : 12.20,
    "grossProfit" : 0.05,
    "operatingProfitMargin" : -7.32,
    "operatingProfit" : -0.03,
    "netProfitMargin" : 0.00,
    "netProfit" : 0.00
  }, {
    "date" : "2007-06-30",
    "sales" : 0.45,
    "salesGrowthYoY" : -23.73,
    "grossProfitMargin" : 13.33,
    "grossProfit" : 0.06,
    "operatingProfitMargin" : 0.00,
    "operatingProfit" : 0.00,
    "netProfitMargin" : 0.00,
    "netProfit" : 0.00
  }, {
    "date" : "2007-09-30",
    "sales" : 0.38,
    "salesGrowthYoY" : -26.92,
    "grossProfitMargin" : 18.42,
    "grossProfit" : 0.07,
    "operatingProfitMargin" : 0.00,
    "operatingProfit" : 0.00,
    "netProfitMargin" : 0.00,
    "netProfit" : 0.00
  }, {
    "date" : "2007-12-31",
    "sales" : 0.14,
    "salesGrowthYoY" : -75.00,
    "grossProfitMargin" : 21.43,
    "grossProfit" : 0.03,
    "operatingProfitMargin" : 0.00,
    "operatingProfit" : 0.00,
    "netProfitMargin" : 0.00,
    "netProfit" : 0.00
  }, {
    "date" : "2008-03-31",
    "sales" : 0.07,
    "salesGrowthYoY" : -82.93,
    "grossProfitMargin" : 100.00,
    "grossProfit" : 0.07,
    "operatingProfitMargin" : 0.00,
    "operatingProfit" : 0.00,
    "netProfitMargin" : 0.00,
    "netProfit" : 0.00
  }, {
    "date" : "2008-06-30",
    "sales" : 0.67,
    "salesGrowthYoY" : 48.89,
    "grossProfitMargin" : 5.97,
    "grossProfit" : 0.04,
    "operatingProfitMargin" : -1.49,
    "operatingProfit" : -0.01,
    "netProfitMargin" : 0.00,
    "netProfit" : 0.00
  }, {
    "date" : "2008-09-30",
    "sales" : 0.00,
    "salesGrowthYoY" : -100.00,
    "grossProfitMargin" : 0.00,
    "grossProfit" : 0.00,
    "operatingProfitMargin" : 0.00,
    "operatingProfit" : 0.00,
    "netProfitMargin" : 0.00,
    "netProfit" : 0.00
  }, {
    "date" : "2008-12-31",
    "sales" : 0.00,
    "salesGrowthYoY" : -100.00,
    "grossProfitMargin" : 0.00,
    "grossProfit" : 0.00,
    "operatingProfitMargin" : 0.00,
    "operatingProfit" : 0.00,
    "netProfitMargin" : 0.00,
    "netProfit" : 0.00
  }, {
    "date" : "2009-03-31",
    "sales" : 0.00,
    "salesGrowthYoY" : -100.00,
    "grossProfitMargin" : 0.00,
    "grossProfit" : 0.00,
    "operatingProfitMargin" : 0.00,
    "operatingProfit" : 0.00,
    "netProfitMargin" : 0.00,
    "netProfit" : 0.00
  }, {
    "date" : "2009-06-30",
    "sales" : 0.01,
    "salesGrowthYoY" : -98.51,
    "grossProfitMargin" : 100.00,
    "grossProfit" : 0.01,
    "operatingProfitMargin" : -800.00,
    "operatingProfit" : -0.08,
    "netProfitMargin" : -800.00,
    "netProfit" : -0.08
  }, {
    "date" : "2009-09-30",
    "sales" : 0.10,
    "salesGrowthYoY" : 100.00,
    "grossProfitMargin" : 100.00,
    "grossProfit" : 0.10,
    "operatingProfitMargin" : 80.00,
    "operatingProfit" : 0.08,
    "netProfitMargin" : 90.00,
    "netProfit" : 0.09
  }, {
    "date" : "2009-12-31",
    "sales" : 0.00,
    "salesGrowthYoY" : 0.00,
    "grossProfitMargin" : 0.00,
    "grossProfit" : 0.00,
    "operatingProfitMargin" : 0.00,
    "operatingProfit" : 0.00,
    "netProfitMargin" : 0.00,
    "netProfit" : 0.00
  }, {
    "date" : "2010-03-31",
    "sales" : 0.00,
    "salesGrowthYoY" : 0.00,
    "grossProfitMargin" : 0.00,
    "grossProfit" : 0.00,
    "operatingProfitMargin" : 0.00,
    "operatingProfit" : 0.00,
    "netProfitMargin" : 0.00,
    "netProfit" : 0.00
  }, {
    "date" : "2010-06-30",
    "sales" : 0.00,
    "salesGrowthYoY" : -100.00,
    "grossProfitMargin" : 0.00,
    "grossProfit" : 0.00,
    "operatingProfitMargin" : 0.00,
    "operatingProfit" : 0.00,
    "netProfitMargin" : 0.00,
    "netProfit" : 0.00
  }, {
    "date" : "2010-09-30",
    "sales" : 6.05,
    "salesGrowthYoY" : 5950.00,
    "grossProfitMargin" : -0.33,
    "grossProfit" : -0.02,
    "operatingProfitMargin" : -1.49,
    "operatingProfit" : -0.09,
    "netProfitMargin" : 0.00,
    "netProfit" : 0.00
  }, {
    "date" : "2010-12-31",
    "sales" : 27.48,
    "salesGrowthYoY" : 100.00,
    "grossProfitMargin" : -0.07,
    "grossProfit" : -0.02,
    "operatingProfitMargin" : -0.36,
    "operatingProfit" : -0.10,
    "netProfitMargin" : 0.25,
    "netProfit" : 0.07
  }, {
    "date" : "2011-03-31",
    "sales" : 24.03,
    "salesGrowthYoY" : 100.00,
    "grossProfitMargin" : 0.12,
    "grossProfit" : 0.03,
    "operatingProfitMargin" : -0.17,
    "operatingProfit" : -0.04,
    "netProfitMargin" : -0.08,
    "netProfit" : -0.02
  }, {
    "date" : "2011-06-30",
    "sales" : 20.12,
    "salesGrowthYoY" : 100.00,
    "grossProfitMargin" : -0.35,
    "grossProfit" : -0.07,
    "operatingProfitMargin" : -0.60,
    "operatingProfit" : -0.12,
    "netProfitMargin" : -0.65,
    "netProfit" : -0.13
  }, {
    "date" : "2011-09-30",
    "sales" : 15.54,
    "salesGrowthYoY" : 156.86,
    "grossProfitMargin" : 0.19,
    "grossProfit" : 0.03,
    "operatingProfitMargin" : -0.06,
    "operatingProfit" : -0.01,
    "netProfitMargin" : -0.13,
    "netProfit" : -0.02
  }, {
    "date" : "2011-12-31",
    "sales" : 4.04,
    "salesGrowthYoY" : -85.30,
    "grossProfitMargin" : -0.25,
    "grossProfit" : -0.01,
    "operatingProfitMargin" : -2.48,
    "operatingProfit" : -0.10,
    "netProfitMargin" : -2.23,
    "netProfit" : -0.09
  }, {
    "date" : "2012-03-31",
    "sales" : 5.92,
    "salesGrowthYoY" : -75.36,
    "grossProfitMargin" : 0.00,
    "grossProfit" : 0.00,
    "operatingProfitMargin" : -1.69,
    "operatingProfit" : -0.10,
    "netProfitMargin" : -1.86,
    "netProfit" : -0.11
  }, {
    "date" : "2012-06-30",
    "sales" : -0.01,
    "salesGrowthYoY" : -100.05,
    "grossProfitMargin" : 0.00,
    "grossProfit" : -0.00,
    "operatingProfitMargin" : 0.00,
    "operatingProfit" : -0.00,
    "netProfitMargin" : 0.00,
    "netProfit" : -0.00
  }, {
    "date" : "2012-09-30",
    "sales" : 0.00,
    "salesGrowthYoY" : -100.00,
    "grossProfitMargin" : 0.00,
    "grossProfit" : 0.00,
    "operatingProfitMargin" : 0.00,
    "operatingProfit" : 0.00,
    "netProfitMargin" : 0.00,
    "netProfit" : 0.00
  }, {
    "date" : "2012-12-31",
    "sales" : 0.00,
    "salesGrowthYoY" : -100.00,
    "grossProfitMargin" : 0.00,
    "grossProfit" : 0.00,
    "operatingProfitMargin" : 0.00,
    "operatingProfit" : 0.00,
    "netProfitMargin" : 0.00,
    "netProfit" : 0.00
  }, {
    "date" : "2013-03-31",
    "sales" : 0.08,
    "salesGrowthYoY" : -98.65,
    "grossProfitMargin" : 100.00,
    "grossProfit" : 0.08,
    "operatingProfitMargin" : 0.00,
    "operatingProfit" : 0.00,
    "netProfitMargin" : 762.50,
    "netProfit" : 0.61
  }, {
    "date" : "2013-06-30",
    "sales" : 0.00,
    "salesGrowthYoY" : -100.00,
    "grossProfitMargin" : 0.00,
    "grossProfit" : 0.00,
    "operatingProfitMargin" : 0.00,
    "operatingProfit" : 0.00,
    "netProfitMargin" : 0.00,
    "netProfit" : 0.00
  }, {
    "date" : "2013-09-30",
    "sales" : 0.13,
    "salesGrowthYoY" : 100.00,
    "grossProfitMargin" : 100.00,
    "grossProfit" : 0.13,
    "operatingProfitMargin" : -7.69,
    "operatingProfit" : -0.01,
    "netProfitMargin" : 23.08,
    "netProfit" : 0.03
  }, {
    "date" : "2013-12-31",
    "sales" : 0.93,
    "salesGrowthYoY" : 100.00,
    "grossProfitMargin" : 100.00,
    "grossProfit" : 0.93,
    "operatingProfitMargin" : 18.28,
    "operatingProfit" : 0.17,
    "netProfitMargin" : 15.05,
    "netProfit" : 0.14
  }, {
    "date" : "2014-03-31",
    "sales" : 1.63,
    "salesGrowthYoY" : 1937.50,
    "grossProfitMargin" : 100.00,
    "grossProfit" : 1.63,
    "operatingProfitMargin" : 15.95,
    "operatingProfit" : 0.26,
    "netProfitMargin" : 77.91,
    "netProfit" : 1.27
  }, {
    "date" : "2014-06-30",
    "sales" : 0.35,
    "salesGrowthYoY" : 100.00,
    "grossProfitMargin" : 100.00,
    "grossProfit" : 0.35,
    "operatingProfitMargin" : 17.14,
    "operatingProfit" : 0.06,
    "netProfitMargin" : 17.14,
    "netProfit" : 0.06
  }, {
    "date" : "2014-09-30",
    "sales" : 0.00,
    "salesGrowthYoY" : -100.00,
    "grossProfitMargin" : 0.00,
    "grossProfit" : 0.00,
    "operatingProfitMargin" : 0.00,
    "operatingProfit" : 0.00,
    "netProfitMargin" : 0.00,
    "netProfit" : 0.00
  }, {
    "date" : "2014-12-31",
    "sales" : 0.00,
    "salesGrowthYoY" : -100.00,
    "grossProfitMargin" : 0.00,
    "grossProfit" : 0.00,
    "operatingProfitMargin" : 0.00,
    "operatingProfit" : 0.00,
    "netProfitMargin" : 0.00,
    "netProfit" : 0.00
  }, {
    "date" : "2015-03-31",
    "sales" : 0.00,
    "salesGrowthYoY" : -100.00,
    "grossProfitMargin" : 0.00,
    "grossProfit" : 0.00,
    "operatingProfitMargin" : 0.00,
    "operatingProfit" : 0.00,
    "netProfitMargin" : 0.00,
    "netProfit" : 0.00
  }, {
    "date" : "2015-06-30",
    "sales" : 0.00,
    "salesGrowthYoY" : -100.00,
    "grossProfitMargin" : 0.00,
    "grossProfit" : 0.00,
    "operatingProfitMargin" : 0.00,
    "operatingProfit" : 0.00,
    "netProfitMargin" : 0.00,
    "netProfit" : 0.00
  }, {
    "date" : "2015-09-30",
    "sales" : 0.00,
    "salesGrowthYoY" : 0.00,
    "grossProfitMargin" : 0.00,
    "grossProfit" : 0.00,
    "operatingProfitMargin" : 0.00,
    "operatingProfit" : 0.00,
    "netProfitMargin" : 0.00,
    "netProfit" : 0.00
  }, {
    "date" : "2015-12-31",
    "sales" : 0.00,
    "salesGrowthYoY" : 0.00,
    "grossProfitMargin" : 0.00,
    "grossProfit" : 0.00,
    "operatingProfitMargin" : 0.00,
    "operatingProfit" : 0.00,
    "netProfitMargin" : 0.00,
    "netProfit" : 0.00
  }, {
    "date" : "2016-03-31",
    "sales" : 0.00,
    "salesGrowthYoY" : 0.00,
    "grossProfitMargin" : 0.00,
    "grossProfit" : 0.00,
    "operatingProfitMargin" : 0.00,
    "operatingProfit" : 0.00,
    "netProfitMargin" : 0.00,
    "netProfit" : 0.00
  }, {
    "date" : "2016-06-30",
    "sales" : 0.00,
    "salesGrowthYoY" : 0.00,
    "grossProfitMargin" : 0.00,
    "grossProfit" : 0.00,
    "operatingProfitMargin" : 0.00,
    "operatingProfit" : 0.00,
    "netProfitMargin" : 0.00,
    "netProfit" : 0.00
  }, {
    "date" : "2016-09-30",
    "sales" : 0.00,
    "salesGrowthYoY" : 0.00,
    "grossProfitMargin" : 0.00,
    "grossProfit" : 0.00,
    "operatingProfitMargin" : 0.00,
    "operatingProfit" : 0.00,
    "netProfitMargin" : 0.00,
    "netProfit" : 0.00
  }, {
    "date" : "2016-12-31",
    "sales" : 0.00,
    "salesGrowthYoY" : 0.00,
    "grossProfitMargin" : 0.00,
    "grossProfit" : 0.00,
    "operatingProfitMargin" : 0.00,
    "operatingProfit" : 0.00,
    "netProfitMargin" : 0.00,
    "netProfit" : 0.00
  }, {
    "date" : "2017-03-31",
    "sales" : 0.00,
    "salesGrowthYoY" : 0.00,
    "grossProfitMargin" : 0.00,
    "grossProfit" : 0.00,
    "operatingProfitMargin" : 0.00,
    "operatingProfit" : 0.00,
    "netProfitMargin" : 0.00,
    "netProfit" : 0.00
  }, {
    "date" : "2017-06-30",
    "sales" : 0.00,
    "salesGrowthYoY" : 0.00,
    "grossProfitMargin" : 0.00,
    "grossProfit" : 0.00,
    "operatingProfitMargin" : 0.00,
    "operatingProfit" : 0.00,
    "netProfitMargin" : 0.00,
    "netProfit" : 0.00
  }, {
    "date" : "2017-09-30",
    "sales" : 0.00,
    "salesGrowthYoY" : 0.00,
    "grossProfitMargin" : 0.00,
    "grossProfit" : 0.00,
    "operatingProfitMargin" : 0.00,
    "operatingProfit" : 0.00,
    "netProfitMargin" : 0.00,
    "netProfit" : 0.00
  }, {
    "date" : "2017-12-31",
    "sales" : 0.00,
    "salesGrowthYoY" : 0.00,
    "grossProfitMargin" : 0.00,
    "grossProfit" : 0.00,
    "operatingProfitMargin" : 0.00,
    "operatingProfit" : 0.00,
    "netProfitMargin" : 0.00,
    "netProfit" : 0.00
  }, {
    "date" : "2018-03-31",
    "sales" : 0.00,
    "salesGrowthYoY" : 0.00,
    "grossProfitMargin" : 0.00,
    "grossProfit" : 0.00,
    "operatingProfitMargin" : 0.00,
    "operatingProfit" : 0.00,
    "netProfitMargin" : 0.00,
    "netProfit" : 0.00
  }, {
    "date" : "2018-06-30",
    "sales" : 0.00,
    "salesGrowthYoY" : 0.00,
    "grossProfitMargin" : 0.00,
    "grossProfit" : 0.00,
    "operatingProfitMargin" : 0.00,
    "operatingProfit" : 0.00,
    "netProfitMargin" : 0.00,
    "netProfit" : 0.00
  }, {
    "date" : "2018-09-30",
    "sales" : 0.00,
    "salesGrowthYoY" : 0.00,
    "grossProfitMargin" : 0.00,
    "grossProfit" : 0.00,
    "operatingProfitMargin" : 0.00,
    "operatingProfit" : 0.00,
    "netProfitMargin" : 0.00,
    "netProfit" : 0.00
  }, {
    "date" : "2018-12-31",
    "sales" : 0.00,
    "salesGrowthYoY" : 0.00,
    "grossProfitMargin" : 0.00,
    "grossProfit" : 0.00,
    "operatingProfitMargin" : 0.00,
    "operatingProfit" : 0.00,
    "netProfitMargin" : 0.00,
    "netProfit" : 0.00
  }, {
    "date" : "2019-03-31",
    "sales" : 0.00,
    "salesGrowthYoY" : 0.00,
    "grossProfitMargin" : 0.00,
    "grossProfit" : 0.00,
    "operatingProfitMargin" : 0.00,
    "operatingProfit" : 0.00,
    "netProfitMargin" : 0.00,
    "netProfit" : 0.00
  }, {
    "date" : "2019-06-30",
    "sales" : 0.00,
    "salesGrowthYoY" : 0.00,
    "grossProfitMargin" : 0.00,
    "grossProfit" : 0.00,
    "operatingProfitMargin" : 0.00,
    "operatingProfit" : 0.00,
    "netProfitMargin" : 0.00,
    "netProfit" : 0.00
  }, {
    "date" : "2019-09-30",
    "sales" : 0.00,
    "salesGrowthYoY" : 0.00,
    "grossProfitMargin" : 0.00,
    "grossProfit" : 0.00,
    "operatingProfitMargin" : 0.00,
    "operatingProfit" : 0.00,
    "netProfitMargin" : 0.00,
    "netProfit" : 0.00
  }, {
    "date" : "2019-12-31",
    "sales" : 1.72,
    "salesGrowthYoY" : 100.00,
    "grossProfitMargin" : 16.28,
    "grossProfit" : 0.28,
    "operatingProfitMargin" : 7.56,
    "operatingProfit" : 0.13,
    "netProfitMargin" : 7.56,
    "netProfit" : 0.13
  }, {
    "date" : "2020-03-31",
    "sales" : 1.78,
    "salesGrowthYoY" : 100.00,
    "grossProfitMargin" : 14.61,
    "grossProfit" : 0.26,
    "operatingProfitMargin" : 7.87,
    "operatingProfit" : 0.14,
    "netProfitMargin" : 13.48,
    "netProfit" : 0.24
  }, {
    "date" : "2020-06-30",
    "sales" : 0.59,
    "salesGrowthYoY" : 100.00,
    "grossProfitMargin" : 11.86,
    "grossProfit" : 0.07,
    "operatingProfitMargin" : -11.86,
    "operatingProfit" : -0.07,
    "netProfitMargin" : -11.86,
    "netProfit" : -0.07
  }, {
    "date" : "2020-09-30",
    "sales" : 1.28,
    "salesGrowthYoY" : 100.00,
    "grossProfitMargin" : 11.72,
    "grossProfit" : 0.15,
    "operatingProfitMargin" : 3.12,
    "operatingProfit" : 0.04,
    "netProfitMargin" : 3.12,
    "netProfit" : 0.04
  }, {
    "date" : "2020-12-31",
    "sales" : 0.00,
    "salesGrowthYoY" : -100.00,
    "grossProfitMargin" : 0.00,
    "grossProfit" : 0.00,
    "operatingProfitMargin" : 0.00,
    "operatingProfit" : 0.00,
    "netProfitMargin" : 0.00,
    "netProfit" : 0.00
  }, {
    "date" : "2021-03-31",
    "sales" : 0.00,
    "salesGrowthYoY" : -100.00,
    "grossProfitMargin" : 0.00,
    "grossProfit" : 0.00,
    "operatingProfitMargin" : 0.00,
    "operatingProfit" : 0.00,
    "netProfitMargin" : 0.00,
    "netProfit" : 0.00
  }, {
    "date" : "2021-06-30",
    "sales" : 0.00,
    "salesGrowthYoY" : -100.00,
    "grossProfitMargin" : 0.00,
    "grossProfit" : 0.00,
    "operatingProfitMargin" : 0.00,
    "operatingProfit" : 0.00,
    "netProfitMargin" : 0.00,
    "netProfit" : 0.00
  }, {
    "date" : "2021-09-30",
    "sales" : 0.00,
    "salesGrowthYoY" : -100.00,
    "grossProfitMargin" : 0.00,
    "grossProfit" : 0.00,
    "operatingProfitMargin" : 0.00,
    "operatingProfit" : 0.00,
    "netProfitMargin" : 0.00,
    "netProfit" : 0.00
  }, {
    "date" : "2021-12-31",
    "sales" : 0.00,
    "salesGrowthYoY" : 0.00,
    "grossProfitMargin" : 0.00,
    "grossProfit" : 0.00,
    "operatingProfitMargin" : 0.00,
    "operatingProfit" : 0.00,
    "netProfitMargin" : 0.00,
    "netProfit" : 0.00
  }, {
    "date" : "2022-03-31",
    "sales" : 0.00,
    "salesGrowthYoY" : 0.00,
    "grossProfitMargin" : 0.00,
    "grossProfit" : 0.00,
    "operatingProfitMargin" : 0.00,
    "operatingProfit" : 0.00,
    "netProfitMargin" : 0.00,
    "netProfit" : 0.00
  }, {
    "date" : "2022-06-30",
    "sales" : 0.00,
    "salesGrowthYoY" : 0.00,
    "grossProfitMargin" : 0.00,
    "grossProfit" : 0.00,
    "operatingProfitMargin" : 0.00,
    "operatingProfit" : 0.00,
    "netProfitMargin" : 0.00,
    "netProfit" : 0.00
  }, {
    "date" : "2022-09-30",
    "sales" : 0.00,
    "salesGrowthYoY" : 0.00,
    "grossProfitMargin" : 0.00,
    "grossProfit" : 0.00,
    "operatingProfitMargin" : 0.00,
    "operatingProfit" : 0.00,
    "netProfitMargin" : 0.00,
    "netProfit" : 0.00
  }, {
    "date" : "2022-12-31",
    "sales" : 0.00,
    "salesGrowthYoY" : 0.00,
    "grossProfitMargin" : 0.00,
    "grossProfit" : 0.00,
    "operatingProfitMargin" : 0.00,
    "operatingProfit" : 0.00,
    "netProfitMargin" : 0.00,
    "netProfit" : 0.00
  }, {
    "date" : "2023-03-31",
    "sales" : 0.27,
    "salesGrowthYoY" : 100.00,
    "grossProfitMargin" : 100.00,
    "grossProfit" : 0.27,
    "operatingProfitMargin" : 44.44,
    "operatingProfit" : 0.12,
    "netProfitMargin" : -3.70,
    "netProfit" : -0.01
  }, {
    "date" : "2023-06-30",
    "sales" : 0.00,
    "salesGrowthYoY" : 0.00,
    "grossProfitMargin" : 0.00,
    "grossProfit" : 0.00,
    "operatingProfitMargin" : 0.00,
    "operatingProfit" : 0.00,
    "netProfitMargin" : 0.00,
    "netProfit" : 0.00
  }, {
    "date" : "2023-09-30",
    "sales" : 0.00,
    "salesGrowthYoY" : 0.00,
    "grossProfitMargin" : 0.00,
    "grossProfit" : 0.00,
    "operatingProfitMargin" : 0.00,
    "operatingProfit" : 0.00,
    "netProfitMargin" : 0.00,
    "netProfit" : 0.00
  }, {
    "date" : "2023-12-31",
    "sales" : 0.00,
    "salesGrowthYoY" : 0.00,
    "grossProfitMargin" : 0.00,
    "grossProfit" : 0.00,
    "operatingProfitMargin" : 0.00,
    "operatingProfit" : 0.00,
    "netProfitMargin" : 0.00,
    "netProfit" : 0.00
  }, {
    "date" : "2024-03-31",
    "sales" : 1.67,
    "salesGrowthYoY" : 518.52,
    "grossProfitMargin" : 100.00,
    "grossProfit" : 1.67,
    "operatingProfitMargin" : 61.08,
    "operatingProfit" : 1.02,
    "netProfitMargin" : -7.78,
    "netProfit" : -0.13
  }, {
    "date" : "2024-06-30",
    "sales" : 0.55,
    "salesGrowthYoY" : 100.00,
    "grossProfitMargin" : 100.00,
    "grossProfit" : 0.55,
    "operatingProfitMargin" : 70.91,
    "operatingProfit" : 0.39,
    "netProfitMargin" : 70.91,
    "netProfit" : 0.39
  }, {
    "date" : "2024-09-30",
    "sales" : 0.00,
    "salesGrowthYoY" : 0.00,
    "grossProfitMargin" : 0.00,
    "grossProfit" : 0.00,
    "operatingProfitMargin" : 0.00,
    "operatingProfit" : 0.00,
    "netProfitMargin" : 0.00,
    "netProfit" : 0.00
  }, {
    "date" : "2024-12-31",
    "sales" : 0.05,
    "salesGrowthYoY" : 100.00,
    "grossProfitMargin" : 100.00,
    "grossProfit" : 0.05,
    "operatingProfitMargin" : -1140.00,
    "operatingProfit" : -0.57,
    "netProfitMargin" : -3440.00,
    "netProfit" : -1.72
  }, {
    "date" : "2025-03-31",
    "sales" : 0.10,
    "salesGrowthYoY" : -94.01,
    "grossProfitMargin" : 100.00,
    "grossProfit" : 0.10,
    "operatingProfitMargin" : -170.00,
    "operatingProfit" : -0.17,
    "netProfitMargin" : 2190.00,
    "netProfit" : 2.19
  }, {
    "date" : "2025-06-30",
    "sales" : 0.09,
    "salesGrowthYoY" : -83.64,
    "grossProfitMargin" : 100.00,
    "grossProfit" : 0.09,
    "operatingProfitMargin" : -111.11,
    "operatingProfit" : -0.10,
    "netProfitMargin" : 444.44,
    "netProfit" : 0.40
  }, {
    "date" : "2025-09-30",
    "sales" : 3.48,
    "salesGrowthYoY" : 100.00,
    "grossProfitMargin" : 100.00,
    "grossProfit" : 3.48,
    "operatingProfitMargin" : 95.40,
    "operatingProfit" : 3.32,
    "netProfitMargin" : 93.10,
    "netProfit" : 3.24
  } ],
  "latestQuarterlyResult" : {
    "date" : "2025-09-30",
    "sales" : 3.48,
    "salesGrowthYoY" : 100.00,
    "grossProfitMargin" : 100.00,
    "grossProfit" : 3.48,
    "operatingProfitMargin" : 95.40,
    "operatingProfit" : 3.32,
    "netProfitMargin" : 93.10,
    "netProfit" : 3.24
  },
  "companyScore" : {
    "priceHigherThanDma50" : 5.00,
    "priceHigherThanDma100" : 5.00,
    "priceHigherThanDma200" : 5.00,
    "dma50HigherThanDma100" : 5.00,
    "dma50HigherThanDma200" : 5.00,
    "dma100HigherThanDma200" : 5.00,
    "pricePercentageAboveDma50" : 4.93,
    "pricePercentageAboveDma100" : 4.35,
    "pricePercentageAboveDma200" : 3.18,
    "weeklyVolumeHigherThanYearlyVolume" : 5.00,
    "salesGrowthPercentile" : 17.97,
    "operatingProfitMarginPercentile" : 20.00,
    "netProfitMarginPercentile" : 9.64,
    "totalTechnicalScore" : 47.46,
    "totalFundamentalScore" : 47.61,
    "totalScore" : 95.08
  }
}