{
  "metadata" : {
    "screenerCompanyId" : "3527",
    "companyCode" : "519477",
    "companyName" : "CIAN Agro",
    "screenerCompanyLink" : "https://www.screener.in/company/519477",
    "screenerTechnicalHistoryLink" : "https://www.screener.in/api/company/3527/chart/?q=Price-DMA50-DMA200-Volume&days=365",
    "screenerQuarterlyResultsLink" : "https://www.screener.in/api/company/3527/chart/?q=GPM-OPM-NPM-Quarter+Sales&days=10000",
    "attributes" : {
      "companyCode" : "519477",
      "companyName" : "CIAN Agro",
      "marketCap" : 3824.00,
      "peRatio" : 1884.00,
      "description" : "Incorporated in 1985, CIAN Agro Industries & Infrastructure Ltd deals in Agro, Healthcare and Infrastructure business[1]"
    },
    "companyScore" : {
      "priceHigherThanDma50" : 0.00,
      "priceHigherThanDma100" : 5.00,
      "priceHigherThanDma200" : 5.00,
      "dma50HigherThanDma100" : 5.00,
      "dma50HigherThanDma200" : 5.00,
      "dma100HigherThanDma200" : 5.00,
      "pricePercentageAboveDma50" : 6.07,
      "pricePercentageAboveDma100" : 4.75,
      "pricePercentageAboveDma200" : 3.60,
      "weeklyVolumeHigherThanYearlyVolume" : 5.00,
      "salesGrowthPercentile" : 10.40,
      "operatingProfitMarginPercentile" : 18.13,
      "netProfitMarginPercentile" : 6.48,
      "totalTechnicalScore" : 44.42,
      "totalFundamentalScore" : 35.02,
      "totalScore" : 79.44
    }
  },
  "attributes" : {
    "companyCode" : "519477",
    "companyName" : "CIAN Agro",
    "marketCap" : 3824.00,
    "peRatio" : 1884.00,
    "description" : "Incorporated in 1985, CIAN Agro Industries & Infrastructure Ltd deals in Agro, Healthcare and Infrastructure business[1]"
  },
  "technicalHistory" : [ {
    "date" : "2024-11-26",
    "price" : 350.05,
    "dma50" : 235.67,
    "dma100" : null,
    "dma200" : 124.45,
    "volume" : 1140.00
  }, {
    "date" : "2024-11-27",
    "price" : 357.05,
    "dma50" : 240.43,
    "dma100" : null,
    "dma200" : 126.76,
    "volume" : 2620.00
  }, {
    "date" : "2024-11-28",
    "price" : 364.15,
    "dma50" : 245.28,
    "dma100" : null,
    "dma200" : 129.13,
    "volume" : 1971.00
  }, {
    "date" : "2024-11-29",
    "price" : 371.40,
    "dma50" : 250.22,
    "dma100" : null,
    "dma200" : 131.54,
    "volume" : 599.00
  }, {
    "date" : "2024-12-02",
    "price" : 378.80,
    "dma50" : 255.27,
    "dma100" : null,
    "dma200" : 134.00,
    "volume" : 1470.00
  }, {
    "date" : "2024-12-03",
    "price" : 386.35,
    "dma50" : 260.41,
    "dma100" : null,
    "dma200" : 136.51,
    "volume" : 1411.00
  }, {
    "date" : "2024-12-04",
    "price" : 394.05,
    "dma50" : 265.65,
    "dma100" : null,
    "dma200" : 139.07,
    "volume" : 875.00
  }, {
    "date" : "2024-12-05",
    "price" : 401.90,
    "dma50" : 270.99,
    "dma100" : null,
    "dma200" : 141.68,
    "volume" : 1117.00
  }, {
    "date" : "2024-12-06",
    "price" : 409.90,
    "dma50" : 276.44,
    "dma100" : null,
    "dma200" : 144.35,
    "volume" : 2233.00
  }, {
    "date" : "2024-12-09",
    "price" : 418.05,
    "dma50" : 281.99,
    "dma100" : null,
    "dma200" : 147.08,
    "volume" : 714.00
  }, {
    "date" : "2024-12-10",
    "price" : 426.40,
    "dma50" : 287.65,
    "dma100" : null,
    "dma200" : 149.86,
    "volume" : 1436.00
  }, {
    "date" : "2024-12-11",
    "price" : 434.90,
    "dma50" : 293.43,
    "dma100" : null,
    "dma200" : 152.69,
    "volume" : 1157.00
  }, {
    "date" : "2024-12-12",
    "price" : 443.55,
    "dma50" : 299.32,
    "dma100" : null,
    "dma200" : 155.59,
    "volume" : 1052.00
  }, {
    "date" : "2024-12-13",
    "price" : 452.40,
    "dma50" : 305.32,
    "dma100" : null,
    "dma200" : 158.54,
    "volume" : 488.00
  }, {
    "date" : "2024-12-16",
    "price" : 461.40,
    "dma50" : 311.44,
    "dma100" : null,
    "dma200" : 161.55,
    "volume" : 3474.00
  }, {
    "date" : "2024-12-17",
    "price" : 470.60,
    "dma50" : 317.68,
    "dma100" : null,
    "dma200" : 164.63,
    "volume" : 450.00
  }, {
    "date" : "2024-12-18",
    "price" : 480.00,
    "dma50" : 324.05,
    "dma100" : null,
    "dma200" : 167.77,
    "volume" : 347.00
  }, {
    "date" : "2024-12-19",
    "price" : 489.60,
    "dma50" : 330.54,
    "dma100" : null,
    "dma200" : 170.97,
    "volume" : 831.00
  }, {
    "date" : "2024-12-20",
    "price" : 499.35,
    "dma50" : 337.16,
    "dma100" : null,
    "dma200" : 174.24,
    "volume" : 1004.00
  }, {
    "date" : "2024-12-23",
    "price" : 509.30,
    "dma50" : 343.91,
    "dma100" : null,
    "dma200" : 177.57,
    "volume" : 2497.00
  }, {
    "date" : "2024-12-24",
    "price" : 519.45,
    "dma50" : 350.79,
    "dma100" : null,
    "dma200" : 180.97,
    "volume" : 7128.00
  }, {
    "date" : "2024-12-26",
    "price" : 529.80,
    "dma50" : 357.81,
    "dma100" : null,
    "dma200" : 184.44,
    "volume" : 78197.00
  }, {
    "date" : "2024-12-27",
    "price" : 540.35,
    "dma50" : 364.97,
    "dma100" : null,
    "dma200" : 187.98,
    "volume" : 92883.00
  }, {
    "date" : "2024-12-30",
    "price" : 529.55,
    "dma50" : 371.43,
    "dma100" : null,
    "dma200" : 191.38,
    "volume" : 17715.00
  }, {
    "date" : "2024-12-31",
    "price" : 519.00,
    "dma50" : 377.21,
    "dma100" : null,
    "dma200" : 194.64,
    "volume" : 1057.00
  }, {
    "date" : "2025-01-01",
    "price" : 508.65,
    "dma50" : 382.37,
    "dma100" : null,
    "dma200" : 197.77,
    "volume" : 70853.00
  }, {
    "date" : "2025-01-02",
    "price" : 498.50,
    "dma50" : 386.92,
    "dma100" : null,
    "dma200" : 200.76,
    "volume" : 284.00
  }, {
    "date" : "2025-01-03",
    "price" : 508.45,
    "dma50" : 391.69,
    "dma100" : null,
    "dma200" : 203.82,
    "volume" : 75773.00
  }, {
    "date" : "2025-01-06",
    "price" : 498.30,
    "dma50" : 395.87,
    "dma100" : null,
    "dma200" : 206.75,
    "volume" : 3971.00
  }, {
    "date" : "2025-01-07",
    "price" : 488.35,
    "dma50" : 399.50,
    "dma100" : null,
    "dma200" : 209.55,
    "volume" : 932.00
  }, {
    "date" : "2025-01-08",
    "price" : 478.60,
    "dma50" : 402.60,
    "dma100" : null,
    "dma200" : 212.23,
    "volume" : 332.00
  }, {
    "date" : "2025-01-09",
    "price" : 488.15,
    "dma50" : 405.95,
    "dma100" : null,
    "dma200" : 214.98,
    "volume" : 51090.00
  }, {
    "date" : "2025-01-10",
    "price" : 478.40,
    "dma50" : 408.79,
    "dma100" : null,
    "dma200" : 217.60,
    "volume" : 427.00
  }, {
    "date" : "2025-01-13",
    "price" : 468.85,
    "dma50" : 411.15,
    "dma100" : null,
    "dma200" : 220.10,
    "volume" : 296.00
  }, {
    "date" : "2025-01-14",
    "price" : 473.55,
    "dma50" : 413.60,
    "dma100" : null,
    "dma200" : 222.62,
    "volume" : 25180.00
  }, {
    "date" : "2025-01-15",
    "price" : 470.00,
    "dma50" : 415.81,
    "dma100" : null,
    "dma200" : 225.08,
    "volume" : 18620.00
  }, {
    "date" : "2025-01-16",
    "price" : 460.60,
    "dma50" : 417.56,
    "dma100" : null,
    "dma200" : 227.42,
    "volume" : 1201.00
  }, {
    "date" : "2025-01-17",
    "price" : 469.80,
    "dma50" : 419.61,
    "dma100" : null,
    "dma200" : 229.84,
    "volume" : 53436.00
  }, {
    "date" : "2025-01-20",
    "price" : 493.00,
    "dma50" : 422.49,
    "dma100" : null,
    "dma200" : 232.45,
    "volume" : 3712.00
  }, {
    "date" : "2025-01-21",
    "price" : 493.30,
    "dma50" : 425.27,
    "dma100" : null,
    "dma200" : 235.05,
    "volume" : 2861.00
  }, {
    "date" : "2025-01-22",
    "price" : 476.70,
    "dma50" : 427.28,
    "dma100" : null,
    "dma200" : 237.45,
    "volume" : 3251.00
  }, {
    "date" : "2025-01-23",
    "price" : 473.80,
    "dma50" : 429.11,
    "dma100" : null,
    "dma200" : 239.81,
    "volume" : 2516.00
  }, {
    "date" : "2025-01-24",
    "price" : 450.15,
    "dma50" : 429.93,
    "dma100" : null,
    "dma200" : 241.90,
    "volume" : 5023.00
  }, {
    "date" : "2025-01-27",
    "price" : 427.65,
    "dma50" : 429.84,
    "dma100" : null,
    "dma200" : 243.75,
    "volume" : 723.00
  }, {
    "date" : "2025-01-28",
    "price" : 406.30,
    "dma50" : 428.92,
    "dma100" : null,
    "dma200" : 245.36,
    "volume" : 28248.00
  }, {
    "date" : "2025-01-29",
    "price" : 386.00,
    "dma50" : 427.24,
    "dma100" : null,
    "dma200" : 246.76,
    "volume" : 11336.00
  }, {
    "date" : "2025-01-30",
    "price" : 405.30,
    "dma50" : 426.38,
    "dma100" : null,
    "dma200" : 248.34,
    "volume" : 27050.00
  }, {
    "date" : "2025-01-31",
    "price" : 421.00,
    "dma50" : 426.17,
    "dma100" : null,
    "dma200" : 250.06,
    "volume" : 11845.00
  }, {
    "date" : "2025-02-01",
    "price" : 394.15,
    "dma50" : 424.91,
    "dma100" : null,
    "dma200" : 251.49,
    "volume" : 1869.00
  }, {
    "date" : "2025-02-03",
    "price" : 415.70,
    "dma50" : 424.55,
    "dma100" : null,
    "dma200" : 253.13,
    "volume" : 13031.00
  }, {
    "date" : "2025-02-04",
    "price" : 442.15,
    "dma50" : 425.24,
    "dma100" : null,
    "dma200" : 255.01,
    "volume" : 13025.00
  }, {
    "date" : "2025-02-05",
    "price" : 449.00,
    "dma50" : 426.17,
    "dma100" : null,
    "dma200" : 256.94,
    "volume" : 2106.00
  }, {
    "date" : "2025-02-06",
    "price" : 446.30,
    "dma50" : 426.96,
    "dma100" : null,
    "dma200" : 258.82,
    "volume" : 1848.00
  }, {
    "date" : "2025-02-07",
    "price" : 439.00,
    "dma50" : 427.43,
    "dma100" : null,
    "dma200" : 260.62,
    "volume" : 3556.00
  }, {
    "date" : "2025-02-10",
    "price" : 424.60,
    "dma50" : 427.32,
    "dma100" : null,
    "dma200" : 262.25,
    "volume" : 498.00
  }, {
    "date" : "2025-02-11",
    "price" : 403.40,
    "dma50" : 426.38,
    "dma100" : null,
    "dma200" : 263.65,
    "volume" : 1085.00
  }, {
    "date" : "2025-02-12",
    "price" : 383.25,
    "dma50" : 424.69,
    "dma100" : null,
    "dma200" : 264.84,
    "volume" : 1915.00
  }, {
    "date" : "2025-02-13",
    "price" : 365.05,
    "dma50" : 422.35,
    "dma100" : null,
    "dma200" : 265.84,
    "volume" : 2779.00
  }, {
    "date" : "2025-02-14",
    "price" : 383.30,
    "dma50" : 420.82,
    "dma100" : null,
    "dma200" : 267.01,
    "volume" : 13886.00
  }, {
    "date" : "2025-02-17",
    "price" : 397.25,
    "dma50" : 419.90,
    "dma100" : null,
    "dma200" : 268.30,
    "volume" : 5992.00
  }, {
    "date" : "2025-02-18",
    "price" : 403.10,
    "dma50" : 419.24,
    "dma100" : null,
    "dma200" : 269.64,
    "volume" : 6784.00
  }, {
    "date" : "2025-02-19",
    "price" : 408.75,
    "dma50" : 418.83,
    "dma100" : null,
    "dma200" : 271.03,
    "volume" : 13642.00
  }, {
    "date" : "2025-02-20",
    "price" : 416.35,
    "dma50" : 418.73,
    "dma100" : null,
    "dma200" : 272.47,
    "volume" : 6249.00
  }, {
    "date" : "2025-02-21",
    "price" : 406.10,
    "dma50" : 418.24,
    "dma100" : null,
    "dma200" : 273.80,
    "volume" : 1252.00
  }, {
    "date" : "2025-02-24",
    "price" : 412.40,
    "dma50" : 418.01,
    "dma100" : null,
    "dma200" : 275.18,
    "volume" : 3517.00
  }, {
    "date" : "2025-02-25",
    "price" : 407.85,
    "dma50" : 417.61,
    "dma100" : null,
    "dma200" : 276.50,
    "volume" : 4434.00
  }, {
    "date" : "2025-02-27",
    "price" : 388.30,
    "dma50" : 416.46,
    "dma100" : null,
    "dma200" : 277.62,
    "volume" : 2604.00
  }, {
    "date" : "2025-02-28",
    "price" : 379.40,
    "dma50" : 415.01,
    "dma100" : null,
    "dma200" : 278.63,
    "volume" : 1932.00
  }, {
    "date" : "2025-03-03",
    "price" : 360.45,
    "dma50" : 412.87,
    "dma100" : null,
    "dma200" : 279.44,
    "volume" : 6527.00
  }, {
    "date" : "2025-03-04",
    "price" : 361.00,
    "dma50" : 410.83,
    "dma100" : null,
    "dma200" : 280.25,
    "volume" : 1972.00
  }, {
    "date" : "2025-03-05",
    "price" : 367.00,
    "dma50" : 409.11,
    "dma100" : null,
    "dma200" : 281.12,
    "volume" : 3732.00
  }, {
    "date" : "2025-03-06",
    "price" : 371.25,
    "dma50" : 407.63,
    "dma100" : null,
    "dma200" : 282.01,
    "volume" : 4088.00
  }, {
    "date" : "2025-03-07",
    "price" : 389.80,
    "dma50" : 406.93,
    "dma100" : null,
    "dma200" : 283.09,
    "volume" : 3650.00
  }, {
    "date" : "2025-03-10",
    "price" : 372.70,
    "dma50" : 405.59,
    "dma100" : null,
    "dma200" : 283.98,
    "volume" : 4013.00
  }, {
    "date" : "2025-03-11",
    "price" : 354.15,
    "dma50" : 403.57,
    "dma100" : null,
    "dma200" : 284.68,
    "volume" : 8584.00
  }, {
    "date" : "2025-03-12",
    "price" : 354.15,
    "dma50" : 401.63,
    "dma100" : null,
    "dma200" : 285.37,
    "volume" : 3360.00
  }, {
    "date" : "2025-03-13",
    "price" : 358.95,
    "dma50" : 399.96,
    "dma100" : null,
    "dma200" : 286.10,
    "volume" : 6620.00
  }, {
    "date" : "2025-03-17",
    "price" : 366.50,
    "dma50" : 398.65,
    "dma100" : null,
    "dma200" : 286.90,
    "volume" : 1395.00
  }, {
    "date" : "2025-03-18",
    "price" : 359.60,
    "dma50" : 397.11,
    "dma100" : null,
    "dma200" : 287.62,
    "volume" : 3321.00
  }, {
    "date" : "2025-03-19",
    "price" : 370.00,
    "dma50" : 396.05,
    "dma100" : null,
    "dma200" : 288.44,
    "volume" : 3363.00
  }, {
    "date" : "2025-03-20",
    "price" : 358.95,
    "dma50" : 394.60,
    "dma100" : null,
    "dma200" : 289.14,
    "volume" : 1139.00
  }, {
    "date" : "2025-03-21",
    "price" : 366.60,
    "dma50" : 393.50,
    "dma100" : null,
    "dma200" : 289.92,
    "volume" : 2667.00
  }, {
    "date" : "2025-03-24",
    "price" : 360.00,
    "dma50" : 392.18,
    "dma100" : null,
    "dma200" : 290.61,
    "volume" : 6871.00
  }, {
    "date" : "2025-03-25",
    "price" : 349.45,
    "dma50" : 390.51,
    "dma100" : null,
    "dma200" : 291.20,
    "volume" : 1869.00
  }, {
    "date" : "2025-03-26",
    "price" : 354.00,
    "dma50" : 389.08,
    "dma100" : null,
    "dma200" : 291.82,
    "volume" : 1654.00
  }, {
    "date" : "2025-03-27",
    "price" : 336.80,
    "dma50" : 387.03,
    "dma100" : null,
    "dma200" : 292.27,
    "volume" : 3218.00
  }, {
    "date" : "2025-03-28",
    "price" : 340.50,
    "dma50" : 385.20,
    "dma100" : null,
    "dma200" : 292.75,
    "volume" : 1606.00
  }, {
    "date" : "2025-04-01",
    "price" : 357.50,
    "dma50" : 384.12,
    "dma100" : null,
    "dma200" : 293.39,
    "volume" : 6235.00
  }, {
    "date" : "2025-04-02",
    "price" : 375.35,
    "dma50" : 383.77,
    "dma100" : null,
    "dma200" : 294.21,
    "volume" : 10066.00
  }, {
    "date" : "2025-04-03",
    "price" : 376.20,
    "dma50" : 383.48,
    "dma100" : null,
    "dma200" : 295.03,
    "volume" : 9313.00
  }, {
    "date" : "2025-04-04",
    "price" : 395.00,
    "dma50" : 383.93,
    "dma100" : null,
    "dma200" : 296.02,
    "volume" : 10904.00
  }, {
    "date" : "2025-04-07",
    "price" : 375.25,
    "dma50" : 383.59,
    "dma100" : null,
    "dma200" : 296.81,
    "volume" : 1612.00
  }, {
    "date" : "2025-04-08",
    "price" : 393.00,
    "dma50" : 383.96,
    "dma100" : null,
    "dma200" : 297.77,
    "volume" : 4710.00
  }, {
    "date" : "2025-04-09",
    "price" : 410.35,
    "dma50" : 384.99,
    "dma100" : null,
    "dma200" : 298.89,
    "volume" : 5465.00
  }, {
    "date" : "2025-04-11",
    "price" : 405.00,
    "dma50" : 385.78,
    "dma100" : null,
    "dma200" : 299.94,
    "volume" : 2292.00
  }, {
    "date" : "2025-04-15",
    "price" : 424.25,
    "dma50" : 387.28,
    "dma100" : null,
    "dma200" : 301.18,
    "volume" : 3512.00
  }, {
    "date" : "2025-04-16",
    "price" : 413.10,
    "dma50" : 388.30,
    "dma100" : null,
    "dma200" : 302.29,
    "volume" : 3366.00
  }, {
    "date" : "2025-04-17",
    "price" : 413.95,
    "dma50" : 389.30,
    "dma100" : null,
    "dma200" : 303.40,
    "volume" : 690.00
  }, {
    "date" : "2025-04-21",
    "price" : 422.95,
    "dma50" : 390.62,
    "dma100" : null,
    "dma200" : 304.59,
    "volume" : 1581.00
  }, {
    "date" : "2025-04-22",
    "price" : 425.35,
    "dma50" : 391.98,
    "dma100" : null,
    "dma200" : 305.80,
    "volume" : 4995.00
  }, {
    "date" : "2025-04-23",
    "price" : 413.80,
    "dma50" : 392.84,
    "dma100" : 421.29,
    "dma200" : 306.87,
    "volume" : 339.00
  }, {
    "date" : "2025-04-24",
    "price" : 413.00,
    "dma50" : 393.63,
    "dma100" : 421.85,
    "dma200" : 307.93,
    "volume" : 5775.00
  }, {
    "date" : "2025-04-25",
    "price" : 411.00,
    "dma50" : 394.31,
    "dma100" : 422.32,
    "dma200" : 308.95,
    "volume" : 5256.00
  }, {
    "date" : "2025-04-28",
    "price" : 422.35,
    "dma50" : 395.41,
    "dma100" : 422.83,
    "dma200" : 310.08,
    "volume" : 3213.00
  }, {
    "date" : "2025-04-29",
    "price" : 414.05,
    "dma50" : 396.14,
    "dma100" : 423.18,
    "dma200" : 311.11,
    "volume" : 1802.00
  }, {
    "date" : "2025-04-30",
    "price" : 407.00,
    "dma50" : 396.57,
    "dma100" : 423.39,
    "dma200" : 312.07,
    "volume" : 2012.00
  }, {
    "date" : "2025-05-02",
    "price" : 399.50,
    "dma50" : 396.68,
    "dma100" : 423.44,
    "dma200" : 312.94,
    "volume" : 5349.00
  }, {
    "date" : "2025-05-05",
    "price" : 413.40,
    "dma50" : 397.34,
    "dma100" : 423.56,
    "dma200" : 313.94,
    "volume" : 4292.00
  }, {
    "date" : "2025-05-06",
    "price" : 396.00,
    "dma50" : 397.29,
    "dma100" : 423.42,
    "dma200" : 314.75,
    "volume" : 1530.00
  }, {
    "date" : "2025-05-07",
    "price" : 398.75,
    "dma50" : 397.34,
    "dma100" : 423.22,
    "dma200" : 315.59,
    "volume" : 1044.00
  }, {
    "date" : "2025-05-08",
    "price" : 393.45,
    "dma50" : 397.19,
    "dma100" : 422.89,
    "dma200" : 316.36,
    "volume" : 3858.00
  }, {
    "date" : "2025-05-09",
    "price" : 400.00,
    "dma50" : 397.30,
    "dma100" : 422.55,
    "dma200" : 317.20,
    "volume" : 2869.00
  }, {
    "date" : "2025-05-12",
    "price" : 394.10,
    "dma50" : 397.18,
    "dma100" : 422.05,
    "dma200" : 317.96,
    "volume" : 2880.00
  }, {
    "date" : "2025-05-13",
    "price" : 394.75,
    "dma50" : 397.08,
    "dma100" : 421.47,
    "dma200" : 318.73,
    "volume" : 1039.00
  }, {
    "date" : "2025-05-14",
    "price" : 396.85,
    "dma50" : 397.07,
    "dma100" : 420.83,
    "dma200" : 319.50,
    "volume" : 4156.00
  }, {
    "date" : "2025-05-15",
    "price" : 416.65,
    "dma50" : 397.84,
    "dma100" : 420.29,
    "dma200" : 320.47,
    "volume" : 6113.00
  }, {
    "date" : "2025-05-16",
    "price" : 437.45,
    "dma50" : 399.39,
    "dma100" : 419.86,
    "dma200" : 321.63,
    "volume" : 3418.00
  }, {
    "date" : "2025-05-19",
    "price" : 459.30,
    "dma50" : 401.74,
    "dma100" : 419.56,
    "dma200" : 323.00,
    "volume" : 1332.00
  }, {
    "date" : "2025-05-20",
    "price" : 482.25,
    "dma50" : 404.90,
    "dma100" : 419.39,
    "dma200" : 324.59,
    "volume" : 1718.00
  }, {
    "date" : "2025-05-21",
    "price" : 469.00,
    "dma50" : 407.41,
    "dma100" : 418.99,
    "dma200" : 326.03,
    "volume" : 44098.00
  }, {
    "date" : "2025-05-22",
    "price" : 453.05,
    "dma50" : 409.20,
    "dma100" : 418.32,
    "dma200" : 327.29,
    "volume" : 9342.00
  }, {
    "date" : "2025-05-23",
    "price" : 444.20,
    "dma50" : 410.57,
    "dma100" : 417.47,
    "dma200" : 328.45,
    "volume" : 4451.00
  }, {
    "date" : "2025-05-26",
    "price" : 466.40,
    "dma50" : 412.76,
    "dma100" : 416.73,
    "dma200" : 329.83,
    "volume" : 4283.00
  }, {
    "date" : "2025-05-27",
    "price" : 478.85,
    "dma50" : 415.36,
    "dma100" : 416.22,
    "dma200" : 331.31,
    "volume" : 2987.00
  }, {
    "date" : "2025-05-28",
    "price" : 474.65,
    "dma50" : 417.68,
    "dma100" : 415.78,
    "dma200" : 332.73,
    "volume" : 1439.00
  }, {
    "date" : "2025-05-29",
    "price" : 498.35,
    "dma50" : 420.84,
    "dma100" : 415.67,
    "dma200" : 334.38,
    "volume" : 5534.00
  }, {
    "date" : "2025-05-30",
    "price" : 509.00,
    "dma50" : 424.30,
    "dma100" : 415.78,
    "dma200" : 336.12,
    "volume" : 3153.00
  }, {
    "date" : "2025-06-02",
    "price" : 483.55,
    "dma50" : 426.62,
    "dma100" : 415.53,
    "dma200" : 337.59,
    "volume" : 6059.00
  }, {
    "date" : "2025-06-03",
    "price" : 479.75,
    "dma50" : 428.71,
    "dma100" : 415.34,
    "dma200" : 339.00,
    "volume" : 6281.00
  }, {
    "date" : "2025-06-04",
    "price" : 457.55,
    "dma50" : 429.84,
    "dma100" : 415.04,
    "dma200" : 340.18,
    "volume" : 2830.00
  }, {
    "date" : "2025-06-05",
    "price" : 457.80,
    "dma50" : 430.94,
    "dma100" : 414.83,
    "dma200" : 341.35,
    "volume" : 2738.00
  }, {
    "date" : "2025-06-06",
    "price" : 469.15,
    "dma50" : 432.43,
    "dma100" : 414.64,
    "dma200" : 342.62,
    "volume" : 3465.00
  }, {
    "date" : "2025-06-09",
    "price" : 476.95,
    "dma50" : 434.18,
    "dma100" : 414.62,
    "dma200" : 343.96,
    "volume" : 2251.00
  }, {
    "date" : "2025-06-10",
    "price" : 456.00,
    "dma50" : 435.04,
    "dma100" : 414.50,
    "dma200" : 345.07,
    "volume" : 1538.00
  }, {
    "date" : "2025-06-11",
    "price" : 450.10,
    "dma50" : 435.63,
    "dma100" : 414.26,
    "dma200" : 346.12,
    "volume" : 845.00
  }, {
    "date" : "2025-06-12",
    "price" : 472.00,
    "dma50" : 437.05,
    "dma100" : 414.28,
    "dma200" : 347.37,
    "volume" : 13667.00
  }, {
    "date" : "2025-06-13",
    "price" : 471.35,
    "dma50" : 438.40,
    "dma100" : 414.39,
    "dma200" : 348.61,
    "volume" : 2410.00
  }, {
    "date" : "2025-06-16",
    "price" : 474.50,
    "dma50" : 439.81,
    "dma100" : 414.44,
    "dma200" : 349.86,
    "volume" : 1846.00
  }, {
    "date" : "2025-06-17",
    "price" : 483.50,
    "dma50" : 441.53,
    "dma100" : 414.34,
    "dma200" : 351.19,
    "volume" : 4814.00
  }, {
    "date" : "2025-06-18",
    "price" : 480.40,
    "dma50" : 443.05,
    "dma100" : 414.21,
    "dma200" : 352.47,
    "volume" : 2772.00
  }, {
    "date" : "2025-06-19",
    "price" : 468.85,
    "dma50" : 444.06,
    "dma100" : 414.13,
    "dma200" : 353.63,
    "volume" : 1449.00
  }, {
    "date" : "2025-06-20",
    "price" : 448.65,
    "dma50" : 444.24,
    "dma100" : 413.88,
    "dma200" : 354.58,
    "volume" : 3796.00
  }, {
    "date" : "2025-06-23",
    "price" : 449.70,
    "dma50" : 444.46,
    "dma100" : 413.88,
    "dma200" : 355.52,
    "volume" : 632.00
  }, {
    "date" : "2025-06-24",
    "price" : 458.25,
    "dma50" : 445.00,
    "dma100" : 414.18,
    "dma200" : 356.55,
    "volume" : 3928.00
  }, {
    "date" : "2025-06-25",
    "price" : 467.00,
    "dma50" : 445.86,
    "dma100" : 414.79,
    "dma200" : 357.64,
    "volume" : 3129.00
  }, {
    "date" : "2025-06-26",
    "price" : 474.00,
    "dma50" : 446.96,
    "dma100" : 415.67,
    "dma200" : 358.80,
    "volume" : 7106.00
  }, {
    "date" : "2025-06-27",
    "price" : 450.45,
    "dma50" : 447.10,
    "dma100" : 416.12,
    "dma200" : 359.71,
    "volume" : 6918.00
  }, {
    "date" : "2025-06-30",
    "price" : 443.40,
    "dma50" : 446.96,
    "dma100" : 416.35,
    "dma200" : 360.55,
    "volume" : 3567.00
  }, {
    "date" : "2025-07-01",
    "price" : 457.50,
    "dma50" : 447.37,
    "dma100" : 416.98,
    "dma200" : 361.51,
    "volume" : 12681.00
  }, {
    "date" : "2025-07-02",
    "price" : 455.60,
    "dma50" : 447.69,
    "dma100" : 417.38,
    "dma200" : 362.45,
    "volume" : 4269.00
  }, {
    "date" : "2025-07-03",
    "price" : 451.15,
    "dma50" : 447.83,
    "dma100" : 417.47,
    "dma200" : 363.33,
    "volume" : 2262.00
  }, {
    "date" : "2025-07-04",
    "price" : 463.75,
    "dma50" : 448.45,
    "dma100" : 417.62,
    "dma200" : 364.33,
    "volume" : 6060.00
  }, {
    "date" : "2025-07-07",
    "price" : 474.75,
    "dma50" : 449.48,
    "dma100" : 417.90,
    "dma200" : 365.43,
    "volume" : 874.00
  }, {
    "date" : "2025-07-08",
    "price" : 459.50,
    "dma50" : 449.88,
    "dma100" : 418.10,
    "dma200" : 366.36,
    "volume" : 790.00
  }, {
    "date" : "2025-07-09",
    "price" : 464.30,
    "dma50" : 450.44,
    "dma100" : 418.50,
    "dma200" : 367.34,
    "volume" : 479.00
  }, {
    "date" : "2025-07-10",
    "price" : 468.45,
    "dma50" : 451.15,
    "dma100" : 419.15,
    "dma200" : 368.35,
    "volume" : 641.00
  }, {
    "date" : "2025-07-11",
    "price" : 454.15,
    "dma50" : 451.27,
    "dma100" : 419.86,
    "dma200" : 369.20,
    "volume" : 818.00
  }, {
    "date" : "2025-07-14",
    "price" : 455.85,
    "dma50" : 451.45,
    "dma100" : 420.77,
    "dma200" : 370.06,
    "volume" : 1215.00
  }, {
    "date" : "2025-07-15",
    "price" : 465.25,
    "dma50" : 451.99,
    "dma100" : 421.59,
    "dma200" : 371.01,
    "volume" : 1588.00
  }, {
    "date" : "2025-07-16",
    "price" : 457.35,
    "dma50" : 452.20,
    "dma100" : 422.19,
    "dma200" : 371.87,
    "volume" : 2444.00
  }, {
    "date" : "2025-07-17",
    "price" : 452.15,
    "dma50" : 452.20,
    "dma100" : 422.68,
    "dma200" : 372.67,
    "volume" : 947.00
  }, {
    "date" : "2025-07-18",
    "price" : 456.00,
    "dma50" : 452.34,
    "dma100" : 423.15,
    "dma200" : 373.50,
    "volume" : 2307.00
  }, {
    "date" : "2025-07-21",
    "price" : 460.10,
    "dma50" : 452.65,
    "dma100" : 423.59,
    "dma200" : 374.36,
    "volume" : 1377.00
  }, {
    "date" : "2025-07-22",
    "price" : 453.95,
    "dma50" : 452.70,
    "dma100" : 424.07,
    "dma200" : 375.15,
    "volume" : 3816.00
  }, {
    "date" : "2025-07-23",
    "price" : 454.85,
    "dma50" : 452.78,
    "dma100" : 424.49,
    "dma200" : 375.94,
    "volume" : 4419.00
  }, {
    "date" : "2025-07-24",
    "price" : 447.25,
    "dma50" : 452.57,
    "dma100" : 424.89,
    "dma200" : 376.65,
    "volume" : 998.00
  }, {
    "date" : "2025-07-25",
    "price" : 441.75,
    "dma50" : 452.14,
    "dma100" : 425.42,
    "dma200" : 377.30,
    "volume" : 519.00
  }, {
    "date" : "2025-07-28",
    "price" : 440.00,
    "dma50" : 451.67,
    "dma100" : 426.03,
    "dma200" : 377.92,
    "volume" : 381.00
  }, {
    "date" : "2025-07-29",
    "price" : 440.40,
    "dma50" : 451.22,
    "dma100" : 426.83,
    "dma200" : 378.55,
    "volume" : 346.00
  }, {
    "date" : "2025-07-30",
    "price" : 435.00,
    "dma50" : 450.59,
    "dma100" : 427.57,
    "dma200" : 379.11,
    "volume" : 1009.00
  }, {
    "date" : "2025-07-31",
    "price" : 422.30,
    "dma50" : 449.48,
    "dma100" : 428.12,
    "dma200" : 379.54,
    "volume" : 1969.00
  }, {
    "date" : "2025-08-01",
    "price" : 423.10,
    "dma50" : 448.44,
    "dma100" : 428.64,
    "dma200" : 379.97,
    "volume" : 2157.00
  }, {
    "date" : "2025-08-04",
    "price" : 429.60,
    "dma50" : 447.71,
    "dma100" : 429.04,
    "dma200" : 380.46,
    "volume" : 802.00
  }, {
    "date" : "2025-08-05",
    "price" : 435.00,
    "dma50" : 447.21,
    "dma100" : 429.66,
    "dma200" : 381.01,
    "volume" : 515.00
  }, {
    "date" : "2025-08-06",
    "price" : 413.25,
    "dma50" : 445.88,
    "dma100" : 430.25,
    "dma200" : 381.33,
    "volume" : 1375.00
  }, {
    "date" : "2025-08-07",
    "price" : 398.65,
    "dma50" : 444.02,
    "dma100" : 430.70,
    "dma200" : 381.50,
    "volume" : 1110.00
  }, {
    "date" : "2025-08-08",
    "price" : 399.50,
    "dma50" : 442.28,
    "dma100" : 431.10,
    "dma200" : 381.68,
    "volume" : 1104.00
  }, {
    "date" : "2025-08-11",
    "price" : 410.95,
    "dma50" : 441.05,
    "dma100" : 431.55,
    "dma200" : 381.97,
    "volume" : 1591.00
  }, {
    "date" : "2025-08-12",
    "price" : 431.45,
    "dma50" : 440.67,
    "dma100" : 432.26,
    "dma200" : 382.46,
    "volume" : 8788.00
  }, {
    "date" : "2025-08-13",
    "price" : 453.00,
    "dma50" : 441.16,
    "dma100" : 433.09,
    "dma200" : 383.16,
    "volume" : 2721.00
  }, {
    "date" : "2025-08-14",
    "price" : 475.65,
    "dma50" : 442.51,
    "dma100" : 434.26,
    "dma200" : 384.08,
    "volume" : 5514.00
  }, {
    "date" : "2025-08-18",
    "price" : 498.65,
    "dma50" : 444.71,
    "dma100" : 435.58,
    "dma200" : 385.22,
    "volume" : 75162.00
  }, {
    "date" : "2025-08-19",
    "price" : 523.55,
    "dma50" : 447.80,
    "dma100" : 437.22,
    "dma200" : 386.60,
    "volume" : 32090.00
  }, {
    "date" : "2025-08-20",
    "price" : 549.70,
    "dma50" : 451.80,
    "dma100" : 439.22,
    "dma200" : 388.22,
    "volume" : 50260.00
  }, {
    "date" : "2025-08-21",
    "price" : 577.15,
    "dma50" : 456.71,
    "dma100" : 441.45,
    "dma200" : 390.10,
    "volume" : 5859.00
  }, {
    "date" : "2025-08-22",
    "price" : 606.00,
    "dma50" : 462.57,
    "dma100" : 444.14,
    "dma200" : 392.25,
    "volume" : 21401.00
  }, {
    "date" : "2025-08-25",
    "price" : 636.30,
    "dma50" : 469.38,
    "dma100" : 447.10,
    "dma200" : 394.68,
    "volume" : 59654.00
  }, {
    "date" : "2025-08-26",
    "price" : 668.10,
    "dma50" : 477.17,
    "dma100" : 450.21,
    "dma200" : 397.40,
    "volume" : 19947.00
  }, {
    "date" : "2025-08-28",
    "price" : 701.50,
    "dma50" : 485.97,
    "dma100" : 453.47,
    "dma200" : 400.43,
    "volume" : 14789.00
  }, {
    "date" : "2025-08-29",
    "price" : 736.55,
    "dma50" : 495.80,
    "dma100" : 457.07,
    "dma200" : 403.77,
    "volume" : 66966.00
  }, {
    "date" : "2025-09-01",
    "price" : 773.35,
    "dma50" : 506.68,
    "dma100" : 460.86,
    "dma200" : 407.45,
    "volume" : 141831.00
  }, {
    "date" : "2025-09-02",
    "price" : 812.00,
    "dma50" : 518.66,
    "dma100" : 465.22,
    "dma200" : 411.47,
    "volume" : 226846.00
  }, {
    "date" : "2025-09-03",
    "price" : 852.60,
    "dma50" : 531.75,
    "dma100" : 469.82,
    "dma200" : 415.86,
    "volume" : 64755.00
  }, {
    "date" : "2025-09-04",
    "price" : 895.20,
    "dma50" : 546.00,
    "dma100" : 474.67,
    "dma200" : 420.63,
    "volume" : 36700.00
  }, {
    "date" : "2025-09-05",
    "price" : 939.95,
    "dma50" : 561.45,
    "dma100" : 480.02,
    "dma200" : 425.80,
    "volume" : 13064.00
  }, {
    "date" : "2025-09-08",
    "price" : 986.90,
    "dma50" : 578.14,
    "dma100" : 485.64,
    "dma200" : 431.38,
    "volume" : 15475.00
  }, {
    "date" : "2025-09-09",
    "price" : 1036.20,
    "dma50" : 596.10,
    "dma100" : 491.87,
    "dma200" : 437.40,
    "volume" : 16194.00
  }, {
    "date" : "2025-09-10",
    "price" : 1088.00,
    "dma50" : 615.39,
    "dma100" : 498.62,
    "dma200" : 443.87,
    "volume" : 325523.00
  }, {
    "date" : "2025-09-11",
    "price" : 1142.40,
    "dma50" : 636.06,
    "dma100" : 505.81,
    "dma200" : 450.83,
    "volume" : 18502.00
  }, {
    "date" : "2025-09-12",
    "price" : 1199.50,
    "dma50" : 658.15,
    "dma100" : 513.55,
    "dma200" : 458.27,
    "volume" : 19324.00
  }, {
    "date" : "2025-09-15",
    "price" : 1259.45,
    "dma50" : 681.73,
    "dma100" : 522.01,
    "dma200" : 466.25,
    "volume" : 14005.00
  }, {
    "date" : "2025-09-16",
    "price" : 1322.40,
    "dma50" : 706.86,
    "dma100" : 531.10,
    "dma200" : 474.77,
    "volume" : 23141.00
  }, {
    "date" : "2025-09-17",
    "price" : 1388.50,
    "dma50" : 733.59,
    "dma100" : 540.88,
    "dma200" : 483.86,
    "volume" : 14969.00
  }, {
    "date" : "2025-09-18",
    "price" : 1457.90,
    "dma50" : 761.99,
    "dma100" : 551.23,
    "dma200" : 493.55,
    "volume" : 187368.00
  }, {
    "date" : "2025-09-19",
    "price" : 1530.75,
    "dma50" : 792.14,
    "dma100" : 562.40,
    "dma200" : 503.87,
    "volume" : 30228.00
  }, {
    "date" : "2025-09-22",
    "price" : 1585.35,
    "dma50" : 823.25,
    "dma100" : 574.18,
    "dma200" : 514.63,
    "volume" : 299562.00
  }, {
    "date" : "2025-09-23",
    "price" : 1664.60,
    "dma50" : 856.24,
    "dma100" : 586.83,
    "dma200" : 526.07,
    "volume" : 120818.00
  }, {
    "date" : "2025-09-24",
    "price" : 1747.80,
    "dma50" : 891.20,
    "dma100" : 600.18,
    "dma200" : 538.23,
    "volume" : 14683.00
  }, {
    "date" : "2025-09-25",
    "price" : 1835.15,
    "dma50" : 928.22,
    "dma100" : 614.57,
    "dma200" : 551.13,
    "volume" : 25551.00
  }, {
    "date" : "2025-09-26",
    "price" : 1926.90,
    "dma50" : 967.39,
    "dma100" : 629.85,
    "dma200" : 564.82,
    "volume" : 24657.00
  }, {
    "date" : "2025-09-29",
    "price" : 2023.20,
    "dma50" : 1008.79,
    "dma100" : 646.15,
    "dma200" : 579.34,
    "volume" : 19906.00
  }, {
    "date" : "2025-09-30",
    "price" : 2124.35,
    "dma50" : 1052.54,
    "dma100" : 663.39,
    "dma200" : 594.71,
    "volume" : 263082.00
  }, {
    "date" : "2025-10-01",
    "price" : 2230.55,
    "dma50" : 1098.73,
    "dma100" : 681.76,
    "dma200" : 610.99,
    "volume" : 62315.00
  }, {
    "date" : "2025-10-03",
    "price" : 2342.05,
    "dma50" : 1147.49,
    "dma100" : 701.23,
    "dma200" : 628.21,
    "volume" : 19779.00
  }, {
    "date" : "2025-10-06",
    "price" : 2459.15,
    "dma50" : 1198.93,
    "dma100" : 721.85,
    "dma200" : 646.43,
    "volume" : 15135.00
  }, {
    "date" : "2025-10-07",
    "price" : 2582.10,
    "dma50" : 1253.17,
    "dma100" : 743.51,
    "dma200" : 665.69,
    "volume" : 17630.00
  }, {
    "date" : "2025-10-08",
    "price" : 2711.20,
    "dma50" : 1310.35,
    "dma100" : 766.24,
    "dma200" : 686.04,
    "volume" : 16500.00
  }, {
    "date" : "2025-10-09",
    "price" : 2846.75,
    "dma50" : 1370.60,
    "dma100" : 790.12,
    "dma200" : 707.54,
    "volume" : 31299.00
  }, {
    "date" : "2025-10-10",
    "price" : 2989.05,
    "dma50" : 1434.07,
    "dma100" : 815.19,
    "dma200" : 730.24,
    "volume" : 93905.00
  }, {
    "date" : "2025-10-13",
    "price" : 3138.50,
    "dma50" : 1500.91,
    "dma100" : 841.88,
    "dma200" : 754.21,
    "volume" : 25845.00
  }, {
    "date" : "2025-10-14",
    "price" : 3295.40,
    "dma50" : 1571.28,
    "dma100" : 870.31,
    "dma200" : 779.49,
    "volume" : 19215.00
  }, {
    "date" : "2025-10-15",
    "price" : 3460.15,
    "dma50" : 1645.35,
    "dma100" : 900.46,
    "dma200" : 806.16,
    "volume" : 22486.00
  }, {
    "date" : "2025-10-16",
    "price" : 3287.15,
    "dma50" : 1709.74,
    "dma100" : 928.67,
    "dma200" : 830.85,
    "volume" : 153154.00
  }, {
    "date" : "2025-10-17",
    "price" : 3122.80,
    "dma50" : 1765.15,
    "dma100" : 955.11,
    "dma200" : 853.66,
    "volume" : 6578.00
  }, {
    "date" : "2025-10-20",
    "price" : 2966.70,
    "dma50" : 1812.27,
    "dma100" : 980.03,
    "dma200" : 874.68,
    "volume" : 3982.00
  }, {
    "date" : "2025-10-21",
    "price" : 2818.40,
    "dma50" : 1851.73,
    "dma100" : 1003.23,
    "dma200" : 894.02,
    "volume" : 2062.00
  }, {
    "date" : "2025-10-23",
    "price" : 2677.50,
    "dma50" : 1884.11,
    "dma100" : 1024.92,
    "dma200" : 911.77,
    "volume" : 2688.00
  }, {
    "date" : "2025-10-24",
    "price" : 2543.65,
    "dma50" : 1909.98,
    "dma100" : 1045.52,
    "dma200" : 928.01,
    "volume" : 2735.00
  }, {
    "date" : "2025-10-27",
    "price" : 2416.50,
    "dma50" : 1929.84,
    "dma100" : 1064.89,
    "dma200" : 942.82,
    "volume" : 3051.00
  }, {
    "date" : "2025-10-28",
    "price" : 2295.70,
    "dma50" : 1944.19,
    "dma100" : 1083.27,
    "dma200" : 956.28,
    "volume" : 1519.00
  }, {
    "date" : "2025-10-29",
    "price" : 2180.95,
    "dma50" : 1953.47,
    "dma100" : 1100.50,
    "dma200" : 968.46,
    "volume" : 1142.00
  }, {
    "date" : "2025-10-30",
    "price" : 2071.95,
    "dma50" : 1958.12,
    "dma100" : 1116.53,
    "dma200" : 979.44,
    "volume" : 1820.00
  }, {
    "date" : "2025-10-31",
    "price" : 1968.40,
    "dma50" : 1958.52,
    "dma100" : 1131.44,
    "dma200" : 989.28,
    "volume" : 3822.00
  }, {
    "date" : "2025-11-03",
    "price" : 1870.00,
    "dma50" : 1955.05,
    "dma100" : 1145.58,
    "dma200" : 998.05,
    "volume" : 2662.00
  }, {
    "date" : "2025-11-04",
    "price" : 1776.50,
    "dma50" : 1948.05,
    "dma100" : 1158.85,
    "dma200" : 1005.79,
    "volume" : 3324.00
  }, {
    "date" : "2025-11-06",
    "price" : 1687.70,
    "dma50" : 1937.84,
    "dma100" : 1171.00,
    "dma200" : 1012.58,
    "volume" : 2828.00
  }, {
    "date" : "2025-11-07",
    "price" : 1603.35,
    "dma50" : 1924.72,
    "dma100" : 1182.32,
    "dma200" : 1018.46,
    "volume" : 9221.00
  }, {
    "date" : "2025-11-10",
    "price" : 1683.50,
    "dma50" : 1915.26,
    "dma100" : 1194.41,
    "dma200" : 1025.07,
    "volume" : 373042.00
  }, {
    "date" : "2025-11-11",
    "price" : 1599.35,
    "dma50" : 1902.87,
    "dma100" : 1205.57,
    "dma200" : 1030.79,
    "volume" : 294173.00
  }, {
    "date" : "2025-11-12",
    "price" : 1519.40,
    "dma50" : 1887.83,
    "dma100" : 1215.96,
    "dma200" : 1035.65,
    "volume" : 57842.00
  }, {
    "date" : "2025-11-13",
    "price" : 1443.45,
    "dma50" : 1870.41,
    "dma100" : 1225.71,
    "dma200" : 1039.71,
    "volume" : 36978.00
  }, {
    "date" : "2025-11-14",
    "price" : 1371.30,
    "dma50" : 1850.83,
    "dma100" : 1234.93,
    "dma200" : 1043.01,
    "volume" : 247574.00
  }, {
    "date" : "2025-11-17",
    "price" : 1302.75,
    "dma50" : 1829.34,
    "dma100" : 1243.46,
    "dma200" : 1045.59,
    "volume" : 14354.00
  }, {
    "date" : "2025-11-18",
    "price" : 1314.45,
    "dma50" : 1809.15,
    "dma100" : 1252.03,
    "dma200" : 1048.27,
    "volume" : 376543.00
  }, {
    "date" : "2025-11-19",
    "price" : 1380.15,
    "dma50" : 1792.33,
    "dma100" : 1261.16,
    "dma200" : 1051.57,
    "volume" : 34675.00
  }, {
    "date" : "2025-11-20",
    "price" : 1449.15,
    "dma50" : 1778.87,
    "dma100" : 1270.91,
    "dma200" : 1055.53,
    "volume" : 12683.00
  }, {
    "date" : "2025-11-21",
    "price" : 1513.80,
    "dma50" : 1768.47,
    "dma100" : 1281.54,
    "dma200" : 1060.09,
    "volume" : 251237.00
  }, {
    "date" : "2025-11-24",
    "price" : 1438.15,
    "dma50" : 1755.52,
    "dma100" : 1291.49,
    "dma200" : 1063.85,
    "volume" : 41049.00
  }, {
    "date" : "2025-11-25",
    "price" : 1366.25,
    "dma50" : 1740.25,
    "dma100" : 1300.58,
    "dma200" : 1066.86,
    "volume" : 12744.00
  } ],
  "latestTechnicalAttributes" : {
    "date" : "2025-11-25",
    "price" : 1366.25,
    "dma50" : 1740.25,
    "dma100" : 1300.58,
    "dma200" : 1066.86,
    "volume" : 12744.00
  },
  "quarterlyResults" : [ {
    "date" : "2005-03-31",
    "sales" : 18.22,
    "salesGrowthYoY" : null,
    "grossProfitMargin" : 5.49,
    "grossProfit" : 1.00,
    "operatingProfitMargin" : 0.00,
    "operatingProfit" : 0.00,
    "netProfitMargin" : -2.85,
    "netProfit" : -0.52
  }, {
    "date" : "2005-06-30",
    "sales" : 11.21,
    "salesGrowthYoY" : null,
    "grossProfitMargin" : 4.28,
    "grossProfit" : 0.48,
    "operatingProfitMargin" : -10.70,
    "operatingProfit" : -1.20,
    "netProfitMargin" : -3.66,
    "netProfit" : -0.41
  }, {
    "date" : "2005-09-30",
    "sales" : 14.24,
    "salesGrowthYoY" : null,
    "grossProfitMargin" : 10.88,
    "grossProfit" : 1.55,
    "operatingProfitMargin" : -0.56,
    "operatingProfit" : -0.08,
    "netProfitMargin" : -4.56,
    "netProfit" : -0.65
  }, {
    "date" : "2005-12-31",
    "sales" : 8.30,
    "salesGrowthYoY" : null,
    "grossProfitMargin" : 0.60,
    "grossProfit" : 0.05,
    "operatingProfitMargin" : -23.37,
    "operatingProfit" : -1.94,
    "netProfitMargin" : -1.93,
    "netProfit" : -0.16
  }, {
    "date" : "2006-03-31",
    "sales" : 7.88,
    "salesGrowthYoY" : -56.75,
    "grossProfitMargin" : 4.70,
    "grossProfit" : 0.37,
    "operatingProfitMargin" : -27.03,
    "operatingProfit" : -2.13,
    "netProfitMargin" : 1.27,
    "netProfit" : 0.10
  }, {
    "date" : "2006-06-30",
    "sales" : 5.27,
    "salesGrowthYoY" : -52.99,
    "grossProfitMargin" : 7.02,
    "grossProfit" : 0.37,
    "operatingProfitMargin" : -6.83,
    "operatingProfit" : -0.36,
    "netProfitMargin" : -4.55,
    "netProfit" : -0.24
  }, {
    "date" : "2006-09-30",
    "sales" : 12.89,
    "salesGrowthYoY" : -9.48,
    "grossProfitMargin" : 6.52,
    "grossProfit" : 0.84,
    "operatingProfitMargin" : -1.55,
    "operatingProfit" : -0.20,
    "netProfitMargin" : -2.87,
    "netProfit" : -0.37
  }, {
    "date" : "2006-12-31",
    "sales" : 16.58,
    "salesGrowthYoY" : 99.76,
    "grossProfitMargin" : 12.18,
    "grossProfit" : 2.02,
    "operatingProfitMargin" : 1.33,
    "operatingProfit" : 0.22,
    "netProfitMargin" : 2.53,
    "netProfit" : 0.42
  }, {
    "date" : "2007-03-31",
    "sales" : 13.58,
    "salesGrowthYoY" : 72.34,
    "grossProfitMargin" : 9.35,
    "grossProfit" : 1.27,
    "operatingProfitMargin" : -5.23,
    "operatingProfit" : -0.71,
    "netProfitMargin" : 2.21,
    "netProfit" : 0.30
  }, {
    "date" : "2007-06-30",
    "sales" : 4.74,
    "salesGrowthYoY" : -10.06,
    "grossProfitMargin" : 1.69,
    "grossProfit" : 0.08,
    "operatingProfitMargin" : -14.14,
    "operatingProfit" : -0.67,
    "netProfitMargin" : -15.19,
    "netProfit" : -0.72
  }, {
    "date" : "2007-09-30",
    "sales" : 1.78,
    "salesGrowthYoY" : -86.19,
    "grossProfitMargin" : 1.12,
    "grossProfit" : 0.02,
    "operatingProfitMargin" : -53.93,
    "operatingProfit" : -0.96,
    "netProfitMargin" : 3.37,
    "netProfit" : 0.06
  }, {
    "date" : "2007-12-31",
    "sales" : 1.75,
    "salesGrowthYoY" : -89.45,
    "grossProfitMargin" : 2.29,
    "grossProfit" : 0.04,
    "operatingProfitMargin" : -102.86,
    "operatingProfit" : -1.80,
    "netProfitMargin" : 33.14,
    "netProfit" : 0.58
  }, {
    "date" : "2008-03-31",
    "sales" : 2.88,
    "salesGrowthYoY" : -78.79,
    "grossProfitMargin" : 3.47,
    "grossProfit" : 0.10,
    "operatingProfitMargin" : -87.85,
    "operatingProfit" : -2.53,
    "netProfitMargin" : 16.67,
    "netProfit" : 0.48
  }, {
    "date" : "2008-06-30",
    "sales" : 2.86,
    "salesGrowthYoY" : -39.66,
    "grossProfitMargin" : 43.36,
    "grossProfit" : 1.24,
    "operatingProfitMargin" : 2.80,
    "operatingProfit" : 0.08,
    "netProfitMargin" : -11.19,
    "netProfit" : -0.32
  }, {
    "date" : "2008-09-30",
    "sales" : 4.06,
    "salesGrowthYoY" : 128.09,
    "grossProfitMargin" : 14.29,
    "grossProfit" : 0.58,
    "operatingProfitMargin" : -1.97,
    "operatingProfit" : -0.08,
    "netProfitMargin" : -15.27,
    "netProfit" : -0.62
  }, {
    "date" : "2008-12-31",
    "sales" : 4.03,
    "salesGrowthYoY" : 130.29,
    "grossProfitMargin" : 2.73,
    "grossProfit" : 0.11,
    "operatingProfitMargin" : -52.85,
    "operatingProfit" : -2.13,
    "netProfitMargin" : 19.35,
    "netProfit" : 0.78
  }, {
    "date" : "2009-03-31",
    "sales" : 5.56,
    "salesGrowthYoY" : 93.06,
    "grossProfitMargin" : 17.45,
    "grossProfit" : 0.97,
    "operatingProfitMargin" : 1.44,
    "operatingProfit" : 0.08,
    "netProfitMargin" : 4.86,
    "netProfit" : 0.27
  }, {
    "date" : "2009-06-30",
    "sales" : 4.09,
    "salesGrowthYoY" : 43.01,
    "grossProfitMargin" : 3.18,
    "grossProfit" : 0.13,
    "operatingProfitMargin" : -28.12,
    "operatingProfit" : -1.15,
    "netProfitMargin" : -7.82,
    "netProfit" : -0.32
  }, {
    "date" : "2009-09-30",
    "sales" : 1.96,
    "salesGrowthYoY" : -51.72,
    "grossProfitMargin" : 33.67,
    "grossProfit" : 0.66,
    "operatingProfitMargin" : -27.55,
    "operatingProfit" : -0.54,
    "netProfitMargin" : -52.04,
    "netProfit" : -1.02
  }, {
    "date" : "2009-12-31",
    "sales" : 4.79,
    "salesGrowthYoY" : 18.86,
    "grossProfitMargin" : 29.23,
    "grossProfit" : 1.40,
    "operatingProfitMargin" : 17.54,
    "operatingProfit" : 0.84,
    "netProfitMargin" : 21.50,
    "netProfit" : 1.03
  }, {
    "date" : "2010-03-31",
    "sales" : 8.16,
    "salesGrowthYoY" : 46.76,
    "grossProfitMargin" : 12.38,
    "grossProfit" : 1.01,
    "operatingProfitMargin" : -4.17,
    "operatingProfit" : -0.34,
    "netProfitMargin" : 5.27,
    "netProfit" : 0.43
  }, {
    "date" : "2010-06-30",
    "sales" : 11.38,
    "salesGrowthYoY" : 178.24,
    "grossProfitMargin" : 6.59,
    "grossProfit" : 0.75,
    "operatingProfitMargin" : -0.62,
    "operatingProfit" : -0.07,
    "netProfitMargin" : -0.53,
    "netProfit" : -0.06
  }, {
    "date" : "2010-09-30",
    "sales" : 17.49,
    "salesGrowthYoY" : 792.35,
    "grossProfitMargin" : 6.75,
    "grossProfit" : 1.18,
    "operatingProfitMargin" : 0.46,
    "operatingProfit" : 0.08,
    "netProfitMargin" : -3.89,
    "netProfit" : -0.68
  }, {
    "date" : "2010-12-31",
    "sales" : 31.01,
    "salesGrowthYoY" : 547.39,
    "grossProfitMargin" : 9.35,
    "grossProfit" : 2.90,
    "operatingProfitMargin" : 1.87,
    "operatingProfit" : 0.58,
    "netProfitMargin" : 3.06,
    "netProfit" : 0.95
  }, {
    "date" : "2011-03-31",
    "sales" : 35.53,
    "salesGrowthYoY" : 335.42,
    "grossProfitMargin" : 8.67,
    "grossProfit" : 3.08,
    "operatingProfitMargin" : 2.67,
    "operatingProfit" : 0.95,
    "netProfitMargin" : 1.07,
    "netProfit" : 0.38
  }, {
    "date" : "2011-06-30",
    "sales" : 28.06,
    "salesGrowthYoY" : 146.57,
    "grossProfitMargin" : 7.38,
    "grossProfit" : 2.07,
    "operatingProfitMargin" : 0.68,
    "operatingProfit" : 0.19,
    "netProfitMargin" : -1.21,
    "netProfit" : -0.34
  }, {
    "date" : "2011-09-30",
    "sales" : 10.65,
    "salesGrowthYoY" : -39.11,
    "grossProfitMargin" : 9.11,
    "grossProfit" : 0.97,
    "operatingProfitMargin" : -2.07,
    "operatingProfit" : -0.22,
    "netProfitMargin" : -7.14,
    "netProfit" : -0.76
  }, {
    "date" : "2011-12-31",
    "sales" : 7.09,
    "salesGrowthYoY" : -77.14,
    "grossProfitMargin" : 42.03,
    "grossProfit" : 2.98,
    "operatingProfitMargin" : 21.16,
    "operatingProfit" : 1.50,
    "netProfitMargin" : 13.40,
    "netProfit" : 0.95
  }, {
    "date" : "2012-03-31",
    "sales" : 10.09,
    "salesGrowthYoY" : -71.60,
    "grossProfitMargin" : 24.78,
    "grossProfit" : 2.50,
    "operatingProfitMargin" : 14.37,
    "operatingProfit" : 1.45,
    "netProfitMargin" : 9.12,
    "netProfit" : 0.92
  }, {
    "date" : "2012-06-30",
    "sales" : 10.81,
    "salesGrowthYoY" : -61.48,
    "grossProfitMargin" : 19.52,
    "grossProfit" : 2.11,
    "operatingProfitMargin" : -5.00,
    "operatingProfit" : -0.54,
    "netProfitMargin" : -10.27,
    "netProfit" : -1.11
  }, {
    "date" : "2012-09-30",
    "sales" : 2.70,
    "salesGrowthYoY" : -74.65,
    "grossProfitMargin" : 21.85,
    "grossProfit" : 0.59,
    "operatingProfitMargin" : -16.67,
    "operatingProfit" : -0.45,
    "netProfitMargin" : -39.26,
    "netProfit" : -1.06
  }, {
    "date" : "2012-12-31",
    "sales" : 13.17,
    "salesGrowthYoY" : 85.75,
    "grossProfitMargin" : 19.67,
    "grossProfit" : 2.59,
    "operatingProfitMargin" : -4.78,
    "operatingProfit" : -0.63,
    "netProfitMargin" : -9.34,
    "netProfit" : -1.23
  }, {
    "date" : "2013-03-31",
    "sales" : 7.09,
    "salesGrowthYoY" : -29.73,
    "grossProfitMargin" : 16.50,
    "grossProfit" : 1.17,
    "operatingProfitMargin" : -9.59,
    "operatingProfit" : -0.68,
    "netProfitMargin" : -18.48,
    "netProfit" : -1.31
  }, {
    "date" : "2014-06-30",
    "sales" : 2.54,
    "salesGrowthYoY" : -76.50,
    "grossProfitMargin" : 28.35,
    "grossProfit" : 0.72,
    "operatingProfitMargin" : -10.24,
    "operatingProfit" : -0.26,
    "netProfitMargin" : -25.20,
    "netProfit" : -0.64
  }, {
    "date" : "2014-09-30",
    "sales" : 0.56,
    "salesGrowthYoY" : -79.26,
    "grossProfitMargin" : 8.93,
    "grossProfit" : 0.05,
    "operatingProfitMargin" : -60.71,
    "operatingProfit" : -0.34,
    "netProfitMargin" : -128.57,
    "netProfit" : -0.72
  }, {
    "date" : "2014-12-31",
    "sales" : 0.41,
    "salesGrowthYoY" : -96.89,
    "grossProfitMargin" : 4.88,
    "grossProfit" : 0.02,
    "operatingProfitMargin" : -65.85,
    "operatingProfit" : -0.27,
    "netProfitMargin" : -268.29,
    "netProfit" : -1.10
  }, {
    "date" : "2015-03-31",
    "sales" : 0.24,
    "salesGrowthYoY" : -96.61,
    "grossProfitMargin" : 16.67,
    "grossProfit" : 0.04,
    "operatingProfitMargin" : -279.17,
    "operatingProfit" : -0.67,
    "netProfitMargin" : 291.67,
    "netProfit" : 0.70
  }, {
    "date" : "2015-06-30",
    "sales" : 0.15,
    "salesGrowthYoY" : -94.09,
    "grossProfitMargin" : 0.00,
    "grossProfit" : 0.00,
    "operatingProfitMargin" : -160.00,
    "operatingProfit" : -0.24,
    "netProfitMargin" : -333.33,
    "netProfit" : -0.50
  }, {
    "date" : "2015-09-30",
    "sales" : 0.22,
    "salesGrowthYoY" : -60.71,
    "grossProfitMargin" : 9.09,
    "grossProfit" : 0.02,
    "operatingProfitMargin" : -172.73,
    "operatingProfit" : -0.38,
    "netProfitMargin" : -281.82,
    "netProfit" : -0.62
  }, {
    "date" : "2015-12-31",
    "sales" : 0.08,
    "salesGrowthYoY" : -80.49,
    "grossProfitMargin" : 237.50,
    "grossProfit" : 0.19,
    "operatingProfitMargin" : -362.50,
    "operatingProfit" : -0.29,
    "netProfitMargin" : -537.50,
    "netProfit" : -0.43
  }, {
    "date" : "2016-03-31",
    "sales" : 2.09,
    "salesGrowthYoY" : 770.83,
    "grossProfitMargin" : 72.25,
    "grossProfit" : 1.51,
    "operatingProfitMargin" : 42.11,
    "operatingProfit" : 0.88,
    "netProfitMargin" : 39.23,
    "netProfit" : 0.82
  }, {
    "date" : "2016-06-30",
    "sales" : 15.26,
    "salesGrowthYoY" : 10073.33,
    "grossProfitMargin" : 6.95,
    "grossProfit" : 1.06,
    "operatingProfitMargin" : 2.16,
    "operatingProfit" : 0.33,
    "netProfitMargin" : -1.38,
    "netProfit" : -0.21
  }, {
    "date" : "2016-09-30",
    "sales" : 32.37,
    "salesGrowthYoY" : 14613.64,
    "grossProfitMargin" : 17.45,
    "grossProfit" : 5.65,
    "operatingProfitMargin" : 4.97,
    "operatingProfit" : 1.61,
    "netProfitMargin" : 2.59,
    "netProfit" : 0.84
  }, {
    "date" : "2016-12-31",
    "sales" : 29.64,
    "salesGrowthYoY" : 36950.00,
    "grossProfitMargin" : 20.58,
    "grossProfit" : 6.10,
    "operatingProfitMargin" : 4.52,
    "operatingProfit" : 1.34,
    "netProfitMargin" : 2.29,
    "netProfit" : 0.68
  }, {
    "date" : "2017-03-31",
    "sales" : 34.23,
    "salesGrowthYoY" : 1537.80,
    "grossProfitMargin" : 19.57,
    "grossProfit" : 6.70,
    "operatingProfitMargin" : 5.14,
    "operatingProfit" : 1.76,
    "netProfitMargin" : 26.82,
    "netProfit" : 9.18
  }, {
    "date" : "2017-06-30",
    "sales" : 37.95,
    "salesGrowthYoY" : 148.69,
    "grossProfitMargin" : 9.14,
    "grossProfit" : 3.47,
    "operatingProfitMargin" : 2.45,
    "operatingProfit" : 0.93,
    "netProfitMargin" : -0.66,
    "netProfit" : -0.25
  }, {
    "date" : "2017-09-30",
    "sales" : 46.36,
    "salesGrowthYoY" : 43.22,
    "grossProfitMargin" : 7.83,
    "grossProfit" : 3.63,
    "operatingProfitMargin" : 1.49,
    "operatingProfit" : 0.69,
    "netProfitMargin" : -1.42,
    "netProfit" : -0.66
  }, {
    "date" : "2017-12-31",
    "sales" : 57.33,
    "salesGrowthYoY" : 93.42,
    "grossProfitMargin" : 8.76,
    "grossProfit" : 5.02,
    "operatingProfitMargin" : 2.72,
    "operatingProfit" : 1.56,
    "netProfitMargin" : 0.73,
    "netProfit" : 0.42
  }, {
    "date" : "2018-03-31",
    "sales" : 55.19,
    "salesGrowthYoY" : 61.23,
    "grossProfitMargin" : 14.22,
    "grossProfit" : 7.85,
    "operatingProfitMargin" : 5.11,
    "operatingProfit" : 2.82,
    "netProfitMargin" : 5.74,
    "netProfit" : 3.17
  }, {
    "date" : "2018-06-30",
    "sales" : 26.65,
    "salesGrowthYoY" : -29.78,
    "grossProfitMargin" : 23.49,
    "grossProfit" : 6.26,
    "operatingProfitMargin" : 13.25,
    "operatingProfit" : 3.53,
    "netProfitMargin" : 5.93,
    "netProfit" : 1.58
  }, {
    "date" : "2018-09-30",
    "sales" : 36.49,
    "salesGrowthYoY" : -21.29,
    "grossProfitMargin" : 39.44,
    "grossProfit" : 14.39,
    "operatingProfitMargin" : 11.54,
    "operatingProfit" : 4.21,
    "netProfitMargin" : 7.26,
    "netProfit" : 2.65
  }, {
    "date" : "2018-12-31",
    "sales" : 26.73,
    "salesGrowthYoY" : -53.38,
    "grossProfitMargin" : 26.75,
    "grossProfit" : 7.15,
    "operatingProfitMargin" : 10.74,
    "operatingProfit" : 2.87,
    "netProfitMargin" : 0.52,
    "netProfit" : 0.14
  }, {
    "date" : "2019-03-31",
    "sales" : 43.20,
    "salesGrowthYoY" : -21.72,
    "grossProfitMargin" : 18.98,
    "grossProfit" : 8.20,
    "operatingProfitMargin" : 8.24,
    "operatingProfit" : 3.56,
    "netProfitMargin" : 0.56,
    "netProfit" : 0.24
  }, {
    "date" : "2019-06-30",
    "sales" : 39.41,
    "salesGrowthYoY" : 47.88,
    "grossProfitMargin" : 18.45,
    "grossProfit" : 7.27,
    "operatingProfitMargin" : 10.68,
    "operatingProfit" : 4.21,
    "netProfitMargin" : 0.86,
    "netProfit" : 0.34
  }, {
    "date" : "2019-09-30",
    "sales" : 70.87,
    "salesGrowthYoY" : 94.22,
    "grossProfitMargin" : 9.72,
    "grossProfit" : 6.89,
    "operatingProfitMargin" : 2.62,
    "operatingProfit" : 1.86,
    "netProfitMargin" : -1.93,
    "netProfit" : -1.37
  }, {
    "date" : "2019-12-31",
    "sales" : 46.01,
    "salesGrowthYoY" : 72.13,
    "grossProfitMargin" : 24.26,
    "grossProfit" : 11.16,
    "operatingProfitMargin" : 15.00,
    "operatingProfit" : 6.90,
    "netProfitMargin" : -3.80,
    "netProfit" : -1.75
  }, {
    "date" : "2020-03-31",
    "sales" : 55.84,
    "salesGrowthYoY" : 29.26,
    "grossProfitMargin" : 28.40,
    "grossProfit" : 15.86,
    "operatingProfitMargin" : 15.53,
    "operatingProfit" : 8.67,
    "netProfitMargin" : 11.50,
    "netProfit" : 6.42
  }, {
    "date" : "2020-06-30",
    "sales" : 40.14,
    "salesGrowthYoY" : 1.85,
    "grossProfitMargin" : 11.76,
    "grossProfit" : 4.72,
    "operatingProfitMargin" : 7.10,
    "operatingProfit" : 2.85,
    "netProfitMargin" : -0.17,
    "netProfit" : -0.07
  }, {
    "date" : "2020-09-30",
    "sales" : 53.23,
    "salesGrowthYoY" : -24.89,
    "grossProfitMargin" : 21.21,
    "grossProfit" : 11.29,
    "operatingProfitMargin" : 14.15,
    "operatingProfit" : 7.53,
    "netProfitMargin" : 1.84,
    "netProfit" : 0.98
  }, {
    "date" : "2020-12-31",
    "sales" : 69.13,
    "salesGrowthYoY" : 50.25,
    "grossProfitMargin" : 17.13,
    "grossProfit" : 11.84,
    "operatingProfitMargin" : 9.88,
    "operatingProfit" : 6.83,
    "netProfitMargin" : 2.16,
    "netProfit" : 1.49
  }, {
    "date" : "2021-03-31",
    "sales" : 103.00,
    "salesGrowthYoY" : 84.46,
    "grossProfitMargin" : 13.01,
    "grossProfit" : 13.40,
    "operatingProfitMargin" : 5.92,
    "operatingProfit" : 6.10,
    "netProfitMargin" : 0.24,
    "netProfit" : 0.25
  }, {
    "date" : "2021-06-30",
    "sales" : 73.79,
    "salesGrowthYoY" : 83.83,
    "grossProfitMargin" : 15.27,
    "grossProfit" : 11.27,
    "operatingProfitMargin" : 7.37,
    "operatingProfit" : 5.44,
    "netProfitMargin" : 0.76,
    "netProfit" : 0.56
  }, {
    "date" : "2021-09-30",
    "sales" : 56.35,
    "salesGrowthYoY" : 5.86,
    "grossProfitMargin" : 17.99,
    "grossProfit" : 10.14,
    "operatingProfitMargin" : 8.06,
    "operatingProfit" : 4.54,
    "netProfitMargin" : 0.64,
    "netProfit" : 0.36
  }, {
    "date" : "2021-12-31",
    "sales" : 122.53,
    "salesGrowthYoY" : 77.25,
    "grossProfitMargin" : 15.98,
    "grossProfit" : 19.58,
    "operatingProfitMargin" : 6.24,
    "operatingProfit" : 7.65,
    "netProfitMargin" : -1.31,
    "netProfit" : -1.61
  }, {
    "date" : "2022-03-31",
    "sales" : 59.90,
    "salesGrowthYoY" : -41.84,
    "grossProfitMargin" : 20.18,
    "grossProfit" : 12.09,
    "operatingProfitMargin" : 9.18,
    "operatingProfit" : 5.50,
    "netProfitMargin" : -3.36,
    "netProfit" : -2.01
  }, {
    "date" : "2022-06-30",
    "sales" : 49.24,
    "salesGrowthYoY" : -33.27,
    "grossProfitMargin" : 21.79,
    "grossProfit" : 10.73,
    "operatingProfitMargin" : 11.92,
    "operatingProfit" : 5.87,
    "netProfitMargin" : 0.93,
    "netProfit" : 0.46
  }, {
    "date" : "2022-09-30",
    "sales" : 51.95,
    "salesGrowthYoY" : -7.81,
    "grossProfitMargin" : 22.48,
    "grossProfit" : 11.68,
    "operatingProfitMargin" : 12.59,
    "operatingProfit" : 6.54,
    "netProfitMargin" : -0.23,
    "netProfit" : -0.12
  }, {
    "date" : "2022-12-31",
    "sales" : 78.30,
    "salesGrowthYoY" : -36.10,
    "grossProfitMargin" : 15.48,
    "grossProfit" : 12.12,
    "operatingProfitMargin" : 10.56,
    "operatingProfit" : 8.27,
    "netProfitMargin" : -0.01,
    "netProfit" : -0.01
  }, {
    "date" : "2023-03-31",
    "sales" : 110.43,
    "salesGrowthYoY" : 84.36,
    "grossProfitMargin" : 15.20,
    "grossProfit" : 16.79,
    "operatingProfitMargin" : 4.43,
    "operatingProfit" : 4.89,
    "netProfitMargin" : -0.08,
    "netProfit" : -0.09
  }, {
    "date" : "2023-06-30",
    "sales" : 22.94,
    "salesGrowthYoY" : -53.41,
    "grossProfitMargin" : 47.65,
    "grossProfit" : 10.93,
    "operatingProfitMargin" : 30.38,
    "operatingProfit" : 6.97,
    "netProfitMargin" : 1.39,
    "netProfit" : 0.32
  }, {
    "date" : "2023-09-30",
    "sales" : 22.63,
    "salesGrowthYoY" : -56.44,
    "grossProfitMargin" : 46.18,
    "grossProfit" : 10.45,
    "operatingProfitMargin" : 30.09,
    "operatingProfit" : 6.81,
    "netProfitMargin" : 2.39,
    "netProfit" : 0.54
  }, {
    "date" : "2023-12-31",
    "sales" : 39.06,
    "salesGrowthYoY" : -50.11,
    "grossProfitMargin" : 21.86,
    "grossProfit" : 8.54,
    "operatingProfitMargin" : 12.26,
    "operatingProfit" : 4.79,
    "netProfitMargin" : -0.49,
    "netProfit" : -0.19
  }, {
    "date" : "2024-03-31",
    "sales" : 86.09,
    "salesGrowthYoY" : -22.04,
    "grossProfitMargin" : 9.05,
    "grossProfit" : 7.79,
    "operatingProfitMargin" : 0.86,
    "operatingProfit" : 0.74,
    "netProfitMargin" : 5.09,
    "netProfit" : 4.38
  }, {
    "date" : "2024-06-30",
    "sales" : 17.47,
    "salesGrowthYoY" : -23.84,
    "grossProfitMargin" : 49.11,
    "grossProfit" : 8.58,
    "operatingProfitMargin" : 28.51,
    "operatingProfit" : 4.98,
    "netProfitMargin" : 0.74,
    "netProfit" : 0.13
  }, {
    "date" : "2024-09-30",
    "sales" : 74.61,
    "salesGrowthYoY" : 229.70,
    "grossProfitMargin" : 13.70,
    "grossProfit" : 10.22,
    "operatingProfitMargin" : 7.51,
    "operatingProfit" : 5.60,
    "netProfitMargin" : -1.37,
    "netProfit" : -1.02
  }, {
    "date" : "2024-12-31",
    "sales" : 73.57,
    "salesGrowthYoY" : 88.35,
    "grossProfitMargin" : 19.78,
    "grossProfit" : 14.55,
    "operatingProfitMargin" : 11.40,
    "operatingProfit" : 8.39,
    "netProfitMargin" : 2.37,
    "netProfit" : 1.74
  }, {
    "date" : "2025-03-31",
    "sales" : 90.57,
    "salesGrowthYoY" : 5.20,
    "grossProfitMargin" : 11.96,
    "grossProfit" : 10.83,
    "operatingProfitMargin" : -0.78,
    "operatingProfit" : -0.71,
    "netProfitMargin" : 0.11,
    "netProfit" : 0.10
  }, {
    "date" : "2025-06-30",
    "sales" : 99.83,
    "salesGrowthYoY" : 471.44,
    "grossProfitMargin" : 11.97,
    "grossProfit" : 11.95,
    "operatingProfitMargin" : 6.70,
    "operatingProfit" : 6.69,
    "netProfitMargin" : 0.05,
    "netProfit" : 0.05
  }, {
    "date" : "2025-09-30",
    "sales" : 78.60,
    "salesGrowthYoY" : 5.35,
    "grossProfitMargin" : 15.31,
    "grossProfit" : 12.03,
    "operatingProfitMargin" : 4.38,
    "operatingProfit" : 3.44,
    "netProfitMargin" : 0.18,
    "netProfit" : 0.14
  } ],
  "latestQuarterlyResult" : {
    "date" : "2025-09-30",
    "sales" : 78.60,
    "salesGrowthYoY" : 5.35,
    "grossProfitMargin" : 15.31,
    "grossProfit" : 12.03,
    "operatingProfitMargin" : 4.38,
    "operatingProfit" : 3.44,
    "netProfitMargin" : 0.18,
    "netProfit" : 0.14
  },
  "companyScore" : {
    "priceHigherThanDma50" : 0.00,
    "priceHigherThanDma100" : 5.00,
    "priceHigherThanDma200" : 5.00,
    "dma50HigherThanDma100" : 5.00,
    "dma50HigherThanDma200" : 5.00,
    "dma100HigherThanDma200" : 5.00,
    "pricePercentageAboveDma50" : 6.07,
    "pricePercentageAboveDma100" : 4.75,
    "pricePercentageAboveDma200" : 3.60,
    "weeklyVolumeHigherThanYearlyVolume" : 5.00,
    "salesGrowthPercentile" : 10.40,
    "operatingProfitMarginPercentile" : 18.13,
    "netProfitMarginPercentile" : 6.48,
    "totalTechnicalScore" : 44.42,
    "totalFundamentalScore" : 35.02,
    "totalScore" : 79.44
  }
}