{
  "metadata" : {
    "screenerCompanyId" : "1775",
    "companyCode" : "522101",
    "companyName" : "Kilburn Engg.",
    "screenerCompanyLink" : "https://www.screener.in/company/522101/consolidated/",
    "screenerTechnicalHistoryLink" : "https://www.screener.in/api/company/1775/chart/?q=Price-DMA50-DMA200-Volume&days=365",
    "screenerQuarterlyResultsLink" : "https://www.screener.in/api/company/1775/chart/?q=GPM-OPM-NPM-Quarter+Sales&days=10000",
    "attributes" : {
      "companyCode" : "522101",
      "companyName" : "Kilburn Engg.",
      "marketCap" : 2928.00,
      "peRatio" : 35.00,
      "description" : "Kilburn Engineering Ltd. is engaged in designing, manufacturing and commissioning customized equipment / systems for critical applications in several industrial sectors like Chemical, Steel, Nuclear Power, Petrochemical and Food Processing etc.[1]"
    },
    "companyScore" : {
      "priceHigherThanDma50" : 5.00,
      "priceHigherThanDma100" : 5.00,
      "priceHigherThanDma200" : 5.00,
      "dma50HigherThanDma100" : 5.00,
      "dma50HigherThanDma200" : 5.00,
      "dma100HigherThanDma200" : 5.00,
      "pricePercentageAboveDma50" : 4.94,
      "pricePercentageAboveDma100" : 4.86,
      "pricePercentageAboveDma200" : 4.38,
      "weeklyVolumeHigherThanYearlyVolume" : 0.00,
      "salesGrowthPercentile" : 14.68,
      "operatingProfitMarginPercentile" : 19.04,
      "netProfitMarginPercentile" : 9.04,
      "totalTechnicalScore" : 44.19,
      "totalFundamentalScore" : 42.76,
      "totalScore" : 86.94
    }
  },
  "attributes" : {
    "companyCode" : "522101",
    "companyName" : "Kilburn Engg.",
    "marketCap" : 2928.00,
    "peRatio" : 35.00,
    "description" : "Kilburn Engineering Ltd. is engaged in designing, manufacturing and commissioning customized equipment / systems for critical applications in several industrial sectors like Chemical, Steel, Nuclear Power, Petrochemical and Food Processing etc.[1]"
  },
  "technicalHistory" : [ {
    "date" : "2024-12-13",
    "price" : 465.55,
    "dma50" : 461.80,
    "dma100" : null,
    "dma200" : 402.50,
    "volume" : 219606.00
  }, {
    "date" : "2024-12-16",
    "price" : 465.20,
    "dma50" : 461.93,
    "dma100" : null,
    "dma200" : 403.13,
    "volume" : 62060.00
  }, {
    "date" : "2024-12-17",
    "price" : 479.50,
    "dma50" : 462.62,
    "dma100" : null,
    "dma200" : 403.89,
    "volume" : 187179.00
  }, {
    "date" : "2024-12-18",
    "price" : 481.00,
    "dma50" : 463.34,
    "dma100" : null,
    "dma200" : 404.66,
    "volume" : 402181.00
  }, {
    "date" : "2024-12-19",
    "price" : 487.45,
    "dma50" : 464.28,
    "dma100" : null,
    "dma200" : 405.48,
    "volume" : 243935.00
  }, {
    "date" : "2024-12-20",
    "price" : 478.45,
    "dma50" : 464.84,
    "dma100" : null,
    "dma200" : 406.21,
    "volume" : 54759.00
  }, {
    "date" : "2024-12-23",
    "price" : 467.75,
    "dma50" : 464.95,
    "dma100" : null,
    "dma200" : 406.82,
    "volume" : 41958.00
  }, {
    "date" : "2024-12-24",
    "price" : 467.00,
    "dma50" : 465.03,
    "dma100" : null,
    "dma200" : 407.42,
    "volume" : 41834.00
  }, {
    "date" : "2024-12-26",
    "price" : 468.60,
    "dma50" : 465.17,
    "dma100" : null,
    "dma200" : 408.03,
    "volume" : 64512.00
  }, {
    "date" : "2024-12-27",
    "price" : 471.40,
    "dma50" : 465.42,
    "dma100" : null,
    "dma200" : 408.66,
    "volume" : 42507.00
  }, {
    "date" : "2024-12-30",
    "price" : 473.75,
    "dma50" : 465.74,
    "dma100" : null,
    "dma200" : 409.30,
    "volume" : 70522.00
  }, {
    "date" : "2024-12-31",
    "price" : 479.95,
    "dma50" : 466.30,
    "dma100" : null,
    "dma200" : 410.01,
    "volume" : 104743.00
  }, {
    "date" : "2025-01-01",
    "price" : 484.65,
    "dma50" : 467.02,
    "dma100" : null,
    "dma200" : 410.75,
    "volume" : 86813.00
  }, {
    "date" : "2025-01-02",
    "price" : 487.60,
    "dma50" : 467.83,
    "dma100" : null,
    "dma200" : 411.51,
    "volume" : 91615.00
  }, {
    "date" : "2025-01-03",
    "price" : 481.05,
    "dma50" : 468.35,
    "dma100" : null,
    "dma200" : 412.21,
    "volume" : 100360.00
  }, {
    "date" : "2025-01-06",
    "price" : 463.85,
    "dma50" : 468.17,
    "dma100" : null,
    "dma200" : 412.72,
    "volume" : 63502.00
  }, {
    "date" : "2025-01-07",
    "price" : 467.75,
    "dma50" : 468.15,
    "dma100" : null,
    "dma200" : 413.27,
    "volume" : 41248.00
  }, {
    "date" : "2025-01-08",
    "price" : 475.50,
    "dma50" : 468.44,
    "dma100" : null,
    "dma200" : 413.89,
    "volume" : 40622.00
  }, {
    "date" : "2025-01-09",
    "price" : 466.55,
    "dma50" : 468.37,
    "dma100" : null,
    "dma200" : 414.41,
    "volume" : 38790.00
  }, {
    "date" : "2025-01-10",
    "price" : 459.60,
    "dma50" : 468.02,
    "dma100" : null,
    "dma200" : 414.86,
    "volume" : 52135.00
  }, {
    "date" : "2025-01-13",
    "price" : 438.45,
    "dma50" : 466.86,
    "dma100" : null,
    "dma200" : 415.09,
    "volume" : 90120.00
  }, {
    "date" : "2025-01-14",
    "price" : 451.20,
    "dma50" : 466.25,
    "dma100" : null,
    "dma200" : 415.45,
    "volume" : 80744.00
  }, {
    "date" : "2025-01-15",
    "price" : 454.10,
    "dma50" : 465.77,
    "dma100" : null,
    "dma200" : 415.84,
    "volume" : 50374.00
  }, {
    "date" : "2025-01-16",
    "price" : 469.05,
    "dma50" : 465.90,
    "dma100" : null,
    "dma200" : 416.37,
    "volume" : 58833.00
  }, {
    "date" : "2025-01-17",
    "price" : 463.65,
    "dma50" : 465.81,
    "dma100" : null,
    "dma200" : 416.84,
    "volume" : 31096.00
  }, {
    "date" : "2025-01-20",
    "price" : 470.55,
    "dma50" : 466.00,
    "dma100" : null,
    "dma200" : 417.37,
    "volume" : 31133.00
  }, {
    "date" : "2025-01-21",
    "price" : 460.95,
    "dma50" : 465.80,
    "dma100" : null,
    "dma200" : 417.81,
    "volume" : 150729.00
  }, {
    "date" : "2025-01-22",
    "price" : 451.40,
    "dma50" : 465.24,
    "dma100" : null,
    "dma200" : 418.14,
    "volume" : 56315.00
  }, {
    "date" : "2025-01-23",
    "price" : 448.15,
    "dma50" : 464.57,
    "dma100" : null,
    "dma200" : 418.44,
    "volume" : 194113.00
  }, {
    "date" : "2025-01-24",
    "price" : 434.60,
    "dma50" : 463.39,
    "dma100" : null,
    "dma200" : 418.60,
    "volume" : 58137.00
  }, {
    "date" : "2025-01-27",
    "price" : 403.00,
    "dma50" : 461.02,
    "dma100" : null,
    "dma200" : 418.45,
    "volume" : 115211.00
  }, {
    "date" : "2025-01-28",
    "price" : 383.10,
    "dma50" : 457.97,
    "dma100" : null,
    "dma200" : 418.09,
    "volume" : 139007.00
  }, {
    "date" : "2025-01-29",
    "price" : 397.00,
    "dma50" : 455.58,
    "dma100" : null,
    "dma200" : 417.88,
    "volume" : 47713.00
  }, {
    "date" : "2025-01-30",
    "price" : 390.00,
    "dma50" : 453.00,
    "dma100" : null,
    "dma200" : 417.61,
    "volume" : 79784.00
  }, {
    "date" : "2025-01-31",
    "price" : 403.85,
    "dma50" : 451.08,
    "dma100" : null,
    "dma200" : 417.47,
    "volume" : 41603.00
  }, {
    "date" : "2025-02-01",
    "price" : 405.85,
    "dma50" : 449.30,
    "dma100" : null,
    "dma200" : 417.35,
    "volume" : 29664.00
  }, {
    "date" : "2025-02-03",
    "price" : 395.05,
    "dma50" : 447.18,
    "dma100" : null,
    "dma200" : 417.13,
    "volume" : 26387.00
  }, {
    "date" : "2025-02-04",
    "price" : 415.15,
    "dma50" : 445.92,
    "dma100" : null,
    "dma200" : 417.11,
    "volume" : 31629.00
  }, {
    "date" : "2025-02-05",
    "price" : 405.95,
    "dma50" : 444.35,
    "dma100" : null,
    "dma200" : 417.00,
    "volume" : 62557.00
  }, {
    "date" : "2025-02-06",
    "price" : 404.10,
    "dma50" : 442.77,
    "dma100" : null,
    "dma200" : 416.87,
    "volume" : 20323.00
  }, {
    "date" : "2025-02-07",
    "price" : 398.50,
    "dma50" : 441.04,
    "dma100" : null,
    "dma200" : 416.69,
    "volume" : 41211.00
  }, {
    "date" : "2025-02-10",
    "price" : 387.85,
    "dma50" : 438.95,
    "dma100" : null,
    "dma200" : 416.40,
    "volume" : 45735.00
  }, {
    "date" : "2025-02-11",
    "price" : 365.00,
    "dma50" : 436.05,
    "dma100" : null,
    "dma200" : 415.89,
    "volume" : 71293.00
  }, {
    "date" : "2025-02-12",
    "price" : 396.80,
    "dma50" : 434.51,
    "dma100" : null,
    "dma200" : 415.70,
    "volume" : 148795.00
  }, {
    "date" : "2025-02-13",
    "price" : 406.35,
    "dma50" : 433.41,
    "dma100" : null,
    "dma200" : 415.61,
    "volume" : 69822.00
  }, {
    "date" : "2025-02-14",
    "price" : 397.20,
    "dma50" : 431.99,
    "dma100" : null,
    "dma200" : 415.43,
    "volume" : 131073.00
  }, {
    "date" : "2025-02-17",
    "price" : 387.85,
    "dma50" : 430.26,
    "dma100" : null,
    "dma200" : 415.15,
    "volume" : 97460.00
  }, {
    "date" : "2025-02-18",
    "price" : 386.70,
    "dma50" : 428.55,
    "dma100" : null,
    "dma200" : 414.87,
    "volume" : 86123.00
  }, {
    "date" : "2025-02-19",
    "price" : 386.20,
    "dma50" : 426.89,
    "dma100" : null,
    "dma200" : 414.58,
    "volume" : 75456.00
  }, {
    "date" : "2025-02-20",
    "price" : 387.25,
    "dma50" : 425.33,
    "dma100" : null,
    "dma200" : 414.31,
    "volume" : 74281.00
  }, {
    "date" : "2025-02-21",
    "price" : 386.20,
    "dma50" : 423.80,
    "dma100" : null,
    "dma200" : 414.03,
    "volume" : 34289.00
  }, {
    "date" : "2025-02-24",
    "price" : 384.05,
    "dma50" : 422.24,
    "dma100" : null,
    "dma200" : 413.73,
    "volume" : 33864.00
  }, {
    "date" : "2025-02-25",
    "price" : 392.15,
    "dma50" : 421.06,
    "dma100" : null,
    "dma200" : 413.52,
    "volume" : 59082.00
  }, {
    "date" : "2025-02-27",
    "price" : 384.75,
    "dma50" : 419.64,
    "dma100" : null,
    "dma200" : 413.23,
    "volume" : 54934.00
  }, {
    "date" : "2025-02-28",
    "price" : 376.15,
    "dma50" : 417.93,
    "dma100" : null,
    "dma200" : 412.86,
    "volume" : 48655.00
  }, {
    "date" : "2025-03-03",
    "price" : 357.10,
    "dma50" : 415.55,
    "dma100" : null,
    "dma200" : 412.31,
    "volume" : 133940.00
  }, {
    "date" : "2025-03-04",
    "price" : 371.80,
    "dma50" : 413.83,
    "dma100" : null,
    "dma200" : 411.90,
    "volume" : 28548.00
  }, {
    "date" : "2025-03-05",
    "price" : 369.10,
    "dma50" : 412.08,
    "dma100" : null,
    "dma200" : 411.48,
    "volume" : 41828.00
  }, {
    "date" : "2025-03-06",
    "price" : 369.50,
    "dma50" : 410.41,
    "dma100" : null,
    "dma200" : 411.06,
    "volume" : 89163.00
  }, {
    "date" : "2025-03-07",
    "price" : 365.70,
    "dma50" : 408.65,
    "dma100" : null,
    "dma200" : 410.61,
    "volume" : 76571.00
  }, {
    "date" : "2025-03-10",
    "price" : 351.05,
    "dma50" : 406.39,
    "dma100" : null,
    "dma200" : 410.02,
    "volume" : 83732.00
  }, {
    "date" : "2025-03-11",
    "price" : 347.25,
    "dma50" : 404.07,
    "dma100" : null,
    "dma200" : 409.39,
    "volume" : 111114.00
  }, {
    "date" : "2025-03-12",
    "price" : 343.15,
    "dma50" : 401.69,
    "dma100" : null,
    "dma200" : 408.73,
    "volume" : 63100.00
  }, {
    "date" : "2025-03-13",
    "price" : 359.65,
    "dma50" : 400.04,
    "dma100" : null,
    "dma200" : 408.24,
    "volume" : 111469.00
  }, {
    "date" : "2025-03-17",
    "price" : 356.15,
    "dma50" : 398.32,
    "dma100" : null,
    "dma200" : 407.73,
    "volume" : 255248.00
  }, {
    "date" : "2025-03-18",
    "price" : 378.05,
    "dma50" : 397.52,
    "dma100" : null,
    "dma200" : 407.43,
    "volume" : 136096.00
  }, {
    "date" : "2025-03-19",
    "price" : 382.85,
    "dma50" : 396.95,
    "dma100" : null,
    "dma200" : 407.19,
    "volume" : 112157.00
  }, {
    "date" : "2025-03-20",
    "price" : 382.65,
    "dma50" : 396.39,
    "dma100" : null,
    "dma200" : 406.94,
    "volume" : 47881.00
  }, {
    "date" : "2025-03-21",
    "price" : 402.85,
    "dma50" : 396.64,
    "dma100" : null,
    "dma200" : 406.90,
    "volume" : 330037.00
  }, {
    "date" : "2025-03-24",
    "price" : 418.10,
    "dma50" : 397.48,
    "dma100" : null,
    "dma200" : 407.01,
    "volume" : 105598.00
  }, {
    "date" : "2025-03-25",
    "price" : 404.95,
    "dma50" : 397.77,
    "dma100" : null,
    "dma200" : 406.99,
    "volume" : 374593.00
  }, {
    "date" : "2025-03-26",
    "price" : 403.25,
    "dma50" : 397.99,
    "dma100" : null,
    "dma200" : 406.96,
    "volume" : 327143.00
  }, {
    "date" : "2025-03-27",
    "price" : 400.40,
    "dma50" : 398.08,
    "dma100" : null,
    "dma200" : 406.89,
    "volume" : 48342.00
  }, {
    "date" : "2025-03-28",
    "price" : 406.75,
    "dma50" : 398.42,
    "dma100" : null,
    "dma200" : 406.89,
    "volume" : 82827.00
  }, {
    "date" : "2025-04-01",
    "price" : 408.55,
    "dma50" : 398.82,
    "dma100" : null,
    "dma200" : 406.91,
    "volume" : 23779.00
  }, {
    "date" : "2025-04-02",
    "price" : 409.25,
    "dma50" : 399.23,
    "dma100" : null,
    "dma200" : 406.93,
    "volume" : 301781.00
  }, {
    "date" : "2025-04-03",
    "price" : 405.75,
    "dma50" : 399.48,
    "dma100" : null,
    "dma200" : 406.92,
    "volume" : 51087.00
  }, {
    "date" : "2025-04-04",
    "price" : 393.60,
    "dma50" : 399.25,
    "dma100" : null,
    "dma200" : 406.78,
    "volume" : 119563.00
  }, {
    "date" : "2025-04-07",
    "price" : 369.05,
    "dma50" : 398.07,
    "dma100" : null,
    "dma200" : 406.41,
    "volume" : 144736.00
  }, {
    "date" : "2025-04-08",
    "price" : 381.65,
    "dma50" : 397.43,
    "dma100" : null,
    "dma200" : 406.16,
    "volume" : 36287.00
  }, {
    "date" : "2025-04-09",
    "price" : 386.05,
    "dma50" : 396.98,
    "dma100" : null,
    "dma200" : 405.96,
    "volume" : 57812.00
  }, {
    "date" : "2025-04-11",
    "price" : 390.25,
    "dma50" : 396.72,
    "dma100" : null,
    "dma200" : 405.81,
    "volume" : 39480.00
  }, {
    "date" : "2025-04-15",
    "price" : 392.60,
    "dma50" : 396.55,
    "dma100" : null,
    "dma200" : 405.67,
    "volume" : 330623.00
  }, {
    "date" : "2025-04-16",
    "price" : 403.75,
    "dma50" : 396.84,
    "dma100" : null,
    "dma200" : 405.66,
    "volume" : 161855.00
  }, {
    "date" : "2025-04-17",
    "price" : 403.90,
    "dma50" : 397.11,
    "dma100" : null,
    "dma200" : 405.64,
    "volume" : 54426.00
  }, {
    "date" : "2025-04-21",
    "price" : 403.70,
    "dma50" : 397.37,
    "dma100" : null,
    "dma200" : 405.62,
    "volume" : 193919.00
  }, {
    "date" : "2025-04-22",
    "price" : 411.85,
    "dma50" : 397.94,
    "dma100" : null,
    "dma200" : 405.68,
    "volume" : 295867.00
  }, {
    "date" : "2025-04-23",
    "price" : 407.80,
    "dma50" : 398.33,
    "dma100" : null,
    "dma200" : 405.70,
    "volume" : 309732.00
  }, {
    "date" : "2025-04-24",
    "price" : 405.95,
    "dma50" : 398.63,
    "dma100" : null,
    "dma200" : 405.70,
    "volume" : 526788.00
  }, {
    "date" : "2025-04-25",
    "price" : 396.75,
    "dma50" : 398.55,
    "dma100" : null,
    "dma200" : 405.62,
    "volume" : 268423.00
  }, {
    "date" : "2025-04-28",
    "price" : 414.85,
    "dma50" : 399.19,
    "dma100" : null,
    "dma200" : 405.71,
    "volume" : 340669.00
  }, {
    "date" : "2025-04-29",
    "price" : 421.50,
    "dma50" : 400.07,
    "dma100" : null,
    "dma200" : 405.86,
    "volume" : 94008.00
  }, {
    "date" : "2025-04-30",
    "price" : 414.65,
    "dma50" : 400.64,
    "dma100" : null,
    "dma200" : 405.95,
    "volume" : 88482.00
  }, {
    "date" : "2025-05-02",
    "price" : 408.70,
    "dma50" : 400.95,
    "dma100" : null,
    "dma200" : 405.98,
    "volume" : 29109.00
  }, {
    "date" : "2025-05-05",
    "price" : 407.40,
    "dma50" : 401.21,
    "dma100" : null,
    "dma200" : 405.99,
    "volume" : 34436.00
  }, {
    "date" : "2025-05-06",
    "price" : 386.05,
    "dma50" : 400.61,
    "dma100" : null,
    "dma200" : 405.79,
    "volume" : 101414.00
  }, {
    "date" : "2025-05-07",
    "price" : 395.35,
    "dma50" : 400.41,
    "dma100" : null,
    "dma200" : 405.69,
    "volume" : 46300.00
  }, {
    "date" : "2025-05-08",
    "price" : 395.05,
    "dma50" : 400.20,
    "dma100" : null,
    "dma200" : 405.58,
    "volume" : 41081.00
  }, {
    "date" : "2025-05-09",
    "price" : 385.20,
    "dma50" : 399.61,
    "dma100" : null,
    "dma200" : 405.38,
    "volume" : 37388.00
  }, {
    "date" : "2025-05-12",
    "price" : 415.70,
    "dma50" : 400.24,
    "dma100" : null,
    "dma200" : 405.48,
    "volume" : 94469.00
  }, {
    "date" : "2025-05-13",
    "price" : 407.55,
    "dma50" : 400.53,
    "dma100" : 413.67,
    "dma200" : 405.51,
    "volume" : 71764.00
  }, {
    "date" : "2025-05-14",
    "price" : 403.90,
    "dma50" : 400.66,
    "dma100" : 413.06,
    "dma200" : 405.49,
    "volume" : 134180.00
  }, {
    "date" : "2025-05-15",
    "price" : 405.85,
    "dma50" : 400.86,
    "dma100" : 412.33,
    "dma200" : 405.49,
    "volume" : 258681.00
  }, {
    "date" : "2025-05-16",
    "price" : 418.70,
    "dma50" : 401.56,
    "dma100" : 411.70,
    "dma200" : 405.62,
    "volume" : 232897.00
  }, {
    "date" : "2025-05-19",
    "price" : 422.40,
    "dma50" : 402.38,
    "dma100" : 411.05,
    "dma200" : 405.79,
    "volume" : 84025.00
  }, {
    "date" : "2025-05-20",
    "price" : 416.05,
    "dma50" : 402.91,
    "dma100" : 410.43,
    "dma200" : 405.89,
    "volume" : 80370.00
  }, {
    "date" : "2025-05-21",
    "price" : 407.60,
    "dma50" : 403.10,
    "dma100" : 409.83,
    "dma200" : 405.91,
    "volume" : 285359.00
  }, {
    "date" : "2025-05-22",
    "price" : 401.70,
    "dma50" : 403.04,
    "dma100" : 409.17,
    "dma200" : 405.87,
    "volume" : 232140.00
  }, {
    "date" : "2025-05-23",
    "price" : 397.85,
    "dma50" : 402.84,
    "dma100" : 408.47,
    "dma200" : 405.79,
    "volume" : 82651.00
  }, {
    "date" : "2025-05-26",
    "price" : 393.95,
    "dma50" : 402.49,
    "dma100" : 407.69,
    "dma200" : 405.67,
    "volume" : 50749.00
  }, {
    "date" : "2025-05-27",
    "price" : 394.50,
    "dma50" : 402.18,
    "dma100" : 406.90,
    "dma200" : 405.56,
    "volume" : 314290.00
  }, {
    "date" : "2025-05-28",
    "price" : 393.65,
    "dma50" : 401.84,
    "dma100" : 406.04,
    "dma200" : 405.44,
    "volume" : 221395.00
  }, {
    "date" : "2025-05-29",
    "price" : 395.10,
    "dma50" : 401.58,
    "dma100" : 405.14,
    "dma200" : 405.34,
    "volume" : 160933.00
  }, {
    "date" : "2025-05-30",
    "price" : 393.75,
    "dma50" : 401.27,
    "dma100" : 404.20,
    "dma200" : 405.22,
    "volume" : 190002.00
  }, {
    "date" : "2025-06-02",
    "price" : 398.80,
    "dma50" : 401.17,
    "dma100" : 403.38,
    "dma200" : 405.16,
    "volume" : 251684.00
  }, {
    "date" : "2025-06-03",
    "price" : 404.20,
    "dma50" : 401.29,
    "dma100" : 402.78,
    "dma200" : 405.15,
    "volume" : 431742.00
  }, {
    "date" : "2025-06-04",
    "price" : 406.00,
    "dma50" : 401.48,
    "dma100" : 402.17,
    "dma200" : 405.16,
    "volume" : 339114.00
  }, {
    "date" : "2025-06-05",
    "price" : 410.05,
    "dma50" : 401.81,
    "dma100" : 401.51,
    "dma200" : 405.21,
    "volume" : 240852.00
  }, {
    "date" : "2025-06-06",
    "price" : 421.40,
    "dma50" : 402.58,
    "dma100" : 401.06,
    "dma200" : 405.37,
    "volume" : 262931.00
  }, {
    "date" : "2025-06-09",
    "price" : 426.35,
    "dma50" : 403.51,
    "dma100" : 400.73,
    "dma200" : 405.58,
    "volume" : 282038.00
  }, {
    "date" : "2025-06-10",
    "price" : 425.65,
    "dma50" : 404.38,
    "dma100" : 400.60,
    "dma200" : 405.78,
    "volume" : 695608.00
  }, {
    "date" : "2025-06-11",
    "price" : 424.45,
    "dma50" : 405.17,
    "dma100" : 400.33,
    "dma200" : 405.96,
    "volume" : 311872.00
  }, {
    "date" : "2025-06-12",
    "price" : 421.10,
    "dma50" : 405.79,
    "dma100" : 400.00,
    "dma200" : 406.11,
    "volume" : 178556.00
  }, {
    "date" : "2025-06-13",
    "price" : 424.05,
    "dma50" : 406.51,
    "dma100" : 399.55,
    "dma200" : 406.29,
    "volume" : 173518.00
  }, {
    "date" : "2025-06-16",
    "price" : 423.60,
    "dma50" : 407.18,
    "dma100" : 399.15,
    "dma200" : 406.46,
    "volume" : 91663.00
  }, {
    "date" : "2025-06-17",
    "price" : 426.70,
    "dma50" : 407.95,
    "dma100" : 398.71,
    "dma200" : 406.66,
    "volume" : 150181.00
  }, {
    "date" : "2025-06-18",
    "price" : 434.95,
    "dma50" : 409.00,
    "dma100" : 398.45,
    "dma200" : 406.95,
    "volume" : 320877.00
  }, {
    "date" : "2025-06-19",
    "price" : 436.30,
    "dma50" : 410.08,
    "dma100" : 398.30,
    "dma200" : 407.24,
    "volume" : 130273.00
  }, {
    "date" : "2025-06-20",
    "price" : 441.75,
    "dma50" : 411.32,
    "dma100" : 398.24,
    "dma200" : 407.58,
    "volume" : 160795.00
  }, {
    "date" : "2025-06-23",
    "price" : 439.45,
    "dma50" : 412.42,
    "dma100" : 398.29,
    "dma200" : 407.90,
    "volume" : 51120.00
  }, {
    "date" : "2025-06-24",
    "price" : 441.70,
    "dma50" : 413.57,
    "dma100" : 398.67,
    "dma200" : 408.24,
    "volume" : 118682.00
  }, {
    "date" : "2025-06-25",
    "price" : 439.65,
    "dma50" : 414.59,
    "dma100" : 399.24,
    "dma200" : 408.55,
    "volume" : 63198.00
  }, {
    "date" : "2025-06-26",
    "price" : 447.75,
    "dma50" : 415.89,
    "dma100" : 399.75,
    "dma200" : 408.94,
    "volume" : 62022.00
  }, {
    "date" : "2025-06-27",
    "price" : 449.95,
    "dma50" : 417.23,
    "dma100" : 400.35,
    "dma200" : 409.35,
    "volume" : 40025.00
  }, {
    "date" : "2025-06-30",
    "price" : 442.65,
    "dma50" : 418.22,
    "dma100" : 400.73,
    "dma200" : 409.68,
    "volume" : 82260.00
  }, {
    "date" : "2025-07-01",
    "price" : 448.95,
    "dma50" : 419.43,
    "dma100" : 401.16,
    "dma200" : 410.07,
    "volume" : 603378.00
  }, {
    "date" : "2025-07-02",
    "price" : 451.25,
    "dma50" : 420.68,
    "dma100" : 401.73,
    "dma200" : 410.48,
    "volume" : 107965.00
  }, {
    "date" : "2025-07-03",
    "price" : 470.05,
    "dma50" : 422.61,
    "dma100" : 402.28,
    "dma200" : 411.07,
    "volume" : 201253.00
  }, {
    "date" : "2025-07-04",
    "price" : 466.95,
    "dma50" : 424.35,
    "dma100" : 402.89,
    "dma200" : 411.63,
    "volume" : 53738.00
  }, {
    "date" : "2025-07-07",
    "price" : 455.95,
    "dma50" : 425.59,
    "dma100" : 403.40,
    "dma200" : 412.07,
    "volume" : 283861.00
  }, {
    "date" : "2025-07-08",
    "price" : 466.45,
    "dma50" : 427.19,
    "dma100" : 404.08,
    "dma200" : 412.61,
    "volume" : 149310.00
  }, {
    "date" : "2025-07-09",
    "price" : 482.80,
    "dma50" : 429.37,
    "dma100" : 405.03,
    "dma200" : 413.31,
    "volume" : 228105.00
  }, {
    "date" : "2025-07-10",
    "price" : 485.65,
    "dma50" : 431.58,
    "dma100" : 406.24,
    "dma200" : 414.03,
    "volume" : 120961.00
  }, {
    "date" : "2025-07-11",
    "price" : 482.00,
    "dma50" : 433.56,
    "dma100" : 407.09,
    "dma200" : 414.70,
    "volume" : 34689.00
  }, {
    "date" : "2025-07-14",
    "price" : 489.90,
    "dma50" : 435.77,
    "dma100" : 407.93,
    "dma200" : 415.45,
    "volume" : 124814.00
  }, {
    "date" : "2025-07-15",
    "price" : 494.30,
    "dma50" : 438.06,
    "dma100" : 408.90,
    "dma200" : 416.24,
    "volume" : 351120.00
  }, {
    "date" : "2025-07-16",
    "price" : 486.20,
    "dma50" : 439.95,
    "dma100" : 409.88,
    "dma200" : 416.93,
    "volume" : 136371.00
  }, {
    "date" : "2025-07-17",
    "price" : 487.80,
    "dma50" : 441.83,
    "dma100" : 410.89,
    "dma200" : 417.64,
    "volume" : 289717.00
  }, {
    "date" : "2025-07-18",
    "price" : 486.45,
    "dma50" : 443.58,
    "dma100" : 411.89,
    "dma200" : 418.32,
    "volume" : 220146.00
  }, {
    "date" : "2025-07-21",
    "price" : 490.65,
    "dma50" : 445.42,
    "dma100" : 412.93,
    "dma200" : 419.04,
    "volume" : 36119.00
  }, {
    "date" : "2025-07-22",
    "price" : 514.35,
    "dma50" : 448.13,
    "dma100" : 414.21,
    "dma200" : 419.99,
    "volume" : 224523.00
  }, {
    "date" : "2025-07-23",
    "price" : 516.55,
    "dma50" : 450.81,
    "dma100" : 415.54,
    "dma200" : 420.95,
    "volume" : 142594.00
  }, {
    "date" : "2025-07-24",
    "price" : 525.70,
    "dma50" : 453.75,
    "dma100" : 416.87,
    "dma200" : 421.99,
    "volume" : 2035899.00
  }, {
    "date" : "2025-07-25",
    "price" : 532.25,
    "dma50" : 456.82,
    "dma100" : 418.35,
    "dma200" : 423.09,
    "volume" : 478505.00
  }, {
    "date" : "2025-07-28",
    "price" : 519.80,
    "dma50" : 459.29,
    "dma100" : 419.78,
    "dma200" : 424.05,
    "volume" : 249035.00
  }, {
    "date" : "2025-07-29",
    "price" : 507.60,
    "dma50" : 461.19,
    "dma100" : 421.29,
    "dma200" : 424.88,
    "volume" : 150285.00
  }, {
    "date" : "2025-07-30",
    "price" : 519.70,
    "dma50" : 463.48,
    "dma100" : 422.77,
    "dma200" : 425.83,
    "volume" : 81737.00
  }, {
    "date" : "2025-07-31",
    "price" : 525.20,
    "dma50" : 465.90,
    "dma100" : 424.33,
    "dma200" : 426.82,
    "volume" : 60428.00
  }, {
    "date" : "2025-08-01",
    "price" : 519.55,
    "dma50" : 468.01,
    "dma100" : 425.83,
    "dma200" : 427.74,
    "volume" : 68227.00
  }, {
    "date" : "2025-08-04",
    "price" : 540.45,
    "dma50" : 470.85,
    "dma100" : 427.58,
    "dma200" : 428.86,
    "volume" : 131908.00
  }, {
    "date" : "2025-08-05",
    "price" : 541.25,
    "dma50" : 473.61,
    "dma100" : 429.48,
    "dma200" : 429.98,
    "volume" : 173133.00
  }, {
    "date" : "2025-08-06",
    "price" : 537.55,
    "dma50" : 476.12,
    "dma100" : 431.38,
    "dma200" : 431.05,
    "volume" : 252259.00
  }, {
    "date" : "2025-08-07",
    "price" : 541.65,
    "dma50" : 478.69,
    "dma100" : 433.37,
    "dma200" : 432.15,
    "volume" : 364054.00
  }, {
    "date" : "2025-08-08",
    "price" : 531.85,
    "dma50" : 480.77,
    "dma100" : 435.09,
    "dma200" : 433.14,
    "volume" : 157846.00
  }, {
    "date" : "2025-08-11",
    "price" : 524.90,
    "dma50" : 482.50,
    "dma100" : 436.77,
    "dma200" : 434.05,
    "volume" : 594161.00
  }, {
    "date" : "2025-08-12",
    "price" : 540.30,
    "dma50" : 484.77,
    "dma100" : 438.40,
    "dma200" : 435.11,
    "volume" : 143299.00
  }, {
    "date" : "2025-08-13",
    "price" : 543.65,
    "dma50" : 487.08,
    "dma100" : 440.01,
    "dma200" : 436.19,
    "volume" : 115212.00
  }, {
    "date" : "2025-08-14",
    "price" : 545.40,
    "dma50" : 489.36,
    "dma100" : 441.63,
    "dma200" : 437.28,
    "volume" : 318918.00
  }, {
    "date" : "2025-08-18",
    "price" : 545.00,
    "dma50" : 491.55,
    "dma100" : 443.05,
    "dma200" : 438.35,
    "volume" : 265497.00
  }, {
    "date" : "2025-08-19",
    "price" : 554.70,
    "dma50" : 494.02,
    "dma100" : 444.42,
    "dma200" : 439.51,
    "volume" : 164040.00
  }, {
    "date" : "2025-08-20",
    "price" : 558.75,
    "dma50" : 496.56,
    "dma100" : 445.96,
    "dma200" : 440.69,
    "volume" : 319790.00
  }, {
    "date" : "2025-08-21",
    "price" : 568.75,
    "dma50" : 499.39,
    "dma100" : 447.61,
    "dma200" : 441.97,
    "volume" : 357376.00
  }, {
    "date" : "2025-08-22",
    "price" : 568.95,
    "dma50" : 502.12,
    "dma100" : 449.30,
    "dma200" : 443.23,
    "volume" : 379746.00
  }, {
    "date" : "2025-08-25",
    "price" : 570.15,
    "dma50" : 504.79,
    "dma100" : 450.93,
    "dma200" : 444.50,
    "volume" : 235156.00
  }, {
    "date" : "2025-08-26",
    "price" : 559.00,
    "dma50" : 506.91,
    "dma100" : 452.44,
    "dma200" : 445.63,
    "volume" : 278044.00
  }, {
    "date" : "2025-08-28",
    "price" : 556.95,
    "dma50" : 508.88,
    "dma100" : 453.91,
    "dma200" : 446.74,
    "volume" : 39030.00
  }, {
    "date" : "2025-08-29",
    "price" : 554.95,
    "dma50" : 510.68,
    "dma100" : 455.41,
    "dma200" : 447.82,
    "volume" : 54618.00
  }, {
    "date" : "2025-09-01",
    "price" : 550.95,
    "dma50" : 512.26,
    "dma100" : 456.98,
    "dma200" : 448.84,
    "volume" : 74297.00
  }, {
    "date" : "2025-09-02",
    "price" : 548.85,
    "dma50" : 513.70,
    "dma100" : 458.78,
    "dma200" : 449.84,
    "volume" : 52748.00
  }, {
    "date" : "2025-09-03",
    "price" : 546.10,
    "dma50" : 514.97,
    "dma100" : 460.42,
    "dma200" : 450.80,
    "volume" : 29142.00
  }, {
    "date" : "2025-09-04",
    "price" : 545.45,
    "dma50" : 516.16,
    "dma100" : 462.02,
    "dma200" : 451.74,
    "volume" : 90896.00
  }, {
    "date" : "2025-09-05",
    "price" : 545.00,
    "dma50" : 517.29,
    "dma100" : 463.56,
    "dma200" : 452.67,
    "volume" : 185434.00
  }, {
    "date" : "2025-09-08",
    "price" : 540.40,
    "dma50" : 518.20,
    "dma100" : 465.04,
    "dma200" : 453.54,
    "volume" : 115656.00
  }, {
    "date" : "2025-09-09",
    "price" : 542.95,
    "dma50" : 519.17,
    "dma100" : 466.43,
    "dma200" : 454.43,
    "volume" : 29318.00
  }, {
    "date" : "2025-09-10",
    "price" : 542.05,
    "dma50" : 520.07,
    "dma100" : 467.82,
    "dma200" : 455.30,
    "volume" : 124975.00
  }, {
    "date" : "2025-09-11",
    "price" : 542.30,
    "dma50" : 520.94,
    "dma100" : 469.20,
    "dma200" : 456.17,
    "volume" : 64851.00
  }, {
    "date" : "2025-09-12",
    "price" : 540.00,
    "dma50" : 521.69,
    "dma100" : 470.48,
    "dma200" : 457.00,
    "volume" : 43902.00
  }, {
    "date" : "2025-09-15",
    "price" : 539.75,
    "dma50" : 522.40,
    "dma100" : 471.80,
    "dma200" : 457.83,
    "volume" : 43363.00
  }, {
    "date" : "2025-09-16",
    "price" : 540.25,
    "dma50" : 523.10,
    "dma100" : 473.15,
    "dma200" : 458.65,
    "volume" : 21004.00
  }, {
    "date" : "2025-09-17",
    "price" : 539.95,
    "dma50" : 523.76,
    "dma100" : 474.58,
    "dma200" : 459.45,
    "volume" : 16938.00
  }, {
    "date" : "2025-09-18",
    "price" : 541.95,
    "dma50" : 524.47,
    "dma100" : 475.85,
    "dma200" : 460.28,
    "volume" : 65030.00
  }, {
    "date" : "2025-09-19",
    "price" : 552.85,
    "dma50" : 525.58,
    "dma100" : 477.16,
    "dma200" : 461.20,
    "volume" : 55161.00
  }, {
    "date" : "2025-09-22",
    "price" : 554.05,
    "dma50" : 526.70,
    "dma100" : 478.56,
    "dma200" : 462.12,
    "volume" : 30137.00
  }, {
    "date" : "2025-09-23",
    "price" : 550.65,
    "dma50" : 527.64,
    "dma100" : 479.98,
    "dma200" : 463.00,
    "volume" : 120241.00
  }, {
    "date" : "2025-09-24",
    "price" : 553.05,
    "dma50" : 528.64,
    "dma100" : 481.43,
    "dma200" : 463.90,
    "volume" : 52077.00
  }, {
    "date" : "2025-09-25",
    "price" : 566.25,
    "dma50" : 530.11,
    "dma100" : 483.23,
    "dma200" : 464.92,
    "volume" : 298939.00
  }, {
    "date" : "2025-09-26",
    "price" : 559.85,
    "dma50" : 531.28,
    "dma100" : 484.88,
    "dma200" : 465.86,
    "volume" : 36048.00
  }, {
    "date" : "2025-09-29",
    "price" : 579.55,
    "dma50" : 533.17,
    "dma100" : 486.72,
    "dma200" : 466.99,
    "volume" : 54349.00
  }, {
    "date" : "2025-09-30",
    "price" : 590.05,
    "dma50" : 535.40,
    "dma100" : 488.77,
    "dma200" : 468.22,
    "volume" : 157983.00
  }, {
    "date" : "2025-10-01",
    "price" : 574.70,
    "dma50" : 536.94,
    "dma100" : 490.36,
    "dma200" : 469.28,
    "volume" : 48949.00
  }, {
    "date" : "2025-10-03",
    "price" : 569.60,
    "dma50" : 538.22,
    "dma100" : 491.98,
    "dma200" : 470.27,
    "volume" : 41745.00
  }, {
    "date" : "2025-10-06",
    "price" : 560.90,
    "dma50" : 539.11,
    "dma100" : 493.55,
    "dma200" : 471.18,
    "volume" : 25599.00
  }, {
    "date" : "2025-10-07",
    "price" : 566.00,
    "dma50" : 540.17,
    "dma100" : 495.15,
    "dma200" : 472.12,
    "volume" : 31097.00
  }, {
    "date" : "2025-10-08",
    "price" : 564.90,
    "dma50" : 541.14,
    "dma100" : 496.62,
    "dma200" : 473.04,
    "volume" : 29343.00
  }, {
    "date" : "2025-10-09",
    "price" : 566.85,
    "dma50" : 542.14,
    "dma100" : 498.06,
    "dma200" : 473.98,
    "volume" : 47242.00
  }, {
    "date" : "2025-10-10",
    "price" : 558.05,
    "dma50" : 542.77,
    "dma100" : 499.48,
    "dma200" : 474.81,
    "volume" : 232585.00
  }, {
    "date" : "2025-10-13",
    "price" : 558.70,
    "dma50" : 543.39,
    "dma100" : 500.99,
    "dma200" : 475.65,
    "volume" : 19382.00
  }, {
    "date" : "2025-10-14",
    "price" : 539.95,
    "dma50" : 543.26,
    "dma100" : 502.37,
    "dma200" : 476.29,
    "volume" : 117027.00
  }, {
    "date" : "2025-10-15",
    "price" : 554.10,
    "dma50" : 543.68,
    "dma100" : 503.94,
    "dma200" : 477.06,
    "volume" : 29633.00
  }, {
    "date" : "2025-10-16",
    "price" : 551.50,
    "dma50" : 543.99,
    "dma100" : 505.51,
    "dma200" : 477.80,
    "volume" : 39629.00
  }, {
    "date" : "2025-10-17",
    "price" : 555.35,
    "dma50" : 544.43,
    "dma100" : 507.12,
    "dma200" : 478.57,
    "volume" : 37055.00
  }, {
    "date" : "2025-10-20",
    "price" : 561.50,
    "dma50" : 545.10,
    "dma100" : 508.80,
    "dma200" : 479.40,
    "volume" : 58073.00
  }, {
    "date" : "2025-10-21",
    "price" : 565.60,
    "dma50" : 545.91,
    "dma100" : 510.50,
    "dma200" : 480.26,
    "volume" : 13894.00
  }, {
    "date" : "2025-10-23",
    "price" : 560.90,
    "dma50" : 546.50,
    "dma100" : 512.18,
    "dma200" : 481.06,
    "volume" : 19746.00
  }, {
    "date" : "2025-10-24",
    "price" : 558.35,
    "dma50" : 546.96,
    "dma100" : 513.77,
    "dma200" : 481.83,
    "volume" : 59940.00
  }, {
    "date" : "2025-10-27",
    "price" : 561.90,
    "dma50" : 547.55,
    "dma100" : 515.35,
    "dma200" : 482.62,
    "volume" : 29487.00
  }, {
    "date" : "2025-10-28",
    "price" : 564.45,
    "dma50" : 548.21,
    "dma100" : 516.93,
    "dma200" : 483.44,
    "volume" : 27125.00
  }, {
    "date" : "2025-10-29",
    "price" : 559.30,
    "dma50" : 548.64,
    "dma100" : 518.43,
    "dma200" : 484.19,
    "volume" : 20948.00
  }, {
    "date" : "2025-10-30",
    "price" : 556.05,
    "dma50" : 548.93,
    "dma100" : 519.77,
    "dma200" : 484.91,
    "volume" : 13748.00
  }, {
    "date" : "2025-10-31",
    "price" : 552.80,
    "dma50" : 549.09,
    "dma100" : 521.04,
    "dma200" : 485.58,
    "volume" : 24283.00
  }, {
    "date" : "2025-11-03",
    "price" : 548.55,
    "dma50" : 549.07,
    "dma100" : 522.27,
    "dma200" : 486.21,
    "volume" : 17258.00
  }, {
    "date" : "2025-11-04",
    "price" : 558.60,
    "dma50" : 549.44,
    "dma100" : 523.61,
    "dma200" : 486.93,
    "volume" : 16272.00
  }, {
    "date" : "2025-11-06",
    "price" : 545.80,
    "dma50" : 549.30,
    "dma100" : 524.85,
    "dma200" : 487.52,
    "volume" : 68461.00
  }, {
    "date" : "2025-11-07",
    "price" : 552.45,
    "dma50" : 549.42,
    "dma100" : 526.14,
    "dma200" : 488.16,
    "volume" : 29631.00
  }, {
    "date" : "2025-11-10",
    "price" : 552.55,
    "dma50" : 549.54,
    "dma100" : 527.43,
    "dma200" : 488.80,
    "volume" : 42259.00
  }, {
    "date" : "2025-11-11",
    "price" : 554.70,
    "dma50" : 549.75,
    "dma100" : 528.71,
    "dma200" : 489.46,
    "volume" : 47732.00
  }, {
    "date" : "2025-11-12",
    "price" : 566.10,
    "dma50" : 550.39,
    "dma100" : 530.02,
    "dma200" : 490.22,
    "volume" : 346268.00
  }, {
    "date" : "2025-11-13",
    "price" : 567.50,
    "dma50" : 551.06,
    "dma100" : 531.33,
    "dma200" : 490.99,
    "volume" : 112179.00
  }, {
    "date" : "2025-11-14",
    "price" : 572.70,
    "dma50" : 551.91,
    "dma100" : 532.64,
    "dma200" : 491.80,
    "volume" : 75479.00
  }, {
    "date" : "2025-11-17",
    "price" : 570.40,
    "dma50" : 552.63,
    "dma100" : 533.95,
    "dma200" : 492.59,
    "volume" : 38484.00
  }, {
    "date" : "2025-11-18",
    "price" : 569.60,
    "dma50" : 553.30,
    "dma100" : 535.23,
    "dma200" : 493.35,
    "volume" : 191257.00
  }, {
    "date" : "2025-11-19",
    "price" : 570.05,
    "dma50" : 553.95,
    "dma100" : 536.53,
    "dma200" : 494.12,
    "volume" : 78800.00
  }, {
    "date" : "2025-11-20",
    "price" : 576.50,
    "dma50" : 554.84,
    "dma100" : 537.82,
    "dma200" : 494.93,
    "volume" : 72989.00
  }, {
    "date" : "2025-11-21",
    "price" : 570.55,
    "dma50" : 555.45,
    "dma100" : 539.03,
    "dma200" : 495.69,
    "volume" : 26923.00
  }, {
    "date" : "2025-11-24",
    "price" : 558.90,
    "dma50" : 555.59,
    "dma100" : 540.19,
    "dma200" : 496.32,
    "volume" : 44921.00
  }, {
    "date" : "2025-11-25",
    "price" : 570.35,
    "dma50" : 556.17,
    "dma100" : 541.40,
    "dma200" : 497.05,
    "volume" : 60507.00
  }, {
    "date" : "2025-11-26",
    "price" : 593.05,
    "dma50" : 557.61,
    "dma100" : 542.82,
    "dma200" : 498.01,
    "volume" : 279506.00
  }, {
    "date" : "2025-11-27",
    "price" : 590.85,
    "dma50" : 558.92,
    "dma100" : 544.03,
    "dma200" : 498.93,
    "volume" : 142952.00
  }, {
    "date" : "2025-11-28",
    "price" : 590.75,
    "dma50" : 560.17,
    "dma100" : 545.27,
    "dma200" : 499.85,
    "volume" : 60052.00
  }, {
    "date" : "2025-12-01",
    "price" : 592.10,
    "dma50" : 561.42,
    "dma100" : 546.63,
    "dma200" : 500.76,
    "volume" : 29047.00
  }, {
    "date" : "2025-12-02",
    "price" : 584.50,
    "dma50" : 562.32,
    "dma100" : 547.81,
    "dma200" : 501.60,
    "volume" : 100350.00
  }, {
    "date" : "2025-12-03",
    "price" : 582.05,
    "dma50" : 563.10,
    "dma100" : 548.80,
    "dma200" : 502.40,
    "volume" : 142552.00
  }, {
    "date" : "2025-12-04",
    "price" : 575.55,
    "dma50" : 563.59,
    "dma100" : 549.70,
    "dma200" : 503.13,
    "volume" : 67315.00
  }, {
    "date" : "2025-12-05",
    "price" : 571.15,
    "dma50" : 563.88,
    "dma100" : 550.59,
    "dma200" : 503.80,
    "volume" : 49252.00
  }, {
    "date" : "2025-12-08",
    "price" : 547.00,
    "dma50" : 563.22,
    "dma100" : 551.16,
    "dma200" : 504.23,
    "volume" : 66711.00
  }, {
    "date" : "2025-12-09",
    "price" : 555.85,
    "dma50" : 562.93,
    "dma100" : 551.78,
    "dma200" : 504.75,
    "volume" : 63013.00
  }, {
    "date" : "2025-12-10",
    "price" : 554.75,
    "dma50" : 562.61,
    "dma100" : 552.46,
    "dma200" : 505.24,
    "volume" : 16465.00
  }, {
    "date" : "2025-12-11",
    "price" : 567.45,
    "dma50" : 562.80,
    "dma100" : 553.26,
    "dma200" : 505.86,
    "volume" : 50007.00
  }, {
    "date" : "2025-12-12",
    "price" : 569.30,
    "dma50" : 563.06,
    "dma100" : 554.09,
    "dma200" : 506.49,
    "volume" : 20060.00
  } ],
  "latestTechnicalAttributes" : {
    "date" : "2025-12-12",
    "price" : 569.30,
    "dma50" : 563.06,
    "dma100" : 554.09,
    "dma200" : 506.49,
    "volume" : 20060.00
  },
  "quarterlyResults" : [ {
    "date" : "2005-03-31",
    "sales" : 14.50,
    "salesGrowthYoY" : null,
    "grossProfitMargin" : 40.62,
    "grossProfit" : 5.89,
    "operatingProfitMargin" : 16.97,
    "operatingProfit" : 2.46,
    "netProfitMargin" : 14.28,
    "netProfit" : 2.07
  }, {
    "date" : "2005-06-30",
    "sales" : 8.94,
    "salesGrowthYoY" : null,
    "grossProfitMargin" : 61.52,
    "grossProfit" : 5.50,
    "operatingProfitMargin" : 14.88,
    "operatingProfit" : 1.33,
    "netProfitMargin" : 9.28,
    "netProfit" : 0.83
  }, {
    "date" : "2005-09-30",
    "sales" : 10.37,
    "salesGrowthYoY" : null,
    "grossProfitMargin" : 32.11,
    "grossProfit" : 3.33,
    "operatingProfitMargin" : 6.46,
    "operatingProfit" : 0.67,
    "netProfitMargin" : 3.57,
    "netProfit" : 0.37
  }, {
    "date" : "2005-12-31",
    "sales" : 4.91,
    "salesGrowthYoY" : null,
    "grossProfitMargin" : 78.62,
    "grossProfit" : 3.86,
    "operatingProfitMargin" : 16.70,
    "operatingProfit" : 0.82,
    "netProfitMargin" : 8.35,
    "netProfit" : 0.41
  }, {
    "date" : "2006-03-31",
    "sales" : 16.30,
    "salesGrowthYoY" : 12.41,
    "grossProfitMargin" : 38.59,
    "grossProfit" : 6.29,
    "operatingProfitMargin" : 13.37,
    "operatingProfit" : 2.18,
    "netProfitMargin" : 76.38,
    "netProfit" : 12.45
  }, {
    "date" : "2006-06-30",
    "sales" : 9.29,
    "salesGrowthYoY" : 3.91,
    "grossProfitMargin" : 51.78,
    "grossProfit" : 4.81,
    "operatingProfitMargin" : 4.95,
    "operatingProfit" : 0.46,
    "netProfitMargin" : 4.84,
    "netProfit" : 0.45
  }, {
    "date" : "2006-09-30",
    "sales" : 11.51,
    "salesGrowthYoY" : 10.99,
    "grossProfitMargin" : 65.16,
    "grossProfit" : 7.50,
    "operatingProfitMargin" : 13.47,
    "operatingProfit" : 1.55,
    "netProfitMargin" : 7.91,
    "netProfit" : 0.91
  }, {
    "date" : "2006-12-31",
    "sales" : 13.17,
    "salesGrowthYoY" : 168.23,
    "grossProfitMargin" : 52.70,
    "grossProfit" : 6.94,
    "operatingProfitMargin" : 13.90,
    "operatingProfit" : 1.83,
    "netProfitMargin" : 9.57,
    "netProfit" : 1.26
  }, {
    "date" : "2007-03-31",
    "sales" : 30.17,
    "salesGrowthYoY" : 85.09,
    "grossProfitMargin" : 30.00,
    "grossProfit" : 9.05,
    "operatingProfitMargin" : 0.70,
    "operatingProfit" : 0.21,
    "netProfitMargin" : 1.13,
    "netProfit" : 0.34
  }, {
    "date" : "2007-06-30",
    "sales" : 13.70,
    "salesGrowthYoY" : 47.47,
    "grossProfitMargin" : 37.08,
    "grossProfit" : 5.08,
    "operatingProfitMargin" : 3.36,
    "operatingProfit" : 0.46,
    "netProfitMargin" : 1.82,
    "netProfit" : 0.25
  }, {
    "date" : "2007-09-30",
    "sales" : 11.46,
    "salesGrowthYoY" : -0.43,
    "grossProfitMargin" : 52.62,
    "grossProfit" : 6.03,
    "operatingProfitMargin" : 1.48,
    "operatingProfit" : 0.17,
    "netProfitMargin" : 1.31,
    "netProfit" : 0.15
  }, {
    "date" : "2007-12-31",
    "sales" : 19.76,
    "salesGrowthYoY" : 50.04,
    "grossProfitMargin" : 45.60,
    "grossProfit" : 9.01,
    "operatingProfitMargin" : 5.31,
    "operatingProfit" : 1.05,
    "netProfitMargin" : 7.59,
    "netProfit" : 1.50
  }, {
    "date" : "2008-03-31",
    "sales" : 28.14,
    "salesGrowthYoY" : -6.73,
    "grossProfitMargin" : 43.99,
    "grossProfit" : 12.38,
    "operatingProfitMargin" : 12.90,
    "operatingProfit" : 3.63,
    "netProfitMargin" : 4.55,
    "netProfit" : 1.28
  }, {
    "date" : "2008-06-30",
    "sales" : 3.74,
    "salesGrowthYoY" : -72.70,
    "grossProfitMargin" : 103.48,
    "grossProfit" : 3.87,
    "operatingProfitMargin" : 22.73,
    "operatingProfit" : 0.85,
    "netProfitMargin" : 55.08,
    "netProfit" : 2.06
  }, {
    "date" : "2008-09-30",
    "sales" : 34.27,
    "salesGrowthYoY" : 199.04,
    "grossProfitMargin" : 38.69,
    "grossProfit" : 13.26,
    "operatingProfitMargin" : 17.45,
    "operatingProfit" : 5.98,
    "netProfitMargin" : 7.06,
    "netProfit" : 2.42
  }, {
    "date" : "2008-12-31",
    "sales" : 25.10,
    "salesGrowthYoY" : 27.02,
    "grossProfitMargin" : 51.83,
    "grossProfit" : 13.01,
    "operatingProfitMargin" : 8.88,
    "operatingProfit" : 2.23,
    "netProfitMargin" : 1.59,
    "netProfit" : 0.40
  }, {
    "date" : "2009-03-31",
    "sales" : 23.97,
    "salesGrowthYoY" : -14.82,
    "grossProfitMargin" : 46.43,
    "grossProfit" : 11.13,
    "operatingProfitMargin" : 12.81,
    "operatingProfit" : 3.07,
    "netProfitMargin" : 10.68,
    "netProfit" : 2.56
  }, {
    "date" : "2009-06-30",
    "sales" : 26.54,
    "salesGrowthYoY" : 609.63,
    "grossProfitMargin" : 52.68,
    "grossProfit" : 13.98,
    "operatingProfitMargin" : 16.09,
    "operatingProfit" : 4.27,
    "netProfitMargin" : 10.32,
    "netProfit" : 2.74
  }, {
    "date" : "2009-09-30",
    "sales" : 11.47,
    "salesGrowthYoY" : -66.53,
    "grossProfitMargin" : 67.57,
    "grossProfit" : 7.75,
    "operatingProfitMargin" : 13.16,
    "operatingProfit" : 1.51,
    "netProfitMargin" : 16.22,
    "netProfit" : 1.86
  }, {
    "date" : "2009-12-31",
    "sales" : 13.74,
    "salesGrowthYoY" : -45.26,
    "grossProfitMargin" : 66.59,
    "grossProfit" : 9.15,
    "operatingProfitMargin" : -3.20,
    "operatingProfit" : -0.44,
    "netProfitMargin" : 1.16,
    "netProfit" : 0.16
  }, {
    "date" : "2010-03-31",
    "sales" : 36.75,
    "salesGrowthYoY" : 53.32,
    "grossProfitMargin" : 30.78,
    "grossProfit" : 11.31,
    "operatingProfitMargin" : 9.47,
    "operatingProfit" : 3.48,
    "netProfitMargin" : 7.21,
    "netProfit" : 2.65
  }, {
    "date" : "2010-06-30",
    "sales" : 17.10,
    "salesGrowthYoY" : -35.57,
    "grossProfitMargin" : 51.35,
    "grossProfit" : 8.78,
    "operatingProfitMargin" : 9.06,
    "operatingProfit" : 1.55,
    "netProfitMargin" : 7.02,
    "netProfit" : 1.20
  }, {
    "date" : "2010-09-30",
    "sales" : 32.32,
    "salesGrowthYoY" : 181.78,
    "grossProfitMargin" : 49.66,
    "grossProfit" : 16.05,
    "operatingProfitMargin" : 17.48,
    "operatingProfit" : 5.65,
    "netProfitMargin" : 13.68,
    "netProfit" : 4.42
  }, {
    "date" : "2010-12-31",
    "sales" : 31.66,
    "salesGrowthYoY" : 130.42,
    "grossProfitMargin" : 46.62,
    "grossProfit" : 14.76,
    "operatingProfitMargin" : 10.30,
    "operatingProfit" : 3.26,
    "netProfitMargin" : 5.50,
    "netProfit" : 1.74
  }, {
    "date" : "2011-03-31",
    "sales" : 44.86,
    "salesGrowthYoY" : 22.07,
    "grossProfitMargin" : 43.78,
    "grossProfit" : 19.64,
    "operatingProfitMargin" : 13.66,
    "operatingProfit" : 6.13,
    "netProfitMargin" : 9.56,
    "netProfit" : 4.29
  }, {
    "date" : "2011-06-30",
    "sales" : 15.99,
    "salesGrowthYoY" : -6.49,
    "grossProfitMargin" : 40.03,
    "grossProfit" : 6.40,
    "operatingProfitMargin" : -2.38,
    "operatingProfit" : -0.38,
    "netProfitMargin" : -6.94,
    "netProfit" : -1.11
  }, {
    "date" : "2011-09-30",
    "sales" : 27.76,
    "salesGrowthYoY" : -14.11,
    "grossProfitMargin" : 42.33,
    "grossProfit" : 11.75,
    "operatingProfitMargin" : 2.59,
    "operatingProfit" : 0.72,
    "netProfitMargin" : -6.56,
    "netProfit" : -1.82
  }, {
    "date" : "2011-12-31",
    "sales" : 25.77,
    "salesGrowthYoY" : -18.60,
    "grossProfitMargin" : 29.76,
    "grossProfit" : 7.67,
    "operatingProfitMargin" : -1.63,
    "operatingProfit" : -0.42,
    "netProfitMargin" : 3.53,
    "netProfit" : 0.91
  }, {
    "date" : "2012-03-31",
    "sales" : 27.05,
    "salesGrowthYoY" : -39.70,
    "grossProfitMargin" : 39.63,
    "grossProfit" : 10.72,
    "operatingProfitMargin" : 12.38,
    "operatingProfit" : 3.35,
    "netProfitMargin" : 10.65,
    "netProfit" : 2.88
  }, {
    "date" : "2012-06-30",
    "sales" : 17.39,
    "salesGrowthYoY" : 8.76,
    "grossProfitMargin" : 38.41,
    "grossProfit" : 6.68,
    "operatingProfitMargin" : -10.29,
    "operatingProfit" : -1.79,
    "netProfitMargin" : -22.48,
    "netProfit" : -3.91
  }, {
    "date" : "2012-09-30",
    "sales" : 22.45,
    "salesGrowthYoY" : -19.13,
    "grossProfitMargin" : 35.23,
    "grossProfit" : 7.91,
    "operatingProfitMargin" : -3.83,
    "operatingProfit" : -0.86,
    "netProfitMargin" : -11.05,
    "netProfit" : -2.48
  }, {
    "date" : "2012-12-31",
    "sales" : 15.30,
    "salesGrowthYoY" : -40.63,
    "grossProfitMargin" : 31.44,
    "grossProfit" : 4.81,
    "operatingProfitMargin" : -20.72,
    "operatingProfit" : -3.17,
    "netProfitMargin" : -32.81,
    "netProfit" : -5.02
  }, {
    "date" : "2013-03-31",
    "sales" : 18.46,
    "salesGrowthYoY" : -31.76,
    "grossProfitMargin" : 24.86,
    "grossProfit" : 4.59,
    "operatingProfitMargin" : -15.38,
    "operatingProfit" : -2.84,
    "netProfitMargin" : -29.14,
    "netProfit" : -5.38
  }, {
    "date" : "2013-06-30",
    "sales" : 20.58,
    "salesGrowthYoY" : 18.34,
    "grossProfitMargin" : 49.03,
    "grossProfit" : 10.09,
    "operatingProfitMargin" : 9.18,
    "operatingProfit" : 1.89,
    "netProfitMargin" : 0.34,
    "netProfit" : 0.07
  }, {
    "date" : "2013-09-30",
    "sales" : 24.84,
    "salesGrowthYoY" : 10.65,
    "grossProfitMargin" : 43.16,
    "grossProfit" : 10.72,
    "operatingProfitMargin" : 9.46,
    "operatingProfit" : 2.35,
    "netProfitMargin" : 1.29,
    "netProfit" : 0.32
  }, {
    "date" : "2013-12-31",
    "sales" : 23.39,
    "salesGrowthYoY" : 52.88,
    "grossProfitMargin" : 41.73,
    "grossProfit" : 9.76,
    "operatingProfitMargin" : 8.59,
    "operatingProfit" : 2.01,
    "netProfitMargin" : 2.86,
    "netProfit" : 0.67
  }, {
    "date" : "2014-03-31",
    "sales" : 47.69,
    "salesGrowthYoY" : 158.34,
    "grossProfitMargin" : 41.06,
    "grossProfit" : 19.58,
    "operatingProfitMargin" : 6.10,
    "operatingProfit" : 2.91,
    "netProfitMargin" : 2.75,
    "netProfit" : 1.31
  }, {
    "date" : "2014-06-30",
    "sales" : 15.19,
    "salesGrowthYoY" : -26.19,
    "grossProfitMargin" : 60.57,
    "grossProfit" : 9.20,
    "operatingProfitMargin" : 8.76,
    "operatingProfit" : 1.33,
    "netProfitMargin" : 2.30,
    "netProfit" : 0.35
  }, {
    "date" : "2014-09-30",
    "sales" : 27.44,
    "salesGrowthYoY" : 10.47,
    "grossProfitMargin" : 45.19,
    "grossProfit" : 12.40,
    "operatingProfitMargin" : 11.22,
    "operatingProfit" : 3.08,
    "netProfitMargin" : 6.63,
    "netProfit" : 1.82
  }, {
    "date" : "2014-12-31",
    "sales" : 38.27,
    "salesGrowthYoY" : 63.62,
    "grossProfitMargin" : 38.20,
    "grossProfit" : 14.62,
    "operatingProfitMargin" : 11.26,
    "operatingProfit" : 4.31,
    "netProfitMargin" : 4.26,
    "netProfit" : 1.63
  }, {
    "date" : "2015-03-31",
    "sales" : 39.78,
    "salesGrowthYoY" : -16.59,
    "grossProfitMargin" : 42.26,
    "grossProfit" : 16.81,
    "operatingProfitMargin" : 9.63,
    "operatingProfit" : 3.83,
    "netProfitMargin" : 1.21,
    "netProfit" : 0.48
  }, {
    "date" : "2015-06-30",
    "sales" : 28.48,
    "salesGrowthYoY" : 87.49,
    "grossProfitMargin" : 46.21,
    "grossProfit" : 13.16,
    "operatingProfitMargin" : 13.20,
    "operatingProfit" : 3.76,
    "netProfitMargin" : 6.32,
    "netProfit" : 1.80
  }, {
    "date" : "2015-09-30",
    "sales" : 27.23,
    "salesGrowthYoY" : -0.77,
    "grossProfitMargin" : 49.43,
    "grossProfit" : 13.46,
    "operatingProfitMargin" : 17.08,
    "operatingProfit" : 4.65,
    "netProfitMargin" : 5.07,
    "netProfit" : 1.38
  }, {
    "date" : "2015-12-31",
    "sales" : 37.55,
    "salesGrowthYoY" : -1.88,
    "grossProfitMargin" : 44.47,
    "grossProfit" : 16.70,
    "operatingProfitMargin" : 13.50,
    "operatingProfit" : 5.07,
    "netProfitMargin" : 5.51,
    "netProfit" : 2.07
  }, {
    "date" : "2016-03-31",
    "sales" : 41.82,
    "salesGrowthYoY" : 5.13,
    "grossProfitMargin" : 47.30,
    "grossProfit" : 19.78,
    "operatingProfitMargin" : 6.96,
    "operatingProfit" : 2.91,
    "netProfitMargin" : 10.57,
    "netProfit" : 4.42
  }, {
    "date" : "2016-06-30",
    "sales" : 29.80,
    "salesGrowthYoY" : 4.63,
    "grossProfitMargin" : 48.32,
    "grossProfit" : 14.40,
    "operatingProfitMargin" : 14.70,
    "operatingProfit" : 4.38,
    "netProfitMargin" : 6.91,
    "netProfit" : 2.06
  }, {
    "date" : "2016-09-30",
    "sales" : 32.21,
    "salesGrowthYoY" : 18.29,
    "grossProfitMargin" : 52.10,
    "grossProfit" : 16.78,
    "operatingProfitMargin" : 21.64,
    "operatingProfit" : 6.97,
    "netProfitMargin" : 10.31,
    "netProfit" : 3.32
  }, {
    "date" : "2016-12-31",
    "sales" : 26.02,
    "salesGrowthYoY" : -30.71,
    "grossProfitMargin" : 65.03,
    "grossProfit" : 16.92,
    "operatingProfitMargin" : 19.95,
    "operatingProfit" : 5.19,
    "netProfitMargin" : 8.34,
    "netProfit" : 2.17
  }, {
    "date" : "2017-03-31",
    "sales" : 46.29,
    "salesGrowthYoY" : 10.69,
    "grossProfitMargin" : 59.78,
    "grossProfit" : 27.67,
    "operatingProfitMargin" : 9.72,
    "operatingProfit" : 4.50,
    "netProfitMargin" : 3.41,
    "netProfit" : 1.58
  }, {
    "date" : "2017-06-30",
    "sales" : 25.98,
    "salesGrowthYoY" : -12.82,
    "grossProfitMargin" : 58.31,
    "grossProfit" : 15.15,
    "operatingProfitMargin" : 5.89,
    "operatingProfit" : 1.53,
    "netProfitMargin" : 4.27,
    "netProfit" : 1.11
  }, {
    "date" : "2017-09-30",
    "sales" : 28.43,
    "salesGrowthYoY" : -11.74,
    "grossProfitMargin" : 54.31,
    "grossProfit" : 15.44,
    "operatingProfitMargin" : 16.71,
    "operatingProfit" : 4.75,
    "netProfitMargin" : 7.98,
    "netProfit" : 2.27
  }, {
    "date" : "2017-12-31",
    "sales" : 26.74,
    "salesGrowthYoY" : 2.77,
    "grossProfitMargin" : 53.63,
    "grossProfit" : 14.34,
    "operatingProfitMargin" : 6.28,
    "operatingProfit" : 1.68,
    "netProfitMargin" : 6.73,
    "netProfit" : 1.80
  }, {
    "date" : "2018-03-31",
    "sales" : 23.95,
    "salesGrowthYoY" : -48.26,
    "grossProfitMargin" : 42.09,
    "grossProfit" : 10.08,
    "operatingProfitMargin" : -16.87,
    "operatingProfit" : -4.04,
    "netProfitMargin" : -7.60,
    "netProfit" : -1.82
  }, {
    "date" : "2018-06-30",
    "sales" : 37.64,
    "salesGrowthYoY" : 44.88,
    "grossProfitMargin" : 44.42,
    "grossProfit" : 16.72,
    "operatingProfitMargin" : 11.00,
    "operatingProfit" : 4.14,
    "netProfitMargin" : 6.72,
    "netProfit" : 2.53
  }, {
    "date" : "2018-09-30",
    "sales" : 30.83,
    "salesGrowthYoY" : 8.44,
    "grossProfitMargin" : 55.17,
    "grossProfit" : 17.01,
    "operatingProfitMargin" : 6.65,
    "operatingProfit" : 2.05,
    "netProfitMargin" : 3.83,
    "netProfit" : 1.18
  }, {
    "date" : "2018-12-31",
    "sales" : 29.24,
    "salesGrowthYoY" : 9.35,
    "grossProfitMargin" : 49.15,
    "grossProfit" : 14.37,
    "operatingProfitMargin" : 1.54,
    "operatingProfit" : 0.45,
    "netProfitMargin" : 3.11,
    "netProfit" : 0.91
  }, {
    "date" : "2019-03-31",
    "sales" : 46.14,
    "salesGrowthYoY" : 92.65,
    "grossProfitMargin" : 47.98,
    "grossProfit" : 22.14,
    "operatingProfitMargin" : 6.83,
    "operatingProfit" : 3.15,
    "netProfitMargin" : 2.73,
    "netProfit" : 1.26
  }, {
    "date" : "2019-06-30",
    "sales" : 32.91,
    "salesGrowthYoY" : -12.57,
    "grossProfitMargin" : 41.90,
    "grossProfit" : 13.79,
    "operatingProfitMargin" : 7.69,
    "operatingProfit" : 2.53,
    "netProfitMargin" : 4.89,
    "netProfit" : 1.61
  }, {
    "date" : "2019-09-30",
    "sales" : 37.41,
    "salesGrowthYoY" : 21.34,
    "grossProfitMargin" : 43.33,
    "grossProfit" : 16.21,
    "operatingProfitMargin" : 8.82,
    "operatingProfit" : 3.30,
    "netProfitMargin" : 4.54,
    "netProfit" : 1.70
  }, {
    "date" : "2019-12-31",
    "sales" : 31.39,
    "salesGrowthYoY" : 7.35,
    "grossProfitMargin" : 49.25,
    "grossProfit" : 15.46,
    "operatingProfitMargin" : 1.72,
    "operatingProfit" : 0.54,
    "netProfitMargin" : 2.96,
    "netProfit" : 0.93
  }, {
    "date" : "2020-03-31",
    "sales" : 29.43,
    "salesGrowthYoY" : -36.22,
    "grossProfitMargin" : 39.04,
    "grossProfit" : 11.49,
    "operatingProfitMargin" : 9.17,
    "operatingProfit" : 2.70,
    "netProfitMargin" : 3.13,
    "netProfit" : 0.92
  }, {
    "date" : "2020-06-30",
    "sales" : 10.69,
    "salesGrowthYoY" : -67.52,
    "grossProfitMargin" : 66.14,
    "grossProfit" : 7.07,
    "operatingProfitMargin" : 10.38,
    "operatingProfit" : 1.11,
    "netProfitMargin" : -2.34,
    "netProfit" : -0.25
  }, {
    "date" : "2020-09-30",
    "sales" : 13.84,
    "salesGrowthYoY" : -63.00,
    "grossProfitMargin" : 39.23,
    "grossProfit" : 5.43,
    "operatingProfitMargin" : -15.53,
    "operatingProfit" : -2.15,
    "netProfitMargin" : -28.97,
    "netProfit" : -4.01
  }, {
    "date" : "2020-12-31",
    "sales" : 28.22,
    "salesGrowthYoY" : -10.10,
    "grossProfitMargin" : 38.73,
    "grossProfit" : 10.93,
    "operatingProfitMargin" : 9.99,
    "operatingProfit" : 2.82,
    "netProfitMargin" : 4.68,
    "netProfit" : 1.32
  }, {
    "date" : "2021-03-31",
    "sales" : 35.66,
    "salesGrowthYoY" : 21.17,
    "grossProfitMargin" : 41.25,
    "grossProfit" : 14.71,
    "operatingProfitMargin" : 14.47,
    "operatingProfit" : 5.16,
    "netProfitMargin" : 106.93,
    "netProfit" : 38.13
  }, {
    "date" : "2021-06-30",
    "sales" : 18.92,
    "salesGrowthYoY" : 76.99,
    "grossProfitMargin" : 47.62,
    "grossProfit" : 9.01,
    "operatingProfitMargin" : 9.57,
    "operatingProfit" : 1.81,
    "netProfitMargin" : -3.54,
    "netProfit" : -0.67
  }, {
    "date" : "2021-09-30",
    "sales" : 22.94,
    "salesGrowthYoY" : 65.75,
    "grossProfitMargin" : 39.15,
    "grossProfit" : 8.98,
    "operatingProfitMargin" : 5.14,
    "operatingProfit" : 1.18,
    "netProfitMargin" : -7.72,
    "netProfit" : -1.77
  }, {
    "date" : "2021-12-31",
    "sales" : 23.38,
    "salesGrowthYoY" : -17.15,
    "grossProfitMargin" : 39.78,
    "grossProfit" : 9.30,
    "operatingProfitMargin" : 6.84,
    "operatingProfit" : 1.60,
    "netProfitMargin" : -3.38,
    "netProfit" : -0.79
  }, {
    "date" : "2022-03-31",
    "sales" : 57.51,
    "salesGrowthYoY" : 61.27,
    "grossProfitMargin" : 38.29,
    "grossProfit" : 22.02,
    "operatingProfitMargin" : 14.55,
    "operatingProfit" : 8.37,
    "netProfitMargin" : 8.31,
    "netProfit" : 4.78
  }, {
    "date" : "2022-06-30",
    "sales" : 48.90,
    "salesGrowthYoY" : 158.46,
    "grossProfitMargin" : 35.81,
    "grossProfit" : 17.51,
    "operatingProfitMargin" : 10.04,
    "operatingProfit" : 4.91,
    "netProfitMargin" : 5.91,
    "netProfit" : 2.89
  }, {
    "date" : "2022-09-30",
    "sales" : 52.13,
    "salesGrowthYoY" : 127.24,
    "grossProfitMargin" : 37.16,
    "grossProfit" : 19.37,
    "operatingProfitMargin" : 17.59,
    "operatingProfit" : 9.17,
    "netProfitMargin" : 14.23,
    "netProfit" : 7.42
  }, {
    "date" : "2022-12-31",
    "sales" : 53.82,
    "salesGrowthYoY" : 130.20,
    "grossProfitMargin" : 45.21,
    "grossProfit" : 24.33,
    "operatingProfitMargin" : 16.82,
    "operatingProfit" : 9.05,
    "netProfitMargin" : 13.94,
    "netProfit" : 7.50
  }, {
    "date" : "2023-03-31",
    "sales" : 66.68,
    "salesGrowthYoY" : 15.95,
    "grossProfitMargin" : 47.96,
    "grossProfit" : 31.98,
    "operatingProfitMargin" : 17.32,
    "operatingProfit" : 11.55,
    "netProfitMargin" : 18.51,
    "netProfit" : 12.34
  }, {
    "date" : "2023-06-30",
    "sales" : 66.68,
    "salesGrowthYoY" : 36.36,
    "grossProfitMargin" : 46.94,
    "grossProfit" : 31.30,
    "operatingProfitMargin" : 17.61,
    "operatingProfit" : 11.74,
    "netProfitMargin" : 10.65,
    "netProfit" : 7.10
  }, {
    "date" : "2023-09-30",
    "sales" : 68.48,
    "salesGrowthYoY" : 31.36,
    "grossProfitMargin" : 55.93,
    "grossProfit" : 38.30,
    "operatingProfitMargin" : 24.52,
    "operatingProfit" : 16.79,
    "netProfitMargin" : 14.65,
    "netProfit" : 10.03
  }, {
    "date" : "2023-12-31",
    "sales" : 72.80,
    "salesGrowthYoY" : 35.27,
    "grossProfitMargin" : 48.60,
    "grossProfit" : 35.38,
    "operatingProfitMargin" : 23.70,
    "operatingProfit" : 17.25,
    "netProfitMargin" : 14.18,
    "netProfit" : 10.32
  }, {
    "date" : "2024-03-31",
    "sales" : 85.25,
    "salesGrowthYoY" : 27.85,
    "grossProfitMargin" : 48.86,
    "grossProfit" : 41.65,
    "operatingProfitMargin" : 22.40,
    "operatingProfit" : 19.10,
    "netProfitMargin" : 14.36,
    "netProfit" : 12.24
  }, {
    "date" : "2024-06-30",
    "sales" : 63.81,
    "salesGrowthYoY" : -4.30,
    "grossProfitMargin" : 52.67,
    "grossProfit" : 33.61,
    "operatingProfitMargin" : 25.81,
    "operatingProfit" : 16.47,
    "netProfitMargin" : 16.77,
    "netProfit" : 10.70
  }, {
    "date" : "2024-09-30",
    "sales" : 78.25,
    "salesGrowthYoY" : 14.27,
    "grossProfitMargin" : 57.00,
    "grossProfit" : 44.60,
    "operatingProfitMargin" : 26.01,
    "operatingProfit" : 20.35,
    "netProfitMargin" : 17.69,
    "netProfit" : 13.84
  }, {
    "date" : "2024-12-31",
    "sales" : 91.10,
    "salesGrowthYoY" : 25.14,
    "grossProfitMargin" : 52.27,
    "grossProfit" : 47.62,
    "operatingProfitMargin" : 24.63,
    "operatingProfit" : 22.44,
    "netProfitMargin" : 15.39,
    "netProfit" : 14.02
  }, {
    "date" : "2025-03-31",
    "sales" : 102.34,
    "salesGrowthYoY" : 20.05,
    "grossProfitMargin" : 54.05,
    "grossProfit" : 55.31,
    "operatingProfitMargin" : 28.15,
    "operatingProfit" : 28.81,
    "netProfitMargin" : 15.88,
    "netProfit" : 16.25
  }, {
    "date" : "2025-06-30",
    "sales" : 94.67,
    "salesGrowthYoY" : 48.36,
    "grossProfitMargin" : 53.20,
    "grossProfit" : 50.36,
    "operatingProfitMargin" : 25.49,
    "operatingProfit" : 24.13,
    "netProfitMargin" : 15.54,
    "netProfit" : 14.71
  }, {
    "date" : "2025-09-30",
    "sales" : 114.79,
    "salesGrowthYoY" : 46.70,
    "grossProfitMargin" : 60.90,
    "grossProfit" : 69.91,
    "operatingProfitMargin" : 25.06,
    "operatingProfit" : 28.77,
    "netProfitMargin" : 15.69,
    "netProfit" : 18.01
  } ],
  "latestQuarterlyResult" : {
    "date" : "2025-09-30",
    "sales" : 114.79,
    "salesGrowthYoY" : 46.70,
    "grossProfitMargin" : 60.90,
    "grossProfit" : 69.91,
    "operatingProfitMargin" : 25.06,
    "operatingProfit" : 28.77,
    "netProfitMargin" : 15.69,
    "netProfit" : 18.01
  },
  "companyScore" : {
    "priceHigherThanDma50" : 5.00,
    "priceHigherThanDma100" : 5.00,
    "priceHigherThanDma200" : 5.00,
    "dma50HigherThanDma100" : 5.00,
    "dma50HigherThanDma200" : 5.00,
    "dma100HigherThanDma200" : 5.00,
    "pricePercentageAboveDma50" : 4.94,
    "pricePercentageAboveDma100" : 4.86,
    "pricePercentageAboveDma200" : 4.38,
    "weeklyVolumeHigherThanYearlyVolume" : 0.00,
    "salesGrowthPercentile" : 14.68,
    "operatingProfitMarginPercentile" : 19.04,
    "netProfitMarginPercentile" : 9.04,
    "totalTechnicalScore" : 44.19,
    "totalFundamentalScore" : 42.76,
    "totalScore" : 86.94
  }
}