{
  "metadata" : {
    "screenerCompanyId" : "2492",
    "companyCode" : "523105",
    "companyName" : "Cropster Agro",
    "screenerCompanyLink" : "https://www.screener.in/company/523105",
    "screenerTechnicalHistoryLink" : "https://www.screener.in/api/company/2492/chart/?q=Price-DMA50-DMA200-Volume&days=365",
    "screenerQuarterlyResultsLink" : "https://www.screener.in/api/company/2492/chart/?q=GPM-OPM-NPM-Quarter+Sales&days=10000",
    "attributes" : {
      "companyCode" : "523105",
      "companyName" : "Cropster Agro",
      "marketCap" : 1679.00,
      "peRatio" : 114.00,
      "description" : "Incorporated in 1985, Cropster Agro Ltd is engaged in trading activity of Agriculture products[1]"
    },
    "companyScore" : {
      "priceHigherThanDma50" : 5.00,
      "priceHigherThanDma100" : 5.00,
      "priceHigherThanDma200" : 5.00,
      "dma50HigherThanDma100" : 0.00,
      "dma50HigherThanDma200" : 5.00,
      "dma100HigherThanDma200" : 5.00,
      "pricePercentageAboveDma50" : 4.91,
      "pricePercentageAboveDma100" : 4.95,
      "pricePercentageAboveDma200" : 4.91,
      "weeklyVolumeHigherThanYearlyVolume" : 0.00,
      "salesGrowthPercentile" : 14.18,
      "operatingProfitMarginPercentile" : 19.28,
      "netProfitMarginPercentile" : 9.64,
      "totalTechnicalScore" : 39.78,
      "totalFundamentalScore" : 43.09,
      "totalScore" : 82.87
    }
  },
  "attributes" : {
    "companyCode" : "523105",
    "companyName" : "Cropster Agro",
    "marketCap" : 1679.00,
    "peRatio" : 114.00,
    "description" : "Incorporated in 1985, Cropster Agro Ltd is engaged in trading activity of Agriculture products[1]"
  },
  "technicalHistory" : [ {
    "date" : "2024-12-05",
    "price" : 19.99,
    "dma50" : 20.69,
    "dma100" : null,
    "dma200" : 15.89,
    "volume" : 60307.00
  }, {
    "date" : "2024-12-06",
    "price" : 19.78,
    "dma50" : 20.65,
    "dma100" : null,
    "dma200" : 15.93,
    "volume" : 103131.00
  }, {
    "date" : "2024-12-09",
    "price" : 20.35,
    "dma50" : 20.64,
    "dma100" : null,
    "dma200" : 15.97,
    "volume" : 68285.00
  }, {
    "date" : "2024-12-10",
    "price" : 21.36,
    "dma50" : 20.67,
    "dma100" : null,
    "dma200" : 16.02,
    "volume" : 133766.00
  }, {
    "date" : "2024-12-11",
    "price" : 22.42,
    "dma50" : 20.74,
    "dma100" : null,
    "dma200" : 16.09,
    "volume" : 213919.00
  }, {
    "date" : "2024-12-12",
    "price" : 23.54,
    "dma50" : 20.85,
    "dma100" : null,
    "dma200" : 16.16,
    "volume" : 193046.00
  }, {
    "date" : "2024-12-13",
    "price" : 24.50,
    "dma50" : 20.99,
    "dma100" : null,
    "dma200" : 16.24,
    "volume" : 217116.00
  }, {
    "date" : "2024-12-16",
    "price" : 25.72,
    "dma50" : 21.17,
    "dma100" : null,
    "dma200" : 16.34,
    "volume" : 263094.00
  }, {
    "date" : "2024-12-17",
    "price" : 26.76,
    "dma50" : 21.39,
    "dma100" : null,
    "dma200" : 16.44,
    "volume" : 271809.00
  }, {
    "date" : "2024-12-18",
    "price" : 25.64,
    "dma50" : 21.56,
    "dma100" : null,
    "dma200" : 16.53,
    "volume" : 282204.00
  }, {
    "date" : "2024-12-19",
    "price" : 24.52,
    "dma50" : 21.68,
    "dma100" : null,
    "dma200" : 16.61,
    "volume" : 164156.00
  }, {
    "date" : "2024-12-20",
    "price" : 24.52,
    "dma50" : 21.79,
    "dma100" : null,
    "dma200" : 16.69,
    "volume" : 98360.00
  }, {
    "date" : "2024-12-23",
    "price" : 25.04,
    "dma50" : 21.92,
    "dma100" : null,
    "dma200" : 16.78,
    "volume" : 99276.00
  }, {
    "date" : "2024-12-24",
    "price" : 25.07,
    "dma50" : 22.04,
    "dma100" : null,
    "dma200" : 16.86,
    "volume" : 102220.00
  }, {
    "date" : "2024-12-26",
    "price" : 25.17,
    "dma50" : 22.16,
    "dma100" : null,
    "dma200" : 16.94,
    "volume" : 75878.00
  }, {
    "date" : "2024-12-27",
    "price" : 24.50,
    "dma50" : 22.25,
    "dma100" : null,
    "dma200" : 17.02,
    "volume" : 85722.00
  }, {
    "date" : "2024-12-30",
    "price" : 23.28,
    "dma50" : 22.29,
    "dma100" : null,
    "dma200" : 17.08,
    "volume" : 59485.00
  }, {
    "date" : "2024-12-31",
    "price" : 22.12,
    "dma50" : 22.29,
    "dma100" : null,
    "dma200" : 17.13,
    "volume" : 59131.00
  }, {
    "date" : "2025-01-01",
    "price" : 23.22,
    "dma50" : 22.32,
    "dma100" : null,
    "dma200" : 17.19,
    "volume" : 38033.00
  }, {
    "date" : "2025-01-02",
    "price" : 24.38,
    "dma50" : 22.40,
    "dma100" : null,
    "dma200" : 17.26,
    "volume" : 286847.00
  }, {
    "date" : "2025-01-03",
    "price" : 25.57,
    "dma50" : 22.53,
    "dma100" : null,
    "dma200" : 17.34,
    "volume" : 669746.00
  }, {
    "date" : "2025-01-06",
    "price" : 24.39,
    "dma50" : 22.60,
    "dma100" : null,
    "dma200" : 17.41,
    "volume" : 111150.00
  }, {
    "date" : "2025-01-07",
    "price" : 24.71,
    "dma50" : 22.68,
    "dma100" : null,
    "dma200" : 17.49,
    "volume" : 60064.00
  }, {
    "date" : "2025-01-08",
    "price" : 24.40,
    "dma50" : 22.75,
    "dma100" : null,
    "dma200" : 17.55,
    "volume" : 68762.00
  }, {
    "date" : "2025-01-09",
    "price" : 24.03,
    "dma50" : 22.80,
    "dma100" : null,
    "dma200" : 17.62,
    "volume" : 130363.00
  }, {
    "date" : "2025-01-10",
    "price" : 23.92,
    "dma50" : 22.85,
    "dma100" : null,
    "dma200" : 17.68,
    "volume" : 47605.00
  }, {
    "date" : "2025-01-13",
    "price" : 22.73,
    "dma50" : 22.84,
    "dma100" : null,
    "dma200" : 17.73,
    "volume" : 150367.00
  }, {
    "date" : "2025-01-14",
    "price" : 23.86,
    "dma50" : 22.88,
    "dma100" : null,
    "dma200" : 17.79,
    "volume" : 162941.00
  }, {
    "date" : "2025-01-15",
    "price" : 24.14,
    "dma50" : 22.93,
    "dma100" : null,
    "dma200" : 17.86,
    "volume" : 231379.00
  }, {
    "date" : "2025-01-16",
    "price" : 25.34,
    "dma50" : 23.02,
    "dma100" : null,
    "dma200" : 17.93,
    "volume" : 420909.00
  }, {
    "date" : "2025-01-17",
    "price" : 24.38,
    "dma50" : 23.08,
    "dma100" : null,
    "dma200" : 17.99,
    "volume" : 217953.00
  }, {
    "date" : "2025-01-20",
    "price" : 24.69,
    "dma50" : 23.14,
    "dma100" : null,
    "dma200" : 18.06,
    "volume" : 227271.00
  }, {
    "date" : "2025-01-21",
    "price" : 23.46,
    "dma50" : 23.15,
    "dma100" : null,
    "dma200" : 18.12,
    "volume" : 106467.00
  }, {
    "date" : "2025-01-22",
    "price" : 23.32,
    "dma50" : 23.16,
    "dma100" : null,
    "dma200" : 18.17,
    "volume" : 39542.00
  }, {
    "date" : "2025-01-23",
    "price" : 23.13,
    "dma50" : 23.16,
    "dma100" : null,
    "dma200" : 18.22,
    "volume" : 57030.00
  }, {
    "date" : "2025-01-24",
    "price" : 22.80,
    "dma50" : 23.14,
    "dma100" : null,
    "dma200" : 18.26,
    "volume" : 55494.00
  }, {
    "date" : "2025-01-27",
    "price" : 21.66,
    "dma50" : 23.09,
    "dma100" : null,
    "dma200" : 18.30,
    "volume" : 19396.00
  }, {
    "date" : "2025-01-28",
    "price" : 21.28,
    "dma50" : 23.02,
    "dma100" : null,
    "dma200" : 18.33,
    "volume" : 70347.00
  }, {
    "date" : "2025-01-29",
    "price" : 21.60,
    "dma50" : 22.96,
    "dma100" : null,
    "dma200" : 18.36,
    "volume" : 17152.00
  }, {
    "date" : "2025-01-30",
    "price" : 20.62,
    "dma50" : 22.87,
    "dma100" : null,
    "dma200" : 18.38,
    "volume" : 9438.00
  }, {
    "date" : "2025-01-31",
    "price" : 21.65,
    "dma50" : 22.82,
    "dma100" : null,
    "dma200" : 18.41,
    "volume" : 13195.00
  }, {
    "date" : "2025-02-01",
    "price" : 22.16,
    "dma50" : 22.79,
    "dma100" : null,
    "dma200" : 18.45,
    "volume" : 11440.00
  }, {
    "date" : "2025-02-03",
    "price" : 21.63,
    "dma50" : 22.75,
    "dma100" : null,
    "dma200" : 18.48,
    "volume" : 16511.00
  }, {
    "date" : "2025-02-04",
    "price" : 21.26,
    "dma50" : 22.69,
    "dma100" : null,
    "dma200" : 18.51,
    "volume" : 16548.00
  }, {
    "date" : "2025-02-05",
    "price" : 21.21,
    "dma50" : 22.63,
    "dma100" : null,
    "dma200" : 18.54,
    "volume" : 7830.00
  }, {
    "date" : "2025-02-06",
    "price" : 20.57,
    "dma50" : 22.55,
    "dma100" : null,
    "dma200" : 18.56,
    "volume" : 10109.00
  }, {
    "date" : "2025-02-07",
    "price" : 20.48,
    "dma50" : 22.47,
    "dma100" : null,
    "dma200" : 18.58,
    "volume" : 9424.00
  }, {
    "date" : "2025-02-10",
    "price" : 21.49,
    "dma50" : 22.43,
    "dma100" : null,
    "dma200" : 18.60,
    "volume" : 15082.00
  }, {
    "date" : "2025-02-11",
    "price" : 22.56,
    "dma50" : 22.44,
    "dma100" : null,
    "dma200" : 18.64,
    "volume" : 10788.00
  }, {
    "date" : "2025-02-12",
    "price" : 21.88,
    "dma50" : 22.42,
    "dma100" : null,
    "dma200" : 18.68,
    "volume" : 13752.00
  }, {
    "date" : "2025-02-13",
    "price" : 21.32,
    "dma50" : 22.37,
    "dma100" : null,
    "dma200" : 18.70,
    "volume" : 10510.00
  }, {
    "date" : "2025-02-14",
    "price" : 20.92,
    "dma50" : 22.32,
    "dma100" : null,
    "dma200" : 18.72,
    "volume" : 11516.00
  }, {
    "date" : "2025-02-17",
    "price" : 20.88,
    "dma50" : 22.26,
    "dma100" : null,
    "dma200" : 18.75,
    "volume" : 8389.00
  }, {
    "date" : "2025-02-18",
    "price" : 20.10,
    "dma50" : 22.17,
    "dma100" : null,
    "dma200" : 18.76,
    "volume" : 10825.00
  }, {
    "date" : "2025-02-19",
    "price" : 20.16,
    "dma50" : 22.10,
    "dma100" : null,
    "dma200" : 18.77,
    "volume" : 7012.00
  }, {
    "date" : "2025-02-20",
    "price" : 20.73,
    "dma50" : 22.04,
    "dma100" : null,
    "dma200" : 18.79,
    "volume" : 3082.00
  }, {
    "date" : "2025-02-21",
    "price" : 21.14,
    "dma50" : 22.01,
    "dma100" : null,
    "dma200" : 18.82,
    "volume" : 2039.00
  }, {
    "date" : "2025-02-24",
    "price" : 20.67,
    "dma50" : 21.95,
    "dma100" : null,
    "dma200" : 18.83,
    "volume" : 9113.00
  }, {
    "date" : "2025-02-25",
    "price" : 20.37,
    "dma50" : 21.89,
    "dma100" : null,
    "dma200" : 18.85,
    "volume" : 5793.00
  }, {
    "date" : "2025-02-27",
    "price" : 19.45,
    "dma50" : 21.80,
    "dma100" : null,
    "dma200" : 18.86,
    "volume" : 13740.00
  }, {
    "date" : "2025-02-28",
    "price" : 18.54,
    "dma50" : 21.67,
    "dma100" : null,
    "dma200" : 18.85,
    "volume" : 16634.00
  }, {
    "date" : "2025-03-03",
    "price" : 19.39,
    "dma50" : 21.58,
    "dma100" : null,
    "dma200" : 18.86,
    "volume" : 48146.00
  }, {
    "date" : "2025-03-04",
    "price" : 19.40,
    "dma50" : 21.49,
    "dma100" : null,
    "dma200" : 18.86,
    "volume" : 9006.00
  }, {
    "date" : "2025-03-05",
    "price" : 20.09,
    "dma50" : 21.44,
    "dma100" : null,
    "dma200" : 18.88,
    "volume" : 11305.00
  }, {
    "date" : "2025-03-06",
    "price" : 19.35,
    "dma50" : 21.36,
    "dma100" : null,
    "dma200" : 18.88,
    "volume" : 11590.00
  }, {
    "date" : "2025-03-07",
    "price" : 20.30,
    "dma50" : 21.32,
    "dma100" : null,
    "dma200" : 18.89,
    "volume" : 6433.00
  }, {
    "date" : "2025-03-10",
    "price" : 20.35,
    "dma50" : 21.28,
    "dma100" : null,
    "dma200" : 18.91,
    "volume" : 12497.00
  }, {
    "date" : "2025-03-11",
    "price" : 20.15,
    "dma50" : 21.23,
    "dma100" : null,
    "dma200" : 18.92,
    "volume" : 4496.00
  }, {
    "date" : "2025-03-12",
    "price" : 19.92,
    "dma50" : 21.18,
    "dma100" : null,
    "dma200" : 18.93,
    "volume" : 6110.00
  }, {
    "date" : "2025-03-13",
    "price" : 20.10,
    "dma50" : 21.14,
    "dma100" : null,
    "dma200" : 18.94,
    "volume" : 10390.00
  }, {
    "date" : "2025-03-17",
    "price" : 20.44,
    "dma50" : 21.11,
    "dma100" : null,
    "dma200" : 18.96,
    "volume" : 11621.00
  }, {
    "date" : "2025-03-18",
    "price" : 20.12,
    "dma50" : 21.07,
    "dma100" : null,
    "dma200" : 18.97,
    "volume" : 12322.00
  }, {
    "date" : "2025-03-19",
    "price" : 19.25,
    "dma50" : 21.00,
    "dma100" : null,
    "dma200" : 18.97,
    "volume" : 17491.00
  }, {
    "date" : "2025-03-20",
    "price" : 19.00,
    "dma50" : 20.92,
    "dma100" : null,
    "dma200" : 18.97,
    "volume" : 12997.00
  }, {
    "date" : "2025-03-21",
    "price" : 18.95,
    "dma50" : 20.85,
    "dma100" : null,
    "dma200" : 18.97,
    "volume" : 9767.00
  }, {
    "date" : "2025-03-24",
    "price" : 18.60,
    "dma50" : 20.76,
    "dma100" : null,
    "dma200" : 18.97,
    "volume" : 12050.00
  }, {
    "date" : "2025-03-25",
    "price" : 17.81,
    "dma50" : 20.64,
    "dma100" : null,
    "dma200" : 18.96,
    "volume" : 21025.00
  }, {
    "date" : "2025-03-26",
    "price" : 18.70,
    "dma50" : 20.57,
    "dma100" : null,
    "dma200" : 18.95,
    "volume" : 18800.00
  }, {
    "date" : "2025-03-27",
    "price" : 19.63,
    "dma50" : 20.53,
    "dma100" : null,
    "dma200" : 18.96,
    "volume" : 19412.00
  }, {
    "date" : "2025-03-28",
    "price" : 20.61,
    "dma50" : 20.53,
    "dma100" : null,
    "dma200" : 18.98,
    "volume" : 22103.00
  }, {
    "date" : "2025-04-01",
    "price" : 21.64,
    "dma50" : 20.58,
    "dma100" : null,
    "dma200" : 19.00,
    "volume" : 27578.00
  }, {
    "date" : "2025-04-02",
    "price" : 22.72,
    "dma50" : 20.66,
    "dma100" : null,
    "dma200" : 19.04,
    "volume" : 15552.00
  }, {
    "date" : "2025-04-03",
    "price" : 23.85,
    "dma50" : 20.78,
    "dma100" : null,
    "dma200" : 19.09,
    "volume" : 12734.00
  }, {
    "date" : "2025-04-04",
    "price" : 22.66,
    "dma50" : 20.86,
    "dma100" : null,
    "dma200" : 19.12,
    "volume" : 90435.00
  }, {
    "date" : "2025-04-07",
    "price" : 21.53,
    "dma50" : 20.88,
    "dma100" : null,
    "dma200" : 19.15,
    "volume" : 13553.00
  }, {
    "date" : "2025-04-08",
    "price" : 20.67,
    "dma50" : 20.88,
    "dma100" : null,
    "dma200" : 19.16,
    "volume" : 32467.00
  }, {
    "date" : "2025-04-09",
    "price" : 20.33,
    "dma50" : 20.85,
    "dma100" : null,
    "dma200" : 19.18,
    "volume" : 5537.00
  }, {
    "date" : "2025-04-11",
    "price" : 19.65,
    "dma50" : 20.81,
    "dma100" : null,
    "dma200" : 19.18,
    "volume" : 15356.00
  }, {
    "date" : "2025-04-15",
    "price" : 20.63,
    "dma50" : 20.80,
    "dma100" : null,
    "dma200" : 19.19,
    "volume" : 4771.00
  }, {
    "date" : "2025-04-16",
    "price" : 20.84,
    "dma50" : 20.80,
    "dma100" : null,
    "dma200" : 19.21,
    "volume" : 19370.00
  }, {
    "date" : "2025-04-17",
    "price" : 21.05,
    "dma50" : 20.81,
    "dma100" : null,
    "dma200" : 19.23,
    "volume" : 5976.00
  }, {
    "date" : "2025-04-21",
    "price" : 21.16,
    "dma50" : 20.83,
    "dma100" : null,
    "dma200" : 19.25,
    "volume" : 10760.00
  }, {
    "date" : "2025-04-22",
    "price" : 21.54,
    "dma50" : 20.85,
    "dma100" : null,
    "dma200" : 19.27,
    "volume" : 27875.00
  }, {
    "date" : "2025-04-23",
    "price" : 21.02,
    "dma50" : 20.86,
    "dma100" : null,
    "dma200" : 19.29,
    "volume" : 14083.00
  }, {
    "date" : "2025-04-24",
    "price" : 20.87,
    "dma50" : 20.86,
    "dma100" : null,
    "dma200" : 19.30,
    "volume" : 7832.00
  }, {
    "date" : "2025-04-25",
    "price" : 20.37,
    "dma50" : 20.84,
    "dma100" : null,
    "dma200" : 19.31,
    "volume" : 10286.00
  }, {
    "date" : "2025-04-28",
    "price" : 19.84,
    "dma50" : 20.80,
    "dma100" : null,
    "dma200" : 19.32,
    "volume" : 5194.00
  }, {
    "date" : "2025-04-29",
    "price" : 19.24,
    "dma50" : 20.74,
    "dma100" : null,
    "dma200" : 19.32,
    "volume" : 7631.00
  }, {
    "date" : "2025-04-30",
    "price" : 19.34,
    "dma50" : 20.69,
    "dma100" : null,
    "dma200" : 19.32,
    "volume" : 6038.00
  }, {
    "date" : "2025-05-02",
    "price" : 18.44,
    "dma50" : 20.60,
    "dma100" : null,
    "dma200" : 19.31,
    "volume" : 11324.00
  }, {
    "date" : "2025-05-05",
    "price" : 19.32,
    "dma50" : 20.55,
    "dma100" : 21.70,
    "dma200" : 19.31,
    "volume" : 8768.00
  }, {
    "date" : "2025-05-06",
    "price" : 19.88,
    "dma50" : 20.52,
    "dma100" : 21.70,
    "dma200" : 19.32,
    "volume" : 8581.00
  }, {
    "date" : "2025-05-07",
    "price" : 20.31,
    "dma50" : 20.51,
    "dma100" : 21.70,
    "dma200" : 19.33,
    "volume" : 10915.00
  }, {
    "date" : "2025-05-08",
    "price" : 19.60,
    "dma50" : 20.48,
    "dma100" : 21.68,
    "dma200" : 19.33,
    "volume" : 5451.00
  }, {
    "date" : "2025-05-09",
    "price" : 19.16,
    "dma50" : 20.43,
    "dma100" : 21.65,
    "dma200" : 19.33,
    "volume" : 10016.00
  }, {
    "date" : "2025-05-12",
    "price" : 20.08,
    "dma50" : 20.41,
    "dma100" : 21.62,
    "dma200" : 19.33,
    "volume" : 11189.00
  }, {
    "date" : "2025-05-13",
    "price" : 20.90,
    "dma50" : 20.43,
    "dma100" : 21.58,
    "dma200" : 19.35,
    "volume" : 24283.00
  }, {
    "date" : "2025-05-14",
    "price" : 20.69,
    "dma50" : 20.44,
    "dma100" : 21.53,
    "dma200" : 19.36,
    "volume" : 10283.00
  }, {
    "date" : "2025-05-15",
    "price" : 20.32,
    "dma50" : 20.44,
    "dma100" : 21.46,
    "dma200" : 19.37,
    "volume" : 13448.00
  }, {
    "date" : "2025-05-16",
    "price" : 20.36,
    "dma50" : 20.43,
    "dma100" : 21.41,
    "dma200" : 19.38,
    "volume" : 9722.00
  }, {
    "date" : "2025-05-19",
    "price" : 21.08,
    "dma50" : 20.46,
    "dma100" : 21.38,
    "dma200" : 19.40,
    "volume" : 29011.00
  }, {
    "date" : "2025-05-20",
    "price" : 20.63,
    "dma50" : 20.47,
    "dma100" : 21.34,
    "dma200" : 19.41,
    "volume" : 43046.00
  }, {
    "date" : "2025-05-21",
    "price" : 20.50,
    "dma50" : 20.47,
    "dma100" : 21.29,
    "dma200" : 19.42,
    "volume" : 38383.00
  }, {
    "date" : "2025-05-22",
    "price" : 20.80,
    "dma50" : 20.48,
    "dma100" : 21.25,
    "dma200" : 19.44,
    "volume" : 44418.00
  }, {
    "date" : "2025-05-23",
    "price" : 20.97,
    "dma50" : 20.50,
    "dma100" : 21.21,
    "dma200" : 19.45,
    "volume" : 17111.00
  }, {
    "date" : "2025-05-26",
    "price" : 20.48,
    "dma50" : 20.50,
    "dma100" : 21.17,
    "dma200" : 19.46,
    "volume" : 4270.00
  }, {
    "date" : "2025-05-27",
    "price" : 20.10,
    "dma50" : 20.48,
    "dma100" : 21.14,
    "dma200" : 19.47,
    "volume" : 19268.00
  }, {
    "date" : "2025-05-28",
    "price" : 20.13,
    "dma50" : 20.47,
    "dma100" : 21.12,
    "dma200" : 19.48,
    "volume" : 11649.00
  }, {
    "date" : "2025-05-29",
    "price" : 19.90,
    "dma50" : 20.45,
    "dma100" : 21.08,
    "dma200" : 19.48,
    "volume" : 8829.00
  }, {
    "date" : "2025-05-30",
    "price" : 19.08,
    "dma50" : 20.39,
    "dma100" : 21.03,
    "dma200" : 19.48,
    "volume" : 24090.00
  }, {
    "date" : "2025-06-02",
    "price" : 19.94,
    "dma50" : 20.38,
    "dma100" : 20.97,
    "dma200" : 19.48,
    "volume" : 14107.00
  }, {
    "date" : "2025-06-03",
    "price" : 19.46,
    "dma50" : 20.34,
    "dma100" : 20.92,
    "dma200" : 19.48,
    "volume" : 19185.00
  }, {
    "date" : "2025-06-04",
    "price" : 19.17,
    "dma50" : 20.29,
    "dma100" : 20.87,
    "dma200" : 19.48,
    "volume" : 31399.00
  }, {
    "date" : "2025-06-05",
    "price" : 19.01,
    "dma50" : 20.24,
    "dma100" : 20.82,
    "dma200" : 19.47,
    "volume" : 35389.00
  }, {
    "date" : "2025-06-06",
    "price" : 19.14,
    "dma50" : 20.20,
    "dma100" : 20.77,
    "dma200" : 19.47,
    "volume" : 37991.00
  }, {
    "date" : "2025-06-09",
    "price" : 19.27,
    "dma50" : 20.16,
    "dma100" : 20.72,
    "dma200" : 19.47,
    "volume" : 18430.00
  }, {
    "date" : "2025-06-10",
    "price" : 19.09,
    "dma50" : 20.12,
    "dma100" : 20.68,
    "dma200" : 19.46,
    "volume" : 14645.00
  }, {
    "date" : "2025-06-11",
    "price" : 19.60,
    "dma50" : 20.10,
    "dma100" : 20.64,
    "dma200" : 19.46,
    "volume" : 120799.00
  }, {
    "date" : "2025-06-12",
    "price" : 19.38,
    "dma50" : 20.07,
    "dma100" : 20.59,
    "dma200" : 19.46,
    "volume" : 13447.00
  }, {
    "date" : "2025-06-13",
    "price" : 18.91,
    "dma50" : 20.03,
    "dma100" : 20.53,
    "dma200" : 19.46,
    "volume" : 20179.00
  }, {
    "date" : "2025-06-16",
    "price" : 19.30,
    "dma50" : 20.00,
    "dma100" : 20.48,
    "dma200" : 19.46,
    "volume" : 6141.00
  }, {
    "date" : "2025-06-17",
    "price" : 19.07,
    "dma50" : 19.96,
    "dma100" : 20.42,
    "dma200" : 19.45,
    "volume" : 7250.00
  }, {
    "date" : "2025-06-18",
    "price" : 19.07,
    "dma50" : 19.93,
    "dma100" : 20.38,
    "dma200" : 19.45,
    "volume" : 7383.00
  }, {
    "date" : "2025-06-19",
    "price" : 18.43,
    "dma50" : 19.87,
    "dma100" : 20.33,
    "dma200" : 19.44,
    "volume" : 6885.00
  }, {
    "date" : "2025-06-20",
    "price" : 18.51,
    "dma50" : 19.82,
    "dma100" : 20.28,
    "dma200" : 19.43,
    "volume" : 6970.00
  }, {
    "date" : "2025-06-23",
    "price" : 17.59,
    "dma50" : 19.73,
    "dma100" : 20.23,
    "dma200" : 19.41,
    "volume" : 49240.00
  }, {
    "date" : "2025-06-24",
    "price" : 18.76,
    "dma50" : 19.69,
    "dma100" : 20.20,
    "dma200" : 19.40,
    "volume" : 174052.00
  }, {
    "date" : "2025-06-25",
    "price" : 18.88,
    "dma50" : 19.66,
    "dma100" : 20.18,
    "dma200" : 19.40,
    "volume" : 30170.00
  }, {
    "date" : "2025-06-26",
    "price" : 18.96,
    "dma50" : 19.63,
    "dma100" : 20.15,
    "dma200" : 19.40,
    "volume" : 58710.00
  }, {
    "date" : "2025-06-27",
    "price" : 18.50,
    "dma50" : 19.59,
    "dma100" : 20.13,
    "dma200" : 19.39,
    "volume" : 22901.00
  }, {
    "date" : "2025-06-30",
    "price" : 18.31,
    "dma50" : 19.54,
    "dma100" : 20.10,
    "dma200" : 19.38,
    "volume" : 12176.00
  }, {
    "date" : "2025-07-01",
    "price" : 18.10,
    "dma50" : 19.48,
    "dma100" : 20.06,
    "dma200" : 19.36,
    "volume" : 14398.00
  }, {
    "date" : "2025-07-02",
    "price" : 18.13,
    "dma50" : 19.43,
    "dma100" : 20.02,
    "dma200" : 19.35,
    "volume" : 8566.00
  }, {
    "date" : "2025-07-03",
    "price" : 18.01,
    "dma50" : 19.37,
    "dma100" : 19.99,
    "dma200" : 19.34,
    "volume" : 8306.00
  }, {
    "date" : "2025-07-04",
    "price" : 18.11,
    "dma50" : 19.32,
    "dma100" : 19.96,
    "dma200" : 19.33,
    "volume" : 30143.00
  }, {
    "date" : "2025-07-07",
    "price" : 17.48,
    "dma50" : 19.25,
    "dma100" : 19.93,
    "dma200" : 19.31,
    "volume" : 82567.00
  }, {
    "date" : "2025-07-08",
    "price" : 17.59,
    "dma50" : 19.18,
    "dma100" : 19.90,
    "dma200" : 19.29,
    "volume" : 32194.00
  }, {
    "date" : "2025-07-09",
    "price" : 17.46,
    "dma50" : 19.12,
    "dma100" : 19.86,
    "dma200" : 19.27,
    "volume" : 33295.00
  }, {
    "date" : "2025-07-10",
    "price" : 17.82,
    "dma50" : 19.07,
    "dma100" : 19.81,
    "dma200" : 19.26,
    "volume" : 38254.00
  }, {
    "date" : "2025-07-11",
    "price" : 17.43,
    "dma50" : 19.00,
    "dma100" : 19.77,
    "dma200" : 19.24,
    "volume" : 71730.00
  }, {
    "date" : "2025-07-14",
    "price" : 18.16,
    "dma50" : 18.97,
    "dma100" : 19.73,
    "dma200" : 19.23,
    "volume" : 42290.00
  }, {
    "date" : "2025-07-15",
    "price" : 17.68,
    "dma50" : 18.92,
    "dma100" : 19.70,
    "dma200" : 19.21,
    "volume" : 27960.00
  }, {
    "date" : "2025-07-16",
    "price" : 19.44,
    "dma50" : 18.94,
    "dma100" : 19.69,
    "dma200" : 19.21,
    "volume" : 449349.00
  }, {
    "date" : "2025-07-17",
    "price" : 18.50,
    "dma50" : 18.92,
    "dma100" : 19.67,
    "dma200" : 19.21,
    "volume" : 547567.00
  }, {
    "date" : "2025-07-18",
    "price" : 18.27,
    "dma50" : 18.90,
    "dma100" : 19.65,
    "dma200" : 19.20,
    "volume" : 76205.00
  }, {
    "date" : "2025-07-21",
    "price" : 18.13,
    "dma50" : 18.87,
    "dma100" : 19.63,
    "dma200" : 19.19,
    "volume" : 29492.00
  }, {
    "date" : "2025-07-22",
    "price" : 18.53,
    "dma50" : 18.85,
    "dma100" : 19.60,
    "dma200" : 19.18,
    "volume" : 38108.00
  }, {
    "date" : "2025-07-23",
    "price" : 18.47,
    "dma50" : 18.84,
    "dma100" : 19.58,
    "dma200" : 19.17,
    "volume" : 105654.00
  }, {
    "date" : "2025-07-24",
    "price" : 17.99,
    "dma50" : 18.80,
    "dma100" : 19.55,
    "dma200" : 19.16,
    "volume" : 316526.00
  }, {
    "date" : "2025-07-25",
    "price" : 17.98,
    "dma50" : 18.77,
    "dma100" : 19.54,
    "dma200" : 19.15,
    "volume" : 52984.00
  }, {
    "date" : "2025-07-28",
    "price" : 17.21,
    "dma50" : 18.71,
    "dma100" : 19.53,
    "dma200" : 19.13,
    "volume" : 77724.00
  }, {
    "date" : "2025-07-29",
    "price" : 17.39,
    "dma50" : 18.66,
    "dma100" : 19.51,
    "dma200" : 19.11,
    "volume" : 20083.00
  }, {
    "date" : "2025-07-30",
    "price" : 17.24,
    "dma50" : 18.60,
    "dma100" : 19.49,
    "dma200" : 19.10,
    "volume" : 17787.00
  }, {
    "date" : "2025-07-31",
    "price" : 16.82,
    "dma50" : 18.53,
    "dma100" : 19.45,
    "dma200" : 19.07,
    "volume" : 211224.00
  }, {
    "date" : "2025-08-01",
    "price" : 16.65,
    "dma50" : 18.46,
    "dma100" : 19.43,
    "dma200" : 19.05,
    "volume" : 24901.00
  }, {
    "date" : "2025-08-04",
    "price" : 16.06,
    "dma50" : 18.37,
    "dma100" : 19.38,
    "dma200" : 19.02,
    "volume" : 8461909.00
  }, {
    "date" : "2025-08-05",
    "price" : 17.46,
    "dma50" : 18.33,
    "dma100" : 19.35,
    "dma200" : 19.00,
    "volume" : 439305.00
  }, {
    "date" : "2025-08-06",
    "price" : 18.25,
    "dma50" : 18.33,
    "dma100" : 19.34,
    "dma200" : 19.00,
    "volume" : 4131830.00
  }, {
    "date" : "2025-08-07",
    "price" : 16.88,
    "dma50" : 18.27,
    "dma100" : 19.30,
    "dma200" : 18.97,
    "volume" : 6382542.00
  }, {
    "date" : "2025-08-08",
    "price" : 17.03,
    "dma50" : 18.22,
    "dma100" : 19.27,
    "dma200" : 18.96,
    "volume" : 2132352.00
  }, {
    "date" : "2025-08-11",
    "price" : 16.68,
    "dma50" : 18.16,
    "dma100" : 19.24,
    "dma200" : 18.93,
    "volume" : 29988.00
  }, {
    "date" : "2025-08-12",
    "price" : 16.30,
    "dma50" : 18.09,
    "dma100" : 19.20,
    "dma200" : 18.91,
    "volume" : 11982.00
  }, {
    "date" : "2025-08-13",
    "price" : 16.60,
    "dma50" : 18.03,
    "dma100" : 19.17,
    "dma200" : 18.88,
    "volume" : 9157.00
  }, {
    "date" : "2025-08-14",
    "price" : 16.89,
    "dma50" : 17.99,
    "dma100" : 19.15,
    "dma200" : 18.86,
    "volume" : 19904.00
  }, {
    "date" : "2025-08-18",
    "price" : 19.38,
    "dma50" : 18.04,
    "dma100" : 19.16,
    "dma200" : 18.87,
    "volume" : 5091601.00
  }, {
    "date" : "2025-08-19",
    "price" : 21.41,
    "dma50" : 18.17,
    "dma100" : 19.18,
    "dma200" : 18.89,
    "volume" : 9086037.00
  }, {
    "date" : "2025-08-20",
    "price" : 20.26,
    "dma50" : 18.25,
    "dma100" : 19.21,
    "dma200" : 18.91,
    "volume" : 175259.00
  }, {
    "date" : "2025-08-21",
    "price" : 19.19,
    "dma50" : 18.29,
    "dma100" : 19.21,
    "dma200" : 18.91,
    "volume" : 66174.00
  }, {
    "date" : "2025-08-22",
    "price" : 21.00,
    "dma50" : 18.40,
    "dma100" : 19.23,
    "dma200" : 18.93,
    "volume" : 12236052.00
  }, {
    "date" : "2025-08-25",
    "price" : 20.34,
    "dma50" : 18.47,
    "dma100" : 19.22,
    "dma200" : 18.95,
    "volume" : 103731.00
  }, {
    "date" : "2025-08-26",
    "price" : 20.10,
    "dma50" : 18.54,
    "dma100" : 19.21,
    "dma200" : 18.96,
    "volume" : 41003.00
  }, {
    "date" : "2025-08-28",
    "price" : 19.40,
    "dma50" : 18.57,
    "dma100" : 19.17,
    "dma200" : 18.96,
    "volume" : 45337.00
  }, {
    "date" : "2025-08-29",
    "price" : 19.41,
    "dma50" : 18.60,
    "dma100" : 19.13,
    "dma200" : 18.97,
    "volume" : 26654.00
  }, {
    "date" : "2025-09-01",
    "price" : 19.14,
    "dma50" : 18.62,
    "dma100" : 19.10,
    "dma200" : 18.97,
    "volume" : 32899.00
  }, {
    "date" : "2025-09-02",
    "price" : 20.35,
    "dma50" : 18.69,
    "dma100" : 19.08,
    "dma200" : 18.98,
    "volume" : 5914365.00
  }, {
    "date" : "2025-09-03",
    "price" : 24.35,
    "dma50" : 18.91,
    "dma100" : 19.12,
    "dma200" : 19.03,
    "volume" : 5270039.00
  }, {
    "date" : "2025-09-04",
    "price" : 29.19,
    "dma50" : 19.32,
    "dma100" : 19.21,
    "dma200" : 19.14,
    "volume" : 1483010.00
  }, {
    "date" : "2025-09-05",
    "price" : 30.15,
    "dma50" : 19.74,
    "dma100" : 19.31,
    "dma200" : 19.25,
    "volume" : 4414448.00
  }, {
    "date" : "2025-09-08",
    "price" : 27.14,
    "dma50" : 20.03,
    "dma100" : 19.38,
    "dma200" : 19.32,
    "volume" : 491468.00
  }, {
    "date" : "2025-09-09",
    "price" : 24.43,
    "dma50" : 20.20,
    "dma100" : 19.41,
    "dma200" : 19.37,
    "volume" : 160808.00
  }, {
    "date" : "2025-09-10",
    "price" : 22.88,
    "dma50" : 20.31,
    "dma100" : 19.43,
    "dma200" : 19.41,
    "volume" : 707121.00
  }, {
    "date" : "2025-09-11",
    "price" : 22.50,
    "dma50" : 20.40,
    "dma100" : 19.45,
    "dma200" : 19.44,
    "volume" : 116743.00
  }, {
    "date" : "2025-09-12",
    "price" : 22.43,
    "dma50" : 20.48,
    "dma100" : 19.46,
    "dma200" : 19.47,
    "volume" : 127313.00
  }, {
    "date" : "2025-09-15",
    "price" : 21.40,
    "dma50" : 20.51,
    "dma100" : 19.46,
    "dma200" : 19.49,
    "volume" : 239782.00
  }, {
    "date" : "2025-09-16",
    "price" : 21.13,
    "dma50" : 20.54,
    "dma100" : 19.46,
    "dma200" : 19.51,
    "volume" : 91553.00
  }, {
    "date" : "2025-09-17",
    "price" : 21.75,
    "dma50" : 20.58,
    "dma100" : 19.48,
    "dma200" : 19.53,
    "volume" : 2671011.00
  }, {
    "date" : "2025-09-18",
    "price" : 21.60,
    "dma50" : 20.62,
    "dma100" : 19.49,
    "dma200" : 19.55,
    "volume" : 62377.00
  }, {
    "date" : "2025-09-19",
    "price" : 21.44,
    "dma50" : 20.66,
    "dma100" : 19.52,
    "dma200" : 19.57,
    "volume" : 49873.00
  }, {
    "date" : "2025-09-22",
    "price" : 20.42,
    "dma50" : 20.65,
    "dma100" : 19.53,
    "dma200" : 19.58,
    "volume" : 2599492.00
  }, {
    "date" : "2025-09-23",
    "price" : 19.53,
    "dma50" : 20.60,
    "dma100" : 19.54,
    "dma200" : 19.58,
    "volume" : 2695606.00
  }, {
    "date" : "2025-09-24",
    "price" : 19.09,
    "dma50" : 20.54,
    "dma100" : 19.53,
    "dma200" : 19.57,
    "volume" : 89943.00
  }, {
    "date" : "2025-09-25",
    "price" : 20.04,
    "dma50" : 20.52,
    "dma100" : 19.54,
    "dma200" : 19.58,
    "volume" : 85469.00
  }, {
    "date" : "2025-09-26",
    "price" : 21.04,
    "dma50" : 20.54,
    "dma100" : 19.54,
    "dma200" : 19.59,
    "volume" : 120246.00
  }, {
    "date" : "2025-09-29",
    "price" : 22.04,
    "dma50" : 20.60,
    "dma100" : 19.57,
    "dma200" : 19.61,
    "volume" : 144544.00
  }, {
    "date" : "2025-09-30",
    "price" : 22.45,
    "dma50" : 20.67,
    "dma100" : 19.60,
    "dma200" : 19.64,
    "volume" : 104007.00
  }, {
    "date" : "2025-10-01",
    "price" : 21.87,
    "dma50" : 20.72,
    "dma100" : 19.62,
    "dma200" : 19.66,
    "volume" : 110248.00
  }, {
    "date" : "2025-10-03",
    "price" : 21.42,
    "dma50" : 20.75,
    "dma100" : 19.62,
    "dma200" : 19.68,
    "volume" : 39712.00
  }, {
    "date" : "2025-10-06",
    "price" : 21.54,
    "dma50" : 20.78,
    "dma100" : 19.63,
    "dma200" : 19.70,
    "volume" : 33732.00
  }, {
    "date" : "2025-10-07",
    "price" : 21.18,
    "dma50" : 20.80,
    "dma100" : 19.64,
    "dma200" : 19.72,
    "volume" : 30202.00
  }, {
    "date" : "2025-10-08",
    "price" : 21.12,
    "dma50" : 20.81,
    "dma100" : 19.65,
    "dma200" : 19.73,
    "volume" : 36938.00
  }, {
    "date" : "2025-10-09",
    "price" : 21.05,
    "dma50" : 20.82,
    "dma100" : 19.65,
    "dma200" : 19.74,
    "volume" : 20878.00
  }, {
    "date" : "2025-10-10",
    "price" : 22.47,
    "dma50" : 20.88,
    "dma100" : 19.67,
    "dma200" : 19.77,
    "volume" : 5136222.00
  }, {
    "date" : "2025-10-13",
    "price" : 20.65,
    "dma50" : 20.87,
    "dma100" : 19.67,
    "dma200" : 19.78,
    "volume" : 4597139.00
  }, {
    "date" : "2025-10-14",
    "price" : 20.30,
    "dma50" : 20.85,
    "dma100" : 19.66,
    "dma200" : 19.78,
    "volume" : 4225488.00
  }, {
    "date" : "2025-10-15",
    "price" : 20.90,
    "dma50" : 20.85,
    "dma100" : 19.66,
    "dma200" : 19.79,
    "volume" : 3481166.00
  }, {
    "date" : "2025-10-16",
    "price" : 20.43,
    "dma50" : 20.84,
    "dma100" : 19.66,
    "dma200" : 19.80,
    "volume" : 4077606.00
  }, {
    "date" : "2025-10-17",
    "price" : 20.21,
    "dma50" : 20.81,
    "dma100" : 19.66,
    "dma200" : 19.81,
    "volume" : 66252.00
  }, {
    "date" : "2025-10-20",
    "price" : 20.02,
    "dma50" : 20.78,
    "dma100" : 19.66,
    "dma200" : 19.81,
    "volume" : 2153482.00
  }, {
    "date" : "2025-10-21",
    "price" : 20.55,
    "dma50" : 20.77,
    "dma100" : 19.67,
    "dma200" : 19.81,
    "volume" : 4023149.00
  }, {
    "date" : "2025-10-23",
    "price" : 20.21,
    "dma50" : 20.75,
    "dma100" : 19.68,
    "dma200" : 19.82,
    "volume" : 1579280.00
  }, {
    "date" : "2025-10-24",
    "price" : 19.95,
    "dma50" : 20.72,
    "dma100" : 19.68,
    "dma200" : 19.82,
    "volume" : 26238.00
  }, {
    "date" : "2025-10-27",
    "price" : 20.11,
    "dma50" : 20.69,
    "dma100" : 19.69,
    "dma200" : 19.82,
    "volume" : 39603.00
  }, {
    "date" : "2025-10-28",
    "price" : 19.42,
    "dma50" : 20.64,
    "dma100" : 19.69,
    "dma200" : 19.82,
    "volume" : 53405.00
  }, {
    "date" : "2025-10-29",
    "price" : 19.57,
    "dma50" : 20.60,
    "dma100" : 19.69,
    "dma200" : 19.82,
    "volume" : 30079.00
  }, {
    "date" : "2025-10-30",
    "price" : 19.33,
    "dma50" : 20.55,
    "dma100" : 19.70,
    "dma200" : 19.81,
    "volume" : 22455.00
  }, {
    "date" : "2025-10-31",
    "price" : 19.13,
    "dma50" : 20.50,
    "dma100" : 19.70,
    "dma200" : 19.80,
    "volume" : 33145.00
  }, {
    "date" : "2025-11-03",
    "price" : 18.91,
    "dma50" : 20.43,
    "dma100" : 19.69,
    "dma200" : 19.80,
    "volume" : 18793.00
  }, {
    "date" : "2025-11-04",
    "price" : 18.87,
    "dma50" : 20.37,
    "dma100" : 19.69,
    "dma200" : 19.79,
    "volume" : 20843.00
  }, {
    "date" : "2025-11-06",
    "price" : 18.62,
    "dma50" : 20.30,
    "dma100" : 19.68,
    "dma200" : 19.77,
    "volume" : 24786.00
  }, {
    "date" : "2025-11-07",
    "price" : 18.55,
    "dma50" : 20.24,
    "dma100" : 19.67,
    "dma200" : 19.76,
    "volume" : 13983.00
  }, {
    "date" : "2025-11-10",
    "price" : 18.38,
    "dma50" : 20.16,
    "dma100" : 19.67,
    "dma200" : 19.75,
    "volume" : 15346.00
  }, {
    "date" : "2025-11-11",
    "price" : 18.35,
    "dma50" : 20.09,
    "dma100" : 19.66,
    "dma200" : 19.73,
    "volume" : 15161.00
  }, {
    "date" : "2025-11-12",
    "price" : 18.37,
    "dma50" : 20.02,
    "dma100" : 19.65,
    "dma200" : 19.72,
    "volume" : 13061.00
  }, {
    "date" : "2025-11-13",
    "price" : 17.86,
    "dma50" : 19.94,
    "dma100" : 19.65,
    "dma200" : 19.70,
    "volume" : 34092.00
  }, {
    "date" : "2025-11-14",
    "price" : 17.61,
    "dma50" : 19.85,
    "dma100" : 19.64,
    "dma200" : 19.68,
    "volume" : 24593.00
  }, {
    "date" : "2025-11-17",
    "price" : 17.88,
    "dma50" : 19.77,
    "dma100" : 19.64,
    "dma200" : 19.66,
    "volume" : 30420.00
  }, {
    "date" : "2025-11-18",
    "price" : 19.66,
    "dma50" : 19.77,
    "dma100" : 19.65,
    "dma200" : 19.66,
    "volume" : 79197.00
  }, {
    "date" : "2025-11-19",
    "price" : 21.62,
    "dma50" : 19.84,
    "dma100" : 19.68,
    "dma200" : 19.68,
    "volume" : 471982.00
  }, {
    "date" : "2025-11-20",
    "price" : 19.54,
    "dma50" : 19.83,
    "dma100" : 19.68,
    "dma200" : 19.68,
    "volume" : 209330.00
  }, {
    "date" : "2025-11-21",
    "price" : 19.08,
    "dma50" : 19.80,
    "dma100" : 19.69,
    "dma200" : 19.68,
    "volume" : 46118.00
  }, {
    "date" : "2025-11-24",
    "price" : 18.27,
    "dma50" : 19.74,
    "dma100" : 19.69,
    "dma200" : 19.66,
    "volume" : 51136.00
  }, {
    "date" : "2025-11-25",
    "price" : 18.22,
    "dma50" : 19.68,
    "dma100" : 19.69,
    "dma200" : 19.65,
    "volume" : 17386.00
  }, {
    "date" : "2025-11-26",
    "price" : 18.19,
    "dma50" : 19.62,
    "dma100" : 19.69,
    "dma200" : 19.63,
    "volume" : 29854.00
  }, {
    "date" : "2025-11-27",
    "price" : 18.81,
    "dma50" : 19.59,
    "dma100" : 19.70,
    "dma200" : 19.63,
    "volume" : 43443.00
  }, {
    "date" : "2025-11-28",
    "price" : 19.16,
    "dma50" : 19.57,
    "dma100" : 19.71,
    "dma200" : 19.62,
    "volume" : 16108.00
  }, {
    "date" : "2025-12-01",
    "price" : 19.15,
    "dma50" : 19.56,
    "dma100" : 19.72,
    "dma200" : 19.62,
    "volume" : 14638.00
  }, {
    "date" : "2025-12-02",
    "price" : 21.06,
    "dma50" : 19.61,
    "dma100" : 19.76,
    "dma200" : 19.63,
    "volume" : 154275.00
  }, {
    "date" : "2025-12-03",
    "price" : 20.15,
    "dma50" : 19.64,
    "dma100" : 19.79,
    "dma200" : 19.64,
    "volume" : 93664.00
  }, {
    "date" : "2025-12-04",
    "price" : 19.99,
    "dma50" : 19.65,
    "dma100" : 19.81,
    "dma200" : 19.64,
    "volume" : 12670.00
  } ],
  "latestTechnicalAttributes" : {
    "date" : "2025-12-04",
    "price" : 19.99,
    "dma50" : 19.65,
    "dma100" : 19.81,
    "dma200" : 19.64,
    "volume" : 12670.00
  },
  "quarterlyResults" : [ {
    "date" : "2005-03-31",
    "sales" : 0.00,
    "salesGrowthYoY" : null,
    "grossProfitMargin" : 0.00,
    "grossProfit" : 0.00,
    "operatingProfitMargin" : 0.00,
    "operatingProfit" : 0.00,
    "netProfitMargin" : 0.00,
    "netProfit" : 0.00
  }, {
    "date" : "2005-06-30",
    "sales" : 0.00,
    "salesGrowthYoY" : null,
    "grossProfitMargin" : 0.00,
    "grossProfit" : 0.00,
    "operatingProfitMargin" : 0.00,
    "operatingProfit" : 0.00,
    "netProfitMargin" : 0.00,
    "netProfit" : 0.00
  }, {
    "date" : "2005-09-30",
    "sales" : 0.00,
    "salesGrowthYoY" : null,
    "grossProfitMargin" : 0.00,
    "grossProfit" : 0.00,
    "operatingProfitMargin" : 0.00,
    "operatingProfit" : 0.00,
    "netProfitMargin" : 0.00,
    "netProfit" : 0.00
  }, {
    "date" : "2005-12-31",
    "sales" : 0.00,
    "salesGrowthYoY" : null,
    "grossProfitMargin" : 0.00,
    "grossProfit" : 0.00,
    "operatingProfitMargin" : 0.00,
    "operatingProfit" : 0.00,
    "netProfitMargin" : 0.00,
    "netProfit" : 0.00
  }, {
    "date" : "2006-03-31",
    "sales" : 0.00,
    "salesGrowthYoY" : 0.00,
    "grossProfitMargin" : 0.00,
    "grossProfit" : 0.00,
    "operatingProfitMargin" : 0.00,
    "operatingProfit" : 0.00,
    "netProfitMargin" : 0.00,
    "netProfit" : 0.00
  }, {
    "date" : "2006-06-30",
    "sales" : 0.00,
    "salesGrowthYoY" : 0.00,
    "grossProfitMargin" : 0.00,
    "grossProfit" : 0.00,
    "operatingProfitMargin" : 0.00,
    "operatingProfit" : 0.00,
    "netProfitMargin" : 0.00,
    "netProfit" : 0.00
  }, {
    "date" : "2006-09-30",
    "sales" : 0.00,
    "salesGrowthYoY" : 0.00,
    "grossProfitMargin" : 0.00,
    "grossProfit" : 0.00,
    "operatingProfitMargin" : 0.00,
    "operatingProfit" : 0.00,
    "netProfitMargin" : 0.00,
    "netProfit" : 0.00
  }, {
    "date" : "2006-12-31",
    "sales" : 0.00,
    "salesGrowthYoY" : 0.00,
    "grossProfitMargin" : 0.00,
    "grossProfit" : 0.00,
    "operatingProfitMargin" : 0.00,
    "operatingProfit" : 0.00,
    "netProfitMargin" : 0.00,
    "netProfit" : 0.00
  }, {
    "date" : "2007-03-31",
    "sales" : 0.00,
    "salesGrowthYoY" : 0.00,
    "grossProfitMargin" : 0.00,
    "grossProfit" : 0.00,
    "operatingProfitMargin" : 0.00,
    "operatingProfit" : 0.00,
    "netProfitMargin" : 0.00,
    "netProfit" : 0.00
  }, {
    "date" : "2007-06-30",
    "sales" : 0.00,
    "salesGrowthYoY" : 0.00,
    "grossProfitMargin" : 0.00,
    "grossProfit" : 0.00,
    "operatingProfitMargin" : 0.00,
    "operatingProfit" : 0.00,
    "netProfitMargin" : 0.00,
    "netProfit" : 0.00
  }, {
    "date" : "2007-09-30",
    "sales" : 0.00,
    "salesGrowthYoY" : 0.00,
    "grossProfitMargin" : 0.00,
    "grossProfit" : 0.00,
    "operatingProfitMargin" : 0.00,
    "operatingProfit" : 0.00,
    "netProfitMargin" : 0.00,
    "netProfit" : 0.00
  }, {
    "date" : "2007-12-31",
    "sales" : 0.00,
    "salesGrowthYoY" : 0.00,
    "grossProfitMargin" : 0.00,
    "grossProfit" : 0.00,
    "operatingProfitMargin" : 0.00,
    "operatingProfit" : 0.00,
    "netProfitMargin" : 0.00,
    "netProfit" : 0.00
  }, {
    "date" : "2008-03-31",
    "sales" : 0.00,
    "salesGrowthYoY" : 0.00,
    "grossProfitMargin" : 0.00,
    "grossProfit" : 0.00,
    "operatingProfitMargin" : 0.00,
    "operatingProfit" : 0.00,
    "netProfitMargin" : 0.00,
    "netProfit" : 0.00
  }, {
    "date" : "2008-06-30",
    "sales" : 0.00,
    "salesGrowthYoY" : 0.00,
    "grossProfitMargin" : 0.00,
    "grossProfit" : 0.00,
    "operatingProfitMargin" : 0.00,
    "operatingProfit" : 0.00,
    "netProfitMargin" : 0.00,
    "netProfit" : 0.00
  }, {
    "date" : "2008-09-30",
    "sales" : 0.00,
    "salesGrowthYoY" : 0.00,
    "grossProfitMargin" : 0.00,
    "grossProfit" : 0.00,
    "operatingProfitMargin" : 0.00,
    "operatingProfit" : 0.00,
    "netProfitMargin" : 0.00,
    "netProfit" : 0.00
  }, {
    "date" : "2008-12-31",
    "sales" : 0.00,
    "salesGrowthYoY" : 0.00,
    "grossProfitMargin" : 0.00,
    "grossProfit" : 0.00,
    "operatingProfitMargin" : 0.00,
    "operatingProfit" : 0.00,
    "netProfitMargin" : 0.00,
    "netProfit" : 0.00
  }, {
    "date" : "2009-03-31",
    "sales" : 0.00,
    "salesGrowthYoY" : 0.00,
    "grossProfitMargin" : 0.00,
    "grossProfit" : 0.00,
    "operatingProfitMargin" : 0.00,
    "operatingProfit" : 0.00,
    "netProfitMargin" : 0.00,
    "netProfit" : 0.00
  }, {
    "date" : "2009-06-30",
    "sales" : 0.01,
    "salesGrowthYoY" : 100.00,
    "grossProfitMargin" : 0.00,
    "grossProfit" : 0.00,
    "operatingProfitMargin" : 0.00,
    "operatingProfit" : 0.00,
    "netProfitMargin" : 0.00,
    "netProfit" : 0.00
  }, {
    "date" : "2009-09-30",
    "sales" : 0.01,
    "salesGrowthYoY" : 100.00,
    "grossProfitMargin" : 0.00,
    "grossProfit" : 0.00,
    "operatingProfitMargin" : 0.00,
    "operatingProfit" : 0.00,
    "netProfitMargin" : 0.00,
    "netProfit" : 0.00
  }, {
    "date" : "2009-12-31",
    "sales" : 0.02,
    "salesGrowthYoY" : 100.00,
    "grossProfitMargin" : 0.00,
    "grossProfit" : 0.00,
    "operatingProfitMargin" : 0.00,
    "operatingProfit" : 0.00,
    "netProfitMargin" : 0.00,
    "netProfit" : 0.00
  }, {
    "date" : "2010-03-31",
    "sales" : 0.02,
    "salesGrowthYoY" : 100.00,
    "grossProfitMargin" : 0.00,
    "grossProfit" : 0.00,
    "operatingProfitMargin" : 0.00,
    "operatingProfit" : 0.00,
    "netProfitMargin" : 0.00,
    "netProfit" : 0.00
  }, {
    "date" : "2010-06-30",
    "sales" : 0.07,
    "salesGrowthYoY" : 600.00,
    "grossProfitMargin" : 14.29,
    "grossProfit" : 0.01,
    "operatingProfitMargin" : 0.00,
    "operatingProfit" : 0.00,
    "netProfitMargin" : 0.00,
    "netProfit" : 0.00
  }, {
    "date" : "2010-09-30",
    "sales" : 0.07,
    "salesGrowthYoY" : 600.00,
    "grossProfitMargin" : 14.29,
    "grossProfit" : 0.01,
    "operatingProfitMargin" : 0.00,
    "operatingProfit" : 0.00,
    "netProfitMargin" : 0.00,
    "netProfit" : 0.00
  }, {
    "date" : "2010-12-31",
    "sales" : 0.07,
    "salesGrowthYoY" : 250.00,
    "grossProfitMargin" : 14.29,
    "grossProfit" : 0.01,
    "operatingProfitMargin" : 0.00,
    "operatingProfit" : 0.00,
    "netProfitMargin" : 0.00,
    "netProfit" : 0.00
  }, {
    "date" : "2011-03-31",
    "sales" : 0.07,
    "salesGrowthYoY" : 250.00,
    "grossProfitMargin" : 85.71,
    "grossProfit" : 0.06,
    "operatingProfitMargin" : 0.00,
    "operatingProfit" : 0.00,
    "netProfitMargin" : 0.00,
    "netProfit" : 0.00
  }, {
    "date" : "2011-06-30",
    "sales" : 0.10,
    "salesGrowthYoY" : 42.86,
    "grossProfitMargin" : 10.00,
    "grossProfit" : 0.01,
    "operatingProfitMargin" : 10.00,
    "operatingProfit" : 0.01,
    "netProfitMargin" : 10.00,
    "netProfit" : 0.01
  }, {
    "date" : "2011-09-30",
    "sales" : 0.11,
    "salesGrowthYoY" : 57.14,
    "grossProfitMargin" : 9.09,
    "grossProfit" : 0.01,
    "operatingProfitMargin" : 0.00,
    "operatingProfit" : 0.00,
    "netProfitMargin" : 0.00,
    "netProfit" : 0.00
  }, {
    "date" : "2011-12-31",
    "sales" : 0.11,
    "salesGrowthYoY" : 57.14,
    "grossProfitMargin" : 0.00,
    "grossProfit" : 0.00,
    "operatingProfitMargin" : -81.82,
    "operatingProfit" : -0.09,
    "netProfitMargin" : -81.82,
    "netProfit" : -0.09
  }, {
    "date" : "2012-03-31",
    "sales" : 0.13,
    "salesGrowthYoY" : 85.71,
    "grossProfitMargin" : 0.00,
    "grossProfit" : 0.00,
    "operatingProfitMargin" : 0.00,
    "operatingProfit" : 0.00,
    "netProfitMargin" : 0.00,
    "netProfit" : 0.00
  }, {
    "date" : "2012-06-30",
    "sales" : 0.00,
    "salesGrowthYoY" : -100.00,
    "grossProfitMargin" : 0.00,
    "grossProfit" : 0.00,
    "operatingProfitMargin" : 0.00,
    "operatingProfit" : 0.00,
    "netProfitMargin" : 0.00,
    "netProfit" : 0.00
  }, {
    "date" : "2012-09-30",
    "sales" : 0.00,
    "salesGrowthYoY" : -100.00,
    "grossProfitMargin" : 0.00,
    "grossProfit" : 0.00,
    "operatingProfitMargin" : 0.00,
    "operatingProfit" : 0.00,
    "netProfitMargin" : 0.00,
    "netProfit" : 0.00
  }, {
    "date" : "2012-12-31",
    "sales" : 0.00,
    "salesGrowthYoY" : -100.00,
    "grossProfitMargin" : 0.00,
    "grossProfit" : 0.00,
    "operatingProfitMargin" : 0.00,
    "operatingProfit" : 0.00,
    "netProfitMargin" : 0.00,
    "netProfit" : 0.00
  }, {
    "date" : "2013-03-31",
    "sales" : 0.00,
    "salesGrowthYoY" : -100.00,
    "grossProfitMargin" : 0.00,
    "grossProfit" : 0.00,
    "operatingProfitMargin" : 0.00,
    "operatingProfit" : 0.00,
    "netProfitMargin" : 0.00,
    "netProfit" : 0.00
  }, {
    "date" : "2013-06-30",
    "sales" : 1.40,
    "salesGrowthYoY" : 100.00,
    "grossProfitMargin" : 1.43,
    "grossProfit" : 0.02,
    "operatingProfitMargin" : 0.71,
    "operatingProfit" : 0.01,
    "netProfitMargin" : 0.71,
    "netProfit" : 0.01
  }, {
    "date" : "2013-09-30",
    "sales" : 1.29,
    "salesGrowthYoY" : 100.00,
    "grossProfitMargin" : -1.55,
    "grossProfit" : -0.02,
    "operatingProfitMargin" : -3.88,
    "operatingProfit" : -0.05,
    "netProfitMargin" : 0.00,
    "netProfit" : 0.00
  }, {
    "date" : "2013-12-31",
    "sales" : 0.00,
    "salesGrowthYoY" : 0.00,
    "grossProfitMargin" : 0.00,
    "grossProfit" : 0.00,
    "operatingProfitMargin" : 0.00,
    "operatingProfit" : 0.00,
    "netProfitMargin" : 0.00,
    "netProfit" : 0.00
  }, {
    "date" : "2014-03-31",
    "sales" : 0.00,
    "salesGrowthYoY" : 0.00,
    "grossProfitMargin" : 0.00,
    "grossProfit" : 0.00,
    "operatingProfitMargin" : 0.00,
    "operatingProfit" : 0.00,
    "netProfitMargin" : 0.00,
    "netProfit" : 0.00
  }, {
    "date" : "2014-06-30",
    "sales" : 0.00,
    "salesGrowthYoY" : -100.00,
    "grossProfitMargin" : 0.00,
    "grossProfit" : 0.00,
    "operatingProfitMargin" : 0.00,
    "operatingProfit" : 0.00,
    "netProfitMargin" : 0.00,
    "netProfit" : 0.00
  }, {
    "date" : "2014-09-30",
    "sales" : 0.00,
    "salesGrowthYoY" : -100.00,
    "grossProfitMargin" : 0.00,
    "grossProfit" : 0.00,
    "operatingProfitMargin" : 0.00,
    "operatingProfit" : 0.00,
    "netProfitMargin" : 0.00,
    "netProfit" : 0.00
  }, {
    "date" : "2014-12-31",
    "sales" : 0.00,
    "salesGrowthYoY" : 0.00,
    "grossProfitMargin" : 0.00,
    "grossProfit" : 0.00,
    "operatingProfitMargin" : 0.00,
    "operatingProfit" : 0.00,
    "netProfitMargin" : 0.00,
    "netProfit" : 0.00
  }, {
    "date" : "2015-03-31",
    "sales" : 0.00,
    "salesGrowthYoY" : 0.00,
    "grossProfitMargin" : 0.00,
    "grossProfit" : 0.00,
    "operatingProfitMargin" : 0.00,
    "operatingProfit" : 0.00,
    "netProfitMargin" : 0.00,
    "netProfit" : 0.00
  }, {
    "date" : "2015-06-30",
    "sales" : 0.00,
    "salesGrowthYoY" : 0.00,
    "grossProfitMargin" : 0.00,
    "grossProfit" : 0.00,
    "operatingProfitMargin" : 0.00,
    "operatingProfit" : 0.00,
    "netProfitMargin" : 0.00,
    "netProfit" : 0.00
  }, {
    "date" : "2015-09-30",
    "sales" : 0.00,
    "salesGrowthYoY" : 0.00,
    "grossProfitMargin" : 0.00,
    "grossProfit" : 0.00,
    "operatingProfitMargin" : 0.00,
    "operatingProfit" : 0.00,
    "netProfitMargin" : 0.00,
    "netProfit" : 0.00
  }, {
    "date" : "2015-12-31",
    "sales" : 0.00,
    "salesGrowthYoY" : 0.00,
    "grossProfitMargin" : 0.00,
    "grossProfit" : 0.00,
    "operatingProfitMargin" : 0.00,
    "operatingProfit" : 0.00,
    "netProfitMargin" : 0.00,
    "netProfit" : 0.00
  }, {
    "date" : "2016-03-31",
    "sales" : 0.00,
    "salesGrowthYoY" : 0.00,
    "grossProfitMargin" : 0.00,
    "grossProfit" : 0.00,
    "operatingProfitMargin" : 0.00,
    "operatingProfit" : 0.00,
    "netProfitMargin" : 0.00,
    "netProfit" : 0.00
  }, {
    "date" : "2016-06-30",
    "sales" : 0.00,
    "salesGrowthYoY" : 0.00,
    "grossProfitMargin" : 0.00,
    "grossProfit" : 0.00,
    "operatingProfitMargin" : 0.00,
    "operatingProfit" : 0.00,
    "netProfitMargin" : 0.00,
    "netProfit" : 0.00
  }, {
    "date" : "2016-09-30",
    "sales" : 0.00,
    "salesGrowthYoY" : 0.00,
    "grossProfitMargin" : 0.00,
    "grossProfit" : 0.00,
    "operatingProfitMargin" : 0.00,
    "operatingProfit" : 0.00,
    "netProfitMargin" : 0.00,
    "netProfit" : 0.00
  }, {
    "date" : "2016-12-31",
    "sales" : 0.00,
    "salesGrowthYoY" : 0.00,
    "grossProfitMargin" : 0.00,
    "grossProfit" : 0.00,
    "operatingProfitMargin" : 0.00,
    "operatingProfit" : 0.00,
    "netProfitMargin" : 0.00,
    "netProfit" : 0.00
  }, {
    "date" : "2017-03-31",
    "sales" : 0.00,
    "salesGrowthYoY" : 0.00,
    "grossProfitMargin" : 0.00,
    "grossProfit" : 0.00,
    "operatingProfitMargin" : 0.00,
    "operatingProfit" : 0.00,
    "netProfitMargin" : 0.00,
    "netProfit" : 0.00
  }, {
    "date" : "2017-06-30",
    "sales" : 0.00,
    "salesGrowthYoY" : 0.00,
    "grossProfitMargin" : 0.00,
    "grossProfit" : 0.00,
    "operatingProfitMargin" : 0.00,
    "operatingProfit" : 0.00,
    "netProfitMargin" : 0.00,
    "netProfit" : 0.00
  }, {
    "date" : "2017-09-30",
    "sales" : 0.00,
    "salesGrowthYoY" : 0.00,
    "grossProfitMargin" : 0.00,
    "grossProfit" : 0.00,
    "operatingProfitMargin" : 0.00,
    "operatingProfit" : 0.00,
    "netProfitMargin" : 0.00,
    "netProfit" : 0.00
  }, {
    "date" : "2017-12-31",
    "sales" : 0.00,
    "salesGrowthYoY" : 0.00,
    "grossProfitMargin" : 0.00,
    "grossProfit" : 0.00,
    "operatingProfitMargin" : 0.00,
    "operatingProfit" : 0.00,
    "netProfitMargin" : 0.00,
    "netProfit" : 0.00
  }, {
    "date" : "2018-03-31",
    "sales" : 0.00,
    "salesGrowthYoY" : 0.00,
    "grossProfitMargin" : 0.00,
    "grossProfit" : 0.00,
    "operatingProfitMargin" : 0.00,
    "operatingProfit" : 0.00,
    "netProfitMargin" : 0.00,
    "netProfit" : 0.00
  }, {
    "date" : "2018-06-30",
    "sales" : 0.00,
    "salesGrowthYoY" : 0.00,
    "grossProfitMargin" : 0.00,
    "grossProfit" : 0.00,
    "operatingProfitMargin" : 0.00,
    "operatingProfit" : 0.00,
    "netProfitMargin" : 0.00,
    "netProfit" : 0.00
  }, {
    "date" : "2018-09-30",
    "sales" : 0.00,
    "salesGrowthYoY" : 0.00,
    "grossProfitMargin" : 0.00,
    "grossProfit" : 0.00,
    "operatingProfitMargin" : 0.00,
    "operatingProfit" : 0.00,
    "netProfitMargin" : 0.00,
    "netProfit" : 0.00
  }, {
    "date" : "2018-12-31",
    "sales" : 0.00,
    "salesGrowthYoY" : 0.00,
    "grossProfitMargin" : 0.00,
    "grossProfit" : 0.00,
    "operatingProfitMargin" : 0.00,
    "operatingProfit" : 0.00,
    "netProfitMargin" : 0.00,
    "netProfit" : 0.00
  }, {
    "date" : "2019-03-31",
    "sales" : 0.00,
    "salesGrowthYoY" : 0.00,
    "grossProfitMargin" : 0.00,
    "grossProfit" : 0.00,
    "operatingProfitMargin" : 0.00,
    "operatingProfit" : 0.00,
    "netProfitMargin" : 0.00,
    "netProfit" : 0.00
  }, {
    "date" : "2019-06-30",
    "sales" : 0.00,
    "salesGrowthYoY" : 0.00,
    "grossProfitMargin" : 0.00,
    "grossProfit" : 0.00,
    "operatingProfitMargin" : 0.00,
    "operatingProfit" : 0.00,
    "netProfitMargin" : 0.00,
    "netProfit" : 0.00
  }, {
    "date" : "2019-09-30",
    "sales" : 0.00,
    "salesGrowthYoY" : 0.00,
    "grossProfitMargin" : 0.00,
    "grossProfit" : 0.00,
    "operatingProfitMargin" : 0.00,
    "operatingProfit" : 0.00,
    "netProfitMargin" : 0.00,
    "netProfit" : 0.00
  }, {
    "date" : "2019-12-31",
    "sales" : 0.00,
    "salesGrowthYoY" : 0.00,
    "grossProfitMargin" : 0.00,
    "grossProfit" : 0.00,
    "operatingProfitMargin" : 0.00,
    "operatingProfit" : 0.00,
    "netProfitMargin" : 0.00,
    "netProfit" : 0.00
  }, {
    "date" : "2020-03-31",
    "sales" : 0.00,
    "salesGrowthYoY" : 0.00,
    "grossProfitMargin" : 0.00,
    "grossProfit" : 0.00,
    "operatingProfitMargin" : 0.00,
    "operatingProfit" : 0.00,
    "netProfitMargin" : 0.00,
    "netProfit" : 0.00
  }, {
    "date" : "2020-06-30",
    "sales" : 0.00,
    "salesGrowthYoY" : 0.00,
    "grossProfitMargin" : 0.00,
    "grossProfit" : 0.00,
    "operatingProfitMargin" : 0.00,
    "operatingProfit" : 0.00,
    "netProfitMargin" : 0.00,
    "netProfit" : 0.00
  }, {
    "date" : "2020-09-30",
    "sales" : 0.00,
    "salesGrowthYoY" : 0.00,
    "grossProfitMargin" : 0.00,
    "grossProfit" : 0.00,
    "operatingProfitMargin" : 0.00,
    "operatingProfit" : 0.00,
    "netProfitMargin" : 0.00,
    "netProfit" : 0.00
  }, {
    "date" : "2020-12-31",
    "sales" : 0.00,
    "salesGrowthYoY" : 0.00,
    "grossProfitMargin" : 0.00,
    "grossProfit" : 0.00,
    "operatingProfitMargin" : 0.00,
    "operatingProfit" : 0.00,
    "netProfitMargin" : 0.00,
    "netProfit" : 0.00
  }, {
    "date" : "2021-03-31",
    "sales" : 0.00,
    "salesGrowthYoY" : 0.00,
    "grossProfitMargin" : 0.00,
    "grossProfit" : 0.00,
    "operatingProfitMargin" : 0.00,
    "operatingProfit" : 0.00,
    "netProfitMargin" : 0.00,
    "netProfit" : 0.00
  }, {
    "date" : "2021-06-30",
    "sales" : 0.00,
    "salesGrowthYoY" : 0.00,
    "grossProfitMargin" : 0.00,
    "grossProfit" : 0.00,
    "operatingProfitMargin" : 0.00,
    "operatingProfit" : 0.00,
    "netProfitMargin" : 0.00,
    "netProfit" : 0.00
  }, {
    "date" : "2021-09-30",
    "sales" : 0.00,
    "salesGrowthYoY" : 0.00,
    "grossProfitMargin" : 0.00,
    "grossProfit" : 0.00,
    "operatingProfitMargin" : 0.00,
    "operatingProfit" : 0.00,
    "netProfitMargin" : 0.00,
    "netProfit" : 0.00
  }, {
    "date" : "2021-12-31",
    "sales" : 0.00,
    "salesGrowthYoY" : 0.00,
    "grossProfitMargin" : 0.00,
    "grossProfit" : 0.00,
    "operatingProfitMargin" : 0.00,
    "operatingProfit" : 0.00,
    "netProfitMargin" : 0.00,
    "netProfit" : 0.00
  }, {
    "date" : "2022-03-31",
    "sales" : 0.00,
    "salesGrowthYoY" : 0.00,
    "grossProfitMargin" : 0.00,
    "grossProfit" : 0.00,
    "operatingProfitMargin" : 0.00,
    "operatingProfit" : 0.00,
    "netProfitMargin" : 0.00,
    "netProfit" : 0.00
  }, {
    "date" : "2022-06-30",
    "sales" : 0.00,
    "salesGrowthYoY" : 0.00,
    "grossProfitMargin" : 0.00,
    "grossProfit" : 0.00,
    "operatingProfitMargin" : 0.00,
    "operatingProfit" : 0.00,
    "netProfitMargin" : 0.00,
    "netProfit" : 0.00
  }, {
    "date" : "2022-09-30",
    "sales" : 0.00,
    "salesGrowthYoY" : 0.00,
    "grossProfitMargin" : 0.00,
    "grossProfit" : 0.00,
    "operatingProfitMargin" : 0.00,
    "operatingProfit" : 0.00,
    "netProfitMargin" : 0.00,
    "netProfit" : 0.00
  }, {
    "date" : "2022-12-31",
    "sales" : 0.00,
    "salesGrowthYoY" : 0.00,
    "grossProfitMargin" : 0.00,
    "grossProfit" : 0.00,
    "operatingProfitMargin" : 0.00,
    "operatingProfit" : 0.00,
    "netProfitMargin" : 0.00,
    "netProfit" : 0.00
  }, {
    "date" : "2023-03-31",
    "sales" : 0.00,
    "salesGrowthYoY" : 0.00,
    "grossProfitMargin" : 0.00,
    "grossProfit" : 0.00,
    "operatingProfitMargin" : 0.00,
    "operatingProfit" : 0.00,
    "netProfitMargin" : 0.00,
    "netProfit" : 0.00
  }, {
    "date" : "2023-06-30",
    "sales" : 1.74,
    "salesGrowthYoY" : 100.00,
    "grossProfitMargin" : 3.45,
    "grossProfit" : 0.06,
    "operatingProfitMargin" : -2.30,
    "operatingProfit" : -0.04,
    "netProfitMargin" : -2.30,
    "netProfit" : -0.04
  }, {
    "date" : "2023-09-30",
    "sales" : 13.91,
    "salesGrowthYoY" : 100.00,
    "grossProfitMargin" : 7.98,
    "grossProfit" : 1.11,
    "operatingProfitMargin" : 6.61,
    "operatingProfit" : 0.92,
    "netProfitMargin" : 5.61,
    "netProfit" : 0.78
  }, {
    "date" : "2023-12-31",
    "sales" : 17.61,
    "salesGrowthYoY" : 100.00,
    "grossProfitMargin" : 29.30,
    "grossProfit" : 5.16,
    "operatingProfitMargin" : 28.62,
    "operatingProfit" : 5.04,
    "netProfitMargin" : 26.35,
    "netProfit" : 4.64
  }, {
    "date" : "2024-03-31",
    "sales" : 27.45,
    "salesGrowthYoY" : 100.00,
    "grossProfitMargin" : 21.49,
    "grossProfit" : 5.90,
    "operatingProfitMargin" : 18.62,
    "operatingProfit" : 5.11,
    "netProfitMargin" : 18.83,
    "netProfit" : 5.17
  }, {
    "date" : "2024-06-30",
    "sales" : 40.50,
    "salesGrowthYoY" : 2227.59,
    "grossProfitMargin" : 7.65,
    "grossProfit" : 3.10,
    "operatingProfitMargin" : 7.41,
    "operatingProfit" : 3.00,
    "netProfitMargin" : 7.14,
    "netProfit" : 2.89
  }, {
    "date" : "2024-09-30",
    "sales" : 47.51,
    "salesGrowthYoY" : 241.55,
    "grossProfitMargin" : 7.05,
    "grossProfit" : 3.35,
    "operatingProfitMargin" : 6.46,
    "operatingProfit" : 3.07,
    "netProfitMargin" : 6.55,
    "netProfit" : 3.11
  }, {
    "date" : "2024-12-31",
    "sales" : 50.60,
    "salesGrowthYoY" : 187.34,
    "grossProfitMargin" : 7.65,
    "grossProfit" : 3.87,
    "operatingProfitMargin" : 6.21,
    "operatingProfit" : 3.14,
    "netProfitMargin" : 6.74,
    "netProfit" : 3.41
  }, {
    "date" : "2025-03-31",
    "sales" : 55.69,
    "salesGrowthYoY" : 102.88,
    "grossProfitMargin" : 7.76,
    "grossProfit" : 4.32,
    "operatingProfitMargin" : 6.57,
    "operatingProfit" : 3.66,
    "netProfitMargin" : 5.80,
    "netProfit" : 3.23
  }, {
    "date" : "2025-06-30",
    "sales" : 51.02,
    "salesGrowthYoY" : 25.98,
    "grossProfitMargin" : 8.23,
    "grossProfit" : 4.20,
    "operatingProfitMargin" : 8.06,
    "operatingProfit" : 4.11,
    "netProfitMargin" : 7.78,
    "netProfit" : 3.97
  }, {
    "date" : "2025-09-30",
    "sales" : 52.49,
    "salesGrowthYoY" : 10.48,
    "grossProfitMargin" : 8.13,
    "grossProfit" : 4.27,
    "operatingProfitMargin" : 8.08,
    "operatingProfit" : 4.24,
    "netProfitMargin" : 7.85,
    "netProfit" : 4.12
  } ],
  "latestQuarterlyResult" : {
    "date" : "2025-09-30",
    "sales" : 52.49,
    "salesGrowthYoY" : 10.48,
    "grossProfitMargin" : 8.13,
    "grossProfit" : 4.27,
    "operatingProfitMargin" : 8.08,
    "operatingProfit" : 4.24,
    "netProfitMargin" : 7.85,
    "netProfit" : 4.12
  },
  "companyScore" : {
    "priceHigherThanDma50" : 5.00,
    "priceHigherThanDma100" : 5.00,
    "priceHigherThanDma200" : 5.00,
    "dma50HigherThanDma100" : 0.00,
    "dma50HigherThanDma200" : 5.00,
    "dma100HigherThanDma200" : 5.00,
    "pricePercentageAboveDma50" : 4.91,
    "pricePercentageAboveDma100" : 4.95,
    "pricePercentageAboveDma200" : 4.91,
    "weeklyVolumeHigherThanYearlyVolume" : 0.00,
    "salesGrowthPercentile" : 14.18,
    "operatingProfitMarginPercentile" : 19.28,
    "netProfitMarginPercentile" : 9.64,
    "totalTechnicalScore" : 39.78,
    "totalFundamentalScore" : 43.09,
    "totalScore" : 82.87
  }
}