{
  "metadata" : {
    "screenerCompanyId" : "818",
    "companyCode" : "523862",
    "companyName" : "Grand Oak Canyon",
    "screenerCompanyLink" : "https://www.screener.in/company/523862",
    "screenerTechnicalHistoryLink" : "https://www.screener.in/api/company/818/chart/?q=Price-DMA50-DMA200-Volume&days=365",
    "screenerQuarterlyResultsLink" : "https://www.screener.in/api/company/818/chart/?q=GPM-OPM-NPM-Quarter+Sales&days=10000",
    "attributes" : {
      "companyCode" : "523862",
      "companyName" : "Grand Oak Canyon",
      "marketCap" : 2709.00,
      "peRatio" : 0.00,
      "description" : "Incorporated in 1985, Pacheli Industrial Finance Ltd is engaged in financing business and investment activities[1]"
    },
    "companyScore" : {
      "priceHigherThanDma50" : 5.00,
      "priceHigherThanDma100" : 5.00,
      "priceHigherThanDma200" : 5.00,
      "dma50HigherThanDma100" : 5.00,
      "dma50HigherThanDma200" : 5.00,
      "dma100HigherThanDma200" : 5.00,
      "pricePercentageAboveDma50" : 4.27,
      "pricePercentageAboveDma100" : 2.58,
      "pricePercentageAboveDma200" : 2.18,
      "weeklyVolumeHigherThanYearlyVolume" : 0.00,
      "salesGrowthPercentile" : 17.72,
      "operatingProfitMarginPercentile" : 18.29,
      "netProfitMarginPercentile" : 9.56,
      "totalTechnicalScore" : 39.03,
      "totalFundamentalScore" : 45.57,
      "totalScore" : 84.60
    }
  },
  "attributes" : {
    "companyCode" : "523862",
    "companyName" : "Grand Oak Canyon",
    "marketCap" : 2709.00,
    "peRatio" : 0.00,
    "description" : "Incorporated in 1985, Pacheli Industrial Finance Ltd is engaged in financing business and investment activities[1]"
  },
  "technicalHistory" : [ {
    "date" : "2024-12-02",
    "price" : 21.02,
    "dma50" : 16.77,
    "dma100" : null,
    "dma200" : 12.26,
    "volume" : 10.00
  }, {
    "date" : "2024-12-09",
    "price" : 21.02,
    "dma50" : 16.94,
    "dma100" : null,
    "dma200" : 12.35,
    "volume" : 53800.00
  }, {
    "date" : "2024-12-10",
    "price" : 22.07,
    "dma50" : 17.14,
    "dma100" : null,
    "dma200" : 12.44,
    "volume" : 211.00
  }, {
    "date" : "2024-12-11",
    "price" : 23.17,
    "dma50" : 17.38,
    "dma100" : null,
    "dma200" : 12.55,
    "volume" : 50.00
  }, {
    "date" : "2024-12-12",
    "price" : 24.32,
    "dma50" : 17.65,
    "dma100" : null,
    "dma200" : 12.67,
    "volume" : 90.00
  }, {
    "date" : "2024-12-13",
    "price" : 25.53,
    "dma50" : 17.96,
    "dma100" : null,
    "dma200" : 12.79,
    "volume" : 505.00
  }, {
    "date" : "2024-12-16",
    "price" : 26.80,
    "dma50" : 18.31,
    "dma100" : null,
    "dma200" : 12.93,
    "volume" : 19511.00
  }, {
    "date" : "2024-12-17",
    "price" : 28.14,
    "dma50" : 18.69,
    "dma100" : null,
    "dma200" : 13.09,
    "volume" : 142.00
  }, {
    "date" : "2024-12-18",
    "price" : 29.54,
    "dma50" : 19.12,
    "dma100" : null,
    "dma200" : 13.25,
    "volume" : 2300.00
  }, {
    "date" : "2024-12-19",
    "price" : 31.01,
    "dma50" : 19.58,
    "dma100" : null,
    "dma200" : 13.43,
    "volume" : 251.00
  }, {
    "date" : "2024-12-20",
    "price" : 32.56,
    "dma50" : 20.09,
    "dma100" : null,
    "dma200" : 13.62,
    "volume" : 1065.00
  }, {
    "date" : "2024-12-23",
    "price" : 34.18,
    "dma50" : 20.64,
    "dma100" : null,
    "dma200" : 13.82,
    "volume" : 10625.00
  }, {
    "date" : "2024-12-24",
    "price" : 35.88,
    "dma50" : 21.24,
    "dma100" : null,
    "dma200" : 14.04,
    "volume" : 238342.00
  }, {
    "date" : "2024-12-26",
    "price" : 37.67,
    "dma50" : 21.89,
    "dma100" : null,
    "dma200" : 14.28,
    "volume" : 2258.00
  }, {
    "date" : "2024-12-27",
    "price" : 39.55,
    "dma50" : 22.58,
    "dma100" : null,
    "dma200" : 14.53,
    "volume" : 4066.00
  }, {
    "date" : "2024-12-30",
    "price" : 41.52,
    "dma50" : 23.32,
    "dma100" : null,
    "dma200" : 14.80,
    "volume" : 96619.00
  }, {
    "date" : "2024-12-31",
    "price" : 43.59,
    "dma50" : 24.12,
    "dma100" : null,
    "dma200" : 15.08,
    "volume" : 25657.00
  }, {
    "date" : "2025-01-01",
    "price" : 45.76,
    "dma50" : 24.97,
    "dma100" : null,
    "dma200" : 15.39,
    "volume" : 36610.00
  }, {
    "date" : "2025-01-02",
    "price" : 48.04,
    "dma50" : 25.87,
    "dma100" : null,
    "dma200" : 15.71,
    "volume" : 9013.00
  }, {
    "date" : "2025-01-03",
    "price" : 50.44,
    "dma50" : 26.83,
    "dma100" : null,
    "dma200" : 16.06,
    "volume" : 2939.00
  }, {
    "date" : "2025-01-06",
    "price" : 52.96,
    "dma50" : 27.86,
    "dma100" : null,
    "dma200" : 16.42,
    "volume" : 29624.00
  }, {
    "date" : "2025-01-07",
    "price" : 55.60,
    "dma50" : 28.95,
    "dma100" : null,
    "dma200" : 16.81,
    "volume" : 234959.00
  }, {
    "date" : "2025-01-08",
    "price" : 58.38,
    "dma50" : 30.10,
    "dma100" : null,
    "dma200" : 17.23,
    "volume" : 19196.00
  }, {
    "date" : "2025-01-09",
    "price" : 61.29,
    "dma50" : 31.32,
    "dma100" : null,
    "dma200" : 17.67,
    "volume" : 3951.00
  }, {
    "date" : "2025-01-10",
    "price" : 64.35,
    "dma50" : 32.62,
    "dma100" : null,
    "dma200" : 18.13,
    "volume" : 1898.00
  }, {
    "date" : "2025-01-13",
    "price" : 67.56,
    "dma50" : 33.99,
    "dma100" : null,
    "dma200" : 18.62,
    "volume" : 7730.00
  }, {
    "date" : "2025-01-14",
    "price" : 70.93,
    "dma50" : 35.44,
    "dma100" : null,
    "dma200" : 19.14,
    "volume" : 28866.00
  }, {
    "date" : "2025-01-15",
    "price" : 74.47,
    "dma50" : 36.97,
    "dma100" : null,
    "dma200" : 19.69,
    "volume" : 10706.00
  }, {
    "date" : "2025-01-16",
    "price" : 78.19,
    "dma50" : 38.58,
    "dma100" : null,
    "dma200" : 20.28,
    "volume" : 103095.00
  }, {
    "date" : "2025-01-17",
    "price" : 74.29,
    "dma50" : 39.98,
    "dma100" : null,
    "dma200" : 20.81,
    "volume" : 27945.00
  }, {
    "date" : "2025-01-20",
    "price" : 70.58,
    "dma50" : 41.18,
    "dma100" : null,
    "dma200" : 21.31,
    "volume" : 5829.00
  }, {
    "date" : "2025-01-21",
    "price" : 67.06,
    "dma50" : 42.20,
    "dma100" : null,
    "dma200" : 21.76,
    "volume" : 912.00
  }, {
    "date" : "2025-01-22",
    "price" : 63.71,
    "dma50" : 43.04,
    "dma100" : null,
    "dma200" : 22.18,
    "volume" : 850.00
  }, {
    "date" : "2025-01-23",
    "price" : 60.53,
    "dma50" : 43.73,
    "dma100" : null,
    "dma200" : 22.56,
    "volume" : 538.00
  }, {
    "date" : "2025-01-24",
    "price" : 57.51,
    "dma50" : 44.27,
    "dma100" : null,
    "dma200" : 22.91,
    "volume" : 694.00
  }, {
    "date" : "2025-01-27",
    "price" : 54.64,
    "dma50" : 44.68,
    "dma100" : null,
    "dma200" : 23.23,
    "volume" : 260.00
  }, {
    "date" : "2025-01-28",
    "price" : 51.91,
    "dma50" : 44.96,
    "dma100" : null,
    "dma200" : 23.51,
    "volume" : 601.00
  }, {
    "date" : "2025-01-29",
    "price" : 49.32,
    "dma50" : 45.13,
    "dma100" : null,
    "dma200" : 23.77,
    "volume" : 324.00
  }, {
    "date" : "2025-01-30",
    "price" : 46.86,
    "dma50" : 45.20,
    "dma100" : null,
    "dma200" : 24.00,
    "volume" : 719.00
  }, {
    "date" : "2025-01-31",
    "price" : 44.52,
    "dma50" : 45.17,
    "dma100" : null,
    "dma200" : 24.20,
    "volume" : 1238.00
  }, {
    "date" : "2025-02-01",
    "price" : 42.30,
    "dma50" : 45.06,
    "dma100" : null,
    "dma200" : 24.38,
    "volume" : 454.00
  }, {
    "date" : "2025-02-03",
    "price" : 40.19,
    "dma50" : 44.87,
    "dma100" : null,
    "dma200" : 24.54,
    "volume" : 182.00
  }, {
    "date" : "2025-02-04",
    "price" : 38.19,
    "dma50" : 44.61,
    "dma100" : null,
    "dma200" : 24.68,
    "volume" : 543.00
  }, {
    "date" : "2025-02-05",
    "price" : 36.29,
    "dma50" : 44.28,
    "dma100" : null,
    "dma200" : 24.79,
    "volume" : 2045.00
  }, {
    "date" : "2025-02-06",
    "price" : 34.48,
    "dma50" : 43.90,
    "dma100" : null,
    "dma200" : 24.89,
    "volume" : 801.00
  }, {
    "date" : "2025-02-07",
    "price" : 32.76,
    "dma50" : 43.46,
    "dma100" : null,
    "dma200" : 24.97,
    "volume" : 2390.00
  }, {
    "date" : "2025-02-10",
    "price" : 31.13,
    "dma50" : 42.98,
    "dma100" : null,
    "dma200" : 25.03,
    "volume" : 1156.00
  }, {
    "date" : "2025-02-11",
    "price" : 29.58,
    "dma50" : 42.45,
    "dma100" : null,
    "dma200" : 25.07,
    "volume" : 4911.00
  }, {
    "date" : "2025-02-12",
    "price" : 28.11,
    "dma50" : 41.89,
    "dma100" : null,
    "dma200" : 25.10,
    "volume" : 1777.00
  }, {
    "date" : "2025-02-13",
    "price" : 26.71,
    "dma50" : 41.29,
    "dma100" : null,
    "dma200" : 25.12,
    "volume" : 391.00
  }, {
    "date" : "2025-02-14",
    "price" : 25.38,
    "dma50" : 40.67,
    "dma100" : null,
    "dma200" : 25.12,
    "volume" : 1800.00
  }, {
    "date" : "2025-02-17",
    "price" : 24.12,
    "dma50" : 40.02,
    "dma100" : null,
    "dma200" : 25.11,
    "volume" : 1793.00
  }, {
    "date" : "2025-02-18",
    "price" : 22.92,
    "dma50" : 39.35,
    "dma100" : null,
    "dma200" : 25.09,
    "volume" : 995.00
  }, {
    "date" : "2025-02-19",
    "price" : 21.78,
    "dma50" : 38.66,
    "dma100" : null,
    "dma200" : 25.06,
    "volume" : 1278.00
  }, {
    "date" : "2025-02-20",
    "price" : 20.70,
    "dma50" : 37.96,
    "dma100" : null,
    "dma200" : 25.01,
    "volume" : 757.00
  }, {
    "date" : "2025-02-21",
    "price" : 19.67,
    "dma50" : 37.24,
    "dma100" : null,
    "dma200" : 24.96,
    "volume" : 3501.00
  }, {
    "date" : "2025-02-24",
    "price" : 20.65,
    "dma50" : 36.59,
    "dma100" : null,
    "dma200" : 24.92,
    "volume" : 44025.00
  }, {
    "date" : "2025-02-25",
    "price" : 21.68,
    "dma50" : 36.00,
    "dma100" : null,
    "dma200" : 24.89,
    "volume" : 5604.00
  }, {
    "date" : "2025-02-27",
    "price" : 22.76,
    "dma50" : 35.48,
    "dma100" : null,
    "dma200" : 24.86,
    "volume" : 582.00
  }, {
    "date" : "2025-02-28",
    "price" : 23.89,
    "dma50" : 35.03,
    "dma100" : null,
    "dma200" : 24.85,
    "volume" : 133880.00
  }, {
    "date" : "2025-03-03",
    "price" : 25.08,
    "dma50" : 34.64,
    "dma100" : null,
    "dma200" : 24.86,
    "volume" : 100879.00
  }, {
    "date" : "2025-03-04",
    "price" : 26.33,
    "dma50" : 34.31,
    "dma100" : null,
    "dma200" : 24.87,
    "volume" : 9960.00
  }, {
    "date" : "2025-03-05",
    "price" : 27.64,
    "dma50" : 34.05,
    "dma100" : null,
    "dma200" : 24.90,
    "volume" : 12791.00
  }, {
    "date" : "2025-03-06",
    "price" : 29.02,
    "dma50" : 33.85,
    "dma100" : null,
    "dma200" : 24.94,
    "volume" : 1441.00
  }, {
    "date" : "2025-03-07",
    "price" : 30.47,
    "dma50" : 33.72,
    "dma100" : null,
    "dma200" : 24.99,
    "volume" : 1577.00
  }, {
    "date" : "2025-03-10",
    "price" : 31.99,
    "dma50" : 33.65,
    "dma100" : null,
    "dma200" : 25.06,
    "volume" : 2588.00
  }, {
    "date" : "2025-03-11",
    "price" : 33.58,
    "dma50" : 33.65,
    "dma100" : null,
    "dma200" : 25.15,
    "volume" : 2072.00
  }, {
    "date" : "2025-03-12",
    "price" : 35.25,
    "dma50" : 33.71,
    "dma100" : null,
    "dma200" : 25.25,
    "volume" : 1776.00
  }, {
    "date" : "2025-03-13",
    "price" : 37.01,
    "dma50" : 33.84,
    "dma100" : null,
    "dma200" : 25.37,
    "volume" : 1644.00
  }, {
    "date" : "2025-03-17",
    "price" : 35.16,
    "dma50" : 33.89,
    "dma100" : null,
    "dma200" : 25.46,
    "volume" : 54878.00
  }, {
    "date" : "2025-03-18",
    "price" : 33.41,
    "dma50" : 33.88,
    "dma100" : null,
    "dma200" : 25.54,
    "volume" : 22266.00
  }, {
    "date" : "2025-03-19",
    "price" : 31.74,
    "dma50" : 33.79,
    "dma100" : null,
    "dma200" : 25.60,
    "volume" : 4288.00
  }, {
    "date" : "2025-03-20",
    "price" : 30.16,
    "dma50" : 33.65,
    "dma100" : null,
    "dma200" : 25.65,
    "volume" : 13887.00
  }, {
    "date" : "2025-03-21",
    "price" : 28.66,
    "dma50" : 33.45,
    "dma100" : null,
    "dma200" : 25.68,
    "volume" : 2084.00
  }, {
    "date" : "2025-03-24",
    "price" : 27.23,
    "dma50" : 33.21,
    "dma100" : null,
    "dma200" : 25.70,
    "volume" : 6215.00
  }, {
    "date" : "2025-03-25",
    "price" : 25.87,
    "dma50" : 32.92,
    "dma100" : null,
    "dma200" : 25.70,
    "volume" : 1118.00
  }, {
    "date" : "2025-03-26",
    "price" : 24.58,
    "dma50" : 32.59,
    "dma100" : null,
    "dma200" : 25.69,
    "volume" : 108016.00
  }, {
    "date" : "2025-03-27",
    "price" : 23.36,
    "dma50" : 32.23,
    "dma100" : null,
    "dma200" : 25.66,
    "volume" : 308.00
  }, {
    "date" : "2025-03-28",
    "price" : 24.52,
    "dma50" : 31.93,
    "dma100" : null,
    "dma200" : 25.65,
    "volume" : 30487.00
  }, {
    "date" : "2025-04-01",
    "price" : 25.74,
    "dma50" : 31.69,
    "dma100" : null,
    "dma200" : 25.65,
    "volume" : 1281.00
  }, {
    "date" : "2025-04-02",
    "price" : 27.02,
    "dma50" : 31.50,
    "dma100" : null,
    "dma200" : 25.67,
    "volume" : 430.00
  }, {
    "date" : "2025-04-03",
    "price" : 25.67,
    "dma50" : 31.28,
    "dma100" : null,
    "dma200" : 25.67,
    "volume" : 13344.00
  }, {
    "date" : "2025-04-04",
    "price" : 24.39,
    "dma50" : 31.01,
    "dma100" : null,
    "dma200" : 25.65,
    "volume" : 1864.00
  }, {
    "date" : "2025-04-07",
    "price" : 23.18,
    "dma50" : 30.70,
    "dma100" : null,
    "dma200" : 25.63,
    "volume" : 918.00
  }, {
    "date" : "2025-04-08",
    "price" : 22.12,
    "dma50" : 30.36,
    "dma100" : null,
    "dma200" : 25.59,
    "volume" : 28466.00
  }, {
    "date" : "2025-04-09",
    "price" : 23.22,
    "dma50" : 30.08,
    "dma100" : null,
    "dma200" : 25.57,
    "volume" : 15007.00
  }, {
    "date" : "2025-04-11",
    "price" : 22.36,
    "dma50" : 29.78,
    "dma100" : null,
    "dma200" : 25.54,
    "volume" : 3978.00
  }, {
    "date" : "2025-04-15",
    "price" : 23.37,
    "dma50" : 29.53,
    "dma100" : null,
    "dma200" : 25.52,
    "volume" : 5074.00
  }, {
    "date" : "2025-04-16",
    "price" : 24.53,
    "dma50" : 29.33,
    "dma100" : null,
    "dma200" : 25.51,
    "volume" : 3493.00
  }, {
    "date" : "2025-04-17",
    "price" : 25.50,
    "dma50" : 29.18,
    "dma100" : null,
    "dma200" : 25.51,
    "volume" : 2388.00
  }, {
    "date" : "2025-04-21",
    "price" : 26.74,
    "dma50" : 29.09,
    "dma100" : null,
    "dma200" : 25.52,
    "volume" : 18523.00
  }, {
    "date" : "2025-04-22",
    "price" : 27.48,
    "dma50" : 29.02,
    "dma100" : null,
    "dma200" : 25.54,
    "volume" : 7016.00
  }, {
    "date" : "2025-04-23",
    "price" : 28.45,
    "dma50" : 29.00,
    "dma100" : null,
    "dma200" : 25.57,
    "volume" : 1273.00
  }, {
    "date" : "2025-04-24",
    "price" : 28.59,
    "dma50" : 28.98,
    "dma100" : null,
    "dma200" : 25.60,
    "volume" : 2445.00
  }, {
    "date" : "2025-04-25",
    "price" : 27.21,
    "dma50" : 28.91,
    "dma100" : null,
    "dma200" : 25.61,
    "volume" : 3461.00
  }, {
    "date" : "2025-04-28",
    "price" : 27.68,
    "dma50" : 28.87,
    "dma100" : null,
    "dma200" : 25.63,
    "volume" : 571.00
  }, {
    "date" : "2025-04-29",
    "price" : 26.45,
    "dma50" : 28.77,
    "dma100" : null,
    "dma200" : 25.64,
    "volume" : 3307.00
  }, {
    "date" : "2025-04-30",
    "price" : 25.95,
    "dma50" : 28.66,
    "dma100" : null,
    "dma200" : 25.65,
    "volume" : 10635.00
  }, {
    "date" : "2025-05-02",
    "price" : 25.74,
    "dma50" : 28.55,
    "dma100" : null,
    "dma200" : 25.65,
    "volume" : 450.00
  }, {
    "date" : "2025-05-05",
    "price" : 26.12,
    "dma50" : 28.45,
    "dma100" : null,
    "dma200" : 25.65,
    "volume" : 418.00
  }, {
    "date" : "2025-05-06",
    "price" : 26.68,
    "dma50" : 28.38,
    "dma100" : 35.54,
    "dma200" : 25.66,
    "volume" : 3068.00
  }, {
    "date" : "2025-05-07",
    "price" : 26.99,
    "dma50" : 28.33,
    "dma100" : 35.60,
    "dma200" : 25.67,
    "volume" : 2762.00
  }, {
    "date" : "2025-05-08",
    "price" : 25.70,
    "dma50" : 28.22,
    "dma100" : 35.64,
    "dma200" : 25.67,
    "volume" : 900.00
  }, {
    "date" : "2025-05-09",
    "price" : 24.75,
    "dma50" : 28.09,
    "dma100" : 35.65,
    "dma200" : 25.67,
    "volume" : 655.00
  }, {
    "date" : "2025-05-12",
    "price" : 25.90,
    "dma50" : 28.00,
    "dma100" : 35.67,
    "dma200" : 25.67,
    "volume" : 4584.00
  }, {
    "date" : "2025-05-13",
    "price" : 24.78,
    "dma50" : 27.88,
    "dma100" : 35.66,
    "dma200" : 25.66,
    "volume" : 2868.00
  }, {
    "date" : "2025-05-14",
    "price" : 26.00,
    "dma50" : 27.80,
    "dma100" : 35.65,
    "dma200" : 25.66,
    "volume" : 2720.00
  }, {
    "date" : "2025-05-15",
    "price" : 24.70,
    "dma50" : 27.68,
    "dma100" : 35.62,
    "dma200" : 25.65,
    "volume" : 8503.00
  }, {
    "date" : "2025-05-16",
    "price" : 24.95,
    "dma50" : 27.57,
    "dma100" : 35.57,
    "dma200" : 25.65,
    "volume" : 1990.00
  }, {
    "date" : "2025-05-19",
    "price" : 23.81,
    "dma50" : 27.43,
    "dma100" : 35.50,
    "dma200" : 25.63,
    "volume" : 6981.00
  }, {
    "date" : "2025-05-20",
    "price" : 22.68,
    "dma50" : 27.24,
    "dma100" : 35.40,
    "dma200" : 25.60,
    "volume" : 5659.00
  }, {
    "date" : "2025-05-21",
    "price" : 22.02,
    "dma50" : 27.04,
    "dma100" : 35.28,
    "dma200" : 25.56,
    "volume" : 5220.00
  }, {
    "date" : "2025-05-22",
    "price" : 22.84,
    "dma50" : 26.87,
    "dma100" : 35.15,
    "dma200" : 25.54,
    "volume" : 1351.00
  }, {
    "date" : "2025-05-23",
    "price" : 22.00,
    "dma50" : 26.68,
    "dma100" : 34.99,
    "dma200" : 25.50,
    "volume" : 1471.00
  }, {
    "date" : "2025-05-26",
    "price" : 22.73,
    "dma50" : 26.52,
    "dma100" : 34.82,
    "dma200" : 25.47,
    "volume" : 631.00
  }, {
    "date" : "2025-05-27",
    "price" : 22.62,
    "dma50" : 26.37,
    "dma100" : 34.63,
    "dma200" : 25.44,
    "volume" : 143.00
  }, {
    "date" : "2025-05-28",
    "price" : 23.48,
    "dma50" : 26.26,
    "dma100" : 34.43,
    "dma200" : 25.43,
    "volume" : 2898.00
  }, {
    "date" : "2025-05-29",
    "price" : 23.89,
    "dma50" : 26.17,
    "dma100" : 34.22,
    "dma200" : 25.41,
    "volume" : 1517.00
  }, {
    "date" : "2025-05-30",
    "price" : 24.58,
    "dma50" : 26.10,
    "dma100" : 33.98,
    "dma200" : 25.40,
    "volume" : 7451.00
  }, {
    "date" : "2025-06-02",
    "price" : 24.40,
    "dma50" : 26.04,
    "dma100" : 33.72,
    "dma200" : 25.39,
    "volume" : 2206.00
  }, {
    "date" : "2025-06-03",
    "price" : 23.19,
    "dma50" : 25.92,
    "dma100" : 33.42,
    "dma200" : 25.37,
    "volume" : 2185.00
  }, {
    "date" : "2025-06-04",
    "price" : 23.49,
    "dma50" : 25.83,
    "dma100" : 33.10,
    "dma200" : 25.35,
    "volume" : 4753.00
  }, {
    "date" : "2025-06-05",
    "price" : 22.35,
    "dma50" : 25.69,
    "dma100" : 32.74,
    "dma200" : 25.32,
    "volume" : 2622.00
  }, {
    "date" : "2025-06-06",
    "price" : 22.92,
    "dma50" : 25.58,
    "dma100" : 32.36,
    "dma200" : 25.30,
    "volume" : 4830.00
  }, {
    "date" : "2025-06-09",
    "price" : 22.35,
    "dma50" : 25.46,
    "dma100" : 31.94,
    "dma200" : 25.27,
    "volume" : 7309.00
  }, {
    "date" : "2025-06-10",
    "price" : 21.27,
    "dma50" : 25.29,
    "dma100" : 31.47,
    "dma200" : 25.23,
    "volume" : 3903.00
  }, {
    "date" : "2025-06-11",
    "price" : 22.24,
    "dma50" : 25.17,
    "dma100" : 30.99,
    "dma200" : 25.20,
    "volume" : 12609.00
  }, {
    "date" : "2025-06-12",
    "price" : 21.16,
    "dma50" : 25.02,
    "dma100" : 30.45,
    "dma200" : 25.16,
    "volume" : 3464.00
  }, {
    "date" : "2025-06-13",
    "price" : 21.50,
    "dma50" : 24.88,
    "dma100" : 29.89,
    "dma200" : 25.12,
    "volume" : 1143.00
  }, {
    "date" : "2025-06-16",
    "price" : 21.97,
    "dma50" : 24.76,
    "dma100" : 29.36,
    "dma200" : 25.09,
    "volume" : 3675.00
  }, {
    "date" : "2025-06-17",
    "price" : 21.25,
    "dma50" : 24.63,
    "dma100" : 28.87,
    "dma200" : 25.05,
    "volume" : 3364.00
  }, {
    "date" : "2025-06-18",
    "price" : 21.20,
    "dma50" : 24.49,
    "dma100" : 28.41,
    "dma200" : 25.01,
    "volume" : 981.00
  }, {
    "date" : "2025-06-19",
    "price" : 20.14,
    "dma50" : 24.32,
    "dma100" : 27.98,
    "dma200" : 24.97,
    "volume" : 2445.00
  }, {
    "date" : "2025-06-20",
    "price" : 21.14,
    "dma50" : 24.20,
    "dma100" : 27.58,
    "dma200" : 24.93,
    "volume" : 51529.00
  }, {
    "date" : "2025-06-23",
    "price" : 20.59,
    "dma50" : 24.05,
    "dma100" : 27.21,
    "dma200" : 24.88,
    "volume" : 8575.00
  }, {
    "date" : "2025-06-24",
    "price" : 20.90,
    "dma50" : 23.93,
    "dma100" : 26.88,
    "dma200" : 24.84,
    "volume" : 3742.00
  }, {
    "date" : "2025-06-25",
    "price" : 20.29,
    "dma50" : 23.79,
    "dma100" : 26.56,
    "dma200" : 24.80,
    "volume" : 2154.00
  }, {
    "date" : "2025-06-26",
    "price" : 21.30,
    "dma50" : 23.69,
    "dma100" : 26.28,
    "dma200" : 24.76,
    "volume" : 43082.00
  }, {
    "date" : "2025-06-27",
    "price" : 21.40,
    "dma50" : 23.60,
    "dma100" : 26.03,
    "dma200" : 24.73,
    "volume" : 7431.00
  }, {
    "date" : "2025-06-30",
    "price" : 20.75,
    "dma50" : 23.49,
    "dma100" : 25.79,
    "dma200" : 24.69,
    "volume" : 21549.00
  }, {
    "date" : "2025-07-01",
    "price" : 20.86,
    "dma50" : 23.39,
    "dma100" : 25.57,
    "dma200" : 24.65,
    "volume" : 12303.00
  }, {
    "date" : "2025-07-02",
    "price" : 20.54,
    "dma50" : 23.27,
    "dma100" : 25.38,
    "dma200" : 24.61,
    "volume" : 2041.00
  }, {
    "date" : "2025-07-03",
    "price" : 20.41,
    "dma50" : 23.16,
    "dma100" : 25.20,
    "dma200" : 24.57,
    "volume" : 8549.00
  }, {
    "date" : "2025-07-04",
    "price" : 20.22,
    "dma50" : 23.05,
    "dma100" : 25.04,
    "dma200" : 24.53,
    "volume" : 12941.00
  }, {
    "date" : "2025-07-07",
    "price" : 20.22,
    "dma50" : 22.94,
    "dma100" : 24.90,
    "dma200" : 24.48,
    "volume" : 3013.00
  }, {
    "date" : "2025-07-08",
    "price" : 19.56,
    "dma50" : 22.80,
    "dma100" : 24.76,
    "dma200" : 24.44,
    "volume" : 1241.00
  }, {
    "date" : "2025-07-09",
    "price" : 20.53,
    "dma50" : 22.71,
    "dma100" : 24.66,
    "dma200" : 24.40,
    "volume" : 3802.00
  }, {
    "date" : "2025-07-10",
    "price" : 21.08,
    "dma50" : 22.65,
    "dma100" : 24.57,
    "dma200" : 24.36,
    "volume" : 1119.00
  }, {
    "date" : "2025-07-11",
    "price" : 21.49,
    "dma50" : 22.60,
    "dma100" : 24.51,
    "dma200" : 24.33,
    "volume" : 8569.00
  }, {
    "date" : "2025-07-14",
    "price" : 21.65,
    "dma50" : 22.57,
    "dma100" : 24.46,
    "dma200" : 24.31,
    "volume" : 2536.00
  }, {
    "date" : "2025-07-15",
    "price" : 21.50,
    "dma50" : 22.53,
    "dma100" : 24.42,
    "dma200" : 24.28,
    "volume" : 2694.00
  }, {
    "date" : "2025-07-16",
    "price" : 21.97,
    "dma50" : 22.50,
    "dma100" : 24.40,
    "dma200" : 24.26,
    "volume" : 4818.00
  }, {
    "date" : "2025-07-17",
    "price" : 21.97,
    "dma50" : 22.48,
    "dma100" : 24.39,
    "dma200" : 24.23,
    "volume" : 9052.00
  }, {
    "date" : "2025-07-18",
    "price" : 21.53,
    "dma50" : 22.45,
    "dma100" : 24.38,
    "dma200" : 24.21,
    "volume" : 4525.00
  }, {
    "date" : "2025-07-21",
    "price" : 21.39,
    "dma50" : 22.40,
    "dma100" : 24.39,
    "dma200" : 24.18,
    "volume" : 4460.00
  }, {
    "date" : "2025-07-22",
    "price" : 22.04,
    "dma50" : 22.39,
    "dma100" : 24.41,
    "dma200" : 24.16,
    "volume" : 4250.00
  }, {
    "date" : "2025-07-23",
    "price" : 20.96,
    "dma50" : 22.33,
    "dma100" : 24.42,
    "dma200" : 24.13,
    "volume" : 7061.00
  }, {
    "date" : "2025-07-24",
    "price" : 21.13,
    "dma50" : 22.29,
    "dma100" : 24.41,
    "dma200" : 24.10,
    "volume" : 1819.00
  }, {
    "date" : "2025-07-25",
    "price" : 20.15,
    "dma50" : 22.20,
    "dma100" : 24.39,
    "dma200" : 24.06,
    "volume" : 5400.00
  }, {
    "date" : "2025-07-28",
    "price" : 20.05,
    "dma50" : 22.12,
    "dma100" : 24.35,
    "dma200" : 24.02,
    "volume" : 834.00
  }, {
    "date" : "2025-07-29",
    "price" : 19.36,
    "dma50" : 22.01,
    "dma100" : 24.29,
    "dma200" : 23.97,
    "volume" : 6040.00
  }, {
    "date" : "2025-07-30",
    "price" : 19.80,
    "dma50" : 21.92,
    "dma100" : 24.22,
    "dma200" : 23.93,
    "volume" : 1214.00
  }, {
    "date" : "2025-07-31",
    "price" : 20.77,
    "dma50" : 21.88,
    "dma100" : 24.16,
    "dma200" : 23.90,
    "volume" : 8149.00
  }, {
    "date" : "2025-08-01",
    "price" : 20.51,
    "dma50" : 21.82,
    "dma100" : 24.07,
    "dma200" : 23.86,
    "volume" : 11449.00
  }, {
    "date" : "2025-08-04",
    "price" : 20.57,
    "dma50" : 21.78,
    "dma100" : 23.97,
    "dma200" : 23.83,
    "volume" : 5945.00
  }, {
    "date" : "2025-08-05",
    "price" : 19.58,
    "dma50" : 21.69,
    "dma100" : 23.85,
    "dma200" : 23.79,
    "volume" : 6915.00
  }, {
    "date" : "2025-08-06",
    "price" : 19.68,
    "dma50" : 21.61,
    "dma100" : 23.71,
    "dma200" : 23.75,
    "volume" : 544.00
  }, {
    "date" : "2025-08-07",
    "price" : 19.58,
    "dma50" : 21.53,
    "dma100" : 23.55,
    "dma200" : 23.71,
    "volume" : 939.00
  }, {
    "date" : "2025-08-08",
    "price" : 20.22,
    "dma50" : 21.48,
    "dma100" : 23.38,
    "dma200" : 23.67,
    "volume" : 9605.00
  }, {
    "date" : "2025-08-11",
    "price" : 21.21,
    "dma50" : 21.47,
    "dma100" : 23.24,
    "dma200" : 23.65,
    "volume" : 16674.00
  }, {
    "date" : "2025-08-12",
    "price" : 21.55,
    "dma50" : 21.47,
    "dma100" : 23.13,
    "dma200" : 23.63,
    "volume" : 5877.00
  }, {
    "date" : "2025-08-13",
    "price" : 20.49,
    "dma50" : 21.43,
    "dma100" : 23.01,
    "dma200" : 23.60,
    "volume" : 9675.00
  }, {
    "date" : "2025-08-14",
    "price" : 20.50,
    "dma50" : 21.40,
    "dma100" : 22.92,
    "dma200" : 23.56,
    "volume" : 2557.00
  }, {
    "date" : "2025-08-18",
    "price" : 20.06,
    "dma50" : 21.34,
    "dma100" : 22.83,
    "dma200" : 23.53,
    "volume" : 11311.00
  }, {
    "date" : "2025-08-19",
    "price" : 20.66,
    "dma50" : 21.32,
    "dma100" : 22.77,
    "dma200" : 23.50,
    "volume" : 2349.00
  }, {
    "date" : "2025-08-20",
    "price" : 22.72,
    "dma50" : 21.37,
    "dma100" : 22.73,
    "dma200" : 23.49,
    "volume" : 49870.00
  }, {
    "date" : "2025-08-21",
    "price" : 24.99,
    "dma50" : 21.51,
    "dma100" : 22.74,
    "dma200" : 23.51,
    "volume" : 19471.00
  }, {
    "date" : "2025-08-22",
    "price" : 26.21,
    "dma50" : 21.70,
    "dma100" : 22.77,
    "dma200" : 23.54,
    "volume" : 79963.00
  }, {
    "date" : "2025-08-25",
    "price" : 27.52,
    "dma50" : 21.93,
    "dma100" : 22.80,
    "dma200" : 23.58,
    "volume" : 46197.00
  }, {
    "date" : "2025-08-26",
    "price" : 28.89,
    "dma50" : 22.20,
    "dma100" : 22.83,
    "dma200" : 23.63,
    "volume" : 20961.00
  }, {
    "date" : "2025-08-28",
    "price" : 30.33,
    "dma50" : 22.52,
    "dma100" : 22.86,
    "dma200" : 23.69,
    "volume" : 17713.00
  }, {
    "date" : "2025-08-29",
    "price" : 31.84,
    "dma50" : 22.88,
    "dma100" : 22.92,
    "dma200" : 23.78,
    "volume" : 1882.00
  }, {
    "date" : "2025-09-01",
    "price" : 33.43,
    "dma50" : 23.30,
    "dma100" : 23.01,
    "dma200" : 23.87,
    "volume" : 3079.00
  }, {
    "date" : "2025-09-02",
    "price" : 35.10,
    "dma50" : 23.76,
    "dma100" : 23.13,
    "dma200" : 23.98,
    "volume" : 2612.00
  }, {
    "date" : "2025-09-03",
    "price" : 36.85,
    "dma50" : 24.27,
    "dma100" : 23.28,
    "dma200" : 24.11,
    "volume" : 29956.00
  }, {
    "date" : "2025-09-04",
    "price" : 38.69,
    "dma50" : 24.84,
    "dma100" : 23.43,
    "dma200" : 24.26,
    "volume" : 3435.00
  }, {
    "date" : "2025-09-05",
    "price" : 40.62,
    "dma50" : 25.46,
    "dma100" : 23.62,
    "dma200" : 24.42,
    "volume" : 109695.00
  }, {
    "date" : "2025-09-08",
    "price" : 42.62,
    "dma50" : 26.13,
    "dma100" : 23.81,
    "dma200" : 24.60,
    "volume" : 366751.00
  }, {
    "date" : "2025-09-09",
    "price" : 40.49,
    "dma50" : 26.69,
    "dma100" : 23.97,
    "dma200" : 24.76,
    "volume" : 7123.00
  }, {
    "date" : "2025-09-10",
    "price" : 41.58,
    "dma50" : 27.28,
    "dma100" : 24.13,
    "dma200" : 24.93,
    "volume" : 126386.00
  }, {
    "date" : "2025-09-11",
    "price" : 39.71,
    "dma50" : 27.77,
    "dma100" : 24.26,
    "dma200" : 25.07,
    "volume" : 19819.00
  }, {
    "date" : "2025-09-12",
    "price" : 40.48,
    "dma50" : 28.26,
    "dma100" : 24.39,
    "dma200" : 25.23,
    "volume" : 19134.00
  }, {
    "date" : "2025-09-15",
    "price" : 39.66,
    "dma50" : 28.71,
    "dma100" : 24.50,
    "dma200" : 25.37,
    "volume" : 4859.00
  }, {
    "date" : "2025-09-16",
    "price" : 37.68,
    "dma50" : 29.06,
    "dma100" : 24.59,
    "dma200" : 25.49,
    "volume" : 8416.00
  }, {
    "date" : "2025-09-17",
    "price" : 35.80,
    "dma50" : 29.33,
    "dma100" : 24.68,
    "dma200" : 25.60,
    "volume" : 4692.00
  }, {
    "date" : "2025-09-18",
    "price" : 37.59,
    "dma50" : 29.65,
    "dma100" : 24.78,
    "dma200" : 25.71,
    "volume" : 11350.00
  }, {
    "date" : "2025-09-19",
    "price" : 39.46,
    "dma50" : 30.04,
    "dma100" : 24.91,
    "dma200" : 25.85,
    "volume" : 7430.00
  }, {
    "date" : "2025-09-22",
    "price" : 41.43,
    "dma50" : 30.48,
    "dma100" : 25.06,
    "dma200" : 26.01,
    "volume" : 58107.00
  }, {
    "date" : "2025-09-23",
    "price" : 43.50,
    "dma50" : 30.99,
    "dma100" : 25.24,
    "dma200" : 26.18,
    "volume" : 42304.00
  }, {
    "date" : "2025-09-24",
    "price" : 45.67,
    "dma50" : 31.57,
    "dma100" : 25.44,
    "dma200" : 26.37,
    "volume" : 14581.00
  }, {
    "date" : "2025-09-25",
    "price" : 47.95,
    "dma50" : 32.21,
    "dma100" : 25.65,
    "dma200" : 26.59,
    "volume" : 5675.00
  }, {
    "date" : "2025-09-26",
    "price" : 50.34,
    "dma50" : 32.92,
    "dma100" : 25.88,
    "dma200" : 26.83,
    "volume" : 5852.00
  }, {
    "date" : "2025-09-29",
    "price" : 47.83,
    "dma50" : 33.51,
    "dma100" : 26.10,
    "dma200" : 27.03,
    "volume" : 43509.00
  }, {
    "date" : "2025-09-30",
    "price" : 45.44,
    "dma50" : 33.97,
    "dma100" : 26.31,
    "dma200" : 27.22,
    "volume" : 3791.00
  }, {
    "date" : "2025-10-01",
    "price" : 43.17,
    "dma50" : 34.34,
    "dma100" : 26.48,
    "dma200" : 27.38,
    "volume" : 2473.00
  }, {
    "date" : "2025-10-03",
    "price" : 41.02,
    "dma50" : 34.60,
    "dma100" : 26.64,
    "dma200" : 27.51,
    "volume" : 4718.00
  }, {
    "date" : "2025-10-06",
    "price" : 38.97,
    "dma50" : 34.77,
    "dma100" : 26.77,
    "dma200" : 27.63,
    "volume" : 1796.00
  }, {
    "date" : "2025-10-07",
    "price" : 37.03,
    "dma50" : 34.86,
    "dma100" : 26.90,
    "dma200" : 27.72,
    "volume" : 920.00
  }, {
    "date" : "2025-10-08",
    "price" : 38.59,
    "dma50" : 35.00,
    "dma100" : 27.03,
    "dma200" : 27.83,
    "volume" : 51709.00
  }, {
    "date" : "2025-10-09",
    "price" : 36.80,
    "dma50" : 35.07,
    "dma100" : 27.16,
    "dma200" : 27.92,
    "volume" : 12058.00
  }, {
    "date" : "2025-10-10",
    "price" : 34.97,
    "dma50" : 35.07,
    "dma100" : 27.29,
    "dma200" : 27.99,
    "volume" : 16763.00
  }, {
    "date" : "2025-10-13",
    "price" : 33.98,
    "dma50" : 35.03,
    "dma100" : 27.41,
    "dma200" : 28.05,
    "volume" : 15029.00
  }, {
    "date" : "2025-10-14",
    "price" : 32.29,
    "dma50" : 34.92,
    "dma100" : 27.50,
    "dma200" : 28.09,
    "volume" : 19781.00
  }, {
    "date" : "2025-10-15",
    "price" : 33.90,
    "dma50" : 34.88,
    "dma100" : 27.62,
    "dma200" : 28.15,
    "volume" : 57970.00
  }, {
    "date" : "2025-10-16",
    "price" : 33.54,
    "dma50" : 34.83,
    "dma100" : 27.73,
    "dma200" : 28.20,
    "volume" : 65459.00
  }, {
    "date" : "2025-10-17",
    "price" : 35.21,
    "dma50" : 34.84,
    "dma100" : 27.85,
    "dma200" : 28.27,
    "volume" : 19421.00
  }, {
    "date" : "2025-10-20",
    "price" : 36.97,
    "dma50" : 34.93,
    "dma100" : 27.99,
    "dma200" : 28.36,
    "volume" : 8303.00
  }, {
    "date" : "2025-10-21",
    "price" : 38.81,
    "dma50" : 35.08,
    "dma100" : 28.14,
    "dma200" : 28.46,
    "volume" : 1232.00
  }, {
    "date" : "2025-10-23",
    "price" : 40.75,
    "dma50" : 35.30,
    "dma100" : 28.30,
    "dma200" : 28.58,
    "volume" : 1679.00
  }, {
    "date" : "2025-10-24",
    "price" : 42.78,
    "dma50" : 35.59,
    "dma100" : 28.48,
    "dma200" : 28.72,
    "volume" : 5347.00
  }, {
    "date" : "2025-10-27",
    "price" : 44.91,
    "dma50" : 35.96,
    "dma100" : 28.70,
    "dma200" : 28.89,
    "volume" : 2232.00
  }, {
    "date" : "2025-10-28",
    "price" : 47.15,
    "dma50" : 36.40,
    "dma100" : 28.94,
    "dma200" : 29.07,
    "volume" : 7923.00
  }, {
    "date" : "2025-10-29",
    "price" : 49.50,
    "dma50" : 36.91,
    "dma100" : 29.21,
    "dma200" : 29.27,
    "volume" : 2530.00
  }, {
    "date" : "2025-10-30",
    "price" : 51.97,
    "dma50" : 37.50,
    "dma100" : 29.50,
    "dma200" : 29.50,
    "volume" : 6145.00
  }, {
    "date" : "2025-10-31",
    "price" : 54.56,
    "dma50" : 38.17,
    "dma100" : 29.82,
    "dma200" : 29.75,
    "volume" : 70863.00
  }, {
    "date" : "2025-11-03",
    "price" : 57.28,
    "dma50" : 38.92,
    "dma100" : 30.18,
    "dma200" : 30.02,
    "volume" : 57907.00
  }, {
    "date" : "2025-11-04",
    "price" : 60.14,
    "dma50" : 39.75,
    "dma100" : 30.56,
    "dma200" : 30.32,
    "volume" : 47873.00
  }, {
    "date" : "2025-11-06",
    "price" : 63.14,
    "dma50" : 40.67,
    "dma100" : 30.98,
    "dma200" : 30.65,
    "volume" : 51156.00
  }, {
    "date" : "2025-11-07",
    "price" : 64.72,
    "dma50" : 41.61,
    "dma100" : 31.41,
    "dma200" : 30.98,
    "volume" : 32481.00
  }, {
    "date" : "2025-11-10",
    "price" : 61.49,
    "dma50" : 42.39,
    "dma100" : 31.81,
    "dma200" : 31.29,
    "volume" : 6438.00
  }, {
    "date" : "2025-11-11",
    "price" : 58.42,
    "dma50" : 43.02,
    "dma100" : 32.18,
    "dma200" : 31.56,
    "volume" : 805.00
  }, {
    "date" : "2025-11-12",
    "price" : 55.50,
    "dma50" : 43.51,
    "dma100" : 32.52,
    "dma200" : 31.80,
    "volume" : 3842.00
  }, {
    "date" : "2025-11-13",
    "price" : 52.73,
    "dma50" : 43.87,
    "dma100" : 32.85,
    "dma200" : 32.00,
    "volume" : 1769.00
  }, {
    "date" : "2025-11-14",
    "price" : 50.10,
    "dma50" : 44.12,
    "dma100" : 33.14,
    "dma200" : 32.18,
    "volume" : 571.00
  }, {
    "date" : "2025-11-17",
    "price" : 47.60,
    "dma50" : 44.25,
    "dma100" : 33.41,
    "dma200" : 32.34,
    "volume" : 2228.00
  }, {
    "date" : "2025-11-18",
    "price" : 45.22,
    "dma50" : 44.29,
    "dma100" : 33.65,
    "dma200" : 32.47,
    "volume" : 3176.00
  }, {
    "date" : "2025-11-19",
    "price" : 47.48,
    "dma50" : 44.42,
    "dma100" : 33.92,
    "dma200" : 32.62,
    "volume" : 29141.00
  }, {
    "date" : "2025-11-20",
    "price" : 49.85,
    "dma50" : 44.63,
    "dma100" : 34.21,
    "dma200" : 32.79,
    "volume" : 1499.00
  }, {
    "date" : "2025-11-21",
    "price" : 52.34,
    "dma50" : 44.93,
    "dma100" : 34.52,
    "dma200" : 32.98,
    "volume" : 1655.00
  }, {
    "date" : "2025-11-24",
    "price" : 54.95,
    "dma50" : 45.32,
    "dma100" : 34.86,
    "dma200" : 33.20,
    "volume" : 27095.00
  }, {
    "date" : "2025-11-25",
    "price" : 52.21,
    "dma50" : 45.59,
    "dma100" : 35.17,
    "dma200" : 33.39,
    "volume" : 21752.00
  } ],
  "latestTechnicalAttributes" : {
    "date" : "2025-11-25",
    "price" : 52.21,
    "dma50" : 45.59,
    "dma100" : 35.17,
    "dma200" : 33.39,
    "volume" : 21752.00
  },
  "quarterlyResults" : [ {
    "date" : "2005-03-31",
    "sales" : 0.12,
    "salesGrowthYoY" : null,
    "grossProfitMargin" : 108.33,
    "grossProfit" : 0.13,
    "operatingProfitMargin" : 100.00,
    "operatingProfit" : 0.12,
    "netProfitMargin" : -66.67,
    "netProfit" : -0.08
  }, {
    "date" : "2005-06-30",
    "sales" : 0.05,
    "salesGrowthYoY" : null,
    "grossProfitMargin" : 20.00,
    "grossProfit" : 0.01,
    "operatingProfitMargin" : -20.00,
    "operatingProfit" : -0.01,
    "netProfitMargin" : -80.00,
    "netProfit" : -0.04
  }, {
    "date" : "2005-09-30",
    "sales" : 0.06,
    "salesGrowthYoY" : null,
    "grossProfitMargin" : 50.00,
    "grossProfit" : 0.03,
    "operatingProfitMargin" : 0.00,
    "operatingProfit" : 0.00,
    "netProfitMargin" : -50.00,
    "netProfit" : -0.03
  }, {
    "date" : "2005-12-31",
    "sales" : 0.04,
    "salesGrowthYoY" : null,
    "grossProfitMargin" : 25.00,
    "grossProfit" : 0.01,
    "operatingProfitMargin" : -75.00,
    "operatingProfit" : -0.03,
    "netProfitMargin" : -150.00,
    "netProfit" : -0.06
  }, {
    "date" : "2006-03-31",
    "sales" : 0.06,
    "salesGrowthYoY" : -50.00,
    "grossProfitMargin" : 33.33,
    "grossProfit" : 0.02,
    "operatingProfitMargin" : 0.00,
    "operatingProfit" : 0.00,
    "netProfitMargin" : -50.00,
    "netProfit" : -0.03
  }, {
    "date" : "2006-06-30",
    "sales" : 0.71,
    "salesGrowthYoY" : 1320.00,
    "grossProfitMargin" : 15.49,
    "grossProfit" : 0.11,
    "operatingProfitMargin" : 11.27,
    "operatingProfit" : 0.08,
    "netProfitMargin" : 7.04,
    "netProfit" : 0.05
  }, {
    "date" : "2006-09-30",
    "sales" : 0.68,
    "salesGrowthYoY" : 1033.33,
    "grossProfitMargin" : 19.12,
    "grossProfit" : 0.13,
    "operatingProfitMargin" : 14.71,
    "operatingProfit" : 0.10,
    "netProfitMargin" : 10.29,
    "netProfit" : 0.07
  }, {
    "date" : "2006-12-31",
    "sales" : 0.64,
    "salesGrowthYoY" : 1500.00,
    "grossProfitMargin" : 9.38,
    "grossProfit" : 0.06,
    "operatingProfitMargin" : 3.12,
    "operatingProfit" : 0.02,
    "netProfitMargin" : -1.56,
    "netProfit" : -0.01
  }, {
    "date" : "2007-03-31",
    "sales" : 0.81,
    "salesGrowthYoY" : 1250.00,
    "grossProfitMargin" : 17.28,
    "grossProfit" : 0.14,
    "operatingProfitMargin" : 16.05,
    "operatingProfit" : 0.13,
    "netProfitMargin" : 12.35,
    "netProfit" : 0.10
  }, {
    "date" : "2007-06-30",
    "sales" : 0.32,
    "salesGrowthYoY" : -54.93,
    "grossProfitMargin" : 93.75,
    "grossProfit" : 0.30,
    "operatingProfitMargin" : 78.12,
    "operatingProfit" : 0.25,
    "netProfitMargin" : 78.12,
    "netProfit" : 0.25
  }, {
    "date" : "2007-09-30",
    "sales" : 0.26,
    "salesGrowthYoY" : -61.76,
    "grossProfitMargin" : 76.92,
    "grossProfit" : 0.20,
    "operatingProfitMargin" : 61.54,
    "operatingProfit" : 0.16,
    "netProfitMargin" : 61.54,
    "netProfit" : 0.16
  }, {
    "date" : "2007-12-31",
    "sales" : 0.15,
    "salesGrowthYoY" : -76.56,
    "grossProfitMargin" : 53.33,
    "grossProfit" : 0.08,
    "operatingProfitMargin" : 13.33,
    "operatingProfit" : 0.02,
    "netProfitMargin" : 13.33,
    "netProfit" : 0.02
  }, {
    "date" : "2008-03-31",
    "sales" : 0.94,
    "salesGrowthYoY" : 16.05,
    "grossProfitMargin" : 87.23,
    "grossProfit" : 0.82,
    "operatingProfitMargin" : -13.83,
    "operatingProfit" : -0.13,
    "netProfitMargin" : -14.89,
    "netProfit" : -0.14
  }, {
    "date" : "2008-06-30",
    "sales" : 0.10,
    "salesGrowthYoY" : -68.75,
    "grossProfitMargin" : 60.00,
    "grossProfit" : 0.06,
    "operatingProfitMargin" : 10.00,
    "operatingProfit" : 0.01,
    "netProfitMargin" : 10.00,
    "netProfit" : 0.01
  }, {
    "date" : "2008-09-30",
    "sales" : 0.10,
    "salesGrowthYoY" : -61.54,
    "grossProfitMargin" : 50.00,
    "grossProfit" : 0.05,
    "operatingProfitMargin" : 20.00,
    "operatingProfit" : 0.02,
    "netProfitMargin" : 20.00,
    "netProfit" : 0.02
  }, {
    "date" : "2008-12-31",
    "sales" : 0.11,
    "salesGrowthYoY" : -26.67,
    "grossProfitMargin" : 54.55,
    "grossProfit" : 0.06,
    "operatingProfitMargin" : 18.18,
    "operatingProfit" : 0.02,
    "netProfitMargin" : 18.18,
    "netProfit" : 0.02
  }, {
    "date" : "2009-03-31",
    "sales" : 0.15,
    "salesGrowthYoY" : -84.04,
    "grossProfitMargin" : 100.00,
    "grossProfit" : 0.15,
    "operatingProfitMargin" : 26.67,
    "operatingProfit" : 0.04,
    "netProfitMargin" : 26.67,
    "netProfit" : 0.04
  }, {
    "date" : "2009-06-30",
    "sales" : 0.07,
    "salesGrowthYoY" : -30.00,
    "grossProfitMargin" : 100.00,
    "grossProfit" : 0.07,
    "operatingProfitMargin" : 0.00,
    "operatingProfit" : 0.00,
    "netProfitMargin" : 0.00,
    "netProfit" : 0.00
  }, {
    "date" : "2009-09-30",
    "sales" : 0.06,
    "salesGrowthYoY" : -40.00,
    "grossProfitMargin" : 100.00,
    "grossProfit" : 0.06,
    "operatingProfitMargin" : -33.33,
    "operatingProfit" : -0.02,
    "netProfitMargin" : -33.33,
    "netProfit" : -0.02
  }, {
    "date" : "2009-12-31",
    "sales" : 0.08,
    "salesGrowthYoY" : -27.27,
    "grossProfitMargin" : 100.00,
    "grossProfit" : 0.08,
    "operatingProfitMargin" : 25.00,
    "operatingProfit" : 0.02,
    "netProfitMargin" : 25.00,
    "netProfit" : 0.02
  }, {
    "date" : "2010-03-31",
    "sales" : 0.07,
    "salesGrowthYoY" : -53.33,
    "grossProfitMargin" : 100.00,
    "grossProfit" : 0.07,
    "operatingProfitMargin" : 71.43,
    "operatingProfit" : 0.05,
    "netProfitMargin" : 71.43,
    "netProfit" : 0.05
  }, {
    "date" : "2010-06-30",
    "sales" : 0.08,
    "salesGrowthYoY" : 14.29,
    "grossProfitMargin" : 100.00,
    "grossProfit" : 0.08,
    "operatingProfitMargin" : 25.00,
    "operatingProfit" : 0.02,
    "netProfitMargin" : 25.00,
    "netProfit" : 0.02
  }, {
    "date" : "2010-09-30",
    "sales" : 0.05,
    "salesGrowthYoY" : -16.67,
    "grossProfitMargin" : 100.00,
    "grossProfit" : 0.05,
    "operatingProfitMargin" : 20.00,
    "operatingProfit" : 0.01,
    "netProfitMargin" : 20.00,
    "netProfit" : 0.01
  }, {
    "date" : "2010-12-31",
    "sales" : 0.03,
    "salesGrowthYoY" : -62.50,
    "grossProfitMargin" : 100.00,
    "grossProfit" : 0.03,
    "operatingProfitMargin" : 33.33,
    "operatingProfit" : 0.01,
    "netProfitMargin" : 33.33,
    "netProfit" : 0.01
  }, {
    "date" : "2011-03-31",
    "sales" : 0.03,
    "salesGrowthYoY" : -57.14,
    "grossProfitMargin" : 100.00,
    "grossProfit" : 0.03,
    "operatingProfitMargin" : 33.33,
    "operatingProfit" : 0.01,
    "netProfitMargin" : 33.33,
    "netProfit" : 0.01
  }, {
    "date" : "2011-06-30",
    "sales" : 0.03,
    "salesGrowthYoY" : -62.50,
    "grossProfitMargin" : 100.00,
    "grossProfit" : 0.03,
    "operatingProfitMargin" : 33.33,
    "operatingProfit" : 0.01,
    "netProfitMargin" : 33.33,
    "netProfit" : 0.01
  }, {
    "date" : "2011-09-30",
    "sales" : 0.03,
    "salesGrowthYoY" : -40.00,
    "grossProfitMargin" : 100.00,
    "grossProfit" : 0.03,
    "operatingProfitMargin" : 33.33,
    "operatingProfit" : 0.01,
    "netProfitMargin" : 33.33,
    "netProfit" : 0.01
  }, {
    "date" : "2011-12-31",
    "sales" : 0.03,
    "salesGrowthYoY" : 0.00,
    "grossProfitMargin" : 100.00,
    "grossProfit" : 0.03,
    "operatingProfitMargin" : 33.33,
    "operatingProfit" : 0.01,
    "netProfitMargin" : 33.33,
    "netProfit" : 0.01
  }, {
    "date" : "2012-03-31",
    "sales" : 0.00,
    "salesGrowthYoY" : -100.00,
    "grossProfitMargin" : 0.00,
    "grossProfit" : 0.00,
    "operatingProfitMargin" : 0.00,
    "operatingProfit" : 0.00,
    "netProfitMargin" : 0.00,
    "netProfit" : 0.00
  }, {
    "date" : "2012-06-30",
    "sales" : 0.03,
    "salesGrowthYoY" : 0.00,
    "grossProfitMargin" : 100.00,
    "grossProfit" : 0.03,
    "operatingProfitMargin" : 33.33,
    "operatingProfit" : 0.01,
    "netProfitMargin" : 33.33,
    "netProfit" : 0.01
  }, {
    "date" : "2012-09-30",
    "sales" : 0.03,
    "salesGrowthYoY" : 0.00,
    "grossProfitMargin" : 100.00,
    "grossProfit" : 0.03,
    "operatingProfitMargin" : 33.33,
    "operatingProfit" : 0.01,
    "netProfitMargin" : 33.33,
    "netProfit" : 0.01
  }, {
    "date" : "2012-12-31",
    "sales" : 0.03,
    "salesGrowthYoY" : 0.00,
    "grossProfitMargin" : 100.00,
    "grossProfit" : 0.03,
    "operatingProfitMargin" : 33.33,
    "operatingProfit" : 0.01,
    "netProfitMargin" : 33.33,
    "netProfit" : 0.01
  }, {
    "date" : "2013-03-31",
    "sales" : 0.20,
    "salesGrowthYoY" : 100.00,
    "grossProfitMargin" : 100.00,
    "grossProfit" : 0.20,
    "operatingProfitMargin" : 65.00,
    "operatingProfit" : 0.13,
    "netProfitMargin" : 75.00,
    "netProfit" : 0.15
  }, {
    "date" : "2013-06-30",
    "sales" : 0.01,
    "salesGrowthYoY" : -66.67,
    "grossProfitMargin" : 100.00,
    "grossProfit" : 0.01,
    "operatingProfitMargin" : -100.00,
    "operatingProfit" : -0.01,
    "netProfitMargin" : -100.00,
    "netProfit" : -0.01
  }, {
    "date" : "2013-09-30",
    "sales" : 0.01,
    "salesGrowthYoY" : -66.67,
    "grossProfitMargin" : 100.00,
    "grossProfit" : 0.01,
    "operatingProfitMargin" : -100.00,
    "operatingProfit" : -0.01,
    "netProfitMargin" : -100.00,
    "netProfit" : -0.01
  }, {
    "date" : "2013-12-31",
    "sales" : 0.01,
    "salesGrowthYoY" : -66.67,
    "grossProfitMargin" : 100.00,
    "grossProfit" : 0.01,
    "operatingProfitMargin" : -100.00,
    "operatingProfit" : -0.01,
    "netProfitMargin" : -100.00,
    "netProfit" : -0.01
  }, {
    "date" : "2014-03-31",
    "sales" : 0.14,
    "salesGrowthYoY" : -30.00,
    "grossProfitMargin" : 100.00,
    "grossProfit" : 0.14,
    "operatingProfitMargin" : 7.14,
    "operatingProfit" : 0.01,
    "netProfitMargin" : 14.29,
    "netProfit" : 0.02
  }, {
    "date" : "2014-06-30",
    "sales" : 0.12,
    "salesGrowthYoY" : 1100.00,
    "grossProfitMargin" : 100.00,
    "grossProfit" : 0.12,
    "operatingProfitMargin" : 16.67,
    "operatingProfit" : 0.02,
    "netProfitMargin" : 8.33,
    "netProfit" : 0.01
  }, {
    "date" : "2014-09-30",
    "sales" : 0.11,
    "salesGrowthYoY" : 1000.00,
    "grossProfitMargin" : 100.00,
    "grossProfit" : 0.11,
    "operatingProfitMargin" : 27.27,
    "operatingProfit" : 0.03,
    "netProfitMargin" : 18.18,
    "netProfit" : 0.02
  }, {
    "date" : "2014-12-31",
    "sales" : 0.14,
    "salesGrowthYoY" : 1300.00,
    "grossProfitMargin" : 100.00,
    "grossProfit" : 0.14,
    "operatingProfitMargin" : 21.43,
    "operatingProfit" : 0.03,
    "netProfitMargin" : 14.29,
    "netProfit" : 0.02
  }, {
    "date" : "2015-03-31",
    "sales" : 0.11,
    "salesGrowthYoY" : -21.43,
    "grossProfitMargin" : 100.00,
    "grossProfit" : 0.11,
    "operatingProfitMargin" : 45.45,
    "operatingProfit" : 0.05,
    "netProfitMargin" : 27.27,
    "netProfit" : 0.03
  }, {
    "date" : "2015-06-30",
    "sales" : 0.04,
    "salesGrowthYoY" : -66.67,
    "grossProfitMargin" : 100.00,
    "grossProfit" : 0.04,
    "operatingProfitMargin" : -50.00,
    "operatingProfit" : -0.02,
    "netProfitMargin" : -50.00,
    "netProfit" : -0.02
  }, {
    "date" : "2015-09-30",
    "sales" : 0.11,
    "salesGrowthYoY" : 0.00,
    "grossProfitMargin" : 100.00,
    "grossProfit" : 0.11,
    "operatingProfitMargin" : 18.18,
    "operatingProfit" : 0.02,
    "netProfitMargin" : 18.18,
    "netProfit" : 0.02
  }, {
    "date" : "2015-12-31",
    "sales" : 0.01,
    "salesGrowthYoY" : -92.86,
    "grossProfitMargin" : 100.00,
    "grossProfit" : 0.01,
    "operatingProfitMargin" : -200.00,
    "operatingProfit" : -0.02,
    "netProfitMargin" : -200.00,
    "netProfit" : -0.02
  }, {
    "date" : "2016-03-31",
    "sales" : 0.17,
    "salesGrowthYoY" : 54.55,
    "grossProfitMargin" : 100.00,
    "grossProfit" : 0.17,
    "operatingProfitMargin" : 52.94,
    "operatingProfit" : 0.09,
    "netProfitMargin" : 52.94,
    "netProfit" : 0.09
  }, {
    "date" : "2016-06-30",
    "sales" : 0.06,
    "salesGrowthYoY" : 50.00,
    "grossProfitMargin" : 100.00,
    "grossProfit" : 0.06,
    "operatingProfitMargin" : 16.67,
    "operatingProfit" : 0.01,
    "netProfitMargin" : 16.67,
    "netProfit" : 0.01
  }, {
    "date" : "2016-09-30",
    "sales" : 0.06,
    "salesGrowthYoY" : -45.45,
    "grossProfitMargin" : 100.00,
    "grossProfit" : 0.06,
    "operatingProfitMargin" : 50.00,
    "operatingProfit" : 0.03,
    "netProfitMargin" : 50.00,
    "netProfit" : 0.03
  }, {
    "date" : "2016-12-31",
    "sales" : 0.01,
    "salesGrowthYoY" : 0.00,
    "grossProfitMargin" : 100.00,
    "grossProfit" : 0.01,
    "operatingProfitMargin" : -100.00,
    "operatingProfit" : -0.01,
    "netProfitMargin" : -100.00,
    "netProfit" : -0.01
  }, {
    "date" : "2017-03-31",
    "sales" : 0.24,
    "salesGrowthYoY" : 41.18,
    "grossProfitMargin" : 100.00,
    "grossProfit" : 0.24,
    "operatingProfitMargin" : 12.50,
    "operatingProfit" : 0.03,
    "netProfitMargin" : 12.50,
    "netProfit" : 0.03
  }, {
    "date" : "2017-06-30",
    "sales" : 0.02,
    "salesGrowthYoY" : -66.67,
    "grossProfitMargin" : 100.00,
    "grossProfit" : 0.02,
    "operatingProfitMargin" : -150.00,
    "operatingProfit" : -0.03,
    "netProfitMargin" : -150.00,
    "netProfit" : -0.03
  }, {
    "date" : "2017-09-30",
    "sales" : 0.01,
    "salesGrowthYoY" : -83.33,
    "grossProfitMargin" : 100.00,
    "grossProfit" : 0.01,
    "operatingProfitMargin" : -400.00,
    "operatingProfit" : -0.04,
    "netProfitMargin" : -400.00,
    "netProfit" : -0.04
  }, {
    "date" : "2017-12-31",
    "sales" : 0.05,
    "salesGrowthYoY" : 400.00,
    "grossProfitMargin" : 100.00,
    "grossProfit" : 0.05,
    "operatingProfitMargin" : 60.00,
    "operatingProfit" : 0.03,
    "netProfitMargin" : 60.00,
    "netProfit" : 0.03
  }, {
    "date" : "2018-03-31",
    "sales" : 0.31,
    "salesGrowthYoY" : 29.17,
    "grossProfitMargin" : 100.00,
    "grossProfit" : 0.31,
    "operatingProfitMargin" : 29.03,
    "operatingProfit" : 0.09,
    "netProfitMargin" : 19.35,
    "netProfit" : 0.06
  }, {
    "date" : "2018-06-30",
    "sales" : 0.11,
    "salesGrowthYoY" : 450.00,
    "grossProfitMargin" : 100.00,
    "grossProfit" : 0.11,
    "operatingProfitMargin" : 54.55,
    "operatingProfit" : 0.06,
    "netProfitMargin" : 54.55,
    "netProfit" : 0.06
  }, {
    "date" : "2018-09-30",
    "sales" : 0.02,
    "salesGrowthYoY" : 100.00,
    "grossProfitMargin" : 100.00,
    "grossProfit" : 0.02,
    "operatingProfitMargin" : 0.00,
    "operatingProfit" : 0.00,
    "netProfitMargin" : 0.00,
    "netProfit" : 0.00
  }, {
    "date" : "2018-12-31",
    "sales" : 0.01,
    "salesGrowthYoY" : -80.00,
    "grossProfitMargin" : 100.00,
    "grossProfit" : 0.01,
    "operatingProfitMargin" : -100.00,
    "operatingProfit" : -0.01,
    "netProfitMargin" : 0.00,
    "netProfit" : 0.00
  }, {
    "date" : "2019-03-31",
    "sales" : 0.12,
    "salesGrowthYoY" : -61.29,
    "grossProfitMargin" : 100.00,
    "grossProfit" : 0.12,
    "operatingProfitMargin" : -25.00,
    "operatingProfit" : -0.03,
    "netProfitMargin" : -16.67,
    "netProfit" : -0.02
  }, {
    "date" : "2019-06-30",
    "sales" : 0.00,
    "salesGrowthYoY" : -100.00,
    "grossProfitMargin" : 0.00,
    "grossProfit" : 0.00,
    "operatingProfitMargin" : 0.00,
    "operatingProfit" : 0.00,
    "netProfitMargin" : 0.00,
    "netProfit" : 0.00
  }, {
    "date" : "2019-09-30",
    "sales" : 0.03,
    "salesGrowthYoY" : 50.00,
    "grossProfitMargin" : 66.67,
    "grossProfit" : 0.02,
    "operatingProfitMargin" : 0.00,
    "operatingProfit" : 0.00,
    "netProfitMargin" : 0.00,
    "netProfit" : 0.00
  }, {
    "date" : "2019-12-31",
    "sales" : 0.00,
    "salesGrowthYoY" : -100.00,
    "grossProfitMargin" : 0.00,
    "grossProfit" : 0.00,
    "operatingProfitMargin" : 0.00,
    "operatingProfit" : 0.00,
    "netProfitMargin" : 0.00,
    "netProfit" : 0.00
  }, {
    "date" : "2020-03-31",
    "sales" : 0.24,
    "salesGrowthYoY" : 100.00,
    "grossProfitMargin" : 100.00,
    "grossProfit" : 0.24,
    "operatingProfitMargin" : 50.00,
    "operatingProfit" : 0.12,
    "netProfitMargin" : 41.67,
    "netProfit" : 0.10
  }, {
    "date" : "2020-06-30",
    "sales" : 0.06,
    "salesGrowthYoY" : 100.00,
    "grossProfitMargin" : 100.00,
    "grossProfit" : 0.06,
    "operatingProfitMargin" : 33.33,
    "operatingProfit" : 0.02,
    "netProfitMargin" : 16.67,
    "netProfit" : 0.01
  }, {
    "date" : "2020-09-30",
    "sales" : 0.06,
    "salesGrowthYoY" : 100.00,
    "grossProfitMargin" : 100.00,
    "grossProfit" : 0.06,
    "operatingProfitMargin" : -50.00,
    "operatingProfit" : -0.03,
    "netProfitMargin" : -50.00,
    "netProfit" : -0.03
  }, {
    "date" : "2020-12-31",
    "sales" : 0.06,
    "salesGrowthYoY" : 100.00,
    "grossProfitMargin" : 100.00,
    "grossProfit" : 0.06,
    "operatingProfitMargin" : 83.33,
    "operatingProfit" : 0.05,
    "netProfitMargin" : 50.00,
    "netProfit" : 0.03
  }, {
    "date" : "2021-03-31",
    "sales" : 0.14,
    "salesGrowthYoY" : -41.67,
    "grossProfitMargin" : 100.00,
    "grossProfit" : 0.14,
    "operatingProfitMargin" : 85.71,
    "operatingProfit" : 0.12,
    "netProfitMargin" : 64.29,
    "netProfit" : 0.09
  }, {
    "date" : "2021-06-30",
    "sales" : 0.02,
    "salesGrowthYoY" : -66.67,
    "grossProfitMargin" : 100.00,
    "grossProfit" : 0.02,
    "operatingProfitMargin" : 0.00,
    "operatingProfit" : 0.00,
    "netProfitMargin" : 0.00,
    "netProfit" : 0.00
  }, {
    "date" : "2021-09-30",
    "sales" : 0.00,
    "salesGrowthYoY" : -100.00,
    "grossProfitMargin" : 0.00,
    "grossProfit" : 0.00,
    "operatingProfitMargin" : 0.00,
    "operatingProfit" : 0.00,
    "netProfitMargin" : 0.00,
    "netProfit" : 0.00
  }, {
    "date" : "2021-12-31",
    "sales" : 0.00,
    "salesGrowthYoY" : -100.00,
    "grossProfitMargin" : 0.00,
    "grossProfit" : 0.00,
    "operatingProfitMargin" : 0.00,
    "operatingProfit" : 0.00,
    "netProfitMargin" : 0.00,
    "netProfit" : 0.00
  }, {
    "date" : "2022-03-31",
    "sales" : 0.00,
    "salesGrowthYoY" : -100.00,
    "grossProfitMargin" : 0.00,
    "grossProfit" : 0.00,
    "operatingProfitMargin" : 0.00,
    "operatingProfit" : 0.00,
    "netProfitMargin" : 0.00,
    "netProfit" : 0.00
  }, {
    "date" : "2022-06-30",
    "sales" : 0.00,
    "salesGrowthYoY" : -100.00,
    "grossProfitMargin" : 0.00,
    "grossProfit" : 0.00,
    "operatingProfitMargin" : 0.00,
    "operatingProfit" : 0.00,
    "netProfitMargin" : 0.00,
    "netProfit" : 0.00
  }, {
    "date" : "2022-09-30",
    "sales" : 0.00,
    "salesGrowthYoY" : 0.00,
    "grossProfitMargin" : 0.00,
    "grossProfit" : 0.00,
    "operatingProfitMargin" : 0.00,
    "operatingProfit" : 0.00,
    "netProfitMargin" : 0.00,
    "netProfit" : 0.00
  }, {
    "date" : "2022-12-31",
    "sales" : 0.00,
    "salesGrowthYoY" : 0.00,
    "grossProfitMargin" : 0.00,
    "grossProfit" : 0.00,
    "operatingProfitMargin" : 0.00,
    "operatingProfit" : 0.00,
    "netProfitMargin" : 0.00,
    "netProfit" : 0.00
  }, {
    "date" : "2023-03-31",
    "sales" : 0.00,
    "salesGrowthYoY" : 0.00,
    "grossProfitMargin" : 0.00,
    "grossProfit" : 0.00,
    "operatingProfitMargin" : 0.00,
    "operatingProfit" : 0.00,
    "netProfitMargin" : 0.00,
    "netProfit" : 0.00
  }, {
    "date" : "2023-06-30",
    "sales" : 0.00,
    "salesGrowthYoY" : 0.00,
    "grossProfitMargin" : 0.00,
    "grossProfit" : 0.00,
    "operatingProfitMargin" : 0.00,
    "operatingProfit" : 0.00,
    "netProfitMargin" : 0.00,
    "netProfit" : 0.00
  }, {
    "date" : "2023-09-30",
    "sales" : 0.00,
    "salesGrowthYoY" : 0.00,
    "grossProfitMargin" : 0.00,
    "grossProfit" : 0.00,
    "operatingProfitMargin" : 0.00,
    "operatingProfit" : 0.00,
    "netProfitMargin" : 0.00,
    "netProfit" : 0.00
  }, {
    "date" : "2023-12-31",
    "sales" : 1.00,
    "salesGrowthYoY" : 100.00,
    "grossProfitMargin" : 100.00,
    "grossProfit" : 1.00,
    "operatingProfitMargin" : 46.00,
    "operatingProfit" : 0.46,
    "netProfitMargin" : 4.00,
    "netProfit" : 0.04
  }, {
    "date" : "2024-03-31",
    "sales" : 0.07,
    "salesGrowthYoY" : 100.00,
    "grossProfitMargin" : 100.00,
    "grossProfit" : 0.07,
    "operatingProfitMargin" : 14.29,
    "operatingProfit" : 0.01,
    "netProfitMargin" : 14.29,
    "netProfit" : 0.01
  }, {
    "date" : "2024-06-30",
    "sales" : 0.08,
    "salesGrowthYoY" : 100.00,
    "grossProfitMargin" : 100.00,
    "grossProfit" : 0.08,
    "operatingProfitMargin" : 0.00,
    "operatingProfit" : 0.00,
    "netProfitMargin" : 0.00,
    "netProfit" : 0.00
  }, {
    "date" : "2024-09-30",
    "sales" : 0.00,
    "salesGrowthYoY" : 0.00,
    "grossProfitMargin" : 0.00,
    "grossProfit" : 0.00,
    "operatingProfitMargin" : 0.00,
    "operatingProfit" : 0.00,
    "netProfitMargin" : 0.00,
    "netProfit" : 0.00
  }, {
    "date" : "2024-12-31",
    "sales" : 0.00,
    "salesGrowthYoY" : -100.00,
    "grossProfitMargin" : 0.00,
    "grossProfit" : 0.00,
    "operatingProfitMargin" : 0.00,
    "operatingProfit" : 0.00,
    "netProfitMargin" : 0.00,
    "netProfit" : 0.00
  }, {
    "date" : "2025-03-31",
    "sales" : 0.00,
    "salesGrowthYoY" : -100.00,
    "grossProfitMargin" : 0.00,
    "grossProfit" : 0.00,
    "operatingProfitMargin" : 0.00,
    "operatingProfit" : 0.00,
    "netProfitMargin" : 0.00,
    "netProfit" : 0.00
  }, {
    "date" : "2025-06-30",
    "sales" : 0.08,
    "salesGrowthYoY" : 0.00,
    "grossProfitMargin" : 100.00,
    "grossProfit" : 0.08,
    "operatingProfitMargin" : -50.00,
    "operatingProfit" : -0.04,
    "netProfitMargin" : -50.00,
    "netProfit" : -0.04
  }, {
    "date" : "2025-09-30",
    "sales" : 0.07,
    "salesGrowthYoY" : 100.00,
    "grossProfitMargin" : 100.00,
    "grossProfit" : 0.07,
    "operatingProfitMargin" : 57.14,
    "operatingProfit" : 0.04,
    "netProfitMargin" : 57.14,
    "netProfit" : 0.04
  } ],
  "latestQuarterlyResult" : {
    "date" : "2025-09-30",
    "sales" : 0.07,
    "salesGrowthYoY" : 100.00,
    "grossProfitMargin" : 100.00,
    "grossProfit" : 0.07,
    "operatingProfitMargin" : 57.14,
    "operatingProfit" : 0.04,
    "netProfitMargin" : 57.14,
    "netProfit" : 0.04
  },
  "companyScore" : {
    "priceHigherThanDma50" : 5.00,
    "priceHigherThanDma100" : 5.00,
    "priceHigherThanDma200" : 5.00,
    "dma50HigherThanDma100" : 5.00,
    "dma50HigherThanDma200" : 5.00,
    "dma100HigherThanDma200" : 5.00,
    "pricePercentageAboveDma50" : 4.27,
    "pricePercentageAboveDma100" : 2.58,
    "pricePercentageAboveDma200" : 2.18,
    "weeklyVolumeHigherThanYearlyVolume" : 0.00,
    "salesGrowthPercentile" : 17.72,
    "operatingProfitMarginPercentile" : 18.29,
    "netProfitMarginPercentile" : 9.56,
    "totalTechnicalScore" : 39.03,
    "totalFundamentalScore" : 45.57,
    "totalScore" : 84.60
  }
}