{
  "metadata" : {
    "screenerCompanyId" : "1804",
    "companyCode" : "524520",
    "companyName" : "KMC Speciality",
    "screenerCompanyLink" : "https://www.screener.in/company/524520/",
    "screenerTechnicalHistoryLink" : "https://www.screener.in/api/company/1804/chart/?q=Price-DMA50-DMA200-Volume&days=365",
    "screenerQuarterlyResultsLink" : "https://www.screener.in/api/company/1804/chart/?q=GPM-OPM-NPM-Quarter+Sales&days=10000",
    "attributes" : {
      "companyCode" : "524520",
      "companyName" : "KMC Speciality",
      "marketCap" : 1201.00,
      "peRatio" : 39.50,
      "description" : "Incorporated in 1982, KMC Speciality Hospitals (India) is in the healthcare sector running, operating, maintaining multi-specialty hospital in Trichy. The company belongs to the Kauvery Hospitals group. The Company is primarily engaged in the business of rendering medical and healthcare services."
    },
    "companyScore" : {
      "priceHigherThanDma50" : 0.00,
      "priceHigherThanDma100" : 5.00,
      "priceHigherThanDma200" : 5.00,
      "dma50HigherThanDma100" : 5.00,
      "dma50HigherThanDma200" : 5.00,
      "dma100HigherThanDma200" : 0.00,
      "pricePercentageAboveDma50" : 5.01,
      "pricePercentageAboveDma100" : 4.76,
      "pricePercentageAboveDma200" : 4.84,
      "weeklyVolumeHigherThanYearlyVolume" : 0.00,
      "salesGrowthPercentile" : 13.92,
      "operatingProfitMarginPercentile" : 19.71,
      "netProfitMarginPercentile" : 8.07,
      "totalTechnicalScore" : 34.61,
      "totalFundamentalScore" : 41.70,
      "totalScore" : 76.31
    }
  },
  "attributes" : {
    "companyCode" : "524520",
    "companyName" : "KMC Speciality",
    "marketCap" : 1201.00,
    "peRatio" : 39.50,
    "description" : "Incorporated in 1982, KMC Speciality Hospitals (India) is in the healthcare sector running, operating, maintaining multi-specialty hospital in Trichy. The company belongs to the Kauvery Hospitals group. The Company is primarily engaged in the business of rendering medical and healthcare services."
  },
  "technicalHistory" : [ {
    "date" : "2024-12-19",
    "price" : 78.24,
    "dma50" : 80.24,
    "dma100" : null,
    "dma200" : 82.87,
    "volume" : 42856.00
  }, {
    "date" : "2024-12-20",
    "price" : 77.79,
    "dma50" : 80.14,
    "dma100" : null,
    "dma200" : 82.82,
    "volume" : 29500.00
  }, {
    "date" : "2024-12-23",
    "price" : 77.92,
    "dma50" : 80.05,
    "dma100" : null,
    "dma200" : 82.77,
    "volume" : 25771.00
  }, {
    "date" : "2024-12-24",
    "price" : 77.45,
    "dma50" : 79.95,
    "dma100" : null,
    "dma200" : 82.72,
    "volume" : 29154.00
  }, {
    "date" : "2024-12-26",
    "price" : 76.43,
    "dma50" : 79.81,
    "dma100" : null,
    "dma200" : 82.66,
    "volume" : 35851.00
  }, {
    "date" : "2024-12-27",
    "price" : 76.52,
    "dma50" : 79.68,
    "dma100" : null,
    "dma200" : 82.60,
    "volume" : 37280.00
  }, {
    "date" : "2024-12-30",
    "price" : 74.78,
    "dma50" : 79.49,
    "dma100" : null,
    "dma200" : 82.52,
    "volume" : 60642.00
  }, {
    "date" : "2024-12-31",
    "price" : 75.52,
    "dma50" : 79.34,
    "dma100" : null,
    "dma200" : 82.45,
    "volume" : 43720.00
  }, {
    "date" : "2025-01-01",
    "price" : 76.77,
    "dma50" : 79.24,
    "dma100" : null,
    "dma200" : 82.39,
    "volume" : 24685.00
  }, {
    "date" : "2025-01-02",
    "price" : 77.49,
    "dma50" : 79.17,
    "dma100" : null,
    "dma200" : 82.34,
    "volume" : 30025.00
  }, {
    "date" : "2025-01-03",
    "price" : 77.40,
    "dma50" : 79.10,
    "dma100" : null,
    "dma200" : 82.29,
    "volume" : 42850.00
  }, {
    "date" : "2025-01-06",
    "price" : 78.86,
    "dma50" : 79.09,
    "dma100" : null,
    "dma200" : 82.26,
    "volume" : 87520.00
  }, {
    "date" : "2025-01-07",
    "price" : 78.98,
    "dma50" : 79.08,
    "dma100" : null,
    "dma200" : 82.23,
    "volume" : 40004.00
  }, {
    "date" : "2025-01-08",
    "price" : 78.67,
    "dma50" : 79.07,
    "dma100" : null,
    "dma200" : 82.19,
    "volume" : 23900.00
  }, {
    "date" : "2025-01-09",
    "price" : 77.04,
    "dma50" : 78.99,
    "dma100" : null,
    "dma200" : 82.14,
    "volume" : 28395.00
  }, {
    "date" : "2025-01-10",
    "price" : 75.85,
    "dma50" : 78.87,
    "dma100" : null,
    "dma200" : 82.08,
    "volume" : 60527.00
  }, {
    "date" : "2025-01-13",
    "price" : 74.10,
    "dma50" : 78.68,
    "dma100" : null,
    "dma200" : 82.00,
    "volume" : 56007.00
  }, {
    "date" : "2025-01-14",
    "price" : 74.21,
    "dma50" : 78.50,
    "dma100" : null,
    "dma200" : 81.92,
    "volume" : 25275.00
  }, {
    "date" : "2025-01-15",
    "price" : 73.78,
    "dma50" : 78.32,
    "dma100" : null,
    "dma200" : 81.84,
    "volume" : 29059.00
  }, {
    "date" : "2025-01-16",
    "price" : 73.74,
    "dma50" : 78.14,
    "dma100" : null,
    "dma200" : 81.76,
    "volume" : 25160.00
  }, {
    "date" : "2025-01-17",
    "price" : 73.24,
    "dma50" : 77.95,
    "dma100" : null,
    "dma200" : 81.68,
    "volume" : 29309.00
  }, {
    "date" : "2025-01-20",
    "price" : 74.27,
    "dma50" : 77.80,
    "dma100" : null,
    "dma200" : 81.60,
    "volume" : 21977.00
  }, {
    "date" : "2025-01-21",
    "price" : 74.99,
    "dma50" : 77.69,
    "dma100" : null,
    "dma200" : 81.54,
    "volume" : 37599.00
  }, {
    "date" : "2025-01-22",
    "price" : 75.60,
    "dma50" : 77.61,
    "dma100" : null,
    "dma200" : 81.48,
    "volume" : 46975.00
  }, {
    "date" : "2025-01-23",
    "price" : 77.01,
    "dma50" : 77.59,
    "dma100" : null,
    "dma200" : 81.43,
    "volume" : 64646.00
  }, {
    "date" : "2025-01-24",
    "price" : 74.50,
    "dma50" : 77.47,
    "dma100" : null,
    "dma200" : 81.36,
    "volume" : 24303.00
  }, {
    "date" : "2025-01-27",
    "price" : 70.70,
    "dma50" : 77.20,
    "dma100" : null,
    "dma200" : 81.26,
    "volume" : 90941.00
  }, {
    "date" : "2025-01-28",
    "price" : 70.80,
    "dma50" : 76.95,
    "dma100" : null,
    "dma200" : 81.15,
    "volume" : 49021.00
  }, {
    "date" : "2025-01-29",
    "price" : 70.69,
    "dma50" : 76.70,
    "dma100" : null,
    "dma200" : 81.05,
    "volume" : 36424.00
  }, {
    "date" : "2025-01-30",
    "price" : 70.91,
    "dma50" : 76.48,
    "dma100" : null,
    "dma200" : 80.95,
    "volume" : 16568.00
  }, {
    "date" : "2025-01-31",
    "price" : 71.13,
    "dma50" : 76.27,
    "dma100" : null,
    "dma200" : 80.85,
    "volume" : 31042.00
  }, {
    "date" : "2025-02-01",
    "price" : 71.89,
    "dma50" : 76.10,
    "dma100" : null,
    "dma200" : 80.76,
    "volume" : 20451.00
  }, {
    "date" : "2025-02-03",
    "price" : 78.29,
    "dma50" : 76.18,
    "dma100" : null,
    "dma200" : 80.74,
    "volume" : 323568.00
  }, {
    "date" : "2025-02-04",
    "price" : 77.84,
    "dma50" : 76.25,
    "dma100" : null,
    "dma200" : 80.71,
    "volume" : 66289.00
  }, {
    "date" : "2025-02-05",
    "price" : 77.00,
    "dma50" : 76.28,
    "dma100" : null,
    "dma200" : 80.67,
    "volume" : 30181.00
  }, {
    "date" : "2025-02-06",
    "price" : 73.11,
    "dma50" : 76.15,
    "dma100" : null,
    "dma200" : 80.60,
    "volume" : 69868.00
  }, {
    "date" : "2025-02-07",
    "price" : 74.12,
    "dma50" : 76.07,
    "dma100" : null,
    "dma200" : 80.53,
    "volume" : 24459.00
  }, {
    "date" : "2025-02-10",
    "price" : 73.19,
    "dma50" : 75.96,
    "dma100" : null,
    "dma200" : 80.46,
    "volume" : 29637.00
  }, {
    "date" : "2025-02-11",
    "price" : 72.13,
    "dma50" : 75.81,
    "dma100" : null,
    "dma200" : 80.38,
    "volume" : 48252.00
  }, {
    "date" : "2025-02-12",
    "price" : 71.52,
    "dma50" : 75.64,
    "dma100" : null,
    "dma200" : 80.29,
    "volume" : 58935.00
  }, {
    "date" : "2025-02-13",
    "price" : 69.20,
    "dma50" : 75.39,
    "dma100" : null,
    "dma200" : 80.18,
    "volume" : 52677.00
  }, {
    "date" : "2025-02-14",
    "price" : 69.36,
    "dma50" : 75.15,
    "dma100" : null,
    "dma200" : 80.07,
    "volume" : 45723.00
  }, {
    "date" : "2025-02-17",
    "price" : 67.98,
    "dma50" : 74.87,
    "dma100" : null,
    "dma200" : 79.95,
    "volume" : 45298.00
  }, {
    "date" : "2025-02-18",
    "price" : 66.66,
    "dma50" : 74.55,
    "dma100" : null,
    "dma200" : 79.82,
    "volume" : 58788.00
  }, {
    "date" : "2025-02-19",
    "price" : 69.00,
    "dma50" : 74.33,
    "dma100" : null,
    "dma200" : 79.71,
    "volume" : 42709.00
  }, {
    "date" : "2025-02-20",
    "price" : 70.05,
    "dma50" : 74.16,
    "dma100" : null,
    "dma200" : 79.61,
    "volume" : 50147.00
  }, {
    "date" : "2025-02-21",
    "price" : 73.33,
    "dma50" : 74.13,
    "dma100" : null,
    "dma200" : 79.55,
    "volume" : 65796.00
  }, {
    "date" : "2025-02-24",
    "price" : 72.41,
    "dma50" : 74.06,
    "dma100" : null,
    "dma200" : 79.48,
    "volume" : 20322.00
  }, {
    "date" : "2025-02-25",
    "price" : 70.49,
    "dma50" : 73.92,
    "dma100" : null,
    "dma200" : 79.39,
    "volume" : 25823.00
  }, {
    "date" : "2025-02-27",
    "price" : 69.41,
    "dma50" : 73.75,
    "dma100" : null,
    "dma200" : 79.29,
    "volume" : 24342.00
  }, {
    "date" : "2025-02-28",
    "price" : 65.46,
    "dma50" : 73.42,
    "dma100" : null,
    "dma200" : 79.15,
    "volume" : 138518.00
  }, {
    "date" : "2025-03-03",
    "price" : 65.06,
    "dma50" : 73.09,
    "dma100" : null,
    "dma200" : 79.01,
    "volume" : 71855.00
  }, {
    "date" : "2025-03-04",
    "price" : 65.71,
    "dma50" : 72.80,
    "dma100" : null,
    "dma200" : 78.88,
    "volume" : 29866.00
  }, {
    "date" : "2025-03-05",
    "price" : 67.05,
    "dma50" : 72.58,
    "dma100" : null,
    "dma200" : 78.76,
    "volume" : 36870.00
  }, {
    "date" : "2025-03-06",
    "price" : 68.28,
    "dma50" : 72.41,
    "dma100" : null,
    "dma200" : 78.66,
    "volume" : 32893.00
  }, {
    "date" : "2025-03-07",
    "price" : 68.77,
    "dma50" : 72.27,
    "dma100" : null,
    "dma200" : 78.56,
    "volume" : 42925.00
  }, {
    "date" : "2025-03-10",
    "price" : 66.82,
    "dma50" : 72.05,
    "dma100" : null,
    "dma200" : 78.44,
    "volume" : 63540.00
  }, {
    "date" : "2025-03-11",
    "price" : 63.98,
    "dma50" : 71.74,
    "dma100" : null,
    "dma200" : 78.30,
    "volume" : 74351.00
  }, {
    "date" : "2025-03-12",
    "price" : 62.87,
    "dma50" : 71.39,
    "dma100" : null,
    "dma200" : 78.15,
    "volume" : 106063.00
  }, {
    "date" : "2025-03-13",
    "price" : 63.24,
    "dma50" : 71.07,
    "dma100" : null,
    "dma200" : 78.00,
    "volume" : 98657.00
  }, {
    "date" : "2025-03-17",
    "price" : 61.81,
    "dma50" : 70.71,
    "dma100" : null,
    "dma200" : 77.84,
    "volume" : 59828.00
  }, {
    "date" : "2025-03-18",
    "price" : 62.31,
    "dma50" : 70.38,
    "dma100" : null,
    "dma200" : 77.68,
    "volume" : 40365.00
  }, {
    "date" : "2025-03-19",
    "price" : 62.58,
    "dma50" : 70.07,
    "dma100" : null,
    "dma200" : 77.53,
    "volume" : 71601.00
  }, {
    "date" : "2025-03-20",
    "price" : 63.18,
    "dma50" : 69.80,
    "dma100" : null,
    "dma200" : 77.39,
    "volume" : 74740.00
  }, {
    "date" : "2025-03-21",
    "price" : 63.96,
    "dma50" : 69.57,
    "dma100" : null,
    "dma200" : 77.26,
    "volume" : 63168.00
  }, {
    "date" : "2025-03-24",
    "price" : 64.45,
    "dma50" : 69.37,
    "dma100" : null,
    "dma200" : 77.13,
    "volume" : 90992.00
  }, {
    "date" : "2025-03-25",
    "price" : 63.59,
    "dma50" : 69.14,
    "dma100" : null,
    "dma200" : 76.99,
    "volume" : 50136.00
  }, {
    "date" : "2025-03-26",
    "price" : 63.08,
    "dma50" : 68.91,
    "dma100" : null,
    "dma200" : 76.85,
    "volume" : 71759.00
  }, {
    "date" : "2025-03-27",
    "price" : 61.60,
    "dma50" : 68.62,
    "dma100" : null,
    "dma200" : 76.70,
    "volume" : 82680.00
  }, {
    "date" : "2025-03-28",
    "price" : 61.40,
    "dma50" : 68.34,
    "dma100" : null,
    "dma200" : 76.55,
    "volume" : 87990.00
  }, {
    "date" : "2025-04-01",
    "price" : 62.19,
    "dma50" : 68.10,
    "dma100" : null,
    "dma200" : 76.41,
    "volume" : 29281.00
  }, {
    "date" : "2025-04-02",
    "price" : 66.24,
    "dma50" : 68.02,
    "dma100" : null,
    "dma200" : 76.31,
    "volume" : 61227.00
  }, {
    "date" : "2025-04-03",
    "price" : 66.02,
    "dma50" : 67.94,
    "dma100" : null,
    "dma200" : 76.20,
    "volume" : 44432.00
  }, {
    "date" : "2025-04-04",
    "price" : 65.09,
    "dma50" : 67.83,
    "dma100" : null,
    "dma200" : 76.09,
    "volume" : 28632.00
  }, {
    "date" : "2025-04-07",
    "price" : 62.74,
    "dma50" : 67.63,
    "dma100" : null,
    "dma200" : 75.96,
    "volume" : 77460.00
  }, {
    "date" : "2025-04-08",
    "price" : 63.50,
    "dma50" : 67.47,
    "dma100" : null,
    "dma200" : 75.84,
    "volume" : 69996.00
  }, {
    "date" : "2025-04-09",
    "price" : 63.90,
    "dma50" : 67.33,
    "dma100" : null,
    "dma200" : 75.72,
    "volume" : 48641.00
  }, {
    "date" : "2025-04-11",
    "price" : 65.60,
    "dma50" : 67.26,
    "dma100" : null,
    "dma200" : 75.62,
    "volume" : 74085.00
  }, {
    "date" : "2025-04-15",
    "price" : 66.46,
    "dma50" : 67.23,
    "dma100" : null,
    "dma200" : 75.53,
    "volume" : 77496.00
  }, {
    "date" : "2025-04-16",
    "price" : 67.33,
    "dma50" : 67.24,
    "dma100" : null,
    "dma200" : 75.44,
    "volume" : 29039.00
  }, {
    "date" : "2025-04-17",
    "price" : 68.33,
    "dma50" : 67.28,
    "dma100" : null,
    "dma200" : 75.37,
    "volume" : 92513.00
  }, {
    "date" : "2025-04-21",
    "price" : 69.86,
    "dma50" : 67.38,
    "dma100" : null,
    "dma200" : 75.32,
    "volume" : 49405.00
  }, {
    "date" : "2025-04-22",
    "price" : 69.50,
    "dma50" : 67.46,
    "dma100" : null,
    "dma200" : 75.26,
    "volume" : 29180.00
  }, {
    "date" : "2025-04-23",
    "price" : 69.31,
    "dma50" : 67.53,
    "dma100" : null,
    "dma200" : 75.20,
    "volume" : 25807.00
  }, {
    "date" : "2025-04-24",
    "price" : 69.57,
    "dma50" : 67.61,
    "dma100" : null,
    "dma200" : 75.15,
    "volume" : 34198.00
  }, {
    "date" : "2025-04-25",
    "price" : 68.78,
    "dma50" : 67.66,
    "dma100" : null,
    "dma200" : 75.08,
    "volume" : 43606.00
  }, {
    "date" : "2025-04-28",
    "price" : 69.21,
    "dma50" : 67.72,
    "dma100" : null,
    "dma200" : 75.02,
    "volume" : 59060.00
  }, {
    "date" : "2025-04-29",
    "price" : 70.04,
    "dma50" : 67.81,
    "dma100" : null,
    "dma200" : 74.97,
    "volume" : 23308.00
  }, {
    "date" : "2025-04-30",
    "price" : 70.06,
    "dma50" : 67.90,
    "dma100" : null,
    "dma200" : 74.93,
    "volume" : 55527.00
  }, {
    "date" : "2025-05-02",
    "price" : 69.67,
    "dma50" : 67.97,
    "dma100" : null,
    "dma200" : 74.87,
    "volume" : 17564.00
  }, {
    "date" : "2025-05-05",
    "price" : 70.14,
    "dma50" : 68.05,
    "dma100" : null,
    "dma200" : 74.83,
    "volume" : 31406.00
  }, {
    "date" : "2025-05-06",
    "price" : 67.62,
    "dma50" : 68.04,
    "dma100" : null,
    "dma200" : 74.75,
    "volume" : 31903.00
  }, {
    "date" : "2025-05-07",
    "price" : 66.65,
    "dma50" : 67.98,
    "dma100" : null,
    "dma200" : 74.67,
    "volume" : 30655.00
  }, {
    "date" : "2025-05-08",
    "price" : 63.44,
    "dma50" : 67.81,
    "dma100" : null,
    "dma200" : 74.56,
    "volume" : 60075.00
  }, {
    "date" : "2025-05-09",
    "price" : 64.82,
    "dma50" : 67.69,
    "dma100" : null,
    "dma200" : 74.47,
    "volume" : 72934.00
  }, {
    "date" : "2025-05-12",
    "price" : 67.44,
    "dma50" : 67.68,
    "dma100" : null,
    "dma200" : 74.40,
    "volume" : 39279.00
  }, {
    "date" : "2025-05-13",
    "price" : 68.64,
    "dma50" : 67.72,
    "dma100" : null,
    "dma200" : 74.34,
    "volume" : 24826.00
  }, {
    "date" : "2025-05-14",
    "price" : 68.52,
    "dma50" : 67.75,
    "dma100" : null,
    "dma200" : 74.28,
    "volume" : 41096.00
  }, {
    "date" : "2025-05-15",
    "price" : 69.11,
    "dma50" : 67.80,
    "dma100" : null,
    "dma200" : 74.23,
    "volume" : 35607.00
  }, {
    "date" : "2025-05-16",
    "price" : 69.52,
    "dma50" : 67.87,
    "dma100" : null,
    "dma200" : 74.18,
    "volume" : 33791.00
  }, {
    "date" : "2025-05-19",
    "price" : 69.58,
    "dma50" : 67.94,
    "dma100" : 69.98,
    "dma200" : 74.14,
    "volume" : 26340.00
  }, {
    "date" : "2025-05-20",
    "price" : 68.66,
    "dma50" : 67.96,
    "dma100" : 69.89,
    "dma200" : 74.08,
    "volume" : 55576.00
  }, {
    "date" : "2025-05-21",
    "price" : 69.12,
    "dma50" : 68.01,
    "dma100" : 69.80,
    "dma200" : 74.03,
    "volume" : 24462.00
  }, {
    "date" : "2025-05-22",
    "price" : 68.75,
    "dma50" : 68.04,
    "dma100" : 69.72,
    "dma200" : 73.98,
    "volume" : 35380.00
  }, {
    "date" : "2025-05-23",
    "price" : 69.10,
    "dma50" : 68.08,
    "dma100" : 69.64,
    "dma200" : 73.93,
    "volume" : 33984.00
  }, {
    "date" : "2025-05-26",
    "price" : 69.38,
    "dma50" : 68.13,
    "dma100" : 69.57,
    "dma200" : 73.89,
    "volume" : 47171.00
  }, {
    "date" : "2025-05-27",
    "price" : 71.38,
    "dma50" : 68.26,
    "dma100" : 69.54,
    "dma200" : 73.86,
    "volume" : 135022.00
  }, {
    "date" : "2025-05-28",
    "price" : 68.33,
    "dma50" : 68.26,
    "dma100" : 69.47,
    "dma200" : 73.81,
    "volume" : 156643.00
  }, {
    "date" : "2025-05-29",
    "price" : 70.04,
    "dma50" : 68.33,
    "dma100" : 69.40,
    "dma200" : 73.77,
    "volume" : 102159.00
  }, {
    "date" : "2025-05-30",
    "price" : 68.51,
    "dma50" : 68.34,
    "dma100" : 69.31,
    "dma200" : 73.72,
    "volume" : 53832.00
  }, {
    "date" : "2025-06-02",
    "price" : 68.58,
    "dma50" : 68.35,
    "dma100" : 69.22,
    "dma200" : 73.66,
    "volume" : 38608.00
  }, {
    "date" : "2025-06-03",
    "price" : 68.45,
    "dma50" : 68.35,
    "dma100" : 69.12,
    "dma200" : 73.61,
    "volume" : 37782.00
  }, {
    "date" : "2025-06-04",
    "price" : 68.06,
    "dma50" : 68.34,
    "dma100" : 69.01,
    "dma200" : 73.56,
    "volume" : 32515.00
  }, {
    "date" : "2025-06-05",
    "price" : 67.10,
    "dma50" : 68.29,
    "dma100" : 68.89,
    "dma200" : 73.49,
    "volume" : 43933.00
  }, {
    "date" : "2025-06-06",
    "price" : 66.94,
    "dma50" : 68.24,
    "dma100" : 68.79,
    "dma200" : 73.43,
    "volume" : 39124.00
  }, {
    "date" : "2025-06-09",
    "price" : 68.08,
    "dma50" : 68.23,
    "dma100" : 68.71,
    "dma200" : 73.38,
    "volume" : 78812.00
  }, {
    "date" : "2025-06-10",
    "price" : 68.14,
    "dma50" : 68.23,
    "dma100" : 68.65,
    "dma200" : 73.32,
    "volume" : 54073.00
  }, {
    "date" : "2025-06-11",
    "price" : 68.25,
    "dma50" : 68.23,
    "dma100" : 68.59,
    "dma200" : 73.27,
    "volume" : 54640.00
  }, {
    "date" : "2025-06-12",
    "price" : 68.16,
    "dma50" : 68.23,
    "dma100" : 68.54,
    "dma200" : 73.22,
    "volume" : 24719.00
  }, {
    "date" : "2025-06-13",
    "price" : 67.71,
    "dma50" : 68.21,
    "dma100" : 68.48,
    "dma200" : 73.17,
    "volume" : 22716.00
  }, {
    "date" : "2025-06-16",
    "price" : 67.66,
    "dma50" : 68.19,
    "dma100" : 68.42,
    "dma200" : 73.11,
    "volume" : 17997.00
  }, {
    "date" : "2025-06-17",
    "price" : 67.52,
    "dma50" : 68.16,
    "dma100" : 68.35,
    "dma200" : 73.06,
    "volume" : 20575.00
  }, {
    "date" : "2025-06-18",
    "price" : 67.18,
    "dma50" : 68.12,
    "dma100" : 68.28,
    "dma200" : 73.00,
    "volume" : 18483.00
  }, {
    "date" : "2025-06-19",
    "price" : 65.60,
    "dma50" : 68.02,
    "dma100" : 68.17,
    "dma200" : 72.92,
    "volume" : 40674.00
  }, {
    "date" : "2025-06-20",
    "price" : 65.77,
    "dma50" : 67.93,
    "dma100" : 68.06,
    "dma200" : 72.85,
    "volume" : 23830.00
  }, {
    "date" : "2025-06-23",
    "price" : 66.32,
    "dma50" : 67.87,
    "dma100" : 67.98,
    "dma200" : 72.79,
    "volume" : 30513.00
  }, {
    "date" : "2025-06-24",
    "price" : 66.24,
    "dma50" : 67.81,
    "dma100" : 67.94,
    "dma200" : 72.72,
    "volume" : 36374.00
  }, {
    "date" : "2025-06-25",
    "price" : 66.78,
    "dma50" : 67.77,
    "dma100" : 67.90,
    "dma200" : 72.66,
    "volume" : 23155.00
  }, {
    "date" : "2025-06-26",
    "price" : 66.45,
    "dma50" : 67.71,
    "dma100" : 67.85,
    "dma200" : 72.60,
    "volume" : 21572.00
  }, {
    "date" : "2025-06-27",
    "price" : 66.36,
    "dma50" : 67.66,
    "dma100" : 67.81,
    "dma200" : 72.54,
    "volume" : 20804.00
  }, {
    "date" : "2025-06-30",
    "price" : 63.39,
    "dma50" : 67.49,
    "dma100" : 67.73,
    "dma200" : 72.45,
    "volume" : 186290.00
  }, {
    "date" : "2025-07-01",
    "price" : 64.89,
    "dma50" : 67.39,
    "dma100" : 67.66,
    "dma200" : 72.37,
    "volume" : 48423.00
  }, {
    "date" : "2025-07-02",
    "price" : 64.70,
    "dma50" : 67.29,
    "dma100" : 67.52,
    "dma200" : 72.30,
    "volume" : 47335.00
  }, {
    "date" : "2025-07-03",
    "price" : 65.29,
    "dma50" : 67.21,
    "dma100" : 67.40,
    "dma200" : 72.23,
    "volume" : 34841.00
  }, {
    "date" : "2025-07-04",
    "price" : 65.71,
    "dma50" : 67.15,
    "dma100" : 67.29,
    "dma200" : 72.16,
    "volume" : 42240.00
  }, {
    "date" : "2025-07-07",
    "price" : 65.90,
    "dma50" : 67.10,
    "dma100" : 67.21,
    "dma200" : 72.10,
    "volume" : 57285.00
  }, {
    "date" : "2025-07-08",
    "price" : 66.64,
    "dma50" : 67.08,
    "dma100" : 67.14,
    "dma200" : 72.05,
    "volume" : 31577.00
  }, {
    "date" : "2025-07-09",
    "price" : 65.51,
    "dma50" : 67.02,
    "dma100" : 67.06,
    "dma200" : 71.98,
    "volume" : 38221.00
  }, {
    "date" : "2025-07-10",
    "price" : 65.59,
    "dma50" : 66.96,
    "dma100" : 67.00,
    "dma200" : 71.92,
    "volume" : 32562.00
  }, {
    "date" : "2025-07-11",
    "price" : 65.36,
    "dma50" : 66.90,
    "dma100" : 66.94,
    "dma200" : 71.85,
    "volume" : 48589.00
  }, {
    "date" : "2025-07-14",
    "price" : 64.35,
    "dma50" : 66.80,
    "dma100" : 66.89,
    "dma200" : 71.78,
    "volume" : 46392.00
  }, {
    "date" : "2025-07-15",
    "price" : 65.61,
    "dma50" : 66.75,
    "dma100" : 66.85,
    "dma200" : 71.72,
    "volume" : 70315.00
  }, {
    "date" : "2025-07-16",
    "price" : 66.33,
    "dma50" : 66.74,
    "dma100" : 66.83,
    "dma200" : 71.66,
    "volume" : 32651.00
  }, {
    "date" : "2025-07-17",
    "price" : 65.66,
    "dma50" : 66.70,
    "dma100" : 66.82,
    "dma200" : 71.60,
    "volume" : 38962.00
  }, {
    "date" : "2025-07-18",
    "price" : 65.22,
    "dma50" : 66.64,
    "dma100" : 66.79,
    "dma200" : 71.54,
    "volume" : 43165.00
  }, {
    "date" : "2025-07-21",
    "price" : 64.63,
    "dma50" : 66.56,
    "dma100" : 66.73,
    "dma200" : 71.47,
    "volume" : 32789.00
  }, {
    "date" : "2025-07-22",
    "price" : 64.47,
    "dma50" : 66.48,
    "dma100" : 66.64,
    "dma200" : 71.40,
    "volume" : 29292.00
  }, {
    "date" : "2025-07-23",
    "price" : 64.68,
    "dma50" : 66.41,
    "dma100" : 66.57,
    "dma200" : 71.33,
    "volume" : 18104.00
  }, {
    "date" : "2025-07-24",
    "price" : 64.88,
    "dma50" : 66.35,
    "dma100" : 66.51,
    "dma200" : 71.27,
    "volume" : 24660.00
  }, {
    "date" : "2025-07-25",
    "price" : 64.56,
    "dma50" : 66.28,
    "dma100" : 66.46,
    "dma200" : 71.20,
    "volume" : 31206.00
  }, {
    "date" : "2025-07-28",
    "price" : 63.47,
    "dma50" : 66.17,
    "dma100" : 66.44,
    "dma200" : 71.13,
    "volume" : 39846.00
  }, {
    "date" : "2025-07-29",
    "price" : 64.39,
    "dma50" : 66.10,
    "dma100" : 66.43,
    "dma200" : 71.06,
    "volume" : 32055.00
  }, {
    "date" : "2025-07-30",
    "price" : 63.30,
    "dma50" : 65.99,
    "dma100" : 66.41,
    "dma200" : 70.98,
    "volume" : 30799.00
  }, {
    "date" : "2025-07-31",
    "price" : 64.08,
    "dma50" : 65.91,
    "dma100" : 66.38,
    "dma200" : 70.91,
    "volume" : 19812.00
  }, {
    "date" : "2025-08-01",
    "price" : 64.32,
    "dma50" : 65.85,
    "dma100" : 66.34,
    "dma200" : 70.85,
    "volume" : 20486.00
  }, {
    "date" : "2025-08-04",
    "price" : 65.73,
    "dma50" : 65.85,
    "dma100" : 66.31,
    "dma200" : 70.80,
    "volume" : 56882.00
  }, {
    "date" : "2025-08-05",
    "price" : 64.42,
    "dma50" : 65.79,
    "dma100" : 66.29,
    "dma200" : 70.73,
    "volume" : 27977.00
  }, {
    "date" : "2025-08-06",
    "price" : 63.76,
    "dma50" : 65.71,
    "dma100" : 66.28,
    "dma200" : 70.66,
    "volume" : 26594.00
  }, {
    "date" : "2025-08-07",
    "price" : 64.37,
    "dma50" : 65.66,
    "dma100" : 66.30,
    "dma200" : 70.60,
    "volume" : 32267.00
  }, {
    "date" : "2025-08-08",
    "price" : 65.11,
    "dma50" : 65.64,
    "dma100" : 66.32,
    "dma200" : 70.55,
    "volume" : 140352.00
  }, {
    "date" : "2025-08-11",
    "price" : 64.53,
    "dma50" : 65.59,
    "dma100" : 66.35,
    "dma200" : 70.49,
    "volume" : 35030.00
  }, {
    "date" : "2025-08-12",
    "price" : 66.04,
    "dma50" : 65.61,
    "dma100" : 66.38,
    "dma200" : 70.44,
    "volume" : 26200.00
  }, {
    "date" : "2025-08-13",
    "price" : 68.59,
    "dma50" : 65.73,
    "dma100" : 66.44,
    "dma200" : 70.42,
    "volume" : 200546.00
  }, {
    "date" : "2025-08-14",
    "price" : 67.29,
    "dma50" : 65.79,
    "dma100" : 66.48,
    "dma200" : 70.39,
    "volume" : 57222.00
  }, {
    "date" : "2025-08-18",
    "price" : 66.77,
    "dma50" : 65.83,
    "dma100" : 66.51,
    "dma200" : 70.36,
    "volume" : 46290.00
  }, {
    "date" : "2025-08-19",
    "price" : 66.38,
    "dma50" : 65.85,
    "dma100" : 66.53,
    "dma200" : 70.32,
    "volume" : 36106.00
  }, {
    "date" : "2025-08-20",
    "price" : 67.44,
    "dma50" : 65.91,
    "dma100" : 66.57,
    "dma200" : 70.29,
    "volume" : 47355.00
  }, {
    "date" : "2025-08-21",
    "price" : 68.62,
    "dma50" : 66.02,
    "dma100" : 66.62,
    "dma200" : 70.27,
    "volume" : 57169.00
  }, {
    "date" : "2025-08-22",
    "price" : 69.56,
    "dma50" : 66.16,
    "dma100" : 66.70,
    "dma200" : 70.26,
    "volume" : 98420.00
  }, {
    "date" : "2025-08-25",
    "price" : 70.61,
    "dma50" : 66.33,
    "dma100" : 66.80,
    "dma200" : 70.27,
    "volume" : 57106.00
  }, {
    "date" : "2025-08-26",
    "price" : 68.08,
    "dma50" : 66.40,
    "dma100" : 66.86,
    "dma200" : 70.25,
    "volume" : 47819.00
  }, {
    "date" : "2025-08-28",
    "price" : 67.91,
    "dma50" : 66.46,
    "dma100" : 66.87,
    "dma200" : 70.22,
    "volume" : 31611.00
  }, {
    "date" : "2025-08-29",
    "price" : 68.59,
    "dma50" : 66.54,
    "dma100" : 66.90,
    "dma200" : 70.21,
    "volume" : 31942.00
  }, {
    "date" : "2025-09-01",
    "price" : 67.70,
    "dma50" : 66.59,
    "dma100" : 66.92,
    "dma200" : 70.18,
    "volume" : 40973.00
  }, {
    "date" : "2025-09-02",
    "price" : 68.15,
    "dma50" : 66.65,
    "dma100" : 66.98,
    "dma200" : 70.16,
    "volume" : 19046.00
  }, {
    "date" : "2025-09-03",
    "price" : 67.94,
    "dma50" : 66.70,
    "dma100" : 67.02,
    "dma200" : 70.14,
    "volume" : 22842.00
  }, {
    "date" : "2025-09-04",
    "price" : 67.95,
    "dma50" : 66.75,
    "dma100" : 67.06,
    "dma200" : 70.12,
    "volume" : 44777.00
  }, {
    "date" : "2025-09-05",
    "price" : 67.98,
    "dma50" : 66.80,
    "dma100" : 67.09,
    "dma200" : 70.10,
    "volume" : 39016.00
  }, {
    "date" : "2025-09-08",
    "price" : 67.01,
    "dma50" : 66.81,
    "dma100" : 67.09,
    "dma200" : 70.07,
    "volume" : 39809.00
  }, {
    "date" : "2025-09-09",
    "price" : 66.05,
    "dma50" : 66.78,
    "dma100" : 67.08,
    "dma200" : 70.03,
    "volume" : 64944.00
  }, {
    "date" : "2025-09-10",
    "price" : 65.95,
    "dma50" : 66.74,
    "dma100" : 67.06,
    "dma200" : 69.99,
    "volume" : 41906.00
  }, {
    "date" : "2025-09-11",
    "price" : 65.98,
    "dma50" : 66.71,
    "dma100" : 67.02,
    "dma200" : 69.95,
    "volume" : 44846.00
  }, {
    "date" : "2025-09-12",
    "price" : 67.16,
    "dma50" : 66.73,
    "dma100" : 66.99,
    "dma200" : 69.92,
    "volume" : 47441.00
  }, {
    "date" : "2025-09-15",
    "price" : 65.96,
    "dma50" : 66.70,
    "dma100" : 66.96,
    "dma200" : 69.88,
    "volume" : 73902.00
  }, {
    "date" : "2025-09-16",
    "price" : 67.31,
    "dma50" : 66.72,
    "dma100" : 66.94,
    "dma200" : 69.85,
    "volume" : 24805.00
  }, {
    "date" : "2025-09-17",
    "price" : 66.72,
    "dma50" : 66.72,
    "dma100" : 66.92,
    "dma200" : 69.82,
    "volume" : 49690.00
  }, {
    "date" : "2025-09-18",
    "price" : 67.57,
    "dma50" : 66.76,
    "dma100" : 66.90,
    "dma200" : 69.80,
    "volume" : 28154.00
  }, {
    "date" : "2025-09-19",
    "price" : 66.85,
    "dma50" : 66.76,
    "dma100" : 66.87,
    "dma200" : 69.77,
    "volume" : 18248.00
  }, {
    "date" : "2025-09-22",
    "price" : 66.68,
    "dma50" : 66.76,
    "dma100" : 66.83,
    "dma200" : 69.74,
    "volume" : 38304.00
  }, {
    "date" : "2025-09-23",
    "price" : 66.99,
    "dma50" : 66.77,
    "dma100" : 66.81,
    "dma200" : 69.71,
    "volume" : 16618.00
  }, {
    "date" : "2025-09-24",
    "price" : 66.26,
    "dma50" : 66.75,
    "dma100" : 66.77,
    "dma200" : 69.68,
    "volume" : 20802.00
  }, {
    "date" : "2025-09-25",
    "price" : 66.78,
    "dma50" : 66.75,
    "dma100" : 66.76,
    "dma200" : 69.65,
    "volume" : 17852.00
  }, {
    "date" : "2025-09-26",
    "price" : 66.20,
    "dma50" : 66.73,
    "dma100" : 66.76,
    "dma200" : 69.61,
    "volume" : 31023.00
  }, {
    "date" : "2025-09-29",
    "price" : 66.01,
    "dma50" : 66.70,
    "dma100" : 66.78,
    "dma200" : 69.58,
    "volume" : 18404.00
  }, {
    "date" : "2025-09-30",
    "price" : 66.32,
    "dma50" : 66.68,
    "dma100" : 66.80,
    "dma200" : 69.55,
    "volume" : 30506.00
  }, {
    "date" : "2025-10-01",
    "price" : 66.19,
    "dma50" : 66.66,
    "dma100" : 66.78,
    "dma200" : 69.51,
    "volume" : 20355.00
  }, {
    "date" : "2025-10-03",
    "price" : 67.47,
    "dma50" : 66.70,
    "dma100" : 66.77,
    "dma200" : 69.49,
    "volume" : 51295.00
  }, {
    "date" : "2025-10-06",
    "price" : 74.01,
    "dma50" : 66.98,
    "dma100" : 66.83,
    "dma200" : 69.54,
    "volume" : 771155.00
  }, {
    "date" : "2025-10-07",
    "price" : 74.36,
    "dma50" : 67.27,
    "dma100" : 66.88,
    "dma200" : 69.59,
    "volume" : 225244.00
  }, {
    "date" : "2025-10-08",
    "price" : 75.57,
    "dma50" : 67.60,
    "dma100" : 66.94,
    "dma200" : 69.64,
    "volume" : 117729.00
  }, {
    "date" : "2025-10-09",
    "price" : 73.05,
    "dma50" : 67.81,
    "dma100" : 66.98,
    "dma200" : 69.68,
    "volume" : 69232.00
  }, {
    "date" : "2025-10-10",
    "price" : 71.21,
    "dma50" : 67.94,
    "dma100" : 67.00,
    "dma200" : 69.69,
    "volume" : 66209.00
  }, {
    "date" : "2025-10-13",
    "price" : 70.23,
    "dma50" : 68.03,
    "dma100" : 67.01,
    "dma200" : 69.70,
    "volume" : 123335.00
  }, {
    "date" : "2025-10-14",
    "price" : 70.49,
    "dma50" : 68.13,
    "dma100" : 67.03,
    "dma200" : 69.71,
    "volume" : 47948.00
  }, {
    "date" : "2025-10-15",
    "price" : 70.22,
    "dma50" : 68.21,
    "dma100" : 67.04,
    "dma200" : 69.71,
    "volume" : 41780.00
  }, {
    "date" : "2025-10-16",
    "price" : 70.39,
    "dma50" : 68.30,
    "dma100" : 67.05,
    "dma200" : 69.72,
    "volume" : 44062.00
  }, {
    "date" : "2025-10-17",
    "price" : 69.03,
    "dma50" : 68.33,
    "dma100" : 67.03,
    "dma200" : 69.71,
    "volume" : 75978.00
  }, {
    "date" : "2025-10-20",
    "price" : 67.00,
    "dma50" : 68.27,
    "dma100" : 67.01,
    "dma200" : 69.69,
    "volume" : 97252.00
  }, {
    "date" : "2025-10-21",
    "price" : 70.61,
    "dma50" : 68.37,
    "dma100" : 67.02,
    "dma200" : 69.69,
    "volume" : 43847.00
  }, {
    "date" : "2025-10-23",
    "price" : 70.43,
    "dma50" : 68.45,
    "dma100" : 67.04,
    "dma200" : 69.70,
    "volume" : 54174.00
  }, {
    "date" : "2025-10-24",
    "price" : 71.29,
    "dma50" : 68.56,
    "dma100" : 67.07,
    "dma200" : 69.72,
    "volume" : 53157.00
  }, {
    "date" : "2025-10-27",
    "price" : 71.06,
    "dma50" : 68.66,
    "dma100" : 67.09,
    "dma200" : 69.73,
    "volume" : 35019.00
  }, {
    "date" : "2025-10-28",
    "price" : 69.28,
    "dma50" : 68.68,
    "dma100" : 67.10,
    "dma200" : 69.73,
    "volume" : 63757.00
  }, {
    "date" : "2025-10-29",
    "price" : 70.57,
    "dma50" : 68.76,
    "dma100" : 67.14,
    "dma200" : 69.73,
    "volume" : 29212.00
  }, {
    "date" : "2025-10-30",
    "price" : 70.00,
    "dma50" : 68.80,
    "dma100" : 67.17,
    "dma200" : 69.74,
    "volume" : 29696.00
  }, {
    "date" : "2025-10-31",
    "price" : 68.93,
    "dma50" : 68.81,
    "dma100" : 67.18,
    "dma200" : 69.73,
    "volume" : 45234.00
  }, {
    "date" : "2025-11-03",
    "price" : 69.50,
    "dma50" : 68.84,
    "dma100" : 67.19,
    "dma200" : 69.73,
    "volume" : 51960.00
  }, {
    "date" : "2025-11-04",
    "price" : 68.88,
    "dma50" : 68.84,
    "dma100" : 67.20,
    "dma200" : 69.72,
    "volume" : 41398.00
  }, {
    "date" : "2025-11-06",
    "price" : 69.19,
    "dma50" : 68.85,
    "dma100" : 67.21,
    "dma200" : 69.71,
    "volume" : 35479.00
  }, {
    "date" : "2025-11-07",
    "price" : 69.46,
    "dma50" : 68.88,
    "dma100" : 67.23,
    "dma200" : 69.71,
    "volume" : 42829.00
  }, {
    "date" : "2025-11-10",
    "price" : 71.60,
    "dma50" : 68.98,
    "dma100" : 67.26,
    "dma200" : 69.73,
    "volume" : 56180.00
  }, {
    "date" : "2025-11-11",
    "price" : 72.76,
    "dma50" : 69.13,
    "dma100" : 67.32,
    "dma200" : 69.76,
    "volume" : 107912.00
  }, {
    "date" : "2025-11-12",
    "price" : 78.38,
    "dma50" : 69.49,
    "dma100" : 67.43,
    "dma200" : 69.85,
    "volume" : 840241.00
  }, {
    "date" : "2025-11-13",
    "price" : 78.14,
    "dma50" : 69.83,
    "dma100" : 67.55,
    "dma200" : 69.93,
    "volume" : 176887.00
  }, {
    "date" : "2025-11-14",
    "price" : 78.91,
    "dma50" : 70.19,
    "dma100" : 67.69,
    "dma200" : 70.02,
    "volume" : 63916.00
  }, {
    "date" : "2025-11-17",
    "price" : 80.05,
    "dma50" : 70.58,
    "dma100" : 67.82,
    "dma200" : 70.12,
    "volume" : 116454.00
  }, {
    "date" : "2025-11-18",
    "price" : 80.42,
    "dma50" : 70.96,
    "dma100" : 67.97,
    "dma200" : 70.22,
    "volume" : 133291.00
  }, {
    "date" : "2025-11-19",
    "price" : 80.58,
    "dma50" : 71.34,
    "dma100" : 68.10,
    "dma200" : 70.32,
    "volume" : 99919.00
  }, {
    "date" : "2025-11-20",
    "price" : 80.08,
    "dma50" : 71.68,
    "dma100" : 68.24,
    "dma200" : 70.42,
    "volume" : 78855.00
  }, {
    "date" : "2025-11-21",
    "price" : 77.51,
    "dma50" : 71.91,
    "dma100" : 68.35,
    "dma200" : 70.49,
    "volume" : 127313.00
  }, {
    "date" : "2025-11-24",
    "price" : 74.41,
    "dma50" : 72.01,
    "dma100" : 68.46,
    "dma200" : 70.53,
    "volume" : 80873.00
  }, {
    "date" : "2025-11-25",
    "price" : 76.75,
    "dma50" : 72.19,
    "dma100" : 68.58,
    "dma200" : 70.59,
    "volume" : 45909.00
  }, {
    "date" : "2025-11-26",
    "price" : 76.74,
    "dma50" : 72.37,
    "dma100" : 68.70,
    "dma200" : 70.65,
    "volume" : 23970.00
  }, {
    "date" : "2025-11-27",
    "price" : 75.32,
    "dma50" : 72.49,
    "dma100" : 68.80,
    "dma200" : 70.70,
    "volume" : 56744.00
  }, {
    "date" : "2025-11-28",
    "price" : 77.44,
    "dma50" : 72.68,
    "dma100" : 68.92,
    "dma200" : 70.77,
    "volume" : 71906.00
  }, {
    "date" : "2025-12-01",
    "price" : 78.21,
    "dma50" : 72.90,
    "dma100" : 69.04,
    "dma200" : 70.84,
    "volume" : 39320.00
  }, {
    "date" : "2025-12-02",
    "price" : 77.65,
    "dma50" : 73.08,
    "dma100" : 69.15,
    "dma200" : 70.91,
    "volume" : 21613.00
  }, {
    "date" : "2025-12-03",
    "price" : 77.01,
    "dma50" : 73.24,
    "dma100" : 69.27,
    "dma200" : 70.97,
    "volume" : 49089.00
  }, {
    "date" : "2025-12-04",
    "price" : 76.68,
    "dma50" : 73.37,
    "dma100" : 69.38,
    "dma200" : 71.03,
    "volume" : 19016.00
  }, {
    "date" : "2025-12-05",
    "price" : 74.96,
    "dma50" : 73.44,
    "dma100" : 69.47,
    "dma200" : 71.06,
    "volume" : 50254.00
  }, {
    "date" : "2025-12-08",
    "price" : 72.28,
    "dma50" : 73.39,
    "dma100" : 69.55,
    "dma200" : 71.08,
    "volume" : 68459.00
  }, {
    "date" : "2025-12-09",
    "price" : 73.23,
    "dma50" : 73.38,
    "dma100" : 69.63,
    "dma200" : 71.10,
    "volume" : 27863.00
  }, {
    "date" : "2025-12-10",
    "price" : 75.33,
    "dma50" : 73.46,
    "dma100" : 69.72,
    "dma200" : 71.14,
    "volume" : 26721.00
  }, {
    "date" : "2025-12-11",
    "price" : 74.45,
    "dma50" : 73.50,
    "dma100" : 69.81,
    "dma200" : 71.17,
    "volume" : 22206.00
  }, {
    "date" : "2025-12-12",
    "price" : 75.25,
    "dma50" : 73.57,
    "dma100" : 69.91,
    "dma200" : 71.21,
    "volume" : 39477.00
  }, {
    "date" : "2025-12-15",
    "price" : 75.44,
    "dma50" : 73.64,
    "dma100" : 70.01,
    "dma200" : 71.26,
    "volume" : 21910.00
  }, {
    "date" : "2025-12-16",
    "price" : 75.20,
    "dma50" : 73.70,
    "dma100" : 70.12,
    "dma200" : 71.30,
    "volume" : 31566.00
  }, {
    "date" : "2025-12-17",
    "price" : 73.63,
    "dma50" : 73.70,
    "dma100" : 70.21,
    "dma200" : 71.32,
    "volume" : 37648.00
  }, {
    "date" : "2025-12-18",
    "price" : 73.62,
    "dma50" : 73.70,
    "dma100" : 70.30,
    "dma200" : 71.34,
    "volume" : 16596.00
  } ],
  "latestTechnicalAttributes" : {
    "date" : "2025-12-18",
    "price" : 73.62,
    "dma50" : 73.70,
    "dma100" : 70.30,
    "dma200" : 71.34,
    "volume" : 16596.00
  },
  "quarterlyResults" : [ {
    "date" : "2005-03-31",
    "sales" : 0.83,
    "salesGrowthYoY" : null,
    "grossProfitMargin" : 38.55,
    "grossProfit" : 0.32,
    "operatingProfitMargin" : -19.28,
    "operatingProfit" : -0.16,
    "netProfitMargin" : -51.81,
    "netProfit" : -0.43
  }, {
    "date" : "2005-06-30",
    "sales" : 0.83,
    "salesGrowthYoY" : null,
    "grossProfitMargin" : 42.17,
    "grossProfit" : 0.35,
    "operatingProfitMargin" : 3.61,
    "operatingProfit" : 0.03,
    "netProfitMargin" : -21.69,
    "netProfit" : -0.18
  }, {
    "date" : "2005-09-30",
    "sales" : 0.66,
    "salesGrowthYoY" : null,
    "grossProfitMargin" : 24.24,
    "grossProfit" : 0.16,
    "operatingProfitMargin" : -48.48,
    "operatingProfit" : -0.32,
    "netProfitMargin" : -103.03,
    "netProfit" : -0.68
  }, {
    "date" : "2005-12-31",
    "sales" : 0.64,
    "salesGrowthYoY" : null,
    "grossProfitMargin" : 35.94,
    "grossProfit" : 0.23,
    "operatingProfitMargin" : -17.19,
    "operatingProfit" : -0.11,
    "netProfitMargin" : -62.50,
    "netProfit" : -0.40
  }, {
    "date" : "2006-03-31",
    "sales" : 0.68,
    "salesGrowthYoY" : -18.07,
    "grossProfitMargin" : 72.06,
    "grossProfit" : 0.49,
    "operatingProfitMargin" : -4.41,
    "operatingProfit" : -0.03,
    "netProfitMargin" : -54.41,
    "netProfit" : -0.37
  }, {
    "date" : "2006-06-30",
    "sales" : 0.42,
    "salesGrowthYoY" : -49.40,
    "grossProfitMargin" : 40.48,
    "grossProfit" : 0.17,
    "operatingProfitMargin" : -23.81,
    "operatingProfit" : -0.10,
    "netProfitMargin" : -90.48,
    "netProfit" : -0.38
  }, {
    "date" : "2006-09-30",
    "sales" : 0.56,
    "salesGrowthYoY" : -15.15,
    "grossProfitMargin" : 51.79,
    "grossProfit" : 0.29,
    "operatingProfitMargin" : -5.36,
    "operatingProfit" : -0.03,
    "netProfitMargin" : -57.14,
    "netProfit" : -0.32
  }, {
    "date" : "2006-12-31",
    "sales" : 0.56,
    "salesGrowthYoY" : -12.50,
    "grossProfitMargin" : 55.36,
    "grossProfit" : 0.31,
    "operatingProfitMargin" : 5.36,
    "operatingProfit" : 0.03,
    "netProfitMargin" : -69.64,
    "netProfit" : -0.39
  }, {
    "date" : "2007-03-31",
    "sales" : 0.43,
    "salesGrowthYoY" : -36.76,
    "grossProfitMargin" : 30.23,
    "grossProfit" : 0.13,
    "operatingProfitMargin" : -100.00,
    "operatingProfit" : -0.43,
    "netProfitMargin" : -86.05,
    "netProfit" : -0.37
  }, {
    "date" : "2007-06-30",
    "sales" : 0.27,
    "salesGrowthYoY" : -35.71,
    "grossProfitMargin" : 40.74,
    "grossProfit" : 0.11,
    "operatingProfitMargin" : -14.81,
    "operatingProfit" : -0.04,
    "netProfitMargin" : -122.22,
    "netProfit" : -0.33
  }, {
    "date" : "2007-09-30",
    "sales" : 0.21,
    "salesGrowthYoY" : -62.50,
    "grossProfitMargin" : 0.00,
    "grossProfit" : 0.00,
    "operatingProfitMargin" : -166.67,
    "operatingProfit" : -0.35,
    "netProfitMargin" : -519.05,
    "netProfit" : -1.09
  }, {
    "date" : "2007-12-31",
    "sales" : 0.17,
    "salesGrowthYoY" : -69.64,
    "grossProfitMargin" : 23.53,
    "grossProfit" : 0.04,
    "operatingProfitMargin" : -170.59,
    "operatingProfit" : -0.29,
    "netProfitMargin" : -341.18,
    "netProfit" : -0.58
  }, {
    "date" : "2008-03-31",
    "sales" : 0.19,
    "salesGrowthYoY" : -55.81,
    "grossProfitMargin" : -21.05,
    "grossProfit" : -0.04,
    "operatingProfitMargin" : -236.84,
    "operatingProfit" : -0.45,
    "netProfitMargin" : -573.68,
    "netProfit" : -1.09
  }, {
    "date" : "2008-06-30",
    "sales" : 0.46,
    "salesGrowthYoY" : 70.37,
    "grossProfitMargin" : 69.57,
    "grossProfit" : 0.32,
    "operatingProfitMargin" : -56.52,
    "operatingProfit" : -0.26,
    "netProfitMargin" : -189.13,
    "netProfit" : -0.87
  }, {
    "date" : "2008-09-30",
    "sales" : 0.65,
    "salesGrowthYoY" : 209.52,
    "grossProfitMargin" : 66.15,
    "grossProfit" : 0.43,
    "operatingProfitMargin" : -60.00,
    "operatingProfit" : -0.39,
    "netProfitMargin" : -133.85,
    "netProfit" : -0.87
  }, {
    "date" : "2008-12-31",
    "sales" : 1.04,
    "salesGrowthYoY" : 511.76,
    "grossProfitMargin" : 81.73,
    "grossProfit" : 0.85,
    "operatingProfitMargin" : 8.65,
    "operatingProfit" : 0.09,
    "netProfitMargin" : -35.58,
    "netProfit" : -0.37
  }, {
    "date" : "2009-03-31",
    "sales" : 1.31,
    "salesGrowthYoY" : 589.47,
    "grossProfitMargin" : 77.86,
    "grossProfit" : 1.02,
    "operatingProfitMargin" : -2.29,
    "operatingProfit" : -0.03,
    "netProfitMargin" : 246.56,
    "netProfit" : 3.23
  }, {
    "date" : "2009-06-30",
    "sales" : 1.85,
    "salesGrowthYoY" : 302.17,
    "grossProfitMargin" : 77.84,
    "grossProfit" : 1.44,
    "operatingProfitMargin" : -28.65,
    "operatingProfit" : -0.53,
    "netProfitMargin" : -50.27,
    "netProfit" : -0.93
  }, {
    "date" : "2009-09-30",
    "sales" : 1.79,
    "salesGrowthYoY" : 175.38,
    "grossProfitMargin" : 74.30,
    "grossProfit" : 1.33,
    "operatingProfitMargin" : 7.82,
    "operatingProfit" : 0.14,
    "netProfitMargin" : -11.73,
    "netProfit" : -0.21
  }, {
    "date" : "2009-12-31",
    "sales" : 2.50,
    "salesGrowthYoY" : 140.38,
    "grossProfitMargin" : 78.40,
    "grossProfit" : 1.96,
    "operatingProfitMargin" : 22.00,
    "operatingProfit" : 0.55,
    "netProfitMargin" : 27.20,
    "netProfit" : 0.68
  }, {
    "date" : "2010-03-31",
    "sales" : 2.50,
    "salesGrowthYoY" : 90.84,
    "grossProfitMargin" : 78.80,
    "grossProfit" : 1.97,
    "operatingProfitMargin" : 2.40,
    "operatingProfit" : 0.06,
    "netProfitMargin" : -61.60,
    "netProfit" : -1.54
  }, {
    "date" : "2010-06-30",
    "sales" : 2.72,
    "salesGrowthYoY" : 47.03,
    "grossProfitMargin" : 77.21,
    "grossProfit" : 2.10,
    "operatingProfitMargin" : 13.97,
    "operatingProfit" : 0.38,
    "netProfitMargin" : 5.88,
    "netProfit" : 0.16
  }, {
    "date" : "2010-09-30",
    "sales" : 3.00,
    "salesGrowthYoY" : 67.60,
    "grossProfitMargin" : 75.00,
    "grossProfit" : 2.25,
    "operatingProfitMargin" : 11.67,
    "operatingProfit" : 0.35,
    "netProfitMargin" : 2.67,
    "netProfit" : 0.08
  }, {
    "date" : "2010-12-31",
    "sales" : 3.55,
    "salesGrowthYoY" : 42.00,
    "grossProfitMargin" : 72.11,
    "grossProfit" : 2.56,
    "operatingProfitMargin" : 11.55,
    "operatingProfit" : 0.41,
    "netProfitMargin" : 2.25,
    "netProfit" : 0.08
  }, {
    "date" : "2011-03-31",
    "sales" : 3.61,
    "salesGrowthYoY" : 44.40,
    "grossProfitMargin" : 85.04,
    "grossProfit" : 3.07,
    "operatingProfitMargin" : -12.74,
    "operatingProfit" : -0.46,
    "netProfitMargin" : -136.01,
    "netProfit" : -4.91
  }, {
    "date" : "2011-06-30",
    "sales" : 4.24,
    "salesGrowthYoY" : 55.88,
    "grossProfitMargin" : 77.83,
    "grossProfit" : 3.30,
    "operatingProfitMargin" : 15.09,
    "operatingProfit" : 0.64,
    "netProfitMargin" : 2.36,
    "netProfit" : 0.10
  }, {
    "date" : "2011-09-30",
    "sales" : 4.46,
    "salesGrowthYoY" : 48.67,
    "grossProfitMargin" : 85.87,
    "grossProfit" : 3.83,
    "operatingProfitMargin" : 17.26,
    "operatingProfit" : 0.77,
    "netProfitMargin" : 3.81,
    "netProfit" : 0.17
  }, {
    "date" : "2011-12-31",
    "sales" : 5.29,
    "salesGrowthYoY" : 49.01,
    "grossProfitMargin" : 86.01,
    "grossProfit" : 4.55,
    "operatingProfitMargin" : 19.09,
    "operatingProfit" : 1.01,
    "netProfitMargin" : 5.48,
    "netProfit" : 0.29
  }, {
    "date" : "2012-03-31",
    "sales" : 5.66,
    "salesGrowthYoY" : 56.79,
    "grossProfitMargin" : 82.33,
    "grossProfit" : 4.66,
    "operatingProfitMargin" : 18.20,
    "operatingProfit" : 1.03,
    "netProfitMargin" : 4.24,
    "netProfit" : 0.24
  }, {
    "date" : "2012-06-30",
    "sales" : 6.20,
    "salesGrowthYoY" : 46.23,
    "grossProfitMargin" : 83.71,
    "grossProfit" : 5.19,
    "operatingProfitMargin" : 20.81,
    "operatingProfit" : 1.29,
    "netProfitMargin" : 7.74,
    "netProfit" : 0.48
  }, {
    "date" : "2012-09-30",
    "sales" : 6.73,
    "salesGrowthYoY" : 50.90,
    "grossProfitMargin" : 86.63,
    "grossProfit" : 5.83,
    "operatingProfitMargin" : 16.05,
    "operatingProfit" : 1.08,
    "netProfitMargin" : 3.57,
    "netProfit" : 0.24
  }, {
    "date" : "2012-12-31",
    "sales" : 9.21,
    "salesGrowthYoY" : 74.10,
    "grossProfitMargin" : 87.62,
    "grossProfit" : 8.07,
    "operatingProfitMargin" : 27.58,
    "operatingProfit" : 2.54,
    "netProfitMargin" : 19.98,
    "netProfit" : 1.84
  }, {
    "date" : "2013-03-31",
    "sales" : 6.66,
    "salesGrowthYoY" : 17.67,
    "grossProfitMargin" : 81.53,
    "grossProfit" : 5.43,
    "operatingProfitMargin" : 12.76,
    "operatingProfit" : 0.85,
    "netProfitMargin" : -24.62,
    "netProfit" : -1.64
  }, {
    "date" : "2013-06-30",
    "sales" : 7.02,
    "salesGrowthYoY" : 13.23,
    "grossProfitMargin" : 83.05,
    "grossProfit" : 5.83,
    "operatingProfitMargin" : 6.98,
    "operatingProfit" : 0.49,
    "netProfitMargin" : -10.40,
    "netProfit" : -0.73
  }, {
    "date" : "2013-09-30",
    "sales" : 7.90,
    "salesGrowthYoY" : 17.38,
    "grossProfitMargin" : 81.01,
    "grossProfit" : 6.40,
    "operatingProfitMargin" : -1.90,
    "operatingProfit" : -0.15,
    "netProfitMargin" : -15.32,
    "netProfit" : -1.21
  }, {
    "date" : "2013-12-31",
    "sales" : 8.42,
    "salesGrowthYoY" : -8.58,
    "grossProfitMargin" : 83.49,
    "grossProfit" : 7.03,
    "operatingProfitMargin" : 18.41,
    "operatingProfit" : 1.55,
    "netProfitMargin" : 4.28,
    "netProfit" : 0.36
  }, {
    "date" : "2014-03-31",
    "sales" : 8.58,
    "salesGrowthYoY" : 28.83,
    "grossProfitMargin" : 81.35,
    "grossProfit" : 6.98,
    "operatingProfitMargin" : -2.91,
    "operatingProfit" : -0.25,
    "netProfitMargin" : 15.03,
    "netProfit" : 1.29
  }, {
    "date" : "2014-06-30",
    "sales" : 8.55,
    "salesGrowthYoY" : 21.79,
    "grossProfitMargin" : 81.40,
    "grossProfit" : 6.96,
    "operatingProfitMargin" : 15.32,
    "operatingProfit" : 1.31,
    "netProfitMargin" : -1.64,
    "netProfit" : -0.14
  }, {
    "date" : "2014-09-30",
    "sales" : 8.79,
    "salesGrowthYoY" : 11.27,
    "grossProfitMargin" : 82.48,
    "grossProfit" : 7.25,
    "operatingProfitMargin" : 16.72,
    "operatingProfit" : 1.47,
    "netProfitMargin" : 0.68,
    "netProfit" : 0.06
  }, {
    "date" : "2014-12-31",
    "sales" : 9.69,
    "salesGrowthYoY" : 15.08,
    "grossProfitMargin" : 82.66,
    "grossProfit" : 8.01,
    "operatingProfitMargin" : 14.96,
    "operatingProfit" : 1.45,
    "netProfitMargin" : 1.34,
    "netProfit" : 0.13
  }, {
    "date" : "2015-03-31",
    "sales" : 9.27,
    "salesGrowthYoY" : 8.04,
    "grossProfitMargin" : 83.06,
    "grossProfit" : 7.70,
    "operatingProfitMargin" : 15.10,
    "operatingProfit" : 1.40,
    "netProfitMargin" : 0.76,
    "netProfit" : 0.07
  }, {
    "date" : "2015-06-30",
    "sales" : 9.82,
    "salesGrowthYoY" : 14.85,
    "grossProfitMargin" : 84.62,
    "grossProfit" : 8.31,
    "operatingProfitMargin" : 20.16,
    "operatingProfit" : 1.98,
    "netProfitMargin" : 6.11,
    "netProfit" : 0.60
  }, {
    "date" : "2015-09-30",
    "sales" : 10.49,
    "salesGrowthYoY" : 19.34,
    "grossProfitMargin" : 83.89,
    "grossProfit" : 8.80,
    "operatingProfitMargin" : 19.16,
    "operatingProfit" : 2.01,
    "netProfitMargin" : 12.39,
    "netProfit" : 1.30
  }, {
    "date" : "2015-12-31",
    "sales" : 11.74,
    "salesGrowthYoY" : 21.16,
    "grossProfitMargin" : 83.99,
    "grossProfit" : 9.86,
    "operatingProfitMargin" : 23.08,
    "operatingProfit" : 2.71,
    "netProfitMargin" : 10.31,
    "netProfit" : 1.21
  }, {
    "date" : "2016-03-31",
    "sales" : 10.51,
    "salesGrowthYoY" : 13.38,
    "grossProfitMargin" : 81.73,
    "grossProfit" : 8.59,
    "operatingProfitMargin" : 11.51,
    "operatingProfit" : 1.21,
    "netProfitMargin" : 0.95,
    "netProfit" : 0.10
  }, {
    "date" : "2016-06-30",
    "sales" : 12.45,
    "salesGrowthYoY" : 26.78,
    "grossProfitMargin" : 84.26,
    "grossProfit" : 10.49,
    "operatingProfitMargin" : 20.56,
    "operatingProfit" : 2.56,
    "netProfitMargin" : 8.27,
    "netProfit" : 1.03
  }, {
    "date" : "2016-09-30",
    "sales" : 13.41,
    "salesGrowthYoY" : 27.84,
    "grossProfitMargin" : 83.82,
    "grossProfit" : 11.24,
    "operatingProfitMargin" : 22.60,
    "operatingProfit" : 3.03,
    "netProfitMargin" : 8.35,
    "netProfit" : 1.12
  }, {
    "date" : "2016-12-31",
    "sales" : 14.03,
    "salesGrowthYoY" : 19.51,
    "grossProfitMargin" : 83.75,
    "grossProfit" : 11.75,
    "operatingProfitMargin" : 19.96,
    "operatingProfit" : 2.80,
    "netProfitMargin" : 9.27,
    "netProfit" : 1.30
  }, {
    "date" : "2017-03-31",
    "sales" : 14.95,
    "salesGrowthYoY" : 42.25,
    "grossProfitMargin" : 83.95,
    "grossProfit" : 12.55,
    "operatingProfitMargin" : 26.49,
    "operatingProfit" : 3.96,
    "netProfitMargin" : 12.84,
    "netProfit" : 1.92
  }, {
    "date" : "2017-06-30",
    "sales" : 15.66,
    "salesGrowthYoY" : 25.78,
    "grossProfitMargin" : 83.52,
    "grossProfit" : 13.08,
    "operatingProfitMargin" : 16.86,
    "operatingProfit" : 2.64,
    "netProfitMargin" : 6.96,
    "netProfit" : 1.09
  }, {
    "date" : "2017-09-30",
    "sales" : 18.31,
    "salesGrowthYoY" : 36.54,
    "grossProfitMargin" : 85.42,
    "grossProfit" : 15.64,
    "operatingProfitMargin" : 22.94,
    "operatingProfit" : 4.20,
    "netProfitMargin" : 11.20,
    "netProfit" : 2.05
  }, {
    "date" : "2017-12-31",
    "sales" : 19.38,
    "salesGrowthYoY" : 38.13,
    "grossProfitMargin" : 86.84,
    "grossProfit" : 16.83,
    "operatingProfitMargin" : 21.16,
    "operatingProfit" : 4.10,
    "netProfitMargin" : 10.42,
    "netProfit" : 2.02
  }, {
    "date" : "2018-03-31",
    "sales" : 17.31,
    "salesGrowthYoY" : 15.79,
    "grossProfitMargin" : 84.75,
    "grossProfit" : 14.67,
    "operatingProfitMargin" : 18.37,
    "operatingProfit" : 3.18,
    "netProfitMargin" : 8.67,
    "netProfit" : 1.50
  }, {
    "date" : "2018-06-30",
    "sales" : 20.14,
    "salesGrowthYoY" : 28.61,
    "grossProfitMargin" : 86.10,
    "grossProfit" : 17.34,
    "operatingProfitMargin" : 19.81,
    "operatingProfit" : 3.99,
    "netProfitMargin" : 9.88,
    "netProfit" : 1.99
  }, {
    "date" : "2018-09-30",
    "sales" : 18.16,
    "salesGrowthYoY" : -0.82,
    "grossProfitMargin" : 85.41,
    "grossProfit" : 15.51,
    "operatingProfitMargin" : 14.21,
    "operatingProfit" : 2.58,
    "netProfitMargin" : 5.34,
    "netProfit" : 0.97
  }, {
    "date" : "2018-12-31",
    "sales" : 22.96,
    "salesGrowthYoY" : 18.47,
    "grossProfitMargin" : 85.93,
    "grossProfit" : 19.73,
    "operatingProfitMargin" : 21.25,
    "operatingProfit" : 4.88,
    "netProfitMargin" : 12.28,
    "netProfit" : 2.82
  }, {
    "date" : "2019-03-31",
    "sales" : 20.99,
    "salesGrowthYoY" : 21.26,
    "grossProfitMargin" : 84.42,
    "grossProfit" : 17.72,
    "operatingProfitMargin" : 21.63,
    "operatingProfit" : 4.54,
    "netProfitMargin" : 13.48,
    "netProfit" : 2.83
  }, {
    "date" : "2019-06-30",
    "sales" : 22.50,
    "salesGrowthYoY" : 11.72,
    "grossProfitMargin" : 85.82,
    "grossProfit" : 19.31,
    "operatingProfitMargin" : 21.24,
    "operatingProfit" : 4.78,
    "netProfitMargin" : 11.82,
    "netProfit" : 2.66
  }, {
    "date" : "2019-09-30",
    "sales" : 23.85,
    "salesGrowthYoY" : 31.33,
    "grossProfitMargin" : 88.51,
    "grossProfit" : 21.11,
    "operatingProfitMargin" : 23.52,
    "operatingProfit" : 5.61,
    "netProfitMargin" : 13.88,
    "netProfit" : 3.31
  }, {
    "date" : "2019-12-31",
    "sales" : 26.60,
    "salesGrowthYoY" : 15.85,
    "grossProfitMargin" : 83.61,
    "grossProfit" : 22.24,
    "operatingProfitMargin" : 21.02,
    "operatingProfit" : 5.59,
    "netProfitMargin" : 11.09,
    "netProfit" : 2.95
  }, {
    "date" : "2020-03-31",
    "sales" : 23.23,
    "salesGrowthYoY" : 10.67,
    "grossProfitMargin" : 84.89,
    "grossProfit" : 19.72,
    "operatingProfitMargin" : 22.00,
    "operatingProfit" : 5.11,
    "netProfitMargin" : 12.14,
    "netProfit" : 2.82
  }, {
    "date" : "2020-06-30",
    "sales" : 18.30,
    "salesGrowthYoY" : -18.67,
    "grossProfitMargin" : 84.21,
    "grossProfit" : 15.41,
    "operatingProfitMargin" : 11.20,
    "operatingProfit" : 2.05,
    "netProfitMargin" : 2.90,
    "netProfit" : 0.53
  }, {
    "date" : "2020-09-30",
    "sales" : 25.43,
    "salesGrowthYoY" : 6.62,
    "grossProfitMargin" : 83.76,
    "grossProfit" : 21.30,
    "operatingProfitMargin" : 19.86,
    "operatingProfit" : 5.05,
    "netProfitMargin" : 10.93,
    "netProfit" : 2.78
  }, {
    "date" : "2020-12-31",
    "sales" : 28.98,
    "salesGrowthYoY" : 8.95,
    "grossProfitMargin" : 83.33,
    "grossProfit" : 24.15,
    "operatingProfitMargin" : 25.81,
    "operatingProfit" : 7.48,
    "netProfitMargin" : 14.46,
    "netProfit" : 4.19
  }, {
    "date" : "2021-03-31",
    "sales" : 29.93,
    "salesGrowthYoY" : 28.84,
    "grossProfitMargin" : 85.07,
    "grossProfit" : 25.46,
    "operatingProfitMargin" : 28.97,
    "operatingProfit" : 8.67,
    "netProfitMargin" : 17.67,
    "netProfit" : 5.29
  }, {
    "date" : "2021-06-30",
    "sales" : 32.29,
    "salesGrowthYoY" : 76.45,
    "grossProfitMargin" : 83.77,
    "grossProfit" : 27.05,
    "operatingProfitMargin" : 27.07,
    "operatingProfit" : 8.74,
    "netProfitMargin" : 17.75,
    "netProfit" : 5.73
  }, {
    "date" : "2021-09-30",
    "sales" : 32.82,
    "salesGrowthYoY" : 29.06,
    "grossProfitMargin" : 85.50,
    "grossProfit" : 28.06,
    "operatingProfitMargin" : 27.03,
    "operatingProfit" : 8.87,
    "netProfitMargin" : 17.18,
    "netProfit" : 5.64
  }, {
    "date" : "2021-12-31",
    "sales" : 38.36,
    "salesGrowthYoY" : 32.37,
    "grossProfitMargin" : 85.87,
    "grossProfit" : 32.94,
    "operatingProfitMargin" : 31.80,
    "operatingProfit" : 12.20,
    "netProfitMargin" : 21.09,
    "netProfit" : 8.09
  }, {
    "date" : "2022-03-31",
    "sales" : 32.60,
    "salesGrowthYoY" : 8.92,
    "grossProfitMargin" : 84.20,
    "grossProfit" : 27.45,
    "operatingProfitMargin" : 22.64,
    "operatingProfit" : 7.38,
    "netProfitMargin" : 13.07,
    "netProfit" : 4.26
  }, {
    "date" : "2022-06-30",
    "sales" : 35.05,
    "salesGrowthYoY" : 8.55,
    "grossProfitMargin" : 84.91,
    "grossProfit" : 29.76,
    "operatingProfitMargin" : 26.68,
    "operatingProfit" : 9.35,
    "netProfitMargin" : 17.43,
    "netProfit" : 6.11
  }, {
    "date" : "2022-09-30",
    "sales" : 39.60,
    "salesGrowthYoY" : 20.66,
    "grossProfitMargin" : 85.13,
    "grossProfit" : 33.71,
    "operatingProfitMargin" : 26.64,
    "operatingProfit" : 10.55,
    "netProfitMargin" : 17.70,
    "netProfit" : 7.01
  }, {
    "date" : "2022-12-31",
    "sales" : 40.02,
    "salesGrowthYoY" : 4.33,
    "grossProfitMargin" : 85.48,
    "grossProfit" : 34.21,
    "operatingProfitMargin" : 25.34,
    "operatingProfit" : 10.14,
    "netProfitMargin" : 15.77,
    "netProfit" : 6.31
  }, {
    "date" : "2023-03-31",
    "sales" : 41.08,
    "salesGrowthYoY" : 26.01,
    "grossProfitMargin" : 85.44,
    "grossProfit" : 35.10,
    "operatingProfitMargin" : 27.43,
    "operatingProfit" : 11.27,
    "netProfitMargin" : 17.67,
    "netProfit" : 7.26
  }, {
    "date" : "2023-06-30",
    "sales" : 40.84,
    "salesGrowthYoY" : 16.52,
    "grossProfitMargin" : 85.50,
    "grossProfit" : 34.92,
    "operatingProfitMargin" : 24.68,
    "operatingProfit" : 10.08,
    "netProfitMargin" : 16.99,
    "netProfit" : 6.94
  }, {
    "date" : "2023-09-30",
    "sales" : 42.32,
    "salesGrowthYoY" : 6.87,
    "grossProfitMargin" : 85.80,
    "grossProfit" : 36.31,
    "operatingProfitMargin" : 26.25,
    "operatingProfit" : 11.11,
    "netProfitMargin" : 16.23,
    "netProfit" : 6.87
  }, {
    "date" : "2023-12-31",
    "sales" : 49.12,
    "salesGrowthYoY" : 22.74,
    "grossProfitMargin" : 87.46,
    "grossProfit" : 42.96,
    "operatingProfitMargin" : 29.32,
    "operatingProfit" : 14.40,
    "netProfitMargin" : 19.32,
    "netProfit" : 9.49
  }, {
    "date" : "2024-03-31",
    "sales" : 44.89,
    "salesGrowthYoY" : 9.27,
    "grossProfitMargin" : 85.85,
    "grossProfit" : 38.54,
    "operatingProfitMargin" : 26.26,
    "operatingProfit" : 11.79,
    "netProfitMargin" : 15.79,
    "netProfit" : 7.09
  }, {
    "date" : "2024-06-30",
    "sales" : 53.07,
    "salesGrowthYoY" : 29.95,
    "grossProfitMargin" : 86.30,
    "grossProfit" : 45.80,
    "operatingProfitMargin" : 24.38,
    "operatingProfit" : 12.94,
    "netProfitMargin" : 10.38,
    "netProfit" : 5.51
  }, {
    "date" : "2024-09-30",
    "sales" : 56.23,
    "salesGrowthYoY" : 32.87,
    "grossProfitMargin" : 85.54,
    "grossProfit" : 48.10,
    "operatingProfitMargin" : 22.27,
    "operatingProfit" : 12.52,
    "netProfitMargin" : 6.90,
    "netProfit" : 3.88
  }, {
    "date" : "2024-12-31",
    "sales" : 61.36,
    "salesGrowthYoY" : 24.92,
    "grossProfitMargin" : 85.66,
    "grossProfit" : 52.56,
    "operatingProfitMargin" : 26.11,
    "operatingProfit" : 16.02,
    "netProfitMargin" : 12.24,
    "netProfit" : 7.51
  }, {
    "date" : "2025-03-31",
    "sales" : 60.93,
    "salesGrowthYoY" : 35.73,
    "grossProfitMargin" : 84.44,
    "grossProfit" : 51.45,
    "operatingProfitMargin" : 25.29,
    "operatingProfit" : 15.41,
    "netProfitMargin" : 7.42,
    "netProfit" : 4.52
  }, {
    "date" : "2025-06-30",
    "sales" : 66.55,
    "salesGrowthYoY" : 25.40,
    "grossProfitMargin" : 84.43,
    "grossProfit" : 56.19,
    "operatingProfitMargin" : 24.72,
    "operatingProfit" : 16.45,
    "netProfitMargin" : 11.33,
    "netProfit" : 7.54
  }, {
    "date" : "2025-09-30",
    "sales" : 74.90,
    "salesGrowthYoY" : 33.20,
    "grossProfitMargin" : 85.27,
    "grossProfit" : 63.87,
    "operatingProfitMargin" : 27.84,
    "operatingProfit" : 20.85,
    "netProfitMargin" : 14.47,
    "netProfit" : 10.84
  } ],
  "latestQuarterlyResult" : {
    "date" : "2025-09-30",
    "sales" : 74.90,
    "salesGrowthYoY" : 33.20,
    "grossProfitMargin" : 85.27,
    "grossProfit" : 63.87,
    "operatingProfitMargin" : 27.84,
    "operatingProfit" : 20.85,
    "netProfitMargin" : 14.47,
    "netProfit" : 10.84
  },
  "companyScore" : {
    "priceHigherThanDma50" : 0.00,
    "priceHigherThanDma100" : 5.00,
    "priceHigherThanDma200" : 5.00,
    "dma50HigherThanDma100" : 5.00,
    "dma50HigherThanDma200" : 5.00,
    "dma100HigherThanDma200" : 0.00,
    "pricePercentageAboveDma50" : 5.01,
    "pricePercentageAboveDma100" : 4.76,
    "pricePercentageAboveDma200" : 4.84,
    "weeklyVolumeHigherThanYearlyVolume" : 0.00,
    "salesGrowthPercentile" : 13.92,
    "operatingProfitMarginPercentile" : 19.71,
    "netProfitMarginPercentile" : 8.07,
    "totalTechnicalScore" : 34.61,
    "totalFundamentalScore" : 41.70,
    "totalScore" : 76.31
  }
}