{
  "metadata" : {
    "screenerCompanyId" : "3436",
    "companyCode" : "524717",
    "companyName" : "Titan Biotech",
    "screenerCompanyLink" : "https://www.screener.in/company/524717/consolidated/",
    "screenerTechnicalHistoryLink" : "https://www.screener.in/api/company/3436/chart/?q=Price-DMA50-DMA200-Volume&days=365",
    "screenerQuarterlyResultsLink" : "https://www.screener.in/api/company/3436/chart/?q=GPM-OPM-NPM-Quarter+Sales&days=10000",
    "attributes" : {
      "companyCode" : "524717",
      "companyName" : "Titan Biotech",
      "marketCap" : 1230.00,
      "peRatio" : 45.20,
      "description" : "Incorporated in 1992, Titan Biotech Ltd manufacturer and exporter of the Biological products[1]"
    },
    "companyScore" : {
      "priceHigherThanDma50" : 5.00,
      "priceHigherThanDma100" : 5.00,
      "priceHigherThanDma200" : 5.00,
      "dma50HigherThanDma100" : 5.00,
      "dma50HigherThanDma200" : 5.00,
      "dma100HigherThanDma200" : 5.00,
      "pricePercentageAboveDma50" : 3.18,
      "pricePercentageAboveDma100" : 3.00,
      "pricePercentageAboveDma200" : 1.59,
      "weeklyVolumeHigherThanYearlyVolume" : 5.00,
      "salesGrowthPercentile" : 17.25,
      "operatingProfitMarginPercentile" : 16.67,
      "netProfitMarginPercentile" : 8.69,
      "totalTechnicalScore" : 42.77,
      "totalFundamentalScore" : 42.61,
      "totalScore" : 85.38
    }
  },
  "attributes" : {
    "companyCode" : "524717",
    "companyName" : "Titan Biotech",
    "marketCap" : 1230.00,
    "peRatio" : 45.20,
    "description" : "Incorporated in 1992, Titan Biotech Ltd manufacturer and exporter of the Biological products[1]"
  },
  "technicalHistory" : [ {
    "date" : "2025-02-21",
    "price" : 86.73,
    "dma50" : 134.91,
    "dma100" : null,
    "dma200" : 133.95,
    "volume" : 54405.00
  }, {
    "date" : "2025-02-24",
    "price" : 87.16,
    "dma50" : 133.04,
    "dma100" : null,
    "dma200" : 133.49,
    "volume" : 22065.00
  }, {
    "date" : "2025-02-25",
    "price" : 89.50,
    "dma50" : 131.33,
    "dma100" : null,
    "dma200" : 133.05,
    "volume" : 28795.00
  }, {
    "date" : "2025-02-27",
    "price" : 94.12,
    "dma50" : 129.87,
    "dma100" : null,
    "dma200" : 132.66,
    "volume" : 34970.00
  }, {
    "date" : "2025-02-28",
    "price" : 89.10,
    "dma50" : 128.27,
    "dma100" : null,
    "dma200" : 132.23,
    "volume" : 59450.00
  }, {
    "date" : "2025-03-03",
    "price" : 89.23,
    "dma50" : 126.74,
    "dma100" : null,
    "dma200" : 131.80,
    "volume" : 29320.00
  }, {
    "date" : "2025-03-04",
    "price" : 89.53,
    "dma50" : 125.28,
    "dma100" : null,
    "dma200" : 131.38,
    "volume" : 17900.00
  }, {
    "date" : "2025-03-05",
    "price" : 94.33,
    "dma50" : 124.07,
    "dma100" : null,
    "dma200" : 131.01,
    "volume" : 35890.00
  }, {
    "date" : "2025-03-06",
    "price" : 94.06,
    "dma50" : 122.89,
    "dma100" : null,
    "dma200" : 130.64,
    "volume" : 32910.00
  }, {
    "date" : "2025-03-07",
    "price" : 94.14,
    "dma50" : 121.76,
    "dma100" : null,
    "dma200" : 130.28,
    "volume" : 28775.00
  }, {
    "date" : "2025-03-10",
    "price" : 88.01,
    "dma50" : 120.44,
    "dma100" : null,
    "dma200" : 129.86,
    "volume" : 37550.00
  }, {
    "date" : "2025-03-11",
    "price" : 85.61,
    "dma50" : 119.07,
    "dma100" : null,
    "dma200" : 129.42,
    "volume" : 39395.00
  }, {
    "date" : "2025-03-12",
    "price" : 86.41,
    "dma50" : 117.79,
    "dma100" : null,
    "dma200" : 128.99,
    "volume" : 37310.00
  }, {
    "date" : "2025-03-13",
    "price" : 85.53,
    "dma50" : 116.53,
    "dma100" : null,
    "dma200" : 128.56,
    "volume" : 46335.00
  }, {
    "date" : "2025-03-17",
    "price" : 88.86,
    "dma50" : 115.44,
    "dma100" : null,
    "dma200" : 128.16,
    "volume" : 24020.00
  }, {
    "date" : "2025-03-18",
    "price" : 87.90,
    "dma50" : 114.36,
    "dma100" : null,
    "dma200" : 127.76,
    "volume" : 25660.00
  }, {
    "date" : "2025-03-19",
    "price" : 91.74,
    "dma50" : 113.48,
    "dma100" : null,
    "dma200" : 127.40,
    "volume" : 51040.00
  }, {
    "date" : "2025-03-20",
    "price" : 93.53,
    "dma50" : 112.69,
    "dma100" : null,
    "dma200" : 127.07,
    "volume" : 40885.00
  }, {
    "date" : "2025-03-21",
    "price" : 94.51,
    "dma50" : 111.98,
    "dma100" : null,
    "dma200" : 126.74,
    "volume" : 23955.00
  }, {
    "date" : "2025-03-24",
    "price" : 96.36,
    "dma50" : 111.37,
    "dma100" : null,
    "dma200" : 126.44,
    "volume" : 43575.00
  }, {
    "date" : "2025-03-25",
    "price" : 94.34,
    "dma50" : 110.70,
    "dma100" : null,
    "dma200" : 126.12,
    "volume" : 70125.00
  }, {
    "date" : "2025-03-26",
    "price" : 89.88,
    "dma50" : 109.88,
    "dma100" : null,
    "dma200" : 125.76,
    "volume" : 49970.00
  }, {
    "date" : "2025-03-27",
    "price" : 85.04,
    "dma50" : 108.91,
    "dma100" : null,
    "dma200" : 125.36,
    "volume" : 125140.00
  }, {
    "date" : "2025-03-28",
    "price" : 84.31,
    "dma50" : 107.94,
    "dma100" : null,
    "dma200" : 124.95,
    "volume" : 58760.00
  }, {
    "date" : "2025-04-01",
    "price" : 90.89,
    "dma50" : 107.28,
    "dma100" : null,
    "dma200" : 124.61,
    "volume" : 45565.00
  }, {
    "date" : "2025-04-02",
    "price" : 93.35,
    "dma50" : 106.73,
    "dma100" : null,
    "dma200" : 124.30,
    "volume" : 21115.00
  }, {
    "date" : "2025-04-03",
    "price" : 94.93,
    "dma50" : 106.27,
    "dma100" : null,
    "dma200" : 124.00,
    "volume" : 27205.00
  }, {
    "date" : "2025-04-04",
    "price" : 94.91,
    "dma50" : 105.82,
    "dma100" : null,
    "dma200" : 123.72,
    "volume" : 35485.00
  }, {
    "date" : "2025-04-07",
    "price" : 91.71,
    "dma50" : 105.27,
    "dma100" : null,
    "dma200" : 123.40,
    "volume" : 36415.00
  }, {
    "date" : "2025-04-08",
    "price" : 95.30,
    "dma50" : 104.88,
    "dma100" : null,
    "dma200" : 123.12,
    "volume" : 27895.00
  }, {
    "date" : "2025-04-09",
    "price" : 97.43,
    "dma50" : 104.59,
    "dma100" : null,
    "dma200" : 122.86,
    "volume" : 19285.00
  }, {
    "date" : "2025-04-11",
    "price" : 99.19,
    "dma50" : 104.37,
    "dma100" : null,
    "dma200" : 122.63,
    "volume" : 35380.00
  }, {
    "date" : "2025-04-15",
    "price" : 101.19,
    "dma50" : 104.25,
    "dma100" : null,
    "dma200" : 122.41,
    "volume" : 33345.00
  }, {
    "date" : "2025-04-16",
    "price" : 100.03,
    "dma50" : 104.08,
    "dma100" : null,
    "dma200" : 122.19,
    "volume" : 12580.00
  }, {
    "date" : "2025-04-17",
    "price" : 99.08,
    "dma50" : 103.89,
    "dma100" : null,
    "dma200" : 121.96,
    "volume" : 12755.00
  }, {
    "date" : "2025-04-21",
    "price" : 98.71,
    "dma50" : 103.68,
    "dma100" : null,
    "dma200" : 121.73,
    "volume" : 22725.00
  }, {
    "date" : "2025-04-22",
    "price" : 99.52,
    "dma50" : 103.52,
    "dma100" : null,
    "dma200" : 121.51,
    "volume" : 19175.00
  }, {
    "date" : "2025-04-23",
    "price" : 98.46,
    "dma50" : 103.32,
    "dma100" : null,
    "dma200" : 121.28,
    "volume" : 17790.00
  }, {
    "date" : "2025-04-24",
    "price" : 99.72,
    "dma50" : 103.18,
    "dma100" : null,
    "dma200" : 121.06,
    "volume" : 10985.00
  }, {
    "date" : "2025-04-25",
    "price" : 95.25,
    "dma50" : 102.87,
    "dma100" : null,
    "dma200" : 120.81,
    "volume" : 46340.00
  }, {
    "date" : "2025-04-28",
    "price" : 93.02,
    "dma50" : 102.48,
    "dma100" : null,
    "dma200" : 120.53,
    "volume" : 36355.00
  }, {
    "date" : "2025-04-29",
    "price" : 93.90,
    "dma50" : 102.15,
    "dma100" : null,
    "dma200" : 120.27,
    "volume" : 5950.00
  }, {
    "date" : "2025-04-30",
    "price" : 92.16,
    "dma50" : 101.76,
    "dma100" : null,
    "dma200" : 119.99,
    "volume" : 14715.00
  }, {
    "date" : "2025-05-02",
    "price" : 91.36,
    "dma50" : 101.35,
    "dma100" : null,
    "dma200" : 119.70,
    "volume" : 16205.00
  }, {
    "date" : "2025-05-05",
    "price" : 92.25,
    "dma50" : 100.99,
    "dma100" : null,
    "dma200" : 119.43,
    "volume" : 10140.00
  }, {
    "date" : "2025-05-06",
    "price" : 88.63,
    "dma50" : 100.51,
    "dma100" : null,
    "dma200" : 119.12,
    "volume" : 22735.00
  }, {
    "date" : "2025-05-07",
    "price" : 89.60,
    "dma50" : 100.08,
    "dma100" : null,
    "dma200" : 118.83,
    "volume" : 20795.00
  }, {
    "date" : "2025-05-08",
    "price" : 88.29,
    "dma50" : 99.62,
    "dma100" : null,
    "dma200" : 118.52,
    "volume" : 26245.00
  }, {
    "date" : "2025-05-09",
    "price" : 88.24,
    "dma50" : 99.17,
    "dma100" : null,
    "dma200" : 118.22,
    "volume" : 35560.00
  }, {
    "date" : "2025-05-12",
    "price" : 91.54,
    "dma50" : 98.87,
    "dma100" : null,
    "dma200" : 117.96,
    "volume" : 23310.00
  }, {
    "date" : "2025-05-13",
    "price" : 92.07,
    "dma50" : 98.60,
    "dma100" : null,
    "dma200" : 117.70,
    "volume" : 19845.00
  }, {
    "date" : "2025-05-14",
    "price" : 91.63,
    "dma50" : 98.33,
    "dma100" : null,
    "dma200" : 117.44,
    "volume" : 19770.00
  }, {
    "date" : "2025-05-15",
    "price" : 96.24,
    "dma50" : 98.25,
    "dma100" : null,
    "dma200" : 117.23,
    "volume" : 87800.00
  }, {
    "date" : "2025-05-16",
    "price" : 95.63,
    "dma50" : 98.15,
    "dma100" : null,
    "dma200" : 117.01,
    "volume" : 40400.00
  }, {
    "date" : "2025-05-19",
    "price" : 94.85,
    "dma50" : 98.02,
    "dma100" : null,
    "dma200" : 116.79,
    "volume" : 31190.00
  }, {
    "date" : "2025-05-20",
    "price" : 91.40,
    "dma50" : 97.76,
    "dma100" : null,
    "dma200" : 116.54,
    "volume" : 45175.00
  }, {
    "date" : "2025-05-21",
    "price" : 91.31,
    "dma50" : 97.50,
    "dma100" : null,
    "dma200" : 116.29,
    "volume" : 29280.00
  }, {
    "date" : "2025-05-22",
    "price" : 90.62,
    "dma50" : 97.23,
    "dma100" : null,
    "dma200" : 116.03,
    "volume" : 16600.00
  }, {
    "date" : "2025-05-23",
    "price" : 91.00,
    "dma50" : 96.99,
    "dma100" : null,
    "dma200" : 115.79,
    "volume" : 17485.00
  }, {
    "date" : "2025-05-26",
    "price" : 91.55,
    "dma50" : 96.78,
    "dma100" : null,
    "dma200" : 115.54,
    "volume" : 41445.00
  }, {
    "date" : "2025-05-27",
    "price" : 91.29,
    "dma50" : 96.56,
    "dma100" : null,
    "dma200" : 115.30,
    "volume" : 31305.00
  }, {
    "date" : "2025-05-28",
    "price" : 91.64,
    "dma50" : 96.37,
    "dma100" : null,
    "dma200" : 115.07,
    "volume" : 27040.00
  }, {
    "date" : "2025-05-29",
    "price" : 91.50,
    "dma50" : 96.18,
    "dma100" : null,
    "dma200" : 114.83,
    "volume" : 17410.00
  }, {
    "date" : "2025-05-30",
    "price" : 91.74,
    "dma50" : 96.00,
    "dma100" : null,
    "dma200" : 114.60,
    "volume" : 26920.00
  }, {
    "date" : "2025-06-02",
    "price" : 86.04,
    "dma50" : 95.61,
    "dma100" : null,
    "dma200" : 114.32,
    "volume" : 125155.00
  }, {
    "date" : "2025-06-03",
    "price" : 86.47,
    "dma50" : 95.25,
    "dma100" : null,
    "dma200" : 114.04,
    "volume" : 24635.00
  }, {
    "date" : "2025-06-04",
    "price" : 85.18,
    "dma50" : 94.86,
    "dma100" : null,
    "dma200" : 113.75,
    "volume" : 38340.00
  }, {
    "date" : "2025-06-05",
    "price" : 83.15,
    "dma50" : 94.40,
    "dma100" : null,
    "dma200" : 113.45,
    "volume" : 70090.00
  }, {
    "date" : "2025-06-06",
    "price" : 84.85,
    "dma50" : 94.03,
    "dma100" : null,
    "dma200" : 113.17,
    "volume" : 41360.00
  }, {
    "date" : "2025-06-09",
    "price" : 85.35,
    "dma50" : 93.69,
    "dma100" : null,
    "dma200" : 112.89,
    "volume" : 49145.00
  }, {
    "date" : "2025-06-10",
    "price" : 86.31,
    "dma50" : 93.40,
    "dma100" : null,
    "dma200" : 112.62,
    "volume" : 39850.00
  }, {
    "date" : "2025-06-11",
    "price" : 86.33,
    "dma50" : 93.12,
    "dma100" : null,
    "dma200" : 112.36,
    "volume" : 29485.00
  }, {
    "date" : "2025-06-12",
    "price" : 86.09,
    "dma50" : 92.84,
    "dma100" : null,
    "dma200" : 112.10,
    "volume" : 38190.00
  }, {
    "date" : "2025-06-13",
    "price" : 85.62,
    "dma50" : 92.56,
    "dma100" : null,
    "dma200" : 111.84,
    "volume" : 16060.00
  }, {
    "date" : "2025-06-16",
    "price" : 85.21,
    "dma50" : 92.27,
    "dma100" : null,
    "dma200" : 111.57,
    "volume" : 9895.00
  }, {
    "date" : "2025-06-17",
    "price" : 84.57,
    "dma50" : 91.97,
    "dma100" : null,
    "dma200" : 111.30,
    "volume" : 14210.00
  }, {
    "date" : "2025-06-18",
    "price" : 84.83,
    "dma50" : 91.69,
    "dma100" : null,
    "dma200" : 111.04,
    "volume" : 18545.00
  }, {
    "date" : "2025-06-19",
    "price" : 79.38,
    "dma50" : 91.21,
    "dma100" : null,
    "dma200" : 110.73,
    "volume" : 91645.00
  }, {
    "date" : "2025-06-20",
    "price" : 80.38,
    "dma50" : 90.78,
    "dma100" : null,
    "dma200" : 110.42,
    "volume" : 48270.00
  }, {
    "date" : "2025-06-23",
    "price" : 78.29,
    "dma50" : 90.29,
    "dma100" : null,
    "dma200" : 110.10,
    "volume" : 47800.00
  }, {
    "date" : "2025-06-24",
    "price" : 81.44,
    "dma50" : 89.95,
    "dma100" : null,
    "dma200" : 109.82,
    "volume" : 101945.00
  }, {
    "date" : "2025-06-25",
    "price" : 80.68,
    "dma50" : 89.58,
    "dma100" : null,
    "dma200" : 109.53,
    "volume" : 26720.00
  }, {
    "date" : "2025-06-26",
    "price" : 80.46,
    "dma50" : 89.22,
    "dma100" : null,
    "dma200" : 109.24,
    "volume" : 48230.00
  }, {
    "date" : "2025-06-27",
    "price" : 80.35,
    "dma50" : 88.88,
    "dma100" : null,
    "dma200" : 108.95,
    "volume" : 34535.00
  }, {
    "date" : "2025-06-30",
    "price" : 80.75,
    "dma50" : 88.56,
    "dma100" : null,
    "dma200" : 108.67,
    "volume" : 60880.00
  }, {
    "date" : "2025-07-01",
    "price" : 81.43,
    "dma50" : 88.28,
    "dma100" : null,
    "dma200" : 108.40,
    "volume" : 13865.00
  }, {
    "date" : "2025-07-02",
    "price" : 81.73,
    "dma50" : 88.02,
    "dma100" : null,
    "dma200" : 108.14,
    "volume" : 33430.00
  }, {
    "date" : "2025-07-03",
    "price" : 86.83,
    "dma50" : 87.97,
    "dma100" : null,
    "dma200" : 107.92,
    "volume" : 112205.00
  }, {
    "date" : "2025-07-04",
    "price" : 91.55,
    "dma50" : 88.11,
    "dma100" : null,
    "dma200" : 107.76,
    "volume" : 135490.00
  }, {
    "date" : "2025-07-07",
    "price" : 90.71,
    "dma50" : 88.22,
    "dma100" : null,
    "dma200" : 107.59,
    "volume" : 76595.00
  }, {
    "date" : "2025-07-08",
    "price" : 91.53,
    "dma50" : 88.35,
    "dma100" : null,
    "dma200" : 107.43,
    "volume" : 23520.00
  }, {
    "date" : "2025-07-09",
    "price" : 91.13,
    "dma50" : 88.46,
    "dma100" : null,
    "dma200" : 107.27,
    "volume" : 43170.00
  }, {
    "date" : "2025-07-10",
    "price" : 91.48,
    "dma50" : 88.57,
    "dma100" : null,
    "dma200" : 107.11,
    "volume" : 30740.00
  }, {
    "date" : "2025-07-11",
    "price" : 92.74,
    "dma50" : 88.74,
    "dma100" : null,
    "dma200" : 106.97,
    "volume" : 41315.00
  }, {
    "date" : "2025-07-14",
    "price" : 92.75,
    "dma50" : 88.90,
    "dma100" : null,
    "dma200" : 106.83,
    "volume" : 22330.00
  }, {
    "date" : "2025-07-15",
    "price" : 90.92,
    "dma50" : 88.97,
    "dma100" : null,
    "dma200" : 106.67,
    "volume" : 36840.00
  }, {
    "date" : "2025-07-16",
    "price" : 91.06,
    "dma50" : 89.06,
    "dma100" : null,
    "dma200" : 106.51,
    "volume" : 19100.00
  }, {
    "date" : "2025-07-17",
    "price" : 90.59,
    "dma50" : 89.12,
    "dma100" : null,
    "dma200" : 106.36,
    "volume" : 16265.00
  }, {
    "date" : "2025-07-18",
    "price" : 91.20,
    "dma50" : 89.20,
    "dma100" : null,
    "dma200" : 106.20,
    "volume" : 11815.00
  }, {
    "date" : "2025-07-21",
    "price" : 91.17,
    "dma50" : 89.28,
    "dma100" : null,
    "dma200" : 106.05,
    "volume" : 16405.00
  }, {
    "date" : "2025-07-22",
    "price" : 89.34,
    "dma50" : 89.28,
    "dma100" : 90.12,
    "dma200" : 105.89,
    "volume" : 18580.00
  }, {
    "date" : "2025-07-23",
    "price" : 89.70,
    "dma50" : 89.29,
    "dma100" : 90.15,
    "dma200" : 105.73,
    "volume" : 16930.00
  }, {
    "date" : "2025-07-24",
    "price" : 89.72,
    "dma50" : 89.31,
    "dma100" : 90.15,
    "dma200" : 105.57,
    "volume" : 21215.00
  }, {
    "date" : "2025-07-25",
    "price" : 88.77,
    "dma50" : 89.29,
    "dma100" : 90.10,
    "dma200" : 105.40,
    "volume" : 18115.00
  }, {
    "date" : "2025-07-28",
    "price" : 88.07,
    "dma50" : 89.24,
    "dma100" : 90.09,
    "dma200" : 105.23,
    "volume" : 22305.00
  }, {
    "date" : "2025-07-29",
    "price" : 87.43,
    "dma50" : 89.17,
    "dma100" : 90.07,
    "dma200" : 105.05,
    "volume" : 18505.00
  }, {
    "date" : "2025-07-30",
    "price" : 86.79,
    "dma50" : 89.08,
    "dma100" : 90.04,
    "dma200" : 104.87,
    "volume" : 10425.00
  }, {
    "date" : "2025-07-31",
    "price" : 85.41,
    "dma50" : 88.93,
    "dma100" : 89.95,
    "dma200" : 104.68,
    "volume" : 23745.00
  }, {
    "date" : "2025-08-01",
    "price" : 84.67,
    "dma50" : 88.77,
    "dma100" : 89.86,
    "dma200" : 104.48,
    "volume" : 27540.00
  }, {
    "date" : "2025-08-04",
    "price" : 91.04,
    "dma50" : 88.86,
    "dma100" : 89.83,
    "dma200" : 104.34,
    "volume" : 61805.00
  }, {
    "date" : "2025-08-05",
    "price" : 98.17,
    "dma50" : 89.22,
    "dma100" : 89.93,
    "dma200" : 104.28,
    "volume" : 186640.00
  }, {
    "date" : "2025-08-06",
    "price" : 94.46,
    "dma50" : 89.43,
    "dma100" : 90.02,
    "dma200" : 104.18,
    "volume" : 19790.00
  }, {
    "date" : "2025-08-07",
    "price" : 92.80,
    "dma50" : 89.56,
    "dma100" : 90.08,
    "dma200" : 104.07,
    "volume" : 14625.00
  }, {
    "date" : "2025-08-08",
    "price" : 88.47,
    "dma50" : 89.52,
    "dma100" : 90.11,
    "dma200" : 103.92,
    "volume" : 99810.00
  }, {
    "date" : "2025-08-11",
    "price" : 88.33,
    "dma50" : 89.47,
    "dma100" : 90.10,
    "dma200" : 103.76,
    "volume" : 8620.00
  }, {
    "date" : "2025-08-12",
    "price" : 87.37,
    "dma50" : 89.39,
    "dma100" : 90.10,
    "dma200" : 103.60,
    "volume" : 8000.00
  }, {
    "date" : "2025-08-13",
    "price" : 88.16,
    "dma50" : 89.34,
    "dma100" : 90.06,
    "dma200" : 103.44,
    "volume" : 20525.00
  }, {
    "date" : "2025-08-14",
    "price" : 94.22,
    "dma50" : 89.53,
    "dma100" : 90.07,
    "dma200" : 103.35,
    "volume" : 116780.00
  }, {
    "date" : "2025-08-18",
    "price" : 92.52,
    "dma50" : 89.65,
    "dma100" : 90.05,
    "dma200" : 103.24,
    "volume" : 37045.00
  }, {
    "date" : "2025-08-19",
    "price" : 91.37,
    "dma50" : 89.72,
    "dma100" : 90.00,
    "dma200" : 103.13,
    "volume" : 13840.00
  }, {
    "date" : "2025-08-20",
    "price" : 91.79,
    "dma50" : 89.80,
    "dma100" : 89.98,
    "dma200" : 103.01,
    "volume" : 23830.00
  }, {
    "date" : "2025-08-21",
    "price" : 90.82,
    "dma50" : 89.84,
    "dma100" : 89.98,
    "dma200" : 102.89,
    "volume" : 22170.00
  }, {
    "date" : "2025-08-22",
    "price" : 89.19,
    "dma50" : 89.81,
    "dma100" : 90.03,
    "dma200" : 102.76,
    "volume" : 24430.00
  }, {
    "date" : "2025-08-25",
    "price" : 93.37,
    "dma50" : 89.95,
    "dma100" : 90.12,
    "dma200" : 102.66,
    "volume" : 51990.00
  }, {
    "date" : "2025-08-26",
    "price" : 109.37,
    "dma50" : 90.71,
    "dma100" : 90.30,
    "dma200" : 102.73,
    "volume" : 416270.00
  }, {
    "date" : "2025-08-28",
    "price" : 127.65,
    "dma50" : 92.16,
    "dma100" : 90.64,
    "dma200" : 102.98,
    "volume" : 531865.00
  }, {
    "date" : "2025-08-29",
    "price" : 144.70,
    "dma50" : 94.22,
    "dma100" : 91.14,
    "dma200" : 103.39,
    "volume" : 629115.00
  }, {
    "date" : "2025-09-01",
    "price" : 149.79,
    "dma50" : 96.40,
    "dma100" : 91.69,
    "dma200" : 103.85,
    "volume" : 477845.00
  }, {
    "date" : "2025-09-02",
    "price" : 136.03,
    "dma50" : 97.95,
    "dma100" : 92.13,
    "dma200" : 104.17,
    "volume" : 354300.00
  }, {
    "date" : "2025-09-03",
    "price" : 140.81,
    "dma50" : 99.64,
    "dma100" : 92.59,
    "dma200" : 104.54,
    "volume" : 69755.00
  }, {
    "date" : "2025-09-04",
    "price" : 136.89,
    "dma50" : 101.10,
    "dma100" : 92.98,
    "dma200" : 104.86,
    "volume" : 43380.00
  }, {
    "date" : "2025-09-05",
    "price" : 139.42,
    "dma50" : 102.60,
    "dma100" : 93.39,
    "dma200" : 105.20,
    "volume" : 28705.00
  }, {
    "date" : "2025-09-08",
    "price" : 133.27,
    "dma50" : 103.80,
    "dma100" : 93.71,
    "dma200" : 105.48,
    "volume" : 62020.00
  }, {
    "date" : "2025-09-09",
    "price" : 134.89,
    "dma50" : 105.02,
    "dma100" : 94.06,
    "dma200" : 105.78,
    "volume" : 40645.00
  }, {
    "date" : "2025-09-10",
    "price" : 141.63,
    "dma50" : 106.46,
    "dma100" : 94.48,
    "dma200" : 106.13,
    "volume" : 61705.00
  }, {
    "date" : "2025-09-11",
    "price" : 148.71,
    "dma50" : 108.11,
    "dma100" : 94.98,
    "dma200" : 106.56,
    "volume" : 83395.00
  }, {
    "date" : "2025-09-12",
    "price" : 156.14,
    "dma50" : 110.00,
    "dma100" : 95.55,
    "dma200" : 107.05,
    "volume" : 125270.00
  }, {
    "date" : "2025-09-15",
    "price" : 162.35,
    "dma50" : 112.05,
    "dma100" : 96.19,
    "dma200" : 107.60,
    "volume" : 112185.00
  }, {
    "date" : "2025-09-16",
    "price" : 170.46,
    "dma50" : 114.34,
    "dma100" : 96.89,
    "dma200" : 108.23,
    "volume" : 85775.00
  }, {
    "date" : "2025-09-17",
    "price" : 178.98,
    "dma50" : 116.88,
    "dma100" : 97.73,
    "dma200" : 108.93,
    "volume" : 62490.00
  }, {
    "date" : "2025-09-18",
    "price" : 185.50,
    "dma50" : 119.57,
    "dma100" : 98.66,
    "dma200" : 109.69,
    "volume" : 258770.00
  }, {
    "date" : "2025-09-19",
    "price" : 192.42,
    "dma50" : 122.42,
    "dma100" : 99.64,
    "dma200" : 110.51,
    "volume" : 205935.00
  }, {
    "date" : "2025-09-22",
    "price" : 196.07,
    "dma50" : 125.31,
    "dma100" : 100.68,
    "dma200" : 111.37,
    "volume" : 166635.00
  }, {
    "date" : "2025-09-23",
    "price" : 199.26,
    "dma50" : 128.21,
    "dma100" : 101.76,
    "dma200" : 112.24,
    "volume" : 129060.00
  }, {
    "date" : "2025-09-24",
    "price" : 194.71,
    "dma50" : 130.82,
    "dma100" : 102.78,
    "dma200" : 113.06,
    "volume" : 172480.00
  }, {
    "date" : "2025-09-25",
    "price" : 185.64,
    "dma50" : 132.97,
    "dma100" : 103.75,
    "dma200" : 113.78,
    "volume" : 153020.00
  }, {
    "date" : "2025-09-26",
    "price" : 180.47,
    "dma50" : 134.83,
    "dma100" : 104.66,
    "dma200" : 114.45,
    "volume" : 152015.00
  }, {
    "date" : "2025-09-29",
    "price" : 187.77,
    "dma50" : 136.91,
    "dma100" : 105.66,
    "dma200" : 115.18,
    "volume" : 152430.00
  }, {
    "date" : "2025-09-30",
    "price" : 189.66,
    "dma50" : 138.98,
    "dma100" : 106.67,
    "dma200" : 115.92,
    "volume" : 84015.00
  }, {
    "date" : "2025-10-01",
    "price" : 190.54,
    "dma50" : 141.00,
    "dma100" : 107.66,
    "dma200" : 116.66,
    "volume" : 89750.00
  }, {
    "date" : "2025-10-03",
    "price" : 193.76,
    "dma50" : 143.07,
    "dma100" : 108.68,
    "dma200" : 117.43,
    "volume" : 102055.00
  }, {
    "date" : "2025-10-06",
    "price" : 195.40,
    "dma50" : 145.12,
    "dma100" : 109.72,
    "dma200" : 118.20,
    "volume" : 86475.00
  }, {
    "date" : "2025-10-07",
    "price" : 205.17,
    "dma50" : 147.48,
    "dma100" : 110.81,
    "dma200" : 119.07,
    "volume" : 131280.00
  }, {
    "date" : "2025-10-08",
    "price" : 215.42,
    "dma50" : 150.14,
    "dma100" : 112.00,
    "dma200" : 120.03,
    "volume" : 85545.00
  }, {
    "date" : "2025-10-09",
    "price" : 226.19,
    "dma50" : 153.12,
    "dma100" : 113.32,
    "dma200" : 121.08,
    "volume" : 259860.00
  }, {
    "date" : "2025-10-10",
    "price" : 237.12,
    "dma50" : 156.42,
    "dma100" : 114.77,
    "dma200" : 122.24,
    "volume" : 243640.00
  }, {
    "date" : "2025-10-13",
    "price" : 248.97,
    "dma50" : 160.05,
    "dma100" : 116.35,
    "dma200" : 123.50,
    "volume" : 211850.00
  }, {
    "date" : "2025-10-14",
    "price" : 261.31,
    "dma50" : 164.02,
    "dma100" : 118.06,
    "dma200" : 124.87,
    "volume" : 330420.00
  }, {
    "date" : "2025-10-15",
    "price" : 271.56,
    "dma50" : 168.23,
    "dma100" : 119.86,
    "dma200" : 126.33,
    "volume" : 375455.00
  }, {
    "date" : "2025-10-16",
    "price" : 257.99,
    "dma50" : 171.75,
    "dma100" : 121.53,
    "dma200" : 127.64,
    "volume" : 248035.00
  }, {
    "date" : "2025-10-17",
    "price" : 252.84,
    "dma50" : 174.93,
    "dma100" : 123.14,
    "dma200" : 128.89,
    "volume" : 41660.00
  }, {
    "date" : "2025-10-20",
    "price" : 247.79,
    "dma50" : 177.79,
    "dma100" : 124.70,
    "dma200" : 130.07,
    "volume" : 20110.00
  }, {
    "date" : "2025-10-21",
    "price" : 242.84,
    "dma50" : 180.34,
    "dma100" : 126.22,
    "dma200" : 131.19,
    "volume" : 16500.00
  }, {
    "date" : "2025-10-23",
    "price" : 237.99,
    "dma50" : 182.60,
    "dma100" : 127.68,
    "dma200" : 132.25,
    "volume" : 25240.00
  }, {
    "date" : "2025-10-24",
    "price" : 233.24,
    "dma50" : 184.59,
    "dma100" : 129.15,
    "dma200" : 133.26,
    "volume" : 13450.00
  }, {
    "date" : "2025-10-27",
    "price" : 228.58,
    "dma50" : 186.31,
    "dma100" : 130.57,
    "dma200" : 134.21,
    "volume" : 13295.00
  }, {
    "date" : "2025-10-28",
    "price" : 224.01,
    "dma50" : 187.79,
    "dma100" : 131.96,
    "dma200" : 135.10,
    "volume" : 12845.00
  }, {
    "date" : "2025-10-29",
    "price" : 219.53,
    "dma50" : 189.04,
    "dma100" : 133.33,
    "dma200" : 135.94,
    "volume" : 2350.00
  }, {
    "date" : "2025-10-30",
    "price" : 215.14,
    "dma50" : 190.06,
    "dma100" : 134.63,
    "dma200" : 136.73,
    "volume" : 1040.00
  }, {
    "date" : "2025-10-31",
    "price" : 210.84,
    "dma50" : 190.87,
    "dma100" : 135.88,
    "dma200" : 137.47,
    "volume" : 13855.00
  }, {
    "date" : "2025-11-03",
    "price" : 206.63,
    "dma50" : 191.49,
    "dma100" : 137.09,
    "dma200" : 138.15,
    "volume" : 42805.00
  }, {
    "date" : "2025-11-04",
    "price" : 202.50,
    "dma50" : 191.92,
    "dma100" : 138.25,
    "dma200" : 138.79,
    "volume" : 31070.00
  }, {
    "date" : "2025-11-06",
    "price" : 198.45,
    "dma50" : 192.18,
    "dma100" : 139.37,
    "dma200" : 139.39,
    "volume" : 24100.00
  }, {
    "date" : "2025-11-07",
    "price" : 194.49,
    "dma50" : 192.27,
    "dma100" : 140.46,
    "dma200" : 139.94,
    "volume" : 31255.00
  }, {
    "date" : "2025-11-10",
    "price" : 190.61,
    "dma50" : 192.21,
    "dma100" : 141.51,
    "dma200" : 140.44,
    "volume" : 45270.00
  }, {
    "date" : "2025-11-11",
    "price" : 186.80,
    "dma50" : 191.99,
    "dma100" : 142.54,
    "dma200" : 140.90,
    "volume" : 38245.00
  }, {
    "date" : "2025-11-12",
    "price" : 190.53,
    "dma50" : 191.94,
    "dma100" : 143.59,
    "dma200" : 141.40,
    "volume" : 118760.00
  }, {
    "date" : "2025-11-13",
    "price" : 194.34,
    "dma50" : 192.03,
    "dma100" : 144.74,
    "dma200" : 141.92,
    "volume" : 68095.00
  }, {
    "date" : "2025-11-14",
    "price" : 198.22,
    "dma50" : 192.27,
    "dma100" : 145.92,
    "dma200" : 142.48,
    "volume" : 15820.00
  }, {
    "date" : "2025-11-17",
    "price" : 202.18,
    "dma50" : 192.66,
    "dma100" : 147.16,
    "dma200" : 143.08,
    "volume" : 61740.00
  }, {
    "date" : "2025-11-18",
    "price" : 198.14,
    "dma50" : 192.88,
    "dma100" : 148.33,
    "dma200" : 143.62,
    "volume" : 62170.00
  }, {
    "date" : "2025-11-19",
    "price" : 194.18,
    "dma50" : 192.93,
    "dma100" : 149.46,
    "dma200" : 144.13,
    "volume" : 14160.00
  }, {
    "date" : "2025-11-20",
    "price" : 190.30,
    "dma50" : 192.82,
    "dma100" : 150.56,
    "dma200" : 144.59,
    "volume" : 18110.00
  }, {
    "date" : "2025-11-21",
    "price" : 186.50,
    "dma50" : 192.58,
    "dma100" : 151.62,
    "dma200" : 145.00,
    "volume" : 26410.00
  }, {
    "date" : "2025-11-24",
    "price" : 195.82,
    "dma50" : 192.70,
    "dma100" : 152.77,
    "dma200" : 145.51,
    "volume" : 138250.00
  }, {
    "date" : "2025-11-25",
    "price" : 205.47,
    "dma50" : 193.20,
    "dma100" : 154.01,
    "dma200" : 146.11,
    "volume" : 219940.00
  }, {
    "date" : "2025-11-26",
    "price" : 204.17,
    "dma50" : 193.63,
    "dma100" : 155.24,
    "dma200" : 146.68,
    "volume" : 91115.00
  }, {
    "date" : "2025-11-27",
    "price" : 201.77,
    "dma50" : 193.95,
    "dma100" : 156.39,
    "dma200" : 147.23,
    "volume" : 47695.00
  }, {
    "date" : "2025-11-28",
    "price" : 195.90,
    "dma50" : 194.03,
    "dma100" : 157.43,
    "dma200" : 147.72,
    "volume" : 54015.00
  }, {
    "date" : "2025-12-01",
    "price" : 198.55,
    "dma50" : 194.21,
    "dma100" : 158.51,
    "dma200" : 148.22,
    "volume" : 53955.00
  }, {
    "date" : "2025-12-02",
    "price" : 196.39,
    "dma50" : 194.29,
    "dma100" : 159.56,
    "dma200" : 148.70,
    "volume" : 32645.00
  }, {
    "date" : "2025-12-03",
    "price" : 196.74,
    "dma50" : 194.39,
    "dma100" : 160.61,
    "dma200" : 149.18,
    "volume" : 38025.00
  }, {
    "date" : "2025-12-04",
    "price" : 194.32,
    "dma50" : 194.39,
    "dma100" : 161.64,
    "dma200" : 149.63,
    "volume" : 21185.00
  }, {
    "date" : "2025-12-05",
    "price" : 188.27,
    "dma50" : 194.15,
    "dma100" : 162.60,
    "dma200" : 150.01,
    "volume" : 37925.00
  }, {
    "date" : "2025-12-08",
    "price" : 180.32,
    "dma50" : 193.60,
    "dma100" : 163.47,
    "dma200" : 150.31,
    "volume" : 72420.00
  }, {
    "date" : "2025-12-09",
    "price" : 189.25,
    "dma50" : 193.43,
    "dma100" : 164.46,
    "dma200" : 150.70,
    "volume" : 91980.00
  }, {
    "date" : "2025-12-10",
    "price" : 198.71,
    "dma50" : 193.64,
    "dma100" : 165.53,
    "dma200" : 151.18,
    "volume" : 46305.00
  }, {
    "date" : "2025-12-11",
    "price" : 207.22,
    "dma50" : 194.17,
    "dma100" : 166.70,
    "dma200" : 151.74,
    "volume" : 66025.00
  }, {
    "date" : "2025-12-12",
    "price" : 217.58,
    "dma50" : 195.09,
    "dma100" : 167.96,
    "dma200" : 152.39,
    "volume" : 43530.00
  }, {
    "date" : "2025-12-15",
    "price" : 228.45,
    "dma50" : 196.40,
    "dma100" : 169.34,
    "dma200" : 153.15,
    "volume" : 37920.00
  }, {
    "date" : "2025-12-16",
    "price" : 239.87,
    "dma50" : 198.10,
    "dma100" : 170.84,
    "dma200" : 154.01,
    "volume" : 33530.00
  }, {
    "date" : "2025-12-17",
    "price" : 227.88,
    "dma50" : 199.27,
    "dma100" : 172.22,
    "dma200" : 154.75,
    "volume" : 119180.00
  }, {
    "date" : "2025-12-18",
    "price" : 216.49,
    "dma50" : 199.95,
    "dma100" : 173.49,
    "dma200" : 155.36,
    "volume" : 32965.00
  }, {
    "date" : "2025-12-19",
    "price" : 218.80,
    "dma50" : 200.69,
    "dma100" : 174.79,
    "dma200" : 155.99,
    "volume" : 60965.00
  }, {
    "date" : "2025-12-22",
    "price" : 211.33,
    "dma50" : 201.10,
    "dma100" : 176.02,
    "dma200" : 156.54,
    "volume" : 53220.00
  }, {
    "date" : "2025-12-23",
    "price" : 209.82,
    "dma50" : 201.45,
    "dma100" : 177.25,
    "dma200" : 157.07,
    "volume" : 53670.00
  }, {
    "date" : "2025-12-24",
    "price" : 220.31,
    "dma50" : 202.18,
    "dma100" : 178.58,
    "dma200" : 157.70,
    "volume" : 44515.00
  }, {
    "date" : "2025-12-26",
    "price" : 215.51,
    "dma50" : 202.71,
    "dma100" : 179.88,
    "dma200" : 158.28,
    "volume" : 47870.00
  }, {
    "date" : "2025-12-29",
    "price" : 210.48,
    "dma50" : 203.01,
    "dma100" : 181.14,
    "dma200" : 158.80,
    "volume" : 40390.00
  }, {
    "date" : "2025-12-30",
    "price" : 213.60,
    "dma50" : 203.43,
    "dma100" : 182.37,
    "dma200" : 159.34,
    "volume" : 31330.00
  }, {
    "date" : "2025-12-31",
    "price" : 210.76,
    "dma50" : 203.72,
    "dma100" : 183.49,
    "dma200" : 159.85,
    "volume" : 19235.00
  }, {
    "date" : "2026-01-01",
    "price" : 212.55,
    "dma50" : 204.06,
    "dma100" : 184.67,
    "dma200" : 160.38,
    "volume" : 20005.00
  }, {
    "date" : "2026-01-02",
    "price" : 216.29,
    "dma50" : 204.54,
    "dma100" : 185.91,
    "dma200" : 160.94,
    "volume" : 27855.00
  }, {
    "date" : "2026-01-05",
    "price" : 218.58,
    "dma50" : 205.09,
    "dma100" : 187.21,
    "dma200" : 161.51,
    "volume" : 29325.00
  }, {
    "date" : "2026-01-06",
    "price" : 214.65,
    "dma50" : 205.47,
    "dma100" : 188.47,
    "dma200" : 162.04,
    "volume" : 22935.00
  }, {
    "date" : "2026-01-07",
    "price" : 212.25,
    "dma50" : 205.73,
    "dma100" : 189.72,
    "dma200" : 162.54,
    "volume" : 26100.00
  }, {
    "date" : "2026-01-08",
    "price" : 207.68,
    "dma50" : 205.81,
    "dma100" : 190.92,
    "dma200" : 162.99,
    "volume" : 22015.00
  }, {
    "date" : "2026-01-09",
    "price" : 202.15,
    "dma50" : 205.67,
    "dma100" : 192.00,
    "dma200" : 163.38,
    "volume" : 44685.00
  }, {
    "date" : "2026-01-12",
    "price" : 206.72,
    "dma50" : 205.71,
    "dma100" : 193.14,
    "dma200" : 163.81,
    "volume" : 30560.00
  }, {
    "date" : "2026-01-13",
    "price" : 211.63,
    "dma50" : 205.94,
    "dma100" : 194.34,
    "dma200" : 164.28,
    "volume" : 27755.00
  }, {
    "date" : "2026-01-14",
    "price" : 211.54,
    "dma50" : 206.16,
    "dma100" : 195.54,
    "dma200" : 164.75,
    "volume" : 17315.00
  }, {
    "date" : "2026-01-16",
    "price" : 204.05,
    "dma50" : 206.08,
    "dma100" : 196.67,
    "dma200" : 165.14,
    "volume" : 44785.00
  }, {
    "date" : "2026-01-19",
    "price" : 201.76,
    "dma50" : 205.91,
    "dma100" : 197.80,
    "dma200" : 165.51,
    "volume" : 25145.00
  }, {
    "date" : "2026-01-20",
    "price" : 198.45,
    "dma50" : 205.61,
    "dma100" : 198.85,
    "dma200" : 165.84,
    "volume" : 63355.00
  }, {
    "date" : "2026-01-21",
    "price" : 193.20,
    "dma50" : 205.13,
    "dma100" : 199.69,
    "dma200" : 166.11,
    "volume" : 62300.00
  }, {
    "date" : "2026-01-22",
    "price" : 195.93,
    "dma50" : 204.77,
    "dma100" : 200.37,
    "dma200" : 166.41,
    "volume" : 29495.00
  }, {
    "date" : "2026-01-23",
    "price" : 197.63,
    "dma50" : 204.49,
    "dma100" : 200.90,
    "dma200" : 166.72,
    "volume" : 23310.00
  }, {
    "date" : "2026-01-27",
    "price" : 195.37,
    "dma50" : 204.13,
    "dma100" : 201.35,
    "dma200" : 167.00,
    "volume" : 31390.00
  }, {
    "date" : "2026-01-28",
    "price" : 197.91,
    "dma50" : 203.89,
    "dma100" : 201.97,
    "dma200" : 167.31,
    "volume" : 17370.00
  }, {
    "date" : "2026-01-29",
    "price" : 190.07,
    "dma50" : 203.34,
    "dma100" : 202.47,
    "dma200" : 167.54,
    "volume" : 41085.00
  }, {
    "date" : "2026-01-30",
    "price" : 186.25,
    "dma50" : 202.67,
    "dma100" : 202.96,
    "dma200" : 167.72,
    "volume" : 42810.00
  }, {
    "date" : "2026-02-01",
    "price" : 195.87,
    "dma50" : 202.41,
    "dma100" : 203.52,
    "dma200" : 168.00,
    "volume" : 64785.00
  }, {
    "date" : "2026-02-02",
    "price" : 200.02,
    "dma50" : 202.31,
    "dma100" : 204.19,
    "dma200" : 168.32,
    "volume" : 52090.00
  }, {
    "date" : "2026-02-03",
    "price" : 206.84,
    "dma50" : 202.49,
    "dma100" : 204.91,
    "dma200" : 168.70,
    "volume" : 36200.00
  }, {
    "date" : "2026-02-04",
    "price" : 201.76,
    "dma50" : 202.46,
    "dma100" : 205.51,
    "dma200" : 169.03,
    "volume" : 30425.00
  }, {
    "date" : "2026-02-05",
    "price" : 206.93,
    "dma50" : 202.64,
    "dma100" : 206.09,
    "dma200" : 169.41,
    "volume" : 36535.00
  }, {
    "date" : "2026-02-06",
    "price" : 202.84,
    "dma50" : 202.65,
    "dma100" : 206.56,
    "dma200" : 169.74,
    "volume" : 36555.00
  }, {
    "date" : "2026-02-09",
    "price" : 204.16,
    "dma50" : 202.70,
    "dma100" : 206.98,
    "dma200" : 170.08,
    "volume" : 19245.00
  }, {
    "date" : "2026-02-10",
    "price" : 206.45,
    "dma50" : 202.85,
    "dma100" : 207.34,
    "dma200" : 170.45,
    "volume" : 37900.00
  }, {
    "date" : "2026-02-11",
    "price" : 221.64,
    "dma50" : 203.59,
    "dma100" : 207.77,
    "dma200" : 170.96,
    "volume" : 112350.00
  }, {
    "date" : "2026-02-12",
    "price" : 227.58,
    "dma50" : 204.53,
    "dma100" : 208.19,
    "dma200" : 171.52,
    "volume" : 48685.00
  }, {
    "date" : "2026-02-13",
    "price" : 242.43,
    "dma50" : 206.02,
    "dma100" : 208.69,
    "dma200" : 172.22,
    "volume" : 198040.00
  }, {
    "date" : "2026-02-16",
    "price" : 260.47,
    "dma50" : 208.15,
    "dma100" : 209.33,
    "dma200" : 173.10,
    "volume" : 169590.00
  }, {
    "date" : "2026-02-17",
    "price" : 284.90,
    "dma50" : 211.16,
    "dma100" : 210.19,
    "dma200" : 174.22,
    "volume" : 253750.00
  }, {
    "date" : "2026-02-18",
    "price" : 258.94,
    "dma50" : 213.03,
    "dma100" : 210.83,
    "dma200" : 175.06,
    "volume" : 311165.00
  }, {
    "date" : "2026-02-19",
    "price" : 260.34,
    "dma50" : 214.89,
    "dma100" : 211.58,
    "dma200" : 175.91,
    "volume" : 137805.00
  }, {
    "date" : "2026-02-20",
    "price" : 297.75,
    "dma50" : 218.14,
    "dma100" : 212.75,
    "dma200" : 177.12,
    "volume" : 158289.00
  } ],
  "latestTechnicalAttributes" : {
    "date" : "2026-02-20",
    "price" : 297.75,
    "dma50" : 218.14,
    "dma100" : 212.75,
    "dma200" : 177.12,
    "volume" : 158289.00
  },
  "quarterlyResults" : [ {
    "date" : "2005-03-31",
    "sales" : 1.27,
    "salesGrowthYoY" : null,
    "grossProfitMargin" : 43.31,
    "grossProfit" : 0.55,
    "operatingProfitMargin" : 10.24,
    "operatingProfit" : 0.13,
    "netProfitMargin" : 2.36,
    "netProfit" : 0.03
  }, {
    "date" : "2005-06-30",
    "sales" : 2.04,
    "salesGrowthYoY" : null,
    "grossProfitMargin" : 30.88,
    "grossProfit" : 0.63,
    "operatingProfitMargin" : 9.31,
    "operatingProfit" : 0.19,
    "netProfitMargin" : 5.39,
    "netProfit" : 0.11
  }, {
    "date" : "2005-09-30",
    "sales" : 1.78,
    "salesGrowthYoY" : null,
    "grossProfitMargin" : 35.39,
    "grossProfit" : 0.63,
    "operatingProfitMargin" : 10.67,
    "operatingProfit" : 0.19,
    "netProfitMargin" : 6.18,
    "netProfit" : 0.11
  }, {
    "date" : "2005-12-31",
    "sales" : 2.30,
    "salesGrowthYoY" : null,
    "grossProfitMargin" : 31.74,
    "grossProfit" : 0.73,
    "operatingProfitMargin" : 8.26,
    "operatingProfit" : 0.19,
    "netProfitMargin" : 4.78,
    "netProfit" : 0.11
  }, {
    "date" : "2006-03-31",
    "sales" : 1.52,
    "salesGrowthYoY" : 19.69,
    "grossProfitMargin" : 45.39,
    "grossProfit" : 0.69,
    "operatingProfitMargin" : 12.50,
    "operatingProfit" : 0.19,
    "netProfitMargin" : 5.26,
    "netProfit" : 0.08
  }, {
    "date" : "2006-06-30",
    "sales" : 2.93,
    "salesGrowthYoY" : 43.63,
    "grossProfitMargin" : 30.72,
    "grossProfit" : 0.90,
    "operatingProfitMargin" : 9.90,
    "operatingProfit" : 0.29,
    "netProfitMargin" : 6.14,
    "netProfit" : 0.18
  }, {
    "date" : "2006-09-30",
    "sales" : 2.82,
    "salesGrowthYoY" : 58.43,
    "grossProfitMargin" : 29.79,
    "grossProfit" : 0.84,
    "operatingProfitMargin" : 10.64,
    "operatingProfit" : 0.30,
    "netProfitMargin" : 7.09,
    "netProfit" : 0.20
  }, {
    "date" : "2006-12-31",
    "sales" : 2.33,
    "salesGrowthYoY" : 1.30,
    "grossProfitMargin" : 47.21,
    "grossProfit" : 1.10,
    "operatingProfitMargin" : 12.45,
    "operatingProfit" : 0.29,
    "netProfitMargin" : 7.73,
    "netProfit" : 0.18
  }, {
    "date" : "2007-03-31",
    "sales" : 2.45,
    "salesGrowthYoY" : 61.18,
    "grossProfitMargin" : 42.04,
    "grossProfit" : 1.03,
    "operatingProfitMargin" : 9.80,
    "operatingProfit" : 0.24,
    "netProfitMargin" : 5.31,
    "netProfit" : 0.13
  }, {
    "date" : "2007-06-30",
    "sales" : 3.06,
    "salesGrowthYoY" : 4.44,
    "grossProfitMargin" : 29.74,
    "grossProfit" : 0.91,
    "operatingProfitMargin" : 11.11,
    "operatingProfit" : 0.34,
    "netProfitMargin" : 6.54,
    "netProfit" : 0.20
  }, {
    "date" : "2007-09-30",
    "sales" : 3.08,
    "salesGrowthYoY" : 9.22,
    "grossProfitMargin" : 29.22,
    "grossProfit" : 0.90,
    "operatingProfitMargin" : 10.71,
    "operatingProfit" : 0.33,
    "netProfitMargin" : 6.17,
    "netProfit" : 0.19
  }, {
    "date" : "2007-12-31",
    "sales" : 2.89,
    "salesGrowthYoY" : 24.03,
    "grossProfitMargin" : 33.56,
    "grossProfit" : 0.97,
    "operatingProfitMargin" : 12.46,
    "operatingProfit" : 0.36,
    "netProfitMargin" : 7.61,
    "netProfit" : 0.22
  }, {
    "date" : "2008-03-31",
    "sales" : 3.36,
    "salesGrowthYoY" : 37.14,
    "grossProfitMargin" : 30.95,
    "grossProfit" : 1.04,
    "operatingProfitMargin" : 9.23,
    "operatingProfit" : 0.31,
    "netProfitMargin" : 4.76,
    "netProfit" : 0.16
  }, {
    "date" : "2008-06-30",
    "sales" : 3.34,
    "salesGrowthYoY" : 9.15,
    "grossProfitMargin" : 36.23,
    "grossProfit" : 1.21,
    "operatingProfitMargin" : 11.68,
    "operatingProfit" : 0.39,
    "netProfitMargin" : 6.29,
    "netProfit" : 0.21
  }, {
    "date" : "2008-09-30",
    "sales" : 3.46,
    "salesGrowthYoY" : 12.34,
    "grossProfitMargin" : 34.10,
    "grossProfit" : 1.18,
    "operatingProfitMargin" : 11.56,
    "operatingProfit" : 0.40,
    "netProfitMargin" : 6.65,
    "netProfit" : 0.23
  }, {
    "date" : "2008-12-31",
    "sales" : 3.32,
    "salesGrowthYoY" : 14.88,
    "grossProfitMargin" : 37.65,
    "grossProfit" : 1.25,
    "operatingProfitMargin" : 12.65,
    "operatingProfit" : 0.42,
    "netProfitMargin" : 7.83,
    "netProfit" : 0.26
  }, {
    "date" : "2009-03-31",
    "sales" : 3.32,
    "salesGrowthYoY" : -1.19,
    "grossProfitMargin" : 35.84,
    "grossProfit" : 1.19,
    "operatingProfitMargin" : 7.23,
    "operatingProfit" : 0.24,
    "netProfitMargin" : 0.90,
    "netProfit" : 0.03
  }, {
    "date" : "2009-06-30",
    "sales" : 5.00,
    "salesGrowthYoY" : 49.70,
    "grossProfitMargin" : 30.40,
    "grossProfit" : 1.52,
    "operatingProfitMargin" : 11.20,
    "operatingProfit" : 0.56,
    "netProfitMargin" : 6.20,
    "netProfit" : 0.31
  }, {
    "date" : "2009-09-30",
    "sales" : 4.19,
    "salesGrowthYoY" : 21.10,
    "grossProfitMargin" : 33.41,
    "grossProfit" : 1.40,
    "operatingProfitMargin" : 11.46,
    "operatingProfit" : 0.48,
    "netProfitMargin" : 9.07,
    "netProfit" : 0.38
  }, {
    "date" : "2009-12-31",
    "sales" : 3.60,
    "salesGrowthYoY" : 8.43,
    "grossProfitMargin" : 37.50,
    "grossProfit" : 1.35,
    "operatingProfitMargin" : 8.33,
    "operatingProfit" : 0.30,
    "netProfitMargin" : 2.78,
    "netProfit" : 0.10
  }, {
    "date" : "2010-03-31",
    "sales" : 3.29,
    "salesGrowthYoY" : -0.90,
    "grossProfitMargin" : 38.30,
    "grossProfit" : 1.26,
    "operatingProfitMargin" : 6.38,
    "operatingProfit" : 0.21,
    "netProfitMargin" : 0.91,
    "netProfit" : 0.03
  }, {
    "date" : "2010-06-30",
    "sales" : 3.85,
    "salesGrowthYoY" : -23.00,
    "grossProfitMargin" : 36.62,
    "grossProfit" : 1.41,
    "operatingProfitMargin" : 13.25,
    "operatingProfit" : 0.51,
    "netProfitMargin" : 7.79,
    "netProfit" : 0.30
  }, {
    "date" : "2010-09-30",
    "sales" : 4.60,
    "salesGrowthYoY" : 9.79,
    "grossProfitMargin" : 34.35,
    "grossProfit" : 1.58,
    "operatingProfitMargin" : 11.30,
    "operatingProfit" : 0.52,
    "netProfitMargin" : 5.00,
    "netProfit" : 0.23
  }, {
    "date" : "2010-12-31",
    "sales" : 4.83,
    "salesGrowthYoY" : 34.17,
    "grossProfitMargin" : 34.58,
    "grossProfit" : 1.67,
    "operatingProfitMargin" : 10.35,
    "operatingProfit" : 0.50,
    "netProfitMargin" : 4.35,
    "netProfit" : 0.21
  }, {
    "date" : "2011-03-31",
    "sales" : 5.37,
    "salesGrowthYoY" : 63.22,
    "grossProfitMargin" : 30.54,
    "grossProfit" : 1.64,
    "operatingProfitMargin" : 8.57,
    "operatingProfit" : 0.46,
    "netProfitMargin" : 2.98,
    "netProfit" : 0.16
  }, {
    "date" : "2011-06-30",
    "sales" : 5.06,
    "salesGrowthYoY" : 31.43,
    "grossProfitMargin" : 33.20,
    "grossProfit" : 1.68,
    "operatingProfitMargin" : 13.04,
    "operatingProfit" : 0.66,
    "netProfitMargin" : 7.11,
    "netProfit" : 0.36
  }, {
    "date" : "2011-09-30",
    "sales" : 5.16,
    "salesGrowthYoY" : 12.17,
    "grossProfitMargin" : 35.66,
    "grossProfit" : 1.84,
    "operatingProfitMargin" : 13.57,
    "operatingProfit" : 0.70,
    "netProfitMargin" : 7.56,
    "netProfit" : 0.39
  }, {
    "date" : "2011-12-31",
    "sales" : 4.76,
    "salesGrowthYoY" : -1.45,
    "grossProfitMargin" : 40.97,
    "grossProfit" : 1.95,
    "operatingProfitMargin" : 11.55,
    "operatingProfit" : 0.55,
    "netProfitMargin" : 5.88,
    "netProfit" : 0.28
  }, {
    "date" : "2012-03-31",
    "sales" : 7.55,
    "salesGrowthYoY" : 40.60,
    "grossProfitMargin" : 24.77,
    "grossProfit" : 1.87,
    "operatingProfitMargin" : 5.43,
    "operatingProfit" : 0.41,
    "netProfitMargin" : 4.77,
    "netProfit" : 0.36
  }, {
    "date" : "2012-06-30",
    "sales" : 5.77,
    "salesGrowthYoY" : 14.03,
    "grossProfitMargin" : 33.10,
    "grossProfit" : 1.91,
    "operatingProfitMargin" : 9.88,
    "operatingProfit" : 0.57,
    "netProfitMargin" : 5.89,
    "netProfit" : 0.34
  }, {
    "date" : "2012-09-30",
    "sales" : 7.05,
    "salesGrowthYoY" : 36.63,
    "grossProfitMargin" : 32.34,
    "grossProfit" : 2.28,
    "operatingProfitMargin" : 10.21,
    "operatingProfit" : 0.72,
    "netProfitMargin" : 5.39,
    "netProfit" : 0.38
  }, {
    "date" : "2012-12-31",
    "sales" : 6.79,
    "salesGrowthYoY" : 42.65,
    "grossProfitMargin" : 34.17,
    "grossProfit" : 2.32,
    "operatingProfitMargin" : 9.13,
    "operatingProfit" : 0.62,
    "netProfitMargin" : 3.83,
    "netProfit" : 0.26
  }, {
    "date" : "2013-03-31",
    "sales" : 7.46,
    "salesGrowthYoY" : -1.19,
    "grossProfitMargin" : 39.14,
    "grossProfit" : 2.92,
    "operatingProfitMargin" : 9.65,
    "operatingProfit" : 0.72,
    "netProfitMargin" : 5.36,
    "netProfit" : 0.40
  }, {
    "date" : "2013-06-30",
    "sales" : 6.47,
    "salesGrowthYoY" : 12.13,
    "grossProfitMargin" : 36.48,
    "grossProfit" : 2.36,
    "operatingProfitMargin" : 9.89,
    "operatingProfit" : 0.64,
    "netProfitMargin" : 5.26,
    "netProfit" : 0.34
  }, {
    "date" : "2013-09-30",
    "sales" : 12.21,
    "salesGrowthYoY" : 73.19,
    "grossProfitMargin" : 28.50,
    "grossProfit" : 3.48,
    "operatingProfitMargin" : 5.32,
    "operatingProfit" : 0.65,
    "netProfitMargin" : 3.36,
    "netProfit" : 0.41
  }, {
    "date" : "2013-12-31",
    "sales" : 9.33,
    "salesGrowthYoY" : 37.41,
    "grossProfitMargin" : 37.94,
    "grossProfit" : 3.54,
    "operatingProfitMargin" : 9.11,
    "operatingProfit" : 0.85,
    "netProfitMargin" : 4.18,
    "netProfit" : 0.39
  }, {
    "date" : "2014-03-31",
    "sales" : 11.12,
    "salesGrowthYoY" : 49.06,
    "grossProfitMargin" : 34.17,
    "grossProfit" : 3.80,
    "operatingProfitMargin" : 7.91,
    "operatingProfit" : 0.88,
    "netProfitMargin" : 3.87,
    "netProfit" : 0.43
  }, {
    "date" : "2014-06-30",
    "sales" : 8.87,
    "salesGrowthYoY" : 37.09,
    "grossProfitMargin" : 36.19,
    "grossProfit" : 3.21,
    "operatingProfitMargin" : 10.03,
    "operatingProfit" : 0.89,
    "netProfitMargin" : 4.17,
    "netProfit" : 0.37
  }, {
    "date" : "2014-09-30",
    "sales" : 11.18,
    "salesGrowthYoY" : -8.44,
    "grossProfitMargin" : 33.72,
    "grossProfit" : 3.77,
    "operatingProfitMargin" : 9.57,
    "operatingProfit" : 1.07,
    "netProfitMargin" : 3.94,
    "netProfit" : 0.44
  }, {
    "date" : "2014-12-31",
    "sales" : 8.30,
    "salesGrowthYoY" : -11.04,
    "grossProfitMargin" : 48.67,
    "grossProfit" : 4.04,
    "operatingProfitMargin" : 9.28,
    "operatingProfit" : 0.77,
    "netProfitMargin" : 4.94,
    "netProfit" : 0.41
  }, {
    "date" : "2015-03-31",
    "sales" : 11.96,
    "salesGrowthYoY" : 7.55,
    "grossProfitMargin" : 33.95,
    "grossProfit" : 4.06,
    "operatingProfitMargin" : 9.62,
    "operatingProfit" : 1.15,
    "netProfitMargin" : 3.51,
    "netProfit" : 0.42
  }, {
    "date" : "2015-06-30",
    "sales" : 9.33,
    "salesGrowthYoY" : 5.19,
    "grossProfitMargin" : 37.30,
    "grossProfit" : 3.48,
    "operatingProfitMargin" : 9.86,
    "operatingProfit" : 0.92,
    "netProfitMargin" : 4.07,
    "netProfit" : 0.38
  }, {
    "date" : "2015-09-30",
    "sales" : 12.34,
    "salesGrowthYoY" : 10.38,
    "grossProfitMargin" : 36.47,
    "grossProfit" : 4.50,
    "operatingProfitMargin" : 9.24,
    "operatingProfit" : 1.14,
    "netProfitMargin" : 3.40,
    "netProfit" : 0.42
  }, {
    "date" : "2015-12-31",
    "sales" : 11.51,
    "salesGrowthYoY" : 38.67,
    "grossProfitMargin" : 36.32,
    "grossProfit" : 4.18,
    "operatingProfitMargin" : 7.91,
    "operatingProfit" : 0.91,
    "netProfitMargin" : 3.74,
    "netProfit" : 0.43
  }, {
    "date" : "2016-03-31",
    "sales" : 12.43,
    "salesGrowthYoY" : 3.93,
    "grossProfitMargin" : 24.38,
    "grossProfit" : 3.03,
    "operatingProfitMargin" : 7.56,
    "operatingProfit" : 0.94,
    "netProfitMargin" : 4.02,
    "netProfit" : 0.50
  }, {
    "date" : "2016-06-30",
    "sales" : 11.98,
    "salesGrowthYoY" : 28.40,
    "grossProfitMargin" : 26.79,
    "grossProfit" : 3.21,
    "operatingProfitMargin" : 9.27,
    "operatingProfit" : 1.11,
    "netProfitMargin" : 3.84,
    "netProfit" : 0.46
  }, {
    "date" : "2016-09-30",
    "sales" : 13.19,
    "salesGrowthYoY" : 6.89,
    "grossProfitMargin" : 33.13,
    "grossProfit" : 4.37,
    "operatingProfitMargin" : 7.58,
    "operatingProfit" : 1.00,
    "netProfitMargin" : 4.32,
    "netProfit" : 0.57
  }, {
    "date" : "2016-12-31",
    "sales" : 12.28,
    "salesGrowthYoY" : 6.69,
    "grossProfitMargin" : 32.08,
    "grossProfit" : 3.94,
    "operatingProfitMargin" : 13.27,
    "operatingProfit" : 1.63,
    "netProfitMargin" : 4.23,
    "netProfit" : 0.52
  }, {
    "date" : "2017-03-31",
    "sales" : 15.01,
    "salesGrowthYoY" : 20.76,
    "grossProfitMargin" : 26.45,
    "grossProfit" : 3.97,
    "operatingProfitMargin" : 11.86,
    "operatingProfit" : 1.78,
    "netProfitMargin" : 6.46,
    "netProfit" : 0.97
  }, {
    "date" : "2017-06-30",
    "sales" : 12.12,
    "salesGrowthYoY" : 1.17,
    "grossProfitMargin" : 31.68,
    "grossProfit" : 3.84,
    "operatingProfitMargin" : 11.72,
    "operatingProfit" : 1.42,
    "netProfitMargin" : 4.04,
    "netProfit" : 0.49
  }, {
    "date" : "2017-09-30",
    "sales" : 14.74,
    "salesGrowthYoY" : 11.75,
    "grossProfitMargin" : 30.05,
    "grossProfit" : 4.43,
    "operatingProfitMargin" : 13.57,
    "operatingProfit" : 2.00,
    "netProfitMargin" : 2.65,
    "netProfit" : 0.39
  }, {
    "date" : "2017-12-31",
    "sales" : 14.91,
    "salesGrowthYoY" : 21.42,
    "grossProfitMargin" : 29.11,
    "grossProfit" : 4.34,
    "operatingProfitMargin" : 13.62,
    "operatingProfit" : 2.03,
    "netProfitMargin" : 5.23,
    "netProfit" : 0.78
  }, {
    "date" : "2018-03-31",
    "sales" : 13.77,
    "salesGrowthYoY" : -8.26,
    "grossProfitMargin" : 51.49,
    "grossProfit" : 7.09,
    "operatingProfitMargin" : 8.21,
    "operatingProfit" : 1.13,
    "netProfitMargin" : 5.30,
    "netProfit" : 0.73
  }, {
    "date" : "2018-06-30",
    "sales" : 14.43,
    "salesGrowthYoY" : 19.06,
    "grossProfitMargin" : 48.79,
    "grossProfit" : 7.04,
    "operatingProfitMargin" : 13.24,
    "operatingProfit" : 1.91,
    "netProfitMargin" : 5.27,
    "netProfit" : 0.76
  }, {
    "date" : "2018-09-30",
    "sales" : 14.96,
    "salesGrowthYoY" : 1.49,
    "grossProfitMargin" : 30.48,
    "grossProfit" : 4.56,
    "operatingProfitMargin" : 12.77,
    "operatingProfit" : 1.91,
    "netProfitMargin" : 5.88,
    "netProfit" : 0.88
  }, {
    "date" : "2018-12-31",
    "sales" : 13.48,
    "salesGrowthYoY" : -9.59,
    "grossProfitMargin" : 31.75,
    "grossProfit" : 4.28,
    "operatingProfitMargin" : 14.39,
    "operatingProfit" : 1.94,
    "netProfitMargin" : 6.01,
    "netProfit" : 0.81
  }, {
    "date" : "2019-03-31",
    "sales" : 15.37,
    "salesGrowthYoY" : 11.62,
    "grossProfitMargin" : 45.28,
    "grossProfit" : 6.96,
    "operatingProfitMargin" : 10.67,
    "operatingProfit" : 1.64,
    "netProfitMargin" : 4.10,
    "netProfit" : 0.63
  }, {
    "date" : "2019-06-30",
    "sales" : 17.46,
    "salesGrowthYoY" : 21.00,
    "grossProfitMargin" : 42.38,
    "grossProfit" : 7.40,
    "operatingProfitMargin" : 14.66,
    "operatingProfit" : 2.56,
    "netProfitMargin" : 7.04,
    "netProfit" : 1.23
  }, {
    "date" : "2019-09-30",
    "sales" : 15.86,
    "salesGrowthYoY" : 6.02,
    "grossProfitMargin" : 48.23,
    "grossProfit" : 7.65,
    "operatingProfitMargin" : 14.75,
    "operatingProfit" : 2.34,
    "netProfitMargin" : 6.81,
    "netProfit" : 1.08
  }, {
    "date" : "2019-12-31",
    "sales" : 18.14,
    "salesGrowthYoY" : 34.57,
    "grossProfitMargin" : 47.96,
    "grossProfit" : 8.70,
    "operatingProfitMargin" : 16.10,
    "operatingProfit" : 2.92,
    "netProfitMargin" : 8.32,
    "netProfit" : 1.51
  }, {
    "date" : "2020-03-31",
    "sales" : 18.01,
    "salesGrowthYoY" : 17.18,
    "grossProfitMargin" : 53.30,
    "grossProfit" : 9.60,
    "operatingProfitMargin" : 16.82,
    "operatingProfit" : 3.03,
    "netProfitMargin" : 10.72,
    "netProfit" : 1.93
  }, {
    "date" : "2020-06-30",
    "sales" : 34.91,
    "salesGrowthYoY" : 99.94,
    "grossProfitMargin" : 66.08,
    "grossProfit" : 23.07,
    "operatingProfitMargin" : 47.81,
    "operatingProfit" : 16.69,
    "netProfitMargin" : 34.72,
    "netProfit" : 12.12
  }, {
    "date" : "2020-09-30",
    "sales" : 27.17,
    "salesGrowthYoY" : 71.31,
    "grossProfitMargin" : 59.85,
    "grossProfit" : 16.26,
    "operatingProfitMargin" : 36.03,
    "operatingProfit" : 9.79,
    "netProfitMargin" : 24.99,
    "netProfit" : 6.79
  }, {
    "date" : "2020-12-31",
    "sales" : 30.97,
    "salesGrowthYoY" : 70.73,
    "grossProfitMargin" : 52.02,
    "grossProfit" : 16.11,
    "operatingProfitMargin" : 29.45,
    "operatingProfit" : 9.12,
    "netProfitMargin" : 20.70,
    "netProfit" : 6.41
  }, {
    "date" : "2021-03-31",
    "sales" : 29.41,
    "salesGrowthYoY" : 63.30,
    "grossProfitMargin" : 48.45,
    "grossProfit" : 14.25,
    "operatingProfitMargin" : 21.08,
    "operatingProfit" : 6.20,
    "netProfitMargin" : 12.48,
    "netProfit" : 3.67
  }, {
    "date" : "2021-06-30",
    "sales" : 32.82,
    "salesGrowthYoY" : -5.99,
    "grossProfitMargin" : 54.33,
    "grossProfit" : 17.83,
    "operatingProfitMargin" : 33.61,
    "operatingProfit" : 11.03,
    "netProfitMargin" : 22.67,
    "netProfit" : 7.44
  }, {
    "date" : "2021-09-30",
    "sales" : 29.66,
    "salesGrowthYoY" : 9.16,
    "grossProfitMargin" : 48.21,
    "grossProfit" : 14.30,
    "operatingProfitMargin" : 22.83,
    "operatingProfit" : 6.77,
    "netProfitMargin" : 16.89,
    "netProfit" : 5.01
  }, {
    "date" : "2021-12-31",
    "sales" : 28.97,
    "salesGrowthYoY" : -6.46,
    "grossProfitMargin" : 49.95,
    "grossProfit" : 14.47,
    "operatingProfitMargin" : 22.37,
    "operatingProfit" : 6.48,
    "netProfitMargin" : 15.29,
    "netProfit" : 4.43
  }, {
    "date" : "2022-03-31",
    "sales" : 31.09,
    "salesGrowthYoY" : 5.71,
    "grossProfitMargin" : 54.62,
    "grossProfit" : 16.98,
    "operatingProfitMargin" : 22.52,
    "operatingProfit" : 7.00,
    "netProfitMargin" : 15.44,
    "netProfit" : 4.80
  }, {
    "date" : "2022-06-30",
    "sales" : 35.00,
    "salesGrowthYoY" : 6.64,
    "grossProfitMargin" : 50.77,
    "grossProfit" : 17.77,
    "operatingProfitMargin" : 23.06,
    "operatingProfit" : 8.07,
    "netProfitMargin" : 16.51,
    "netProfit" : 5.78
  }, {
    "date" : "2022-09-30",
    "sales" : 41.83,
    "salesGrowthYoY" : 41.03,
    "grossProfitMargin" : 48.98,
    "grossProfit" : 20.49,
    "operatingProfitMargin" : 25.05,
    "operatingProfit" : 10.48,
    "netProfitMargin" : 18.89,
    "netProfit" : 7.90
  }, {
    "date" : "2022-12-31",
    "sales" : 30.33,
    "salesGrowthYoY" : 4.69,
    "grossProfitMargin" : 54.04,
    "grossProfit" : 16.39,
    "operatingProfitMargin" : 13.65,
    "operatingProfit" : 4.14,
    "netProfitMargin" : 8.90,
    "netProfit" : 2.70
  }, {
    "date" : "2023-03-31",
    "sales" : 36.84,
    "salesGrowthYoY" : 18.49,
    "grossProfitMargin" : 52.85,
    "grossProfit" : 19.47,
    "operatingProfitMargin" : 18.57,
    "operatingProfit" : 6.84,
    "netProfitMargin" : 12.60,
    "netProfit" : 4.64
  }, {
    "date" : "2023-06-30",
    "sales" : 34.75,
    "salesGrowthYoY" : -0.71,
    "grossProfitMargin" : 58.07,
    "grossProfit" : 20.18,
    "operatingProfitMargin" : 22.71,
    "operatingProfit" : 7.89,
    "netProfitMargin" : 15.57,
    "netProfit" : 5.41
  }, {
    "date" : "2023-09-30",
    "sales" : 43.43,
    "salesGrowthYoY" : 3.83,
    "grossProfitMargin" : 51.14,
    "grossProfit" : 22.21,
    "operatingProfitMargin" : 20.08,
    "operatingProfit" : 8.72,
    "netProfitMargin" : 13.88,
    "netProfit" : 6.03
  }, {
    "date" : "2023-12-31",
    "sales" : 45.98,
    "salesGrowthYoY" : 51.60,
    "grossProfitMargin" : 53.18,
    "grossProfit" : 24.45,
    "operatingProfitMargin" : 23.05,
    "operatingProfit" : 10.60,
    "netProfitMargin" : 16.05,
    "netProfit" : 7.38
  }, {
    "date" : "2024-03-31",
    "sales" : 39.92,
    "salesGrowthYoY" : 8.36,
    "grossProfitMargin" : 54.18,
    "grossProfit" : 21.63,
    "operatingProfitMargin" : 17.71,
    "operatingProfit" : 7.07,
    "netProfitMargin" : 12.12,
    "netProfit" : 4.84
  }, {
    "date" : "2024-06-30",
    "sales" : 43.11,
    "salesGrowthYoY" : 24.06,
    "grossProfitMargin" : 49.50,
    "grossProfit" : 21.34,
    "operatingProfitMargin" : 19.14,
    "operatingProfit" : 8.25,
    "netProfitMargin" : 13.22,
    "netProfit" : 5.70
  }, {
    "date" : "2024-09-30",
    "sales" : 39.89,
    "salesGrowthYoY" : -8.15,
    "grossProfitMargin" : 56.10,
    "grossProfit" : 22.38,
    "operatingProfitMargin" : 19.45,
    "operatingProfit" : 7.76,
    "netProfitMargin" : 12.53,
    "netProfit" : 5.00
  }, {
    "date" : "2024-12-31",
    "sales" : 38.28,
    "salesGrowthYoY" : -16.75,
    "grossProfitMargin" : 52.09,
    "grossProfit" : 19.94,
    "operatingProfitMargin" : 12.67,
    "operatingProfit" : 4.85,
    "netProfitMargin" : 9.93,
    "netProfit" : 3.80
  }, {
    "date" : "2025-03-31",
    "sales" : 35.17,
    "salesGrowthYoY" : -11.90,
    "grossProfitMargin" : 57.32,
    "grossProfit" : 20.16,
    "operatingProfitMargin" : 12.99,
    "operatingProfit" : 4.57,
    "netProfitMargin" : 10.72,
    "netProfit" : 3.77
  }, {
    "date" : "2025-06-30",
    "sales" : 46.50,
    "salesGrowthYoY" : 7.86,
    "grossProfitMargin" : 48.49,
    "grossProfit" : 22.55,
    "operatingProfitMargin" : 18.80,
    "operatingProfit" : 8.74,
    "netProfitMargin" : 13.25,
    "netProfit" : 6.16
  }, {
    "date" : "2025-09-30",
    "sales" : 54.35,
    "salesGrowthYoY" : 36.25,
    "grossProfitMargin" : 52.07,
    "grossProfit" : 28.30,
    "operatingProfitMargin" : 17.17,
    "operatingProfit" : 9.33,
    "netProfitMargin" : 12.62,
    "netProfit" : 6.86
  }, {
    "date" : "2025-12-31",
    "sales" : 56.51,
    "salesGrowthYoY" : 47.62,
    "grossProfitMargin" : 51.57,
    "grossProfit" : 29.14,
    "operatingProfitMargin" : 19.16,
    "operatingProfit" : 10.83,
    "netProfitMargin" : 13.93,
    "netProfit" : 7.87
  } ],
  "latestQuarterlyResult" : {
    "date" : "2025-12-31",
    "sales" : 56.51,
    "salesGrowthYoY" : 47.62,
    "grossProfitMargin" : 51.57,
    "grossProfit" : 29.14,
    "operatingProfitMargin" : 19.16,
    "operatingProfit" : 10.83,
    "netProfitMargin" : 13.93,
    "netProfit" : 7.87
  },
  "companyScore" : {
    "priceHigherThanDma50" : 5.00,
    "priceHigherThanDma100" : 5.00,
    "priceHigherThanDma200" : 5.00,
    "dma50HigherThanDma100" : 5.00,
    "dma50HigherThanDma200" : 5.00,
    "dma100HigherThanDma200" : 5.00,
    "pricePercentageAboveDma50" : 3.18,
    "pricePercentageAboveDma100" : 3.00,
    "pricePercentageAboveDma200" : 1.59,
    "weeklyVolumeHigherThanYearlyVolume" : 5.00,
    "salesGrowthPercentile" : 17.25,
    "operatingProfitMarginPercentile" : 16.67,
    "netProfitMarginPercentile" : 8.69,
    "totalTechnicalScore" : 42.77,
    "totalFundamentalScore" : 42.61,
    "totalScore" : 85.38
  }
}