{
  "metadata" : {
    "screenerCompanyId" : "3594",
    "companyCode" : "526775",
    "companyName" : "Valiant Commun.",
    "screenerCompanyLink" : "https://www.screener.in/company/526775/consolidated/",
    "screenerTechnicalHistoryLink" : "https://www.screener.in/api/company/3594/chart/?q=Price-DMA50-DMA200-Volume&days=365",
    "screenerQuarterlyResultsLink" : "https://www.screener.in/api/company/3594/chart/?q=GPM-OPM-NPM-Quarter+Sales&days=10000",
    "attributes" : {
      "companyCode" : "526775",
      "companyName" : "Valiant Commun.",
      "marketCap" : 1182.00,
      "peRatio" : 58.30,
      "description" : "Incorporated in 1993, Valiant Communications Ltd manufactures communication equipment, primarily for power utilities / other utilities and provides allied services[1]"
    },
    "companyScore" : {
      "priceHigherThanDma50" : 5.00,
      "priceHigherThanDma100" : 5.00,
      "priceHigherThanDma200" : 5.00,
      "dma50HigherThanDma100" : 5.00,
      "dma50HigherThanDma200" : 5.00,
      "dma100HigherThanDma200" : 5.00,
      "pricePercentageAboveDma50" : 3.98,
      "pricePercentageAboveDma100" : 3.48,
      "pricePercentageAboveDma200" : 2.49,
      "weeklyVolumeHigherThanYearlyVolume" : 5.00,
      "salesGrowthPercentile" : 19.50,
      "operatingProfitMarginPercentile" : 19.99,
      "netProfitMarginPercentile" : 9.40,
      "totalTechnicalScore" : 44.95,
      "totalFundamentalScore" : 48.89,
      "totalScore" : 93.84
    }
  },
  "attributes" : {
    "companyCode" : "526775",
    "companyName" : "Valiant Commun.",
    "marketCap" : 1182.00,
    "peRatio" : 58.30,
    "description" : "Incorporated in 1993, Valiant Communications Ltd manufactures communication equipment, primarily for power utilities / other utilities and provides allied services[1]"
  },
  "technicalHistory" : [ {
    "date" : "2025-02-17",
    "price" : 256.03,
    "dma50" : 362.82,
    "dma100" : null,
    "dma200" : 369.99,
    "volume" : 116827.00
  }, {
    "date" : "2025-02-18",
    "price" : 249.73,
    "dma50" : 358.38,
    "dma100" : null,
    "dma200" : 368.79,
    "volume" : 61095.00
  }, {
    "date" : "2025-02-19",
    "price" : 240.23,
    "dma50" : 353.75,
    "dma100" : null,
    "dma200" : 367.51,
    "volume" : 51045.00
  }, {
    "date" : "2025-02-20",
    "price" : 256.20,
    "dma50" : 349.93,
    "dma100" : null,
    "dma200" : 366.40,
    "volume" : 42015.00
  }, {
    "date" : "2025-02-21",
    "price" : 261.57,
    "dma50" : 346.46,
    "dma100" : null,
    "dma200" : 365.36,
    "volume" : 26630.00
  }, {
    "date" : "2025-02-24",
    "price" : 244.10,
    "dma50" : 342.45,
    "dma100" : null,
    "dma200" : 364.15,
    "volume" : 24681.00
  }, {
    "date" : "2025-02-25",
    "price" : 234.63,
    "dma50" : 338.22,
    "dma100" : null,
    "dma200" : 362.86,
    "volume" : 70914.00
  }, {
    "date" : "2025-02-27",
    "price" : 226.23,
    "dma50" : 333.83,
    "dma100" : null,
    "dma200" : 361.50,
    "volume" : 45040.00
  }, {
    "date" : "2025-02-28",
    "price" : 224.53,
    "dma50" : 329.54,
    "dma100" : null,
    "dma200" : 360.14,
    "volume" : 15847.00
  }, {
    "date" : "2025-03-03",
    "price" : 227.70,
    "dma50" : 325.55,
    "dma100" : null,
    "dma200" : 358.82,
    "volume" : 31925.00
  }, {
    "date" : "2025-03-04",
    "price" : 239.43,
    "dma50" : 322.17,
    "dma100" : null,
    "dma200" : 357.64,
    "volume" : 46864.00
  }, {
    "date" : "2025-03-05",
    "price" : 230.63,
    "dma50" : 318.58,
    "dma100" : null,
    "dma200" : 356.37,
    "volume" : 24280.00
  }, {
    "date" : "2025-03-06",
    "price" : 242.30,
    "dma50" : 315.59,
    "dma100" : null,
    "dma200" : 355.24,
    "volume" : 12915.00
  }, {
    "date" : "2025-03-07",
    "price" : 238.53,
    "dma50" : 312.57,
    "dma100" : null,
    "dma200" : 354.08,
    "volume" : 14891.00
  }, {
    "date" : "2025-03-10",
    "price" : 227.03,
    "dma50" : 309.21,
    "dma100" : null,
    "dma200" : 352.81,
    "volume" : 15362.00
  }, {
    "date" : "2025-03-11",
    "price" : 232.07,
    "dma50" : 306.19,
    "dma100" : null,
    "dma200" : 351.61,
    "volume" : 12666.00
  }, {
    "date" : "2025-03-12",
    "price" : 231.60,
    "dma50" : 303.26,
    "dma100" : null,
    "dma200" : 350.42,
    "volume" : 8718.00
  }, {
    "date" : "2025-03-13",
    "price" : 230.40,
    "dma50" : 300.40,
    "dma100" : null,
    "dma200" : 349.22,
    "volume" : 21017.00
  }, {
    "date" : "2025-03-17",
    "price" : 232.13,
    "dma50" : 297.73,
    "dma100" : null,
    "dma200" : 348.06,
    "volume" : 21878.00
  }, {
    "date" : "2025-03-18",
    "price" : 226.27,
    "dma50" : 294.93,
    "dma100" : null,
    "dma200" : 346.84,
    "volume" : 43384.00
  }, {
    "date" : "2025-03-19",
    "price" : 225.37,
    "dma50" : 292.20,
    "dma100" : null,
    "dma200" : 345.64,
    "volume" : 39705.00
  }, {
    "date" : "2025-03-20",
    "price" : 241.30,
    "dma50" : 290.20,
    "dma100" : null,
    "dma200" : 344.60,
    "volume" : 20714.00
  }, {
    "date" : "2025-03-21",
    "price" : 257.20,
    "dma50" : 288.91,
    "dma100" : null,
    "dma200" : 343.73,
    "volume" : 18098.00
  }, {
    "date" : "2025-03-24",
    "price" : 275.73,
    "dma50" : 288.39,
    "dma100" : null,
    "dma200" : 343.05,
    "volume" : 49245.00
  }, {
    "date" : "2025-03-25",
    "price" : 258.20,
    "dma50" : 287.21,
    "dma100" : null,
    "dma200" : 342.21,
    "volume" : 22745.00
  }, {
    "date" : "2025-03-26",
    "price" : 263.27,
    "dma50" : 286.27,
    "dma100" : null,
    "dma200" : 341.42,
    "volume" : 40198.00
  }, {
    "date" : "2025-03-27",
    "price" : 254.80,
    "dma50" : 285.03,
    "dma100" : null,
    "dma200" : 340.56,
    "volume" : 33606.00
  }, {
    "date" : "2025-03-28",
    "price" : 260.40,
    "dma50" : 284.07,
    "dma100" : null,
    "dma200" : 339.76,
    "volume" : 20334.00
  }, {
    "date" : "2025-04-01",
    "price" : 270.73,
    "dma50" : 283.54,
    "dma100" : null,
    "dma200" : 339.08,
    "volume" : 19942.00
  }, {
    "date" : "2025-04-02",
    "price" : 271.33,
    "dma50" : 283.07,
    "dma100" : null,
    "dma200" : 338.40,
    "volume" : 11527.00
  }, {
    "date" : "2025-04-03",
    "price" : 298.47,
    "dma50" : 283.67,
    "dma100" : null,
    "dma200" : 338.00,
    "volume" : 48520.00
  }, {
    "date" : "2025-04-04",
    "price" : 328.23,
    "dma50" : 285.42,
    "dma100" : null,
    "dma200" : 337.91,
    "volume" : 74490.00
  }, {
    "date" : "2025-04-07",
    "price" : 311.83,
    "dma50" : 286.45,
    "dma100" : null,
    "dma200" : 337.65,
    "volume" : 6424.00
  }, {
    "date" : "2025-04-08",
    "price" : 314.00,
    "dma50" : 287.53,
    "dma100" : null,
    "dma200" : 337.41,
    "volume" : 21608.00
  }, {
    "date" : "2025-04-09",
    "price" : 327.23,
    "dma50" : 289.09,
    "dma100" : null,
    "dma200" : 337.31,
    "volume" : 17084.00
  }, {
    "date" : "2025-04-11",
    "price" : 343.40,
    "dma50" : 291.22,
    "dma100" : null,
    "dma200" : 337.37,
    "volume" : 19529.00
  }, {
    "date" : "2025-04-15",
    "price" : 360.57,
    "dma50" : 293.94,
    "dma100" : null,
    "dma200" : 337.60,
    "volume" : 12404.00
  }, {
    "date" : "2025-04-16",
    "price" : 378.57,
    "dma50" : 297.26,
    "dma100" : null,
    "dma200" : 338.01,
    "volume" : 11328.00
  }, {
    "date" : "2025-04-17",
    "price" : 397.47,
    "dma50" : 301.19,
    "dma100" : null,
    "dma200" : 338.60,
    "volume" : 142802.00
  }, {
    "date" : "2025-04-21",
    "price" : 398.30,
    "dma50" : 305.00,
    "dma100" : null,
    "dma200" : 339.20,
    "volume" : 39437.00
  }, {
    "date" : "2025-04-22",
    "price" : 404.93,
    "dma50" : 308.92,
    "dma100" : null,
    "dma200" : 339.85,
    "volume" : 26191.00
  }, {
    "date" : "2025-04-23",
    "price" : 392.30,
    "dma50" : 312.19,
    "dma100" : null,
    "dma200" : 340.37,
    "volume" : 8504.00
  }, {
    "date" : "2025-04-24",
    "price" : 394.27,
    "dma50" : 315.40,
    "dma100" : null,
    "dma200" : 340.91,
    "volume" : 3315.00
  }, {
    "date" : "2025-04-25",
    "price" : 384.80,
    "dma50" : 318.13,
    "dma100" : null,
    "dma200" : 341.34,
    "volume" : 16481.00
  }, {
    "date" : "2025-04-28",
    "price" : 392.63,
    "dma50" : 321.05,
    "dma100" : null,
    "dma200" : 341.85,
    "volume" : 15895.00
  }, {
    "date" : "2025-04-29",
    "price" : 396.67,
    "dma50" : 324.01,
    "dma100" : null,
    "dma200" : 342.40,
    "volume" : 15527.00
  }, {
    "date" : "2025-04-30",
    "price" : 379.93,
    "dma50" : 326.21,
    "dma100" : null,
    "dma200" : 342.77,
    "volume" : 9004.00
  }, {
    "date" : "2025-05-02",
    "price" : 371.27,
    "dma50" : 327.97,
    "dma100" : null,
    "dma200" : 343.06,
    "volume" : 11472.00
  }, {
    "date" : "2025-05-05",
    "price" : 362.70,
    "dma50" : 329.34,
    "dma100" : null,
    "dma200" : 343.25,
    "volume" : 5876.00
  }, {
    "date" : "2025-05-06",
    "price" : 346.07,
    "dma50" : 329.99,
    "dma100" : null,
    "dma200" : 343.28,
    "volume" : 16779.00
  }, {
    "date" : "2025-05-07",
    "price" : 363.23,
    "dma50" : 331.29,
    "dma100" : null,
    "dma200" : 343.48,
    "volume" : 9940.00
  }, {
    "date" : "2025-05-08",
    "price" : 378.17,
    "dma50" : 333.13,
    "dma100" : null,
    "dma200" : 343.82,
    "volume" : 15138.00
  }, {
    "date" : "2025-05-09",
    "price" : 374.23,
    "dma50" : 334.74,
    "dma100" : null,
    "dma200" : 344.13,
    "volume" : 5291.00
  }, {
    "date" : "2025-05-12",
    "price" : 392.87,
    "dma50" : 337.02,
    "dma100" : null,
    "dma200" : 344.61,
    "volume" : 18164.00
  }, {
    "date" : "2025-05-13",
    "price" : 399.97,
    "dma50" : 339.49,
    "dma100" : null,
    "dma200" : 345.16,
    "volume" : 16719.00
  }, {
    "date" : "2025-05-14",
    "price" : 398.20,
    "dma50" : 341.79,
    "dma100" : null,
    "dma200" : 345.69,
    "volume" : 15726.00
  }, {
    "date" : "2025-05-15",
    "price" : 406.13,
    "dma50" : 344.32,
    "dma100" : null,
    "dma200" : 346.29,
    "volume" : 14305.00
  }, {
    "date" : "2025-05-16",
    "price" : 414.23,
    "dma50" : 347.06,
    "dma100" : null,
    "dma200" : 346.97,
    "volume" : 19888.00
  }, {
    "date" : "2025-05-19",
    "price" : 422.50,
    "dma50" : 350.02,
    "dma100" : null,
    "dma200" : 347.72,
    "volume" : 13307.00
  }, {
    "date" : "2025-05-20",
    "price" : 430.93,
    "dma50" : 353.19,
    "dma100" : null,
    "dma200" : 348.55,
    "volume" : 31684.00
  }, {
    "date" : "2025-05-21",
    "price" : 439.53,
    "dma50" : 356.58,
    "dma100" : null,
    "dma200" : 349.45,
    "volume" : 17027.00
  }, {
    "date" : "2025-05-22",
    "price" : 446.67,
    "dma50" : 360.11,
    "dma100" : null,
    "dma200" : 350.42,
    "volume" : 13545.00
  }, {
    "date" : "2025-05-23",
    "price" : 446.67,
    "dma50" : 363.50,
    "dma100" : null,
    "dma200" : 351.38,
    "volume" : 11057.00
  }, {
    "date" : "2025-05-26",
    "price" : 437.73,
    "dma50" : 366.42,
    "dma100" : null,
    "dma200" : 352.24,
    "volume" : 4795.00
  }, {
    "date" : "2025-05-27",
    "price" : 429.00,
    "dma50" : 368.87,
    "dma100" : null,
    "dma200" : 353.00,
    "volume" : 17154.00
  }, {
    "date" : "2025-05-28",
    "price" : 437.57,
    "dma50" : 371.56,
    "dma100" : null,
    "dma200" : 353.84,
    "volume" : 3570.00
  }, {
    "date" : "2025-05-29",
    "price" : 446.30,
    "dma50" : 374.49,
    "dma100" : null,
    "dma200" : 354.76,
    "volume" : 4058.00
  }, {
    "date" : "2025-05-30",
    "price" : 455.20,
    "dma50" : 377.66,
    "dma100" : null,
    "dma200" : 355.76,
    "volume" : 9620.00
  }, {
    "date" : "2025-06-02",
    "price" : 464.30,
    "dma50" : 381.06,
    "dma100" : null,
    "dma200" : 356.84,
    "volume" : 5949.00
  }, {
    "date" : "2025-06-03",
    "price" : 473.57,
    "dma50" : 384.69,
    "dma100" : null,
    "dma200" : 358.00,
    "volume" : 42951.00
  }, {
    "date" : "2025-06-04",
    "price" : 464.10,
    "dma50" : 387.80,
    "dma100" : null,
    "dma200" : 359.06,
    "volume" : 14672.00
  }, {
    "date" : "2025-06-05",
    "price" : 454.83,
    "dma50" : 390.43,
    "dma100" : null,
    "dma200" : 360.01,
    "volume" : 6299.00
  }, {
    "date" : "2025-06-06",
    "price" : 447.43,
    "dma50" : 392.66,
    "dma100" : null,
    "dma200" : 360.88,
    "volume" : 4243.00
  }, {
    "date" : "2025-06-09",
    "price" : 456.37,
    "dma50" : 395.16,
    "dma100" : null,
    "dma200" : 361.83,
    "volume" : 2555.00
  }, {
    "date" : "2025-06-10",
    "price" : 457.90,
    "dma50" : 397.62,
    "dma100" : null,
    "dma200" : 362.79,
    "volume" : 2906.00
  }, {
    "date" : "2025-06-11",
    "price" : 448.77,
    "dma50" : 399.63,
    "dma100" : null,
    "dma200" : 363.64,
    "volume" : 3233.00
  }, {
    "date" : "2025-06-12",
    "price" : 440.03,
    "dma50" : 401.21,
    "dma100" : null,
    "dma200" : 364.40,
    "volume" : 8756.00
  }, {
    "date" : "2025-06-13",
    "price" : 448.83,
    "dma50" : 403.08,
    "dma100" : null,
    "dma200" : 365.24,
    "volume" : 6586.00
  }, {
    "date" : "2025-06-16",
    "price" : 457.80,
    "dma50" : 405.23,
    "dma100" : null,
    "dma200" : 366.16,
    "volume" : 6570.00
  }, {
    "date" : "2025-06-17",
    "price" : 463.27,
    "dma50" : 407.50,
    "dma100" : null,
    "dma200" : 367.13,
    "volume" : 6474.00
  }, {
    "date" : "2025-06-18",
    "price" : 454.03,
    "dma50" : 409.33,
    "dma100" : null,
    "dma200" : 368.00,
    "volume" : 6613.00
  }, {
    "date" : "2025-06-19",
    "price" : 444.97,
    "dma50" : 410.72,
    "dma100" : null,
    "dma200" : 368.76,
    "volume" : 7572.00
  }, {
    "date" : "2025-06-20",
    "price" : 440.00,
    "dma50" : 411.87,
    "dma100" : null,
    "dma200" : 369.47,
    "volume" : 5007.00
  }, {
    "date" : "2025-06-23",
    "price" : 462.00,
    "dma50" : 413.84,
    "dma100" : null,
    "dma200" : 370.39,
    "volume" : 11475.00
  }, {
    "date" : "2025-06-24",
    "price" : 485.10,
    "dma50" : 416.63,
    "dma100" : null,
    "dma200" : 371.53,
    "volume" : 18372.00
  }, {
    "date" : "2025-06-25",
    "price" : 474.03,
    "dma50" : 418.88,
    "dma100" : null,
    "dma200" : 372.55,
    "volume" : 32030.00
  }, {
    "date" : "2025-06-26",
    "price" : 476.37,
    "dma50" : 421.14,
    "dma100" : null,
    "dma200" : 373.58,
    "volume" : 3129.00
  }, {
    "date" : "2025-06-27",
    "price" : 500.17,
    "dma50" : 424.24,
    "dma100" : null,
    "dma200" : 374.84,
    "volume" : 19905.00
  }, {
    "date" : "2025-06-30",
    "price" : 525.17,
    "dma50" : 428.20,
    "dma100" : null,
    "dma200" : 376.34,
    "volume" : 27452.00
  }, {
    "date" : "2025-07-01",
    "price" : 551.40,
    "dma50" : 433.03,
    "dma100" : null,
    "dma200" : 378.08,
    "volume" : 29561.00
  }, {
    "date" : "2025-07-02",
    "price" : 543.73,
    "dma50" : 437.37,
    "dma100" : null,
    "dma200" : 379.73,
    "volume" : 18707.00
  }, {
    "date" : "2025-07-03",
    "price" : 565.40,
    "dma50" : 442.39,
    "dma100" : null,
    "dma200" : 381.58,
    "volume" : 15210.00
  }, {
    "date" : "2025-07-04",
    "price" : 591.23,
    "dma50" : 448.23,
    "dma100" : null,
    "dma200" : 383.66,
    "volume" : 26314.00
  }, {
    "date" : "2025-07-07",
    "price" : 586.67,
    "dma50" : 453.66,
    "dma100" : null,
    "dma200" : 385.68,
    "volume" : 6459.00
  }, {
    "date" : "2025-07-08",
    "price" : 598.00,
    "dma50" : 459.32,
    "dma100" : null,
    "dma200" : 387.80,
    "volume" : 26228.00
  }, {
    "date" : "2025-07-09",
    "price" : 600.00,
    "dma50" : 464.83,
    "dma100" : null,
    "dma200" : 389.91,
    "volume" : 29232.00
  }, {
    "date" : "2025-07-10",
    "price" : 588.33,
    "dma50" : 469.68,
    "dma100" : null,
    "dma200" : 391.88,
    "volume" : 7702.00
  }, {
    "date" : "2025-07-11",
    "price" : 588.33,
    "dma50" : 474.33,
    "dma100" : null,
    "dma200" : 393.84,
    "volume" : 5221.00
  }, {
    "date" : "2025-07-14",
    "price" : 600.10,
    "dma50" : 479.26,
    "dma100" : null,
    "dma200" : 395.89,
    "volume" : 9999.00
  }, {
    "date" : "2025-07-15",
    "price" : 610.00,
    "dma50" : 484.39,
    "dma100" : null,
    "dma200" : 398.02,
    "volume" : 1667.00
  }, {
    "date" : "2025-07-16",
    "price" : 597.80,
    "dma50" : 488.84,
    "dma100" : 386.36,
    "dma200" : 400.01,
    "volume" : 1703.00
  }, {
    "date" : "2025-07-17",
    "price" : 586.67,
    "dma50" : 492.67,
    "dma100" : 389.73,
    "dma200" : 401.86,
    "volume" : 1616.00
  }, {
    "date" : "2025-07-18",
    "price" : 583.33,
    "dma50" : 496.23,
    "dma100" : 393.16,
    "dma200" : 403.67,
    "volume" : 9110.00
  }, {
    "date" : "2025-07-21",
    "price" : 583.33,
    "dma50" : 499.64,
    "dma100" : 396.44,
    "dma200" : 405.46,
    "volume" : 3598.00
  }, {
    "date" : "2025-07-22",
    "price" : 583.33,
    "dma50" : 502.93,
    "dma100" : 399.65,
    "dma200" : 407.23,
    "volume" : 9902.00
  }, {
    "date" : "2025-07-23",
    "price" : 586.67,
    "dma50" : 506.21,
    "dma100" : 403.08,
    "dma200" : 409.01,
    "volume" : 5952.00
  }, {
    "date" : "2025-07-24",
    "price" : 598.00,
    "dma50" : 509.81,
    "dma100" : 406.71,
    "dma200" : 410.89,
    "volume" : 4743.00
  }, {
    "date" : "2025-07-25",
    "price" : 604.53,
    "dma50" : 513.52,
    "dma100" : 410.50,
    "dma200" : 412.82,
    "volume" : 4631.00
  }, {
    "date" : "2025-07-28",
    "price" : 594.07,
    "dma50" : 516.68,
    "dma100" : 414.19,
    "dma200" : 414.62,
    "volume" : 1923.00
  }, {
    "date" : "2025-07-29",
    "price" : 594.00,
    "dma50" : 519.71,
    "dma100" : 417.85,
    "dma200" : 416.41,
    "volume" : 1764.00
  }, {
    "date" : "2025-07-30",
    "price" : 605.87,
    "dma50" : 523.09,
    "dma100" : 421.52,
    "dma200" : 418.29,
    "volume" : 4769.00
  }, {
    "date" : "2025-07-31",
    "price" : 617.93,
    "dma50" : 526.81,
    "dma100" : 425.39,
    "dma200" : 420.28,
    "volume" : 8912.00
  }, {
    "date" : "2025-08-01",
    "price" : 616.67,
    "dma50" : 530.34,
    "dma100" : 429.14,
    "dma200" : 422.23,
    "volume" : 2859.00
  }, {
    "date" : "2025-08-04",
    "price" : 604.33,
    "dma50" : 533.24,
    "dma100" : 432.79,
    "dma200" : 424.05,
    "volume" : 751.00
  }, {
    "date" : "2025-08-05",
    "price" : 592.27,
    "dma50" : 535.55,
    "dma100" : 436.45,
    "dma200" : 425.72,
    "volume" : 639.00
  }, {
    "date" : "2025-08-06",
    "price" : 586.67,
    "dma50" : 537.56,
    "dma100" : 439.99,
    "dma200" : 427.32,
    "volume" : 7461.00
  }, {
    "date" : "2025-08-07",
    "price" : 574.93,
    "dma50" : 539.02,
    "dma100" : 443.43,
    "dma200" : 428.79,
    "volume" : 1996.00
  }, {
    "date" : "2025-08-08",
    "price" : 563.47,
    "dma50" : 539.98,
    "dma100" : 446.76,
    "dma200" : 430.13,
    "volume" : 5204.00
  }, {
    "date" : "2025-08-11",
    "price" : 560.20,
    "dma50" : 540.77,
    "dma100" : 450.04,
    "dma200" : 431.43,
    "volume" : 6543.00
  }, {
    "date" : "2025-08-12",
    "price" : 588.20,
    "dma50" : 542.63,
    "dma100" : 453.66,
    "dma200" : 432.99,
    "volume" : 14909.00
  }, {
    "date" : "2025-08-13",
    "price" : 617.60,
    "dma50" : 545.57,
    "dma100" : 457.58,
    "dma200" : 434.82,
    "volume" : 7869.00
  }, {
    "date" : "2025-08-14",
    "price" : 648.47,
    "dma50" : 549.61,
    "dma100" : 461.65,
    "dma200" : 436.95,
    "volume" : 16281.00
  }, {
    "date" : "2025-08-18",
    "price" : 670.73,
    "dma50" : 554.36,
    "dma100" : 465.79,
    "dma200" : 439.27,
    "volume" : 120862.00
  }, {
    "date" : "2025-08-19",
    "price" : 639.53,
    "dma50" : 557.70,
    "dma100" : 469.42,
    "dma200" : 441.27,
    "volume" : 16012.00
  }, {
    "date" : "2025-08-20",
    "price" : 623.20,
    "dma50" : 560.27,
    "dma100" : 473.07,
    "dma200" : 443.08,
    "volume" : 10769.00
  }, {
    "date" : "2025-08-21",
    "price" : 653.27,
    "dma50" : 563.91,
    "dma100" : 476.97,
    "dma200" : 445.17,
    "volume" : 11955.00
  }, {
    "date" : "2025-08-22",
    "price" : 630.80,
    "dma50" : 566.54,
    "dma100" : 480.73,
    "dma200" : 447.02,
    "volume" : 3416.00
  }, {
    "date" : "2025-08-25",
    "price" : 621.40,
    "dma50" : 568.69,
    "dma100" : 484.34,
    "dma200" : 448.75,
    "volume" : 13863.00
  }, {
    "date" : "2025-08-26",
    "price" : 605.30,
    "dma50" : 570.12,
    "dma100" : 487.69,
    "dma200" : 450.31,
    "volume" : 14153.00
  }, {
    "date" : "2025-08-28",
    "price" : 635.53,
    "dma50" : 572.69,
    "dma100" : 491.33,
    "dma200" : 452.15,
    "volume" : 24163.00
  }, {
    "date" : "2025-08-29",
    "price" : 666.70,
    "dma50" : 576.38,
    "dma100" : 495.01,
    "dma200" : 454.29,
    "volume" : 23388.00
  }, {
    "date" : "2025-09-01",
    "price" : 633.37,
    "dma50" : 578.61,
    "dma100" : 498.06,
    "dma200" : 456.07,
    "volume" : 16989.00
  }, {
    "date" : "2025-09-02",
    "price" : 628.17,
    "dma50" : 580.56,
    "dma100" : 501.23,
    "dma200" : 457.78,
    "volume" : 9558.00
  }, {
    "date" : "2025-09-03",
    "price" : 613.67,
    "dma50" : 581.85,
    "dma100" : 504.22,
    "dma200" : 459.33,
    "volume" : 20097.00
  }, {
    "date" : "2025-09-04",
    "price" : 583.90,
    "dma50" : 581.93,
    "dma100" : 506.79,
    "dma200" : 460.57,
    "volume" : 26087.00
  }, {
    "date" : "2025-09-05",
    "price" : 612.40,
    "dma50" : 583.13,
    "dma100" : 509.48,
    "dma200" : 462.08,
    "volume" : 29201.00
  }, {
    "date" : "2025-09-08",
    "price" : 622.87,
    "dma50" : 584.69,
    "dma100" : 512.10,
    "dma200" : 463.68,
    "volume" : 6023.00
  }, {
    "date" : "2025-09-09",
    "price" : 618.50,
    "dma50" : 586.01,
    "dma100" : 514.50,
    "dma200" : 465.22,
    "volume" : 8163.00
  }, {
    "date" : "2025-09-10",
    "price" : 598.50,
    "dma50" : 586.50,
    "dma100" : 516.51,
    "dma200" : 466.55,
    "volume" : 16500.00
  }, {
    "date" : "2025-09-11",
    "price" : 601.07,
    "dma50" : 587.07,
    "dma100" : 518.54,
    "dma200" : 467.89,
    "volume" : 2607.00
  }, {
    "date" : "2025-09-12",
    "price" : 593.67,
    "dma50" : 587.33,
    "dma100" : 520.43,
    "dma200" : 469.14,
    "volume" : 3021.00
  }, {
    "date" : "2025-09-15",
    "price" : 613.47,
    "dma50" : 588.36,
    "dma100" : 522.64,
    "dma200" : 470.57,
    "volume" : 13272.00
  }, {
    "date" : "2025-09-16",
    "price" : 618.63,
    "dma50" : 589.54,
    "dma100" : 524.88,
    "dma200" : 472.05,
    "volume" : 7303.00
  }, {
    "date" : "2025-09-17",
    "price" : 645.67,
    "dma50" : 591.75,
    "dma100" : 527.49,
    "dma200" : 473.78,
    "volume" : 20402.00
  }, {
    "date" : "2025-09-18",
    "price" : 644.70,
    "dma50" : 593.82,
    "dma100" : 530.01,
    "dma200" : 475.48,
    "volume" : 7235.00
  }, {
    "date" : "2025-09-19",
    "price" : 654.00,
    "dma50" : 596.18,
    "dma100" : 532.59,
    "dma200" : 477.25,
    "volume" : 15120.00
  }, {
    "date" : "2025-09-22",
    "price" : 672.47,
    "dma50" : 599.17,
    "dma100" : 535.51,
    "dma200" : 479.19,
    "volume" : 32706.00
  }, {
    "date" : "2025-09-23",
    "price" : 671.77,
    "dma50" : 602.02,
    "dma100" : 538.52,
    "dma200" : 481.11,
    "volume" : 9620.00
  }, {
    "date" : "2025-09-24",
    "price" : 665.17,
    "dma50" : 604.50,
    "dma100" : 541.54,
    "dma200" : 482.94,
    "volume" : 8412.00
  }, {
    "date" : "2025-09-25",
    "price" : 646.53,
    "dma50" : 606.15,
    "dma100" : 544.55,
    "dma200" : 484.57,
    "volume" : 4910.00
  }, {
    "date" : "2025-09-26",
    "price" : 656.87,
    "dma50" : 608.13,
    "dma100" : 547.48,
    "dma200" : 486.28,
    "volume" : 18162.00
  }, {
    "date" : "2025-09-29",
    "price" : 646.27,
    "dma50" : 609.63,
    "dma100" : 550.16,
    "dma200" : 487.88,
    "volume" : 20166.00
  }, {
    "date" : "2025-09-30",
    "price" : 669.40,
    "dma50" : 611.97,
    "dma100" : 553.12,
    "dma200" : 489.68,
    "volume" : 37146.00
  }, {
    "date" : "2025-10-01",
    "price" : 702.87,
    "dma50" : 615.54,
    "dma100" : 556.22,
    "dma200" : 491.80,
    "volume" : 14322.00
  }, {
    "date" : "2025-10-03",
    "price" : 738.00,
    "dma50" : 620.34,
    "dma100" : 559.60,
    "dma200" : 494.25,
    "volume" : 19352.00
  }, {
    "date" : "2025-10-06",
    "price" : 774.90,
    "dma50" : 626.40,
    "dma100" : 563.36,
    "dma200" : 497.05,
    "volume" : 19071.00
  }, {
    "date" : "2025-10-07",
    "price" : 785.47,
    "dma50" : 632.64,
    "dma100" : 567.16,
    "dma200" : 499.92,
    "volume" : 34257.00
  }, {
    "date" : "2025-10-08",
    "price" : 769.77,
    "dma50" : 638.02,
    "dma100" : 570.71,
    "dma200" : 502.60,
    "volume" : 2084.00
  }, {
    "date" : "2025-10-09",
    "price" : 754.40,
    "dma50" : 642.58,
    "dma100" : 574.03,
    "dma200" : 505.11,
    "volume" : 10220.00
  }, {
    "date" : "2025-10-10",
    "price" : 740.00,
    "dma50" : 646.40,
    "dma100" : 577.12,
    "dma200" : 507.44,
    "volume" : 6966.00
  }, {
    "date" : "2025-10-13",
    "price" : 725.20,
    "dma50" : 649.49,
    "dma100" : 579.98,
    "dma200" : 509.61,
    "volume" : 8467.00
  }, {
    "date" : "2025-10-14",
    "price" : 739.70,
    "dma50" : 653.03,
    "dma100" : 582.91,
    "dma200" : 511.90,
    "volume" : 8106.00
  }, {
    "date" : "2025-10-15",
    "price" : 754.45,
    "dma50" : 657.01,
    "dma100" : 585.99,
    "dma200" : 514.31,
    "volume" : 5625.00
  }, {
    "date" : "2025-10-16",
    "price" : 769.00,
    "dma50" : 661.40,
    "dma100" : 589.30,
    "dma200" : 516.85,
    "volume" : 5570.00
  }, {
    "date" : "2025-10-17",
    "price" : 783.00,
    "dma50" : 666.17,
    "dma100" : 592.84,
    "dma200" : 519.50,
    "volume" : 9326.00
  }, {
    "date" : "2025-10-20",
    "price" : 798.50,
    "dma50" : 671.36,
    "dma100" : 596.45,
    "dma200" : 522.27,
    "volume" : 6024.00
  }, {
    "date" : "2025-10-21",
    "price" : 813.95,
    "dma50" : 676.95,
    "dma100" : 600.13,
    "dma200" : 525.17,
    "volume" : 1355.00
  }, {
    "date" : "2025-10-23",
    "price" : 797.70,
    "dma50" : 681.68,
    "dma100" : 603.55,
    "dma200" : 527.89,
    "volume" : 3806.00
  }, {
    "date" : "2025-10-24",
    "price" : 781.75,
    "dma50" : 685.61,
    "dma100" : 606.72,
    "dma200" : 530.41,
    "volume" : 709.00
  }, {
    "date" : "2025-10-27",
    "price" : 774.00,
    "dma50" : 689.07,
    "dma100" : 609.73,
    "dma200" : 532.84,
    "volume" : 4201.00
  }, {
    "date" : "2025-10-28",
    "price" : 764.90,
    "dma50" : 692.05,
    "dma100" : 612.74,
    "dma200" : 535.15,
    "volume" : 4832.00
  }, {
    "date" : "2025-10-29",
    "price" : 780.15,
    "dma50" : 695.50,
    "dma100" : 615.99,
    "dma200" : 537.58,
    "volume" : 10757.00
  }, {
    "date" : "2025-10-30",
    "price" : 795.75,
    "dma50" : 699.43,
    "dma100" : 619.47,
    "dma200" : 540.15,
    "volume" : 16747.00
  }, {
    "date" : "2025-10-31",
    "price" : 779.85,
    "dma50" : 702.59,
    "dma100" : 622.71,
    "dma200" : 542.54,
    "volume" : 6484.00
  }, {
    "date" : "2025-11-03",
    "price" : 795.40,
    "dma50" : 706.23,
    "dma100" : 626.08,
    "dma200" : 545.05,
    "volume" : 8085.00
  }, {
    "date" : "2025-11-04",
    "price" : 805.00,
    "dma50" : 710.10,
    "dma100" : 629.65,
    "dma200" : 547.64,
    "volume" : 3359.00
  }, {
    "date" : "2025-11-06",
    "price" : 788.90,
    "dma50" : 713.19,
    "dma100" : 633.13,
    "dma200" : 550.04,
    "volume" : 6985.00
  }, {
    "date" : "2025-11-07",
    "price" : 773.15,
    "dma50" : 715.54,
    "dma100" : 636.38,
    "dma200" : 552.26,
    "volume" : 3315.00
  }, {
    "date" : "2025-11-10",
    "price" : 761.00,
    "dma50" : 717.33,
    "dma100" : 639.41,
    "dma200" : 554.34,
    "volume" : 4990.00
  }, {
    "date" : "2025-11-11",
    "price" : 767.10,
    "dma50" : 719.28,
    "dma100" : 642.45,
    "dma200" : 556.45,
    "volume" : 1686.00
  }, {
    "date" : "2025-11-12",
    "price" : 780.00,
    "dma50" : 721.66,
    "dma100" : 645.71,
    "dma200" : 558.68,
    "volume" : 3431.00
  }, {
    "date" : "2025-11-13",
    "price" : 788.00,
    "dma50" : 724.26,
    "dma100" : 649.14,
    "dma200" : 560.96,
    "volume" : 2250.00
  }, {
    "date" : "2025-11-14",
    "price" : 772.25,
    "dma50" : 726.14,
    "dma100" : 652.46,
    "dma200" : 563.06,
    "volume" : 5381.00
  }, {
    "date" : "2025-11-17",
    "price" : 766.45,
    "dma50" : 727.72,
    "dma100" : 655.50,
    "dma200" : 565.09,
    "volume" : 18806.00
  }, {
    "date" : "2025-11-18",
    "price" : 772.70,
    "dma50" : 729.49,
    "dma100" : 658.38,
    "dma200" : 567.15,
    "volume" : 9062.00
  }, {
    "date" : "2025-11-19",
    "price" : 764.70,
    "dma50" : 730.87,
    "dma100" : 661.29,
    "dma200" : 569.12,
    "volume" : 4302.00
  }, {
    "date" : "2025-11-20",
    "price" : 784.15,
    "dma50" : 732.96,
    "dma100" : 664.37,
    "dma200" : 571.26,
    "volume" : 8056.00
  }, {
    "date" : "2025-11-21",
    "price" : 771.25,
    "dma50" : 734.46,
    "dma100" : 667.08,
    "dma200" : 573.25,
    "volume" : 2969.00
  }, {
    "date" : "2025-11-24",
    "price" : 732.70,
    "dma50" : 734.39,
    "dma100" : 669.15,
    "dma200" : 574.83,
    "volume" : 10390.00
  }, {
    "date" : "2025-11-25",
    "price" : 696.10,
    "dma50" : 732.89,
    "dma100" : 670.60,
    "dma200" : 576.04,
    "volume" : 11894.00
  }, {
    "date" : "2025-11-26",
    "price" : 661.30,
    "dma50" : 730.08,
    "dma100" : 671.77,
    "dma200" : 576.89,
    "volume" : 35829.00
  }, {
    "date" : "2025-11-27",
    "price" : 693.50,
    "dma50" : 728.65,
    "dma100" : 673.05,
    "dma200" : 578.05,
    "volume" : 21769.00
  }, {
    "date" : "2025-11-28",
    "price" : 711.00,
    "dma50" : 727.95,
    "dma100" : 674.25,
    "dma200" : 579.37,
    "volume" : 21736.00
  }, {
    "date" : "2025-12-01",
    "price" : 700.95,
    "dma50" : 726.90,
    "dma100" : 675.40,
    "dma200" : 580.58,
    "volume" : 6210.00
  }, {
    "date" : "2025-12-02",
    "price" : 680.60,
    "dma50" : 725.08,
    "dma100" : 676.22,
    "dma200" : 581.58,
    "volume" : 9883.00
  }, {
    "date" : "2025-12-03",
    "price" : 689.10,
    "dma50" : 723.67,
    "dma100" : 677.11,
    "dma200" : 582.65,
    "volume" : 7685.00
  }, {
    "date" : "2025-12-04",
    "price" : 678.25,
    "dma50" : 721.89,
    "dma100" : 678.01,
    "dma200" : 583.60,
    "volume" : 1429.00
  }, {
    "date" : "2025-12-05",
    "price" : 658.25,
    "dma50" : 719.39,
    "dma100" : 678.71,
    "dma200" : 584.34,
    "volume" : 1514.00
  }, {
    "date" : "2025-12-08",
    "price" : 639.05,
    "dma50" : 716.24,
    "dma100" : 679.10,
    "dma200" : 584.89,
    "volume" : 11800.00
  }, {
    "date" : "2025-12-09",
    "price" : 702.90,
    "dma50" : 715.72,
    "dma100" : 680.03,
    "dma200" : 586.06,
    "volume" : 28258.00
  }, {
    "date" : "2025-12-10",
    "price" : 750.35,
    "dma50" : 717.08,
    "dma100" : 681.55,
    "dma200" : 587.69,
    "volume" : 23520.00
  }, {
    "date" : "2025-12-11",
    "price" : 765.65,
    "dma50" : 718.98,
    "dma100" : 683.34,
    "dma200" : 589.47,
    "volume" : 12519.00
  }, {
    "date" : "2025-12-12",
    "price" : 801.05,
    "dma50" : 722.20,
    "dma100" : 685.52,
    "dma200" : 591.57,
    "volume" : 13995.00
  }, {
    "date" : "2025-12-15",
    "price" : 822.25,
    "dma50" : 726.12,
    "dma100" : 687.91,
    "dma200" : 593.87,
    "volume" : 12694.00
  }, {
    "date" : "2025-12-16",
    "price" : 851.35,
    "dma50" : 731.03,
    "dma100" : 690.59,
    "dma200" : 596.43,
    "volume" : 16262.00
  }, {
    "date" : "2025-12-17",
    "price" : 808.80,
    "dma50" : 734.08,
    "dma100" : 692.81,
    "dma200" : 598.54,
    "volume" : 14247.00
  }, {
    "date" : "2025-12-18",
    "price" : 803.95,
    "dma50" : 736.82,
    "dma100" : 694.87,
    "dma200" : 600.58,
    "volume" : 21387.00
  }, {
    "date" : "2025-12-19",
    "price" : 838.70,
    "dma50" : 740.82,
    "dma100" : 697.21,
    "dma200" : 602.95,
    "volume" : 8494.00
  }, {
    "date" : "2025-12-22",
    "price" : 825.15,
    "dma50" : 744.13,
    "dma100" : 699.52,
    "dma200" : 605.17,
    "volume" : 9823.00
  }, {
    "date" : "2025-12-23",
    "price" : 809.15,
    "dma50" : 746.68,
    "dma100" : 701.68,
    "dma200" : 607.19,
    "volume" : 8402.00
  }, {
    "date" : "2025-12-24",
    "price" : 808.15,
    "dma50" : 749.09,
    "dma100" : 703.70,
    "dma200" : 609.19,
    "volume" : 6283.00
  }, {
    "date" : "2025-12-26",
    "price" : 829.80,
    "dma50" : 752.25,
    "dma100" : 705.82,
    "dma200" : 611.39,
    "volume" : 44021.00
  }, {
    "date" : "2025-12-29",
    "price" : 839.75,
    "dma50" : 755.68,
    "dma100" : 708.05,
    "dma200" : 613.66,
    "volume" : 12528.00
  }, {
    "date" : "2025-12-30",
    "price" : 862.30,
    "dma50" : 759.86,
    "dma100" : 710.63,
    "dma200" : 616.14,
    "volume" : 20485.00
  }, {
    "date" : "2025-12-31",
    "price" : 875.50,
    "dma50" : 764.40,
    "dma100" : 713.46,
    "dma200" : 618.72,
    "volume" : 16788.00
  }, {
    "date" : "2026-01-01",
    "price" : 855.10,
    "dma50" : 767.96,
    "dma100" : 716.14,
    "dma200" : 621.07,
    "volume" : 11076.00
  }, {
    "date" : "2026-01-02",
    "price" : 860.25,
    "dma50" : 771.58,
    "dma100" : 719.00,
    "dma200" : 623.45,
    "volume" : 11459.00
  }, {
    "date" : "2026-01-05",
    "price" : 841.80,
    "dma50" : 774.33,
    "dma100" : 721.78,
    "dma200" : 625.62,
    "volume" : 5100.00
  }, {
    "date" : "2026-01-06",
    "price" : 842.50,
    "dma50" : 777.00,
    "dma100" : 724.60,
    "dma200" : 627.78,
    "volume" : 6890.00
  }, {
    "date" : "2026-01-07",
    "price" : 832.70,
    "dma50" : 779.19,
    "dma100" : 727.05,
    "dma200" : 629.82,
    "volume" : 22900.00
  }, {
    "date" : "2026-01-08",
    "price" : 839.50,
    "dma50" : 781.55,
    "dma100" : 729.27,
    "dma200" : 631.90,
    "volume" : 14210.00
  }, {
    "date" : "2026-01-09",
    "price" : 806.70,
    "dma50" : 782.54,
    "dma100" : 730.85,
    "dma200" : 633.64,
    "volume" : 7004.00
  }, {
    "date" : "2026-01-12",
    "price" : 784.00,
    "dma50" : 782.60,
    "dma100" : 731.98,
    "dma200" : 635.14,
    "volume" : 10194.00
  }, {
    "date" : "2026-01-13",
    "price" : 795.95,
    "dma50" : 783.12,
    "dma100" : 733.55,
    "dma200" : 636.74,
    "volume" : 4206.00
  }, {
    "date" : "2026-01-14",
    "price" : 813.10,
    "dma50" : 784.29,
    "dma100" : 735.45,
    "dma200" : 638.49,
    "volume" : 3240.00
  }, {
    "date" : "2026-01-16",
    "price" : 803.10,
    "dma50" : 785.03,
    "dma100" : 736.94,
    "dma200" : 640.13,
    "volume" : 11972.00
  }, {
    "date" : "2026-01-19",
    "price" : 781.50,
    "dma50" : 784.89,
    "dma100" : 738.45,
    "dma200" : 641.54,
    "volume" : 2159.00
  }, {
    "date" : "2026-01-20",
    "price" : 742.45,
    "dma50" : 783.23,
    "dma100" : 739.66,
    "dma200" : 642.54,
    "volume" : 14378.00
  }, {
    "date" : "2026-01-21",
    "price" : 756.75,
    "dma50" : 782.19,
    "dma100" : 741.18,
    "dma200" : 643.68,
    "volume" : 79597.00
  }, {
    "date" : "2026-01-22",
    "price" : 780.00,
    "dma50" : 782.10,
    "dma100" : 742.62,
    "dma200" : 645.04,
    "volume" : 26924.00
  }, {
    "date" : "2026-01-23",
    "price" : 818.40,
    "dma50" : 783.53,
    "dma100" : 744.14,
    "dma200" : 646.76,
    "volume" : 33203.00
  }, {
    "date" : "2026-01-27",
    "price" : 856.00,
    "dma50" : 786.37,
    "dma100" : 746.36,
    "dma200" : 648.84,
    "volume" : 19609.00
  }, {
    "date" : "2026-01-28",
    "price" : 896.45,
    "dma50" : 790.69,
    "dma100" : 749.05,
    "dma200" : 651.31,
    "volume" : 19952.00
  }, {
    "date" : "2026-01-29",
    "price" : 874.85,
    "dma50" : 793.99,
    "dma100" : 751.66,
    "dma200" : 653.53,
    "volume" : 11917.00
  }, {
    "date" : "2026-01-30",
    "price" : 832.85,
    "dma50" : 795.51,
    "dma100" : 754.15,
    "dma200" : 655.32,
    "volume" : 6849.00
  }, {
    "date" : "2026-02-01",
    "price" : 796.75,
    "dma50" : 795.56,
    "dma100" : 755.99,
    "dma200" : 656.72,
    "volume" : 5047.00
  }, {
    "date" : "2026-02-02",
    "price" : 836.55,
    "dma50" : 797.17,
    "dma100" : 758.13,
    "dma200" : 658.51,
    "volume" : 8821.00
  }, {
    "date" : "2026-02-03",
    "price" : 878.35,
    "dma50" : 800.35,
    "dma100" : 760.73,
    "dma200" : 660.70,
    "volume" : 28252.00
  }, {
    "date" : "2026-02-04",
    "price" : 896.15,
    "dma50" : 804.11,
    "dma100" : 763.70,
    "dma200" : 663.04,
    "volume" : 79604.00
  }, {
    "date" : "2026-02-05",
    "price" : 947.85,
    "dma50" : 809.75,
    "dma100" : 767.17,
    "dma200" : 665.88,
    "volume" : 25162.00
  }, {
    "date" : "2026-02-06",
    "price" : 1018.55,
    "dma50" : 817.93,
    "dma100" : 771.42,
    "dma200" : 669.39,
    "volume" : 28402.00
  }, {
    "date" : "2026-02-09",
    "price" : 1036.70,
    "dma50" : 826.51,
    "dma100" : 775.65,
    "dma200" : 673.04,
    "volume" : 26999.00
  }, {
    "date" : "2026-02-10",
    "price" : 1071.70,
    "dma50" : 836.13,
    "dma100" : 780.18,
    "dma200" : 677.01,
    "volume" : 23533.00
  }, {
    "date" : "2026-02-11",
    "price" : 1020.55,
    "dma50" : 843.36,
    "dma100" : 783.93,
    "dma200" : 680.43,
    "volume" : 25188.00
  }, {
    "date" : "2026-02-12",
    "price" : 1045.30,
    "dma50" : 851.28,
    "dma100" : 787.94,
    "dma200" : 684.06,
    "volume" : 21737.00
  }, {
    "date" : "2026-02-13",
    "price" : 1032.90,
    "dma50" : 858.40,
    "dma100" : 791.73,
    "dma200" : 687.53,
    "volume" : 12359.00
  } ],
  "latestTechnicalAttributes" : {
    "date" : "2026-02-13",
    "price" : 1032.90,
    "dma50" : 858.40,
    "dma100" : 791.73,
    "dma200" : 687.53,
    "volume" : 12359.00
  },
  "quarterlyResults" : [ {
    "date" : "2005-03-31",
    "sales" : 3.14,
    "salesGrowthYoY" : null,
    "grossProfitMargin" : 49.68,
    "grossProfit" : 1.56,
    "operatingProfitMargin" : 28.03,
    "operatingProfit" : 0.88,
    "netProfitMargin" : 26.11,
    "netProfit" : 0.82
  }, {
    "date" : "2005-06-30",
    "sales" : 2.46,
    "salesGrowthYoY" : null,
    "grossProfitMargin" : 50.81,
    "grossProfit" : 1.25,
    "operatingProfitMargin" : 20.73,
    "operatingProfit" : 0.51,
    "netProfitMargin" : 15.85,
    "netProfit" : 0.39
  }, {
    "date" : "2005-09-30",
    "sales" : 2.61,
    "salesGrowthYoY" : null,
    "grossProfitMargin" : 50.57,
    "grossProfit" : 1.32,
    "operatingProfitMargin" : 16.86,
    "operatingProfit" : 0.44,
    "netProfitMargin" : 13.03,
    "netProfit" : 0.34
  }, {
    "date" : "2005-12-31",
    "sales" : 2.54,
    "salesGrowthYoY" : null,
    "grossProfitMargin" : 51.97,
    "grossProfit" : 1.32,
    "operatingProfitMargin" : 20.87,
    "operatingProfit" : 0.53,
    "netProfitMargin" : 18.50,
    "netProfit" : 0.47
  }, {
    "date" : "2006-03-31",
    "sales" : 2.62,
    "salesGrowthYoY" : -16.56,
    "grossProfitMargin" : 53.44,
    "grossProfit" : 1.40,
    "operatingProfitMargin" : 26.34,
    "operatingProfit" : 0.69,
    "netProfitMargin" : 24.05,
    "netProfit" : 0.63
  }, {
    "date" : "2006-06-30",
    "sales" : 2.04,
    "salesGrowthYoY" : -17.07,
    "grossProfitMargin" : 54.90,
    "grossProfit" : 1.12,
    "operatingProfitMargin" : 17.16,
    "operatingProfit" : 0.35,
    "netProfitMargin" : 12.25,
    "netProfit" : 0.25
  }, {
    "date" : "2006-09-30",
    "sales" : 2.20,
    "salesGrowthYoY" : -15.71,
    "grossProfitMargin" : 54.09,
    "grossProfit" : 1.19,
    "operatingProfitMargin" : 22.73,
    "operatingProfit" : 0.50,
    "netProfitMargin" : 18.18,
    "netProfit" : 0.40
  }, {
    "date" : "2006-12-31",
    "sales" : 2.77,
    "salesGrowthYoY" : 9.06,
    "grossProfitMargin" : 54.51,
    "grossProfit" : 1.51,
    "operatingProfitMargin" : 27.08,
    "operatingProfit" : 0.75,
    "netProfitMargin" : 23.10,
    "netProfit" : 0.64
  }, {
    "date" : "2007-03-31",
    "sales" : 1.36,
    "salesGrowthYoY" : -48.09,
    "grossProfitMargin" : 55.15,
    "grossProfit" : 0.75,
    "operatingProfitMargin" : 8.09,
    "operatingProfit" : 0.11,
    "netProfitMargin" : -6.62,
    "netProfit" : -0.09
  }, {
    "date" : "2007-06-30",
    "sales" : 2.42,
    "salesGrowthYoY" : 18.63,
    "grossProfitMargin" : 53.72,
    "grossProfit" : 1.30,
    "operatingProfitMargin" : 9.92,
    "operatingProfit" : 0.24,
    "netProfitMargin" : 7.02,
    "netProfit" : 0.17
  }, {
    "date" : "2007-09-30",
    "sales" : 3.18,
    "salesGrowthYoY" : 44.55,
    "grossProfitMargin" : 55.03,
    "grossProfit" : 1.75,
    "operatingProfitMargin" : 30.19,
    "operatingProfit" : 0.96,
    "netProfitMargin" : 32.39,
    "netProfit" : 1.03
  }, {
    "date" : "2007-12-31",
    "sales" : 2.07,
    "salesGrowthYoY" : -25.27,
    "grossProfitMargin" : 55.07,
    "grossProfit" : 1.14,
    "operatingProfitMargin" : 12.08,
    "operatingProfit" : 0.25,
    "netProfitMargin" : 6.28,
    "netProfit" : 0.13
  }, {
    "date" : "2008-03-31",
    "sales" : 2.02,
    "salesGrowthYoY" : 48.53,
    "grossProfitMargin" : 56.93,
    "grossProfit" : 1.15,
    "operatingProfitMargin" : 34.16,
    "operatingProfit" : 0.69,
    "netProfitMargin" : 32.67,
    "netProfit" : 0.66
  }, {
    "date" : "2008-06-30",
    "sales" : 1.96,
    "salesGrowthYoY" : -19.01,
    "grossProfitMargin" : 54.59,
    "grossProfit" : 1.07,
    "operatingProfitMargin" : 3.06,
    "operatingProfit" : 0.06,
    "netProfitMargin" : 27.55,
    "netProfit" : 0.54
  }, {
    "date" : "2008-09-30",
    "sales" : 2.29,
    "salesGrowthYoY" : -27.99,
    "grossProfitMargin" : 54.59,
    "grossProfit" : 1.25,
    "operatingProfitMargin" : 19.65,
    "operatingProfit" : 0.45,
    "netProfitMargin" : 21.83,
    "netProfit" : 0.50
  }, {
    "date" : "2008-12-31",
    "sales" : 3.12,
    "salesGrowthYoY" : 50.72,
    "grossProfitMargin" : 55.13,
    "grossProfit" : 1.72,
    "operatingProfitMargin" : 13.14,
    "operatingProfit" : 0.41,
    "netProfitMargin" : 14.74,
    "netProfit" : 0.46
  }, {
    "date" : "2009-03-31",
    "sales" : 3.98,
    "salesGrowthYoY" : 97.03,
    "grossProfitMargin" : 46.48,
    "grossProfit" : 1.85,
    "operatingProfitMargin" : 21.36,
    "operatingProfit" : 0.85,
    "netProfitMargin" : 23.62,
    "netProfit" : 0.94
  }, {
    "date" : "2009-06-30",
    "sales" : 3.11,
    "salesGrowthYoY" : 58.67,
    "grossProfitMargin" : 47.27,
    "grossProfit" : 1.47,
    "operatingProfitMargin" : 16.08,
    "operatingProfit" : 0.50,
    "netProfitMargin" : 27.33,
    "netProfit" : 0.85
  }, {
    "date" : "2009-09-30",
    "sales" : 1.78,
    "salesGrowthYoY" : -22.27,
    "grossProfitMargin" : 48.88,
    "grossProfit" : 0.87,
    "operatingProfitMargin" : -3.93,
    "operatingProfit" : -0.07,
    "netProfitMargin" : 0.56,
    "netProfit" : 0.01
  }, {
    "date" : "2009-12-31",
    "sales" : 3.57,
    "salesGrowthYoY" : 14.42,
    "grossProfitMargin" : 49.02,
    "grossProfit" : 1.75,
    "operatingProfitMargin" : 17.65,
    "operatingProfit" : 0.63,
    "netProfitMargin" : 6.16,
    "netProfit" : 0.22
  }, {
    "date" : "2010-03-31",
    "sales" : 1.77,
    "salesGrowthYoY" : -55.53,
    "grossProfitMargin" : 49.72,
    "grossProfit" : 0.88,
    "operatingProfitMargin" : -0.56,
    "operatingProfit" : -0.01,
    "netProfitMargin" : 1.13,
    "netProfit" : 0.02
  }, {
    "date" : "2010-06-30",
    "sales" : 1.54,
    "salesGrowthYoY" : -50.48,
    "grossProfitMargin" : 50.00,
    "grossProfit" : 0.77,
    "operatingProfitMargin" : -9.09,
    "operatingProfit" : -0.14,
    "netProfitMargin" : -3.25,
    "netProfit" : -0.05
  }, {
    "date" : "2010-09-30",
    "sales" : 2.06,
    "salesGrowthYoY" : 15.73,
    "grossProfitMargin" : 49.03,
    "grossProfit" : 1.01,
    "operatingProfitMargin" : 10.19,
    "operatingProfit" : 0.21,
    "netProfitMargin" : 7.28,
    "netProfit" : 0.15
  }, {
    "date" : "2010-12-31",
    "sales" : 1.52,
    "salesGrowthYoY" : -57.42,
    "grossProfitMargin" : 50.00,
    "grossProfit" : 0.76,
    "operatingProfitMargin" : -8.55,
    "operatingProfit" : -0.13,
    "netProfitMargin" : -5.26,
    "netProfit" : -0.08
  }, {
    "date" : "2011-03-31",
    "sales" : 1.94,
    "salesGrowthYoY" : 9.60,
    "grossProfitMargin" : 50.00,
    "grossProfit" : 0.97,
    "operatingProfitMargin" : -3.61,
    "operatingProfit" : -0.07,
    "netProfitMargin" : 8.76,
    "netProfit" : 0.17
  }, {
    "date" : "2011-06-30",
    "sales" : 1.47,
    "salesGrowthYoY" : -4.55,
    "grossProfitMargin" : 49.66,
    "grossProfit" : 0.73,
    "operatingProfitMargin" : -9.52,
    "operatingProfit" : -0.14,
    "netProfitMargin" : -6.80,
    "netProfit" : -0.10
  }, {
    "date" : "2011-09-30",
    "sales" : 2.30,
    "salesGrowthYoY" : 11.65,
    "grossProfitMargin" : 50.43,
    "grossProfit" : 1.16,
    "operatingProfitMargin" : 6.96,
    "operatingProfit" : 0.16,
    "netProfitMargin" : 7.83,
    "netProfit" : 0.18
  }, {
    "date" : "2011-12-31",
    "sales" : 2.92,
    "salesGrowthYoY" : 92.11,
    "grossProfitMargin" : 49.66,
    "grossProfit" : 1.45,
    "operatingProfitMargin" : 11.99,
    "operatingProfit" : 0.35,
    "netProfitMargin" : 8.90,
    "netProfit" : 0.26
  }, {
    "date" : "2012-03-31",
    "sales" : 1.42,
    "salesGrowthYoY" : -26.80,
    "grossProfitMargin" : 50.00,
    "grossProfit" : 0.71,
    "operatingProfitMargin" : -14.08,
    "operatingProfit" : -0.20,
    "netProfitMargin" : -8.45,
    "netProfit" : -0.12
  }, {
    "date" : "2012-06-30",
    "sales" : 1.64,
    "salesGrowthYoY" : 11.56,
    "grossProfitMargin" : 49.39,
    "grossProfit" : 0.81,
    "operatingProfitMargin" : -6.71,
    "operatingProfit" : -0.11,
    "netProfitMargin" : -4.27,
    "netProfit" : -0.07
  }, {
    "date" : "2012-09-30",
    "sales" : 2.17,
    "salesGrowthYoY" : -5.65,
    "grossProfitMargin" : 49.31,
    "grossProfit" : 1.07,
    "operatingProfitMargin" : 3.69,
    "operatingProfit" : 0.08,
    "netProfitMargin" : 0.92,
    "netProfit" : 0.02
  }, {
    "date" : "2012-12-31",
    "sales" : 2.09,
    "salesGrowthYoY" : -28.42,
    "grossProfitMargin" : 49.28,
    "grossProfit" : 1.03,
    "operatingProfitMargin" : -5.26,
    "operatingProfit" : -0.11,
    "netProfitMargin" : -3.83,
    "netProfit" : -0.08
  }, {
    "date" : "2013-03-31",
    "sales" : 1.95,
    "salesGrowthYoY" : 37.32,
    "grossProfitMargin" : 44.62,
    "grossProfit" : 0.87,
    "operatingProfitMargin" : -11.79,
    "operatingProfit" : -0.23,
    "netProfitMargin" : -6.15,
    "netProfit" : -0.12
  }, {
    "date" : "2013-06-30",
    "sales" : 1.90,
    "salesGrowthYoY" : 15.85,
    "grossProfitMargin" : 45.79,
    "grossProfit" : 0.87,
    "operatingProfitMargin" : -14.21,
    "operatingProfit" : -0.27,
    "netProfitMargin" : -6.84,
    "netProfit" : -0.13
  }, {
    "date" : "2013-09-30",
    "sales" : 2.52,
    "salesGrowthYoY" : 16.13,
    "grossProfitMargin" : 44.05,
    "grossProfit" : 1.11,
    "operatingProfitMargin" : -5.16,
    "operatingProfit" : -0.13,
    "netProfitMargin" : -4.37,
    "netProfit" : -0.11
  }, {
    "date" : "2013-12-31",
    "sales" : 2.93,
    "salesGrowthYoY" : 40.19,
    "grossProfitMargin" : 46.42,
    "grossProfit" : 1.36,
    "operatingProfitMargin" : -0.34,
    "operatingProfit" : -0.01,
    "netProfitMargin" : -3.07,
    "netProfit" : -0.09
  }, {
    "date" : "2014-03-31",
    "sales" : 3.88,
    "salesGrowthYoY" : 98.97,
    "grossProfitMargin" : 49.23,
    "grossProfit" : 1.91,
    "operatingProfitMargin" : 10.57,
    "operatingProfit" : 0.41,
    "netProfitMargin" : 3.35,
    "netProfit" : 0.13
  }, {
    "date" : "2014-06-30",
    "sales" : 1.90,
    "salesGrowthYoY" : 0.00,
    "grossProfitMargin" : 47.37,
    "grossProfit" : 0.90,
    "operatingProfitMargin" : -14.21,
    "operatingProfit" : -0.27,
    "netProfitMargin" : -11.58,
    "netProfit" : -0.22
  }, {
    "date" : "2014-09-30",
    "sales" : 2.72,
    "salesGrowthYoY" : 7.94,
    "grossProfitMargin" : 47.79,
    "grossProfit" : 1.30,
    "operatingProfitMargin" : -7.72,
    "operatingProfit" : -0.21,
    "netProfitMargin" : -3.68,
    "netProfit" : -0.10
  }, {
    "date" : "2014-12-31",
    "sales" : 4.15,
    "salesGrowthYoY" : 41.64,
    "grossProfitMargin" : 46.51,
    "grossProfit" : 1.93,
    "operatingProfitMargin" : 10.84,
    "operatingProfit" : 0.45,
    "netProfitMargin" : 6.51,
    "netProfit" : 0.27
  }, {
    "date" : "2015-03-31",
    "sales" : 2.42,
    "salesGrowthYoY" : -37.63,
    "grossProfitMargin" : 50.83,
    "grossProfit" : 1.23,
    "operatingProfitMargin" : 4.55,
    "operatingProfit" : 0.11,
    "netProfitMargin" : -3.72,
    "netProfit" : -0.09
  }, {
    "date" : "2015-06-30",
    "sales" : 4.40,
    "salesGrowthYoY" : 131.58,
    "grossProfitMargin" : 48.86,
    "grossProfit" : 2.15,
    "operatingProfitMargin" : 17.73,
    "operatingProfit" : 0.78,
    "netProfitMargin" : 10.23,
    "netProfit" : 0.45
  }, {
    "date" : "2015-09-30",
    "sales" : 3.26,
    "salesGrowthYoY" : 19.85,
    "grossProfitMargin" : 51.84,
    "grossProfit" : 1.69,
    "operatingProfitMargin" : 7.36,
    "operatingProfit" : 0.24,
    "netProfitMargin" : 2.45,
    "netProfit" : 0.08
  }, {
    "date" : "2015-12-31",
    "sales" : 1.58,
    "salesGrowthYoY" : -61.93,
    "grossProfitMargin" : 49.37,
    "grossProfit" : 0.78,
    "operatingProfitMargin" : -51.27,
    "operatingProfit" : -0.81,
    "netProfitMargin" : -45.57,
    "netProfit" : -0.72
  }, {
    "date" : "2016-03-31",
    "sales" : 4.27,
    "salesGrowthYoY" : 76.45,
    "grossProfitMargin" : 56.67,
    "grossProfit" : 2.42,
    "operatingProfitMargin" : 20.61,
    "operatingProfit" : 0.88,
    "netProfitMargin" : 9.13,
    "netProfit" : 0.39
  }, {
    "date" : "2016-06-30",
    "sales" : 3.56,
    "salesGrowthYoY" : -19.09,
    "grossProfitMargin" : 50.28,
    "grossProfit" : 1.79,
    "operatingProfitMargin" : 1.40,
    "operatingProfit" : 0.05,
    "netProfitMargin" : -6.46,
    "netProfit" : -0.23
  }, {
    "date" : "2016-09-30",
    "sales" : 3.77,
    "salesGrowthYoY" : 15.64,
    "grossProfitMargin" : 51.46,
    "grossProfit" : 1.94,
    "operatingProfitMargin" : 10.61,
    "operatingProfit" : 0.40,
    "netProfitMargin" : 1.33,
    "netProfit" : 0.05
  }, {
    "date" : "2016-12-31",
    "sales" : 2.53,
    "salesGrowthYoY" : 60.13,
    "grossProfitMargin" : 51.78,
    "grossProfit" : 1.31,
    "operatingProfitMargin" : -17.79,
    "operatingProfit" : -0.45,
    "netProfitMargin" : -11.86,
    "netProfit" : -0.30
  }, {
    "date" : "2017-03-31",
    "sales" : 7.69,
    "salesGrowthYoY" : 80.09,
    "grossProfitMargin" : 51.63,
    "grossProfit" : 3.97,
    "operatingProfitMargin" : 26.14,
    "operatingProfit" : 2.01,
    "netProfitMargin" : 14.30,
    "netProfit" : 1.10
  }, {
    "date" : "2017-06-30",
    "sales" : 4.70,
    "salesGrowthYoY" : 32.02,
    "grossProfitMargin" : 54.26,
    "grossProfit" : 2.55,
    "operatingProfitMargin" : 12.98,
    "operatingProfit" : 0.61,
    "netProfitMargin" : 4.89,
    "netProfit" : 0.23
  }, {
    "date" : "2017-09-30",
    "sales" : 5.75,
    "salesGrowthYoY" : 52.52,
    "grossProfitMargin" : 52.17,
    "grossProfit" : 3.00,
    "operatingProfitMargin" : 19.83,
    "operatingProfit" : 1.14,
    "netProfitMargin" : 10.96,
    "netProfit" : 0.63
  }, {
    "date" : "2017-12-31",
    "sales" : 6.08,
    "salesGrowthYoY" : 140.32,
    "grossProfitMargin" : 52.30,
    "grossProfit" : 3.18,
    "operatingProfitMargin" : 15.30,
    "operatingProfit" : 0.93,
    "netProfitMargin" : 6.74,
    "netProfit" : 0.41
  }, {
    "date" : "2018-03-31",
    "sales" : 6.11,
    "salesGrowthYoY" : -20.55,
    "grossProfitMargin" : 49.59,
    "grossProfit" : 3.03,
    "operatingProfitMargin" : 10.47,
    "operatingProfit" : 0.64,
    "netProfitMargin" : 3.44,
    "netProfit" : 0.21
  }, {
    "date" : "2018-06-30",
    "sales" : 2.95,
    "salesGrowthYoY" : -37.23,
    "grossProfitMargin" : 54.58,
    "grossProfit" : 1.61,
    "operatingProfitMargin" : -5.08,
    "operatingProfit" : -0.15,
    "netProfitMargin" : -9.15,
    "netProfit" : -0.27
  }, {
    "date" : "2018-09-30",
    "sales" : 6.54,
    "salesGrowthYoY" : 13.74,
    "grossProfitMargin" : 51.53,
    "grossProfit" : 3.37,
    "operatingProfitMargin" : 19.11,
    "operatingProfit" : 1.25,
    "netProfitMargin" : 9.02,
    "netProfit" : 0.59
  }, {
    "date" : "2018-12-31",
    "sales" : 5.03,
    "salesGrowthYoY" : -17.27,
    "grossProfitMargin" : 56.06,
    "grossProfit" : 2.82,
    "operatingProfitMargin" : 15.31,
    "operatingProfit" : 0.77,
    "netProfitMargin" : 5.77,
    "netProfit" : 0.29
  }, {
    "date" : "2019-03-31",
    "sales" : 3.94,
    "salesGrowthYoY" : -35.52,
    "grossProfitMargin" : 62.18,
    "grossProfit" : 2.45,
    "operatingProfitMargin" : -0.25,
    "operatingProfit" : -0.01,
    "netProfitMargin" : -8.12,
    "netProfit" : -0.32
  }, {
    "date" : "2019-06-30",
    "sales" : 6.60,
    "salesGrowthYoY" : 123.73,
    "grossProfitMargin" : 54.85,
    "grossProfit" : 3.62,
    "operatingProfitMargin" : 20.15,
    "operatingProfit" : 1.33,
    "netProfitMargin" : 11.21,
    "netProfit" : 0.74
  }, {
    "date" : "2019-09-30",
    "sales" : 3.22,
    "salesGrowthYoY" : -50.76,
    "grossProfitMargin" : 56.21,
    "grossProfit" : 1.81,
    "operatingProfitMargin" : -10.25,
    "operatingProfit" : -0.33,
    "netProfitMargin" : -14.91,
    "netProfit" : -0.48
  }, {
    "date" : "2019-12-31",
    "sales" : 3.91,
    "salesGrowthYoY" : -22.27,
    "grossProfitMargin" : 54.22,
    "grossProfit" : 2.12,
    "operatingProfitMargin" : -8.70,
    "operatingProfit" : -0.34,
    "netProfitMargin" : -15.60,
    "netProfit" : -0.61
  }, {
    "date" : "2020-03-31",
    "sales" : 3.92,
    "salesGrowthYoY" : -0.51,
    "grossProfitMargin" : 66.84,
    "grossProfit" : 2.62,
    "operatingProfitMargin" : 10.71,
    "operatingProfit" : 0.42,
    "netProfitMargin" : 3.83,
    "netProfit" : 0.15
  }, {
    "date" : "2020-06-30",
    "sales" : 1.81,
    "salesGrowthYoY" : -72.58,
    "grossProfitMargin" : 58.56,
    "grossProfit" : 1.06,
    "operatingProfitMargin" : -25.97,
    "operatingProfit" : -0.47,
    "netProfitMargin" : -33.70,
    "netProfit" : -0.61
  }, {
    "date" : "2020-09-30",
    "sales" : 4.85,
    "salesGrowthYoY" : 50.62,
    "grossProfitMargin" : 52.37,
    "grossProfit" : 2.54,
    "operatingProfitMargin" : 11.13,
    "operatingProfit" : 0.54,
    "netProfitMargin" : 8.66,
    "netProfit" : 0.42
  }, {
    "date" : "2020-12-31",
    "sales" : 6.67,
    "salesGrowthYoY" : 70.59,
    "grossProfitMargin" : 56.67,
    "grossProfit" : 3.78,
    "operatingProfitMargin" : 23.69,
    "operatingProfit" : 1.58,
    "netProfitMargin" : 14.09,
    "netProfit" : 0.94
  }, {
    "date" : "2021-03-31",
    "sales" : 4.54,
    "salesGrowthYoY" : 15.82,
    "grossProfitMargin" : 55.29,
    "grossProfit" : 2.51,
    "operatingProfitMargin" : 1.76,
    "operatingProfit" : 0.08,
    "netProfitMargin" : -0.88,
    "netProfit" : -0.04
  }, {
    "date" : "2021-06-30",
    "sales" : 2.23,
    "salesGrowthYoY" : 23.20,
    "grossProfitMargin" : 52.47,
    "grossProfit" : 1.17,
    "operatingProfitMargin" : -37.22,
    "operatingProfit" : -0.83,
    "netProfitMargin" : -39.91,
    "netProfit" : -0.89
  }, {
    "date" : "2021-09-30",
    "sales" : 3.73,
    "salesGrowthYoY" : -23.09,
    "grossProfitMargin" : 53.89,
    "grossProfit" : 2.01,
    "operatingProfitMargin" : -10.99,
    "operatingProfit" : -0.41,
    "netProfitMargin" : -15.82,
    "netProfit" : -0.59
  }, {
    "date" : "2021-12-31",
    "sales" : 3.13,
    "salesGrowthYoY" : -53.07,
    "grossProfitMargin" : 56.87,
    "grossProfit" : 1.78,
    "operatingProfitMargin" : -30.67,
    "operatingProfit" : -0.96,
    "netProfitMargin" : -32.59,
    "netProfit" : -1.02
  }, {
    "date" : "2022-03-31",
    "sales" : 3.23,
    "salesGrowthYoY" : -28.85,
    "grossProfitMargin" : 57.89,
    "grossProfit" : 1.87,
    "operatingProfitMargin" : -15.79,
    "operatingProfit" : -0.51,
    "netProfitMargin" : -21.36,
    "netProfit" : -0.69
  }, {
    "date" : "2022-06-30",
    "sales" : 5.07,
    "salesGrowthYoY" : 127.35,
    "grossProfitMargin" : 51.68,
    "grossProfit" : 2.62,
    "operatingProfitMargin" : 1.78,
    "operatingProfit" : 0.09,
    "netProfitMargin" : -5.72,
    "netProfit" : -0.29
  }, {
    "date" : "2022-09-30",
    "sales" : 7.58,
    "salesGrowthYoY" : 103.22,
    "grossProfitMargin" : 52.51,
    "grossProfit" : 3.98,
    "operatingProfitMargin" : 14.64,
    "operatingProfit" : 1.11,
    "netProfitMargin" : 5.80,
    "netProfit" : 0.44
  }, {
    "date" : "2022-12-31",
    "sales" : 8.76,
    "salesGrowthYoY" : 179.87,
    "grossProfitMargin" : 51.14,
    "grossProfit" : 4.48,
    "operatingProfitMargin" : 18.15,
    "operatingProfit" : 1.59,
    "netProfitMargin" : 9.47,
    "netProfit" : 0.83
  }, {
    "date" : "2023-03-31",
    "sales" : 8.78,
    "salesGrowthYoY" : 171.83,
    "grossProfitMargin" : 57.18,
    "grossProfit" : 5.02,
    "operatingProfitMargin" : 20.73,
    "operatingProfit" : 1.82,
    "netProfitMargin" : 9.79,
    "netProfit" : 0.86
  }, {
    "date" : "2023-06-30",
    "sales" : 9.53,
    "salesGrowthYoY" : 87.97,
    "grossProfitMargin" : 52.26,
    "grossProfit" : 4.98,
    "operatingProfitMargin" : 18.26,
    "operatingProfit" : 1.74,
    "netProfitMargin" : 9.97,
    "netProfit" : 0.95
  }, {
    "date" : "2023-09-30",
    "sales" : 10.83,
    "salesGrowthYoY" : 42.88,
    "grossProfitMargin" : 50.23,
    "grossProfit" : 5.44,
    "operatingProfitMargin" : 21.33,
    "operatingProfit" : 2.31,
    "netProfitMargin" : 11.91,
    "netProfit" : 1.29
  }, {
    "date" : "2023-12-31",
    "sales" : 12.20,
    "salesGrowthYoY" : 39.27,
    "grossProfitMargin" : 55.98,
    "grossProfit" : 6.83,
    "operatingProfitMargin" : 21.56,
    "operatingProfit" : 2.63,
    "netProfitMargin" : 13.03,
    "netProfit" : 1.59
  }, {
    "date" : "2024-03-31",
    "sales" : 13.15,
    "salesGrowthYoY" : 49.77,
    "grossProfitMargin" : 54.98,
    "grossProfit" : 7.23,
    "operatingProfitMargin" : 32.09,
    "operatingProfit" : 4.22,
    "netProfitMargin" : 20.91,
    "netProfit" : 2.75
  }, {
    "date" : "2024-06-30",
    "sales" : 13.60,
    "salesGrowthYoY" : 42.71,
    "grossProfitMargin" : 57.87,
    "grossProfit" : 7.87,
    "operatingProfitMargin" : 31.84,
    "operatingProfit" : 4.33,
    "netProfitMargin" : 21.47,
    "netProfit" : 2.92
  }, {
    "date" : "2024-09-30",
    "sales" : 12.68,
    "salesGrowthYoY" : 17.08,
    "grossProfitMargin" : 63.33,
    "grossProfit" : 8.03,
    "operatingProfitMargin" : 32.18,
    "operatingProfit" : 4.08,
    "netProfitMargin" : 21.92,
    "netProfit" : 2.78
  }, {
    "date" : "2024-12-31",
    "sales" : 8.09,
    "salesGrowthYoY" : -33.69,
    "grossProfitMargin" : 53.89,
    "grossProfit" : 4.36,
    "operatingProfitMargin" : 4.57,
    "operatingProfit" : 0.37,
    "netProfitMargin" : -0.12,
    "netProfit" : -0.01
  }, {
    "date" : "2025-03-31",
    "sales" : 16.02,
    "salesGrowthYoY" : 21.83,
    "grossProfitMargin" : 66.98,
    "grossProfit" : 10.73,
    "operatingProfitMargin" : 35.52,
    "operatingProfit" : 5.69,
    "netProfitMargin" : 23.91,
    "netProfit" : 3.83
  }, {
    "date" : "2025-06-30",
    "sales" : 18.12,
    "salesGrowthYoY" : 33.24,
    "grossProfitMargin" : 66.17,
    "grossProfit" : 11.99,
    "operatingProfitMargin" : 35.38,
    "operatingProfit" : 6.41,
    "netProfitMargin" : 24.61,
    "netProfit" : 4.46
  }, {
    "date" : "2025-09-30",
    "sales" : 20.06,
    "salesGrowthYoY" : 58.20,
    "grossProfitMargin" : 67.30,
    "grossProfit" : 13.50,
    "operatingProfitMargin" : 35.14,
    "operatingProfit" : 7.05,
    "netProfitMargin" : 24.88,
    "netProfit" : 4.99
  }, {
    "date" : "2025-12-31",
    "sales" : 21.94,
    "salesGrowthYoY" : 171.20,
    "grossProfitMargin" : 64.22,
    "grossProfit" : 14.09,
    "operatingProfitMargin" : 35.46,
    "operatingProfit" : 7.78,
    "netProfitMargin" : 25.25,
    "netProfit" : 5.54
  } ],
  "latestQuarterlyResult" : {
    "date" : "2025-12-31",
    "sales" : 21.94,
    "salesGrowthYoY" : 171.20,
    "grossProfitMargin" : 64.22,
    "grossProfit" : 14.09,
    "operatingProfitMargin" : 35.46,
    "operatingProfit" : 7.78,
    "netProfitMargin" : 25.25,
    "netProfit" : 5.54
  },
  "companyScore" : {
    "priceHigherThanDma50" : 5.00,
    "priceHigherThanDma100" : 5.00,
    "priceHigherThanDma200" : 5.00,
    "dma50HigherThanDma100" : 5.00,
    "dma50HigherThanDma200" : 5.00,
    "dma100HigherThanDma200" : 5.00,
    "pricePercentageAboveDma50" : 3.98,
    "pricePercentageAboveDma100" : 3.48,
    "pricePercentageAboveDma200" : 2.49,
    "weeklyVolumeHigherThanYearlyVolume" : 5.00,
    "salesGrowthPercentile" : 19.50,
    "operatingProfitMarginPercentile" : 19.99,
    "netProfitMarginPercentile" : 9.40,
    "totalTechnicalScore" : 44.95,
    "totalFundamentalScore" : 48.89,
    "totalScore" : 93.84
  }
}