{
  "metadata" : {
    "screenerCompanyId" : "2362",
    "companyCode" : "531859",
    "companyName" : "Oriental Rail",
    "screenerCompanyLink" : "https://www.screener.in/company/531859/consolidated/",
    "screenerTechnicalHistoryLink" : "https://www.screener.in/api/company/2362/chart/?q=Price-DMA50-DMA200-Volume&days=365",
    "screenerQuarterlyResultsLink" : "https://www.screener.in/api/company/2362/chart/?q=GPM-OPM-NPM-Quarter+Sales&days=10000",
    "attributes" : {
      "companyCode" : "531859",
      "companyName" : "Oriental Rail",
      "marketCap" : 1011.00,
      "peRatio" : 28.30,
      "description" : "Oriental Rail Infrastructure Ltd is engaged in the manufacturing, buying, and selling of all types of Recron, Seat & Berth, Compreg Boards, and also engaged in trading of timber woods and all its products. [1]"
    },
    "companyScore" : {
      "priceHigherThanDma50" : 0.00,
      "priceHigherThanDma100" : 0.00,
      "priceHigherThanDma200" : 0.00,
      "dma50HigherThanDma100" : 0.00,
      "dma50HigherThanDma200" : 0.00,
      "dma100HigherThanDma200" : 0.00,
      "pricePercentageAboveDma50" : 5.02,
      "pricePercentageAboveDma100" : 5.06,
      "pricePercentageAboveDma200" : 5.49,
      "weeklyVolumeHigherThanYearlyVolume" : 5.00,
      "salesGrowthPercentile" : 18.75,
      "operatingProfitMarginPercentile" : 17.48,
      "netProfitMarginPercentile" : 8.71,
      "totalTechnicalScore" : 20.57,
      "totalFundamentalScore" : 44.94,
      "totalScore" : 65.51
    }
  },
  "attributes" : {
    "companyCode" : "531859",
    "companyName" : "Oriental Rail",
    "marketCap" : 1011.00,
    "peRatio" : 28.30,
    "description" : "Oriental Rail Infrastructure Ltd is engaged in the manufacturing, buying, and selling of all types of Recron, Seat & Berth, Compreg Boards, and also engaged in trading of timber woods and all its products. [1]"
  },
  "technicalHistory" : [ {
    "date" : "2025-02-10",
    "price" : 219.65,
    "dma50" : 268.62,
    "dma100" : null,
    "dma200" : 270.58,
    "volume" : 59941.00
  }, {
    "date" : "2025-02-11",
    "price" : 206.80,
    "dma50" : 266.20,
    "dma100" : null,
    "dma200" : 269.95,
    "volume" : 83572.00
  }, {
    "date" : "2025-02-12",
    "price" : 195.20,
    "dma50" : 263.41,
    "dma100" : null,
    "dma200" : 269.20,
    "volume" : 186735.00
  }, {
    "date" : "2025-02-13",
    "price" : 200.40,
    "dma50" : 260.94,
    "dma100" : null,
    "dma200" : 268.52,
    "volume" : 214275.00
  }, {
    "date" : "2025-02-14",
    "price" : 180.85,
    "dma50" : 257.80,
    "dma100" : null,
    "dma200" : 267.65,
    "volume" : 465049.00
  }, {
    "date" : "2025-02-17",
    "price" : 186.15,
    "dma50" : 254.99,
    "dma100" : null,
    "dma200" : 266.83,
    "volume" : 120182.00
  }, {
    "date" : "2025-02-18",
    "price" : 183.00,
    "dma50" : 252.17,
    "dma100" : null,
    "dma200" : 266.00,
    "volume" : 150875.00
  }, {
    "date" : "2025-02-19",
    "price" : 189.50,
    "dma50" : 249.71,
    "dma100" : null,
    "dma200" : 265.24,
    "volume" : 204959.00
  }, {
    "date" : "2025-02-20",
    "price" : 190.50,
    "dma50" : 247.39,
    "dma100" : null,
    "dma200" : 264.50,
    "volume" : 68870.00
  }, {
    "date" : "2025-02-21",
    "price" : 193.10,
    "dma50" : 245.26,
    "dma100" : null,
    "dma200" : 263.78,
    "volume" : 60817.00
  }, {
    "date" : "2025-02-24",
    "price" : 180.80,
    "dma50" : 242.73,
    "dma100" : null,
    "dma200" : 262.96,
    "volume" : 81787.00
  }, {
    "date" : "2025-02-25",
    "price" : 179.70,
    "dma50" : 240.26,
    "dma100" : null,
    "dma200" : 262.13,
    "volume" : 142921.00
  }, {
    "date" : "2025-02-27",
    "price" : 167.15,
    "dma50" : 237.39,
    "dma100" : null,
    "dma200" : 261.19,
    "volume" : 357950.00
  }, {
    "date" : "2025-02-28",
    "price" : 154.00,
    "dma50" : 234.12,
    "dma100" : null,
    "dma200" : 260.12,
    "volume" : 140012.00
  }, {
    "date" : "2025-03-03",
    "price" : 143.10,
    "dma50" : 230.55,
    "dma100" : null,
    "dma200" : 258.95,
    "volume" : 322420.00
  }, {
    "date" : "2025-03-04",
    "price" : 140.15,
    "dma50" : 227.01,
    "dma100" : null,
    "dma200" : 257.77,
    "volume" : 329786.00
  }, {
    "date" : "2025-03-05",
    "price" : 147.15,
    "dma50" : 223.88,
    "dma100" : null,
    "dma200" : 256.67,
    "volume" : 157557.00
  }, {
    "date" : "2025-03-06",
    "price" : 154.50,
    "dma50" : 221.16,
    "dma100" : null,
    "dma200" : 255.66,
    "volume" : 23054.00
  }, {
    "date" : "2025-03-07",
    "price" : 162.20,
    "dma50" : 218.84,
    "dma100" : null,
    "dma200" : 254.73,
    "volume" : 87304.00
  }, {
    "date" : "2025-03-10",
    "price" : 169.45,
    "dma50" : 216.91,
    "dma100" : null,
    "dma200" : 253.88,
    "volume" : 90802.00
  }, {
    "date" : "2025-03-11",
    "price" : 177.90,
    "dma50" : 215.38,
    "dma100" : null,
    "dma200" : 253.12,
    "volume" : 83387.00
  }, {
    "date" : "2025-03-12",
    "price" : 186.65,
    "dma50" : 214.25,
    "dma100" : null,
    "dma200" : 252.46,
    "volume" : 227194.00
  }, {
    "date" : "2025-03-13",
    "price" : 182.95,
    "dma50" : 213.02,
    "dma100" : null,
    "dma200" : 251.77,
    "volume" : 19050.00
  }, {
    "date" : "2025-03-17",
    "price" : 179.30,
    "dma50" : 211.70,
    "dma100" : null,
    "dma200" : 251.05,
    "volume" : 8779.00
  }, {
    "date" : "2025-03-18",
    "price" : 175.75,
    "dma50" : 210.29,
    "dma100" : null,
    "dma200" : 250.30,
    "volume" : 12462.00
  }, {
    "date" : "2025-03-19",
    "price" : 179.25,
    "dma50" : 209.07,
    "dma100" : null,
    "dma200" : 249.59,
    "volume" : 100802.00
  }, {
    "date" : "2025-03-20",
    "price" : 175.70,
    "dma50" : 207.76,
    "dma100" : null,
    "dma200" : 248.86,
    "volume" : 42697.00
  }, {
    "date" : "2025-03-21",
    "price" : 174.85,
    "dma50" : 206.47,
    "dma100" : null,
    "dma200" : 248.12,
    "volume" : 187664.00
  }, {
    "date" : "2025-03-24",
    "price" : 171.40,
    "dma50" : 205.10,
    "dma100" : null,
    "dma200" : 247.36,
    "volume" : 126529.00
  }, {
    "date" : "2025-03-25",
    "price" : 168.00,
    "dma50" : 203.64,
    "dma100" : null,
    "dma200" : 246.57,
    "volume" : 67679.00
  }, {
    "date" : "2025-03-26",
    "price" : 164.65,
    "dma50" : 202.11,
    "dma100" : null,
    "dma200" : 245.75,
    "volume" : 8861.00
  }, {
    "date" : "2025-03-27",
    "price" : 161.40,
    "dma50" : 200.52,
    "dma100" : null,
    "dma200" : 244.91,
    "volume" : 159620.00
  }, {
    "date" : "2025-03-28",
    "price" : 158.20,
    "dma50" : 198.86,
    "dma100" : null,
    "dma200" : 244.05,
    "volume" : 63670.00
  }, {
    "date" : "2025-04-01",
    "price" : 161.35,
    "dma50" : 197.39,
    "dma100" : null,
    "dma200" : 243.23,
    "volume" : 11045.00
  }, {
    "date" : "2025-04-02",
    "price" : 164.55,
    "dma50" : 196.10,
    "dma100" : null,
    "dma200" : 242.44,
    "volume" : 7084.00
  }, {
    "date" : "2025-04-03",
    "price" : 167.80,
    "dma50" : 194.99,
    "dma100" : null,
    "dma200" : 241.70,
    "volume" : 4631.00
  }, {
    "date" : "2025-04-04",
    "price" : 164.45,
    "dma50" : 193.79,
    "dma100" : null,
    "dma200" : 240.93,
    "volume" : 32822.00
  }, {
    "date" : "2025-04-07",
    "price" : 161.20,
    "dma50" : 192.51,
    "dma100" : null,
    "dma200" : 240.14,
    "volume" : 54662.00
  }, {
    "date" : "2025-04-08",
    "price" : 158.60,
    "dma50" : 191.18,
    "dma100" : null,
    "dma200" : 239.33,
    "volume" : 82901.00
  }, {
    "date" : "2025-04-09",
    "price" : 156.55,
    "dma50" : 189.83,
    "dma100" : null,
    "dma200" : 238.50,
    "volume" : 17799.00
  }, {
    "date" : "2025-04-11",
    "price" : 159.65,
    "dma50" : 188.64,
    "dma100" : null,
    "dma200" : 237.72,
    "volume" : 15239.00
  }, {
    "date" : "2025-04-15",
    "price" : 162.80,
    "dma50" : 187.63,
    "dma100" : null,
    "dma200" : 236.97,
    "volume" : 26988.00
  }, {
    "date" : "2025-04-16",
    "price" : 166.05,
    "dma50" : 186.78,
    "dma100" : null,
    "dma200" : 236.27,
    "volume" : 3615.00
  }, {
    "date" : "2025-04-17",
    "price" : 169.35,
    "dma50" : 186.10,
    "dma100" : null,
    "dma200" : 235.60,
    "volume" : 40864.00
  }, {
    "date" : "2025-04-21",
    "price" : 177.80,
    "dma50" : 185.77,
    "dma100" : null,
    "dma200" : 235.03,
    "volume" : 61923.00
  }, {
    "date" : "2025-04-22",
    "price" : 186.65,
    "dma50" : 185.81,
    "dma100" : null,
    "dma200" : 234.55,
    "volume" : 86795.00
  }, {
    "date" : "2025-04-23",
    "price" : 195.75,
    "dma50" : 186.20,
    "dma100" : null,
    "dma200" : 234.16,
    "volume" : 184699.00
  }, {
    "date" : "2025-04-24",
    "price" : 201.70,
    "dma50" : 186.81,
    "dma100" : null,
    "dma200" : 233.84,
    "volume" : 148615.00
  }, {
    "date" : "2025-04-25",
    "price" : 192.15,
    "dma50" : 187.02,
    "dma100" : null,
    "dma200" : 233.42,
    "volume" : 153456.00
  }, {
    "date" : "2025-04-28",
    "price" : 187.90,
    "dma50" : 187.05,
    "dma100" : null,
    "dma200" : 232.97,
    "volume" : 37713.00
  }, {
    "date" : "2025-04-29",
    "price" : 184.95,
    "dma50" : 186.97,
    "dma100" : null,
    "dma200" : 232.49,
    "volume" : 29000.00
  }, {
    "date" : "2025-04-30",
    "price" : 176.15,
    "dma50" : 186.54,
    "dma100" : null,
    "dma200" : 231.93,
    "volume" : 53643.00
  }, {
    "date" : "2025-05-02",
    "price" : 180.40,
    "dma50" : 186.30,
    "dma100" : null,
    "dma200" : 231.42,
    "volume" : 61950.00
  }, {
    "date" : "2025-05-05",
    "price" : 179.45,
    "dma50" : 186.03,
    "dma100" : null,
    "dma200" : 230.90,
    "volume" : 26046.00
  }, {
    "date" : "2025-05-06",
    "price" : 172.05,
    "dma50" : 185.49,
    "dma100" : null,
    "dma200" : 230.31,
    "volume" : 34386.00
  }, {
    "date" : "2025-05-07",
    "price" : 169.05,
    "dma50" : 184.84,
    "dma100" : null,
    "dma200" : 229.71,
    "volume" : 25932.00
  }, {
    "date" : "2025-05-08",
    "price" : 165.50,
    "dma50" : 184.08,
    "dma100" : null,
    "dma200" : 229.07,
    "volume" : 27643.00
  }, {
    "date" : "2025-05-09",
    "price" : 162.95,
    "dma50" : 183.25,
    "dma100" : null,
    "dma200" : 228.41,
    "volume" : 30141.00
  }, {
    "date" : "2025-05-12",
    "price" : 171.05,
    "dma50" : 182.78,
    "dma100" : null,
    "dma200" : 227.84,
    "volume" : 5973.00
  }, {
    "date" : "2025-05-13",
    "price" : 179.30,
    "dma50" : 182.64,
    "dma100" : null,
    "dma200" : 227.35,
    "volume" : 132117.00
  }, {
    "date" : "2025-05-14",
    "price" : 188.15,
    "dma50" : 182.86,
    "dma100" : null,
    "dma200" : 226.96,
    "volume" : 112193.00
  }, {
    "date" : "2025-05-15",
    "price" : 190.00,
    "dma50" : 183.14,
    "dma100" : null,
    "dma200" : 226.60,
    "volume" : 70233.00
  }, {
    "date" : "2025-05-16",
    "price" : 192.00,
    "dma50" : 183.48,
    "dma100" : null,
    "dma200" : 226.25,
    "volume" : 102210.00
  }, {
    "date" : "2025-05-19",
    "price" : 191.45,
    "dma50" : 183.80,
    "dma100" : null,
    "dma200" : 225.91,
    "volume" : 135722.00
  }, {
    "date" : "2025-05-20",
    "price" : 187.65,
    "dma50" : 183.95,
    "dma100" : null,
    "dma200" : 225.53,
    "volume" : 16773.00
  }, {
    "date" : "2025-05-21",
    "price" : 183.90,
    "dma50" : 183.94,
    "dma100" : null,
    "dma200" : 225.11,
    "volume" : 7262.00
  }, {
    "date" : "2025-05-22",
    "price" : 180.25,
    "dma50" : 183.80,
    "dma100" : null,
    "dma200" : 224.66,
    "volume" : 8561.00
  }, {
    "date" : "2025-05-23",
    "price" : 176.65,
    "dma50" : 183.52,
    "dma100" : null,
    "dma200" : 224.19,
    "volume" : 15676.00
  }, {
    "date" : "2025-05-26",
    "price" : 174.60,
    "dma50" : 183.17,
    "dma100" : null,
    "dma200" : 223.69,
    "volume" : 22707.00
  }, {
    "date" : "2025-05-27",
    "price" : 177.95,
    "dma50" : 182.96,
    "dma100" : null,
    "dma200" : 223.24,
    "volume" : 24565.00
  }, {
    "date" : "2025-05-28",
    "price" : 174.40,
    "dma50" : 182.63,
    "dma100" : null,
    "dma200" : 222.75,
    "volume" : 31283.00
  }, {
    "date" : "2025-05-29",
    "price" : 170.95,
    "dma50" : 182.17,
    "dma100" : null,
    "dma200" : 222.24,
    "volume" : 20710.00
  }, {
    "date" : "2025-05-30",
    "price" : 167.55,
    "dma50" : 181.60,
    "dma100" : null,
    "dma200" : 221.69,
    "volume" : 18566.00
  }, {
    "date" : "2025-06-02",
    "price" : 164.20,
    "dma50" : 180.92,
    "dma100" : null,
    "dma200" : 221.12,
    "volume" : 16906.00
  }, {
    "date" : "2025-06-03",
    "price" : 160.95,
    "dma50" : 180.13,
    "dma100" : null,
    "dma200" : 220.52,
    "volume" : 25670.00
  }, {
    "date" : "2025-06-04",
    "price" : 160.25,
    "dma50" : 179.35,
    "dma100" : null,
    "dma200" : 219.92,
    "volume" : 84546.00
  }, {
    "date" : "2025-06-05",
    "price" : 163.45,
    "dma50" : 178.73,
    "dma100" : null,
    "dma200" : 219.36,
    "volume" : 15366.00
  }, {
    "date" : "2025-06-06",
    "price" : 166.70,
    "dma50" : 178.26,
    "dma100" : null,
    "dma200" : 218.84,
    "volume" : 14430.00
  }, {
    "date" : "2025-06-09",
    "price" : 170.00,
    "dma50" : 177.93,
    "dma100" : null,
    "dma200" : 218.35,
    "volume" : 119219.00
  }, {
    "date" : "2025-06-10",
    "price" : 166.60,
    "dma50" : 177.49,
    "dma100" : null,
    "dma200" : 217.84,
    "volume" : 49661.00
  }, {
    "date" : "2025-06-11",
    "price" : 166.00,
    "dma50" : 177.04,
    "dma100" : null,
    "dma200" : 217.32,
    "volume" : 67949.00
  }, {
    "date" : "2025-06-12",
    "price" : 165.45,
    "dma50" : 176.58,
    "dma100" : null,
    "dma200" : 216.80,
    "volume" : 19552.00
  }, {
    "date" : "2025-06-13",
    "price" : 163.60,
    "dma50" : 176.07,
    "dma100" : null,
    "dma200" : 216.27,
    "volume" : 19264.00
  }, {
    "date" : "2025-06-16",
    "price" : 160.35,
    "dma50" : 175.46,
    "dma100" : null,
    "dma200" : 215.72,
    "volume" : 25100.00
  }, {
    "date" : "2025-06-17",
    "price" : 161.00,
    "dma50" : 174.89,
    "dma100" : null,
    "dma200" : 215.17,
    "volume" : 9259.00
  }, {
    "date" : "2025-06-18",
    "price" : 157.80,
    "dma50" : 174.22,
    "dma100" : null,
    "dma200" : 214.60,
    "volume" : 22046.00
  }, {
    "date" : "2025-06-19",
    "price" : 154.65,
    "dma50" : 173.45,
    "dma100" : null,
    "dma200" : 214.01,
    "volume" : 25548.00
  }, {
    "date" : "2025-06-20",
    "price" : 152.70,
    "dma50" : 172.64,
    "dma100" : null,
    "dma200" : 213.40,
    "volume" : 34760.00
  }, {
    "date" : "2025-06-23",
    "price" : 153.00,
    "dma50" : 171.87,
    "dma100" : null,
    "dma200" : 212.80,
    "volume" : 12757.00
  }, {
    "date" : "2025-06-24",
    "price" : 156.05,
    "dma50" : 171.25,
    "dma100" : null,
    "dma200" : 212.23,
    "volume" : 7874.00
  }, {
    "date" : "2025-06-25",
    "price" : 159.15,
    "dma50" : 170.77,
    "dma100" : null,
    "dma200" : 211.70,
    "volume" : 7045.00
  }, {
    "date" : "2025-06-26",
    "price" : 162.30,
    "dma50" : 170.44,
    "dma100" : null,
    "dma200" : 211.21,
    "volume" : 18756.00
  }, {
    "date" : "2025-06-27",
    "price" : 165.50,
    "dma50" : 170.25,
    "dma100" : null,
    "dma200" : 210.76,
    "volume" : 10227.00
  }, {
    "date" : "2025-06-30",
    "price" : 173.75,
    "dma50" : 170.39,
    "dma100" : null,
    "dma200" : 210.39,
    "volume" : 52735.00
  }, {
    "date" : "2025-07-01",
    "price" : 182.40,
    "dma50" : 170.86,
    "dma100" : null,
    "dma200" : 210.11,
    "volume" : 161882.00
  }, {
    "date" : "2025-07-02",
    "price" : 184.95,
    "dma50" : 171.41,
    "dma100" : null,
    "dma200" : 209.86,
    "volume" : 128188.00
  }, {
    "date" : "2025-07-03",
    "price" : 186.60,
    "dma50" : 172.01,
    "dma100" : null,
    "dma200" : 209.63,
    "volume" : 60508.00
  }, {
    "date" : "2025-07-04",
    "price" : 184.45,
    "dma50" : 172.49,
    "dma100" : null,
    "dma200" : 209.38,
    "volume" : 31964.00
  }, {
    "date" : "2025-07-07",
    "price" : 178.65,
    "dma50" : 172.73,
    "dma100" : null,
    "dma200" : 209.07,
    "volume" : 41278.00
  }, {
    "date" : "2025-07-08",
    "price" : 179.05,
    "dma50" : 172.98,
    "dma100" : null,
    "dma200" : 208.77,
    "volume" : 24061.00
  }, {
    "date" : "2025-07-09",
    "price" : 179.60,
    "dma50" : 173.24,
    "dma100" : 172.90,
    "dma200" : 208.48,
    "volume" : 19219.00
  }, {
    "date" : "2025-07-10",
    "price" : 178.80,
    "dma50" : 173.46,
    "dma100" : 172.62,
    "dma200" : 208.19,
    "volume" : 20676.00
  }, {
    "date" : "2025-07-11",
    "price" : 175.90,
    "dma50" : 173.56,
    "dma100" : 172.42,
    "dma200" : 207.87,
    "volume" : 31073.00
  }, {
    "date" : "2025-07-14",
    "price" : 174.30,
    "dma50" : 173.58,
    "dma100" : 172.16,
    "dma200" : 207.53,
    "volume" : 40124.00
  }, {
    "date" : "2025-07-15",
    "price" : 173.70,
    "dma50" : 173.59,
    "dma100" : 172.09,
    "dma200" : 207.20,
    "volume" : 32030.00
  }, {
    "date" : "2025-07-16",
    "price" : 177.70,
    "dma50" : 173.75,
    "dma100" : 172.00,
    "dma200" : 206.90,
    "volume" : 38943.00
  }, {
    "date" : "2025-07-17",
    "price" : 174.30,
    "dma50" : 173.77,
    "dma100" : 171.92,
    "dma200" : 206.58,
    "volume" : 41722.00
  }, {
    "date" : "2025-07-18",
    "price" : 174.80,
    "dma50" : 173.81,
    "dma100" : 171.77,
    "dma200" : 206.26,
    "volume" : 21887.00
  }, {
    "date" : "2025-07-21",
    "price" : 172.80,
    "dma50" : 173.77,
    "dma100" : 171.59,
    "dma200" : 205.93,
    "volume" : 35632.00
  }, {
    "date" : "2025-07-22",
    "price" : 168.70,
    "dma50" : 173.57,
    "dma100" : 171.35,
    "dma200" : 205.56,
    "volume" : 44922.00
  }, {
    "date" : "2025-07-23",
    "price" : 168.70,
    "dma50" : 173.38,
    "dma100" : 171.23,
    "dma200" : 205.19,
    "volume" : 38496.00
  }, {
    "date" : "2025-07-24",
    "price" : 169.85,
    "dma50" : 173.24,
    "dma100" : 171.13,
    "dma200" : 204.84,
    "volume" : 33828.00
  }, {
    "date" : "2025-07-25",
    "price" : 165.20,
    "dma50" : 172.93,
    "dma100" : 171.11,
    "dma200" : 204.44,
    "volume" : 41515.00
  }, {
    "date" : "2025-07-28",
    "price" : 163.95,
    "dma50" : 172.58,
    "dma100" : 171.21,
    "dma200" : 204.04,
    "volume" : 27831.00
  }, {
    "date" : "2025-07-29",
    "price" : 163.95,
    "dma50" : 172.24,
    "dma100" : 171.42,
    "dma200" : 203.64,
    "volume" : 26843.00
  }, {
    "date" : "2025-07-30",
    "price" : 163.15,
    "dma50" : 171.88,
    "dma100" : 171.65,
    "dma200" : 203.24,
    "volume" : 30228.00
  }, {
    "date" : "2025-07-31",
    "price" : 163.25,
    "dma50" : 171.54,
    "dma100" : 171.81,
    "dma200" : 202.84,
    "volume" : 27581.00
  }, {
    "date" : "2025-08-01",
    "price" : 161.45,
    "dma50" : 171.15,
    "dma100" : 171.88,
    "dma200" : 202.43,
    "volume" : 18168.00
  }, {
    "date" : "2025-08-04",
    "price" : 157.90,
    "dma50" : 170.63,
    "dma100" : 171.84,
    "dma200" : 201.99,
    "volume" : 39554.00
  }, {
    "date" : "2025-08-05",
    "price" : 156.95,
    "dma50" : 170.09,
    "dma100" : 171.71,
    "dma200" : 201.54,
    "volume" : 35998.00
  }, {
    "date" : "2025-08-06",
    "price" : 150.95,
    "dma50" : 169.34,
    "dma100" : 171.44,
    "dma200" : 201.04,
    "volume" : 83020.00
  }, {
    "date" : "2025-08-07",
    "price" : 160.85,
    "dma50" : 169.01,
    "dma100" : 171.18,
    "dma200" : 200.64,
    "volume" : 67581.00
  }, {
    "date" : "2025-08-08",
    "price" : 157.70,
    "dma50" : 168.56,
    "dma100" : 170.93,
    "dma200" : 200.21,
    "volume" : 34690.00
  }, {
    "date" : "2025-08-11",
    "price" : 156.20,
    "dma50" : 168.08,
    "dma100" : 170.70,
    "dma200" : 199.77,
    "volume" : 32181.00
  }, {
    "date" : "2025-08-12",
    "price" : 155.45,
    "dma50" : 167.58,
    "dma100" : 170.50,
    "dma200" : 199.33,
    "volume" : 18964.00
  }, {
    "date" : "2025-08-13",
    "price" : 154.00,
    "dma50" : 167.05,
    "dma100" : 170.25,
    "dma200" : 198.88,
    "volume" : 28605.00
  }, {
    "date" : "2025-08-14",
    "price" : 152.45,
    "dma50" : 166.48,
    "dma100" : 170.01,
    "dma200" : 198.42,
    "volume" : 37339.00
  }, {
    "date" : "2025-08-18",
    "price" : 148.30,
    "dma50" : 165.77,
    "dma100" : 169.75,
    "dma200" : 197.92,
    "volume" : 57675.00
  }, {
    "date" : "2025-08-19",
    "price" : 155.75,
    "dma50" : 165.37,
    "dma100" : 169.59,
    "dma200" : 197.50,
    "volume" : 64790.00
  }, {
    "date" : "2025-08-20",
    "price" : 171.30,
    "dma50" : 165.61,
    "dma100" : 169.62,
    "dma200" : 197.24,
    "volume" : 121035.00
  }, {
    "date" : "2025-08-21",
    "price" : 175.80,
    "dma50" : 166.01,
    "dma100" : 169.73,
    "dma200" : 197.02,
    "volume" : 242573.00
  }, {
    "date" : "2025-08-22",
    "price" : 174.80,
    "dma50" : 166.35,
    "dma100" : 169.87,
    "dma200" : 196.80,
    "volume" : 111140.00
  }, {
    "date" : "2025-08-25",
    "price" : 166.65,
    "dma50" : 166.36,
    "dma100" : 169.95,
    "dma200" : 196.50,
    "volume" : 46475.00
  }, {
    "date" : "2025-08-26",
    "price" : 162.80,
    "dma50" : 166.22,
    "dma100" : 169.97,
    "dma200" : 196.17,
    "volume" : 36984.00
  }, {
    "date" : "2025-08-28",
    "price" : 158.20,
    "dma50" : 165.91,
    "dma100" : 169.90,
    "dma200" : 195.79,
    "volume" : 28601.00
  }, {
    "date" : "2025-08-29",
    "price" : 165.15,
    "dma50" : 165.88,
    "dma100" : 169.88,
    "dma200" : 195.49,
    "volume" : 76003.00
  }, {
    "date" : "2025-09-01",
    "price" : 168.70,
    "dma50" : 165.99,
    "dma100" : 169.92,
    "dma200" : 195.22,
    "volume" : 71153.00
  }, {
    "date" : "2025-09-02",
    "price" : 166.70,
    "dma50" : 166.02,
    "dma100" : 169.98,
    "dma200" : 194.93,
    "volume" : 45616.00
  }, {
    "date" : "2025-09-03",
    "price" : 162.55,
    "dma50" : 165.88,
    "dma100" : 170.01,
    "dma200" : 194.61,
    "volume" : 98585.00
  }, {
    "date" : "2025-09-04",
    "price" : 161.75,
    "dma50" : 165.72,
    "dma100" : 170.07,
    "dma200" : 194.29,
    "volume" : 27197.00
  }, {
    "date" : "2025-09-05",
    "price" : 159.55,
    "dma50" : 165.48,
    "dma100" : 170.07,
    "dma200" : 193.94,
    "volume" : 24090.00
  }, {
    "date" : "2025-09-08",
    "price" : 162.60,
    "dma50" : 165.36,
    "dma100" : 170.06,
    "dma200" : 193.63,
    "volume" : 30580.00
  }, {
    "date" : "2025-09-09",
    "price" : 160.70,
    "dma50" : 165.18,
    "dma100" : 170.01,
    "dma200" : 193.30,
    "volume" : 22191.00
  }, {
    "date" : "2025-09-10",
    "price" : 162.10,
    "dma50" : 165.06,
    "dma100" : 169.94,
    "dma200" : 192.99,
    "volume" : 73930.00
  }, {
    "date" : "2025-09-11",
    "price" : 159.45,
    "dma50" : 164.84,
    "dma100" : 169.75,
    "dma200" : 192.66,
    "volume" : 44052.00
  }, {
    "date" : "2025-09-12",
    "price" : 155.50,
    "dma50" : 164.47,
    "dma100" : 169.44,
    "dma200" : 192.29,
    "volume" : 114161.00
  }, {
    "date" : "2025-09-15",
    "price" : 156.30,
    "dma50" : 164.15,
    "dma100" : 169.05,
    "dma200" : 191.93,
    "volume" : 79860.00
  }, {
    "date" : "2025-09-16",
    "price" : 154.45,
    "dma50" : 163.77,
    "dma100" : 168.58,
    "dma200" : 191.56,
    "volume" : 99661.00
  }, {
    "date" : "2025-09-17",
    "price" : 154.60,
    "dma50" : 163.41,
    "dma100" : 168.20,
    "dma200" : 191.19,
    "volume" : 69064.00
  }, {
    "date" : "2025-09-18",
    "price" : 155.10,
    "dma50" : 163.09,
    "dma100" : 167.87,
    "dma200" : 190.83,
    "volume" : 45827.00
  }, {
    "date" : "2025-09-19",
    "price" : 156.85,
    "dma50" : 162.84,
    "dma100" : 167.59,
    "dma200" : 190.49,
    "volume" : 39669.00
  }, {
    "date" : "2025-09-22",
    "price" : 155.80,
    "dma50" : 162.57,
    "dma100" : 167.39,
    "dma200" : 190.15,
    "volume" : 49784.00
  }, {
    "date" : "2025-09-23",
    "price" : 156.55,
    "dma50" : 162.33,
    "dma100" : 167.15,
    "dma200" : 189.81,
    "volume" : 52847.00
  }, {
    "date" : "2025-09-24",
    "price" : 154.50,
    "dma50" : 162.02,
    "dma100" : 166.90,
    "dma200" : 189.46,
    "volume" : 34647.00
  }, {
    "date" : "2025-09-25",
    "price" : 151.10,
    "dma50" : 161.60,
    "dma100" : 166.69,
    "dma200" : 189.08,
    "volume" : 44903.00
  }, {
    "date" : "2025-09-26",
    "price" : 147.20,
    "dma50" : 161.03,
    "dma100" : 166.47,
    "dma200" : 188.66,
    "volume" : 65731.00
  }, {
    "date" : "2025-09-29",
    "price" : 148.90,
    "dma50" : 160.55,
    "dma100" : 166.31,
    "dma200" : 188.27,
    "volume" : 20182.00
  }, {
    "date" : "2025-09-30",
    "price" : 146.95,
    "dma50" : 160.02,
    "dma100" : 166.15,
    "dma200" : 187.85,
    "volume" : 31328.00
  }, {
    "date" : "2025-10-01",
    "price" : 145.95,
    "dma50" : 159.47,
    "dma100" : 165.89,
    "dma200" : 187.44,
    "volume" : 47409.00
  }, {
    "date" : "2025-10-03",
    "price" : 144.30,
    "dma50" : 158.87,
    "dma100" : 165.54,
    "dma200" : 187.01,
    "volume" : 72776.00
  }, {
    "date" : "2025-10-06",
    "price" : 142.60,
    "dma50" : 158.24,
    "dma100" : 165.09,
    "dma200" : 186.57,
    "volume" : 69014.00
  }, {
    "date" : "2025-10-07",
    "price" : 139.05,
    "dma50" : 157.48,
    "dma100" : 164.58,
    "dma200" : 186.09,
    "volume" : 141436.00
  }, {
    "date" : "2025-10-08",
    "price" : 138.40,
    "dma50" : 156.74,
    "dma100" : 164.04,
    "dma200" : 185.62,
    "volume" : 101909.00
  }, {
    "date" : "2025-10-09",
    "price" : 130.05,
    "dma50" : 155.69,
    "dma100" : 163.43,
    "dma200" : 185.07,
    "volume" : 170662.00
  }, {
    "date" : "2025-10-10",
    "price" : 139.70,
    "dma50" : 155.06,
    "dma100" : 162.95,
    "dma200" : 184.62,
    "volume" : 185565.00
  }, {
    "date" : "2025-10-13",
    "price" : 143.80,
    "dma50" : 154.62,
    "dma100" : 162.55,
    "dma200" : 184.21,
    "volume" : 129432.00
  }, {
    "date" : "2025-10-14",
    "price" : 140.05,
    "dma50" : 154.05,
    "dma100" : 162.15,
    "dma200" : 183.77,
    "volume" : 61683.00
  }, {
    "date" : "2025-10-15",
    "price" : 140.55,
    "dma50" : 153.52,
    "dma100" : 161.79,
    "dma200" : 183.34,
    "volume" : 40556.00
  }, {
    "date" : "2025-10-16",
    "price" : 141.00,
    "dma50" : 153.03,
    "dma100" : 161.45,
    "dma200" : 182.92,
    "volume" : 42190.00
  }, {
    "date" : "2025-10-17",
    "price" : 141.90,
    "dma50" : 152.59,
    "dma100" : 161.09,
    "dma200" : 182.51,
    "volume" : 28570.00
  }, {
    "date" : "2025-10-20",
    "price" : 140.60,
    "dma50" : 152.12,
    "dma100" : 160.75,
    "dma200" : 182.09,
    "volume" : 25683.00
  }, {
    "date" : "2025-10-21",
    "price" : 142.30,
    "dma50" : 151.74,
    "dma100" : 160.47,
    "dma200" : 181.70,
    "volume" : 9028.00
  }, {
    "date" : "2025-10-23",
    "price" : 158.65,
    "dma50" : 152.01,
    "dma100" : 160.38,
    "dma200" : 181.47,
    "volume" : 406429.00
  }, {
    "date" : "2025-10-24",
    "price" : 161.75,
    "dma50" : 152.39,
    "dma100" : 160.35,
    "dma200" : 181.27,
    "volume" : 300088.00
  }, {
    "date" : "2025-10-27",
    "price" : 160.55,
    "dma50" : 152.71,
    "dma100" : 160.35,
    "dma200" : 181.07,
    "volume" : 153902.00
  }, {
    "date" : "2025-10-28",
    "price" : 164.10,
    "dma50" : 153.16,
    "dma100" : 160.39,
    "dma200" : 180.90,
    "volume" : 130412.00
  }, {
    "date" : "2025-10-29",
    "price" : 171.60,
    "dma50" : 153.88,
    "dma100" : 160.47,
    "dma200" : 180.80,
    "volume" : 216773.00
  }, {
    "date" : "2025-10-30",
    "price" : 173.35,
    "dma50" : 154.64,
    "dma100" : 160.53,
    "dma200" : 180.73,
    "volume" : 168848.00
  }, {
    "date" : "2025-10-31",
    "price" : 175.00,
    "dma50" : 155.44,
    "dma100" : 160.58,
    "dma200" : 180.67,
    "volume" : 73752.00
  }, {
    "date" : "2025-11-03",
    "price" : 171.90,
    "dma50" : 156.09,
    "dma100" : 160.64,
    "dma200" : 180.59,
    "volume" : 123582.00
  }, {
    "date" : "2025-11-04",
    "price" : 169.15,
    "dma50" : 156.60,
    "dma100" : 160.67,
    "dma200" : 180.47,
    "volume" : 40554.00
  }, {
    "date" : "2025-11-06",
    "price" : 168.00,
    "dma50" : 157.05,
    "dma100" : 160.69,
    "dma200" : 180.35,
    "volume" : 71249.00
  }, {
    "date" : "2025-11-07",
    "price" : 163.50,
    "dma50" : 157.30,
    "dma100" : 160.69,
    "dma200" : 180.18,
    "volume" : 56226.00
  }, {
    "date" : "2025-11-10",
    "price" : 163.40,
    "dma50" : 157.54,
    "dma100" : 160.72,
    "dma200" : 180.01,
    "volume" : 71264.00
  }, {
    "date" : "2025-11-11",
    "price" : 162.80,
    "dma50" : 157.75,
    "dma100" : 160.74,
    "dma200" : 179.84,
    "volume" : 17340.00
  }, {
    "date" : "2025-11-12",
    "price" : 161.70,
    "dma50" : 157.90,
    "dma100" : 160.78,
    "dma200" : 179.66,
    "volume" : 47024.00
  }, {
    "date" : "2025-11-13",
    "price" : 163.55,
    "dma50" : 158.12,
    "dma100" : 160.87,
    "dma200" : 179.50,
    "volume" : 64773.00
  }, {
    "date" : "2025-11-14",
    "price" : 160.10,
    "dma50" : 158.20,
    "dma100" : 160.94,
    "dma200" : 179.31,
    "volume" : 27267.00
  }, {
    "date" : "2025-11-17",
    "price" : 165.90,
    "dma50" : 158.50,
    "dma100" : 161.07,
    "dma200" : 179.17,
    "volume" : 56592.00
  }, {
    "date" : "2025-11-18",
    "price" : 166.10,
    "dma50" : 158.80,
    "dma100" : 161.17,
    "dma200" : 179.04,
    "volume" : 37907.00
  }, {
    "date" : "2025-11-19",
    "price" : 162.10,
    "dma50" : 158.93,
    "dma100" : 161.20,
    "dma200" : 178.88,
    "volume" : 57093.00
  }, {
    "date" : "2025-11-20",
    "price" : 164.65,
    "dma50" : 159.15,
    "dma100" : 161.23,
    "dma200" : 178.73,
    "volume" : 20915.00
  }, {
    "date" : "2025-11-21",
    "price" : 162.55,
    "dma50" : 159.29,
    "dma100" : 161.20,
    "dma200" : 178.57,
    "volume" : 28295.00
  }, {
    "date" : "2025-11-24",
    "price" : 153.15,
    "dma50" : 159.05,
    "dma100" : 160.99,
    "dma200" : 178.32,
    "volume" : 46488.00
  }, {
    "date" : "2025-11-25",
    "price" : 153.60,
    "dma50" : 158.83,
    "dma100" : 160.70,
    "dma200" : 178.07,
    "volume" : 21946.00
  }, {
    "date" : "2025-11-26",
    "price" : 155.40,
    "dma50" : 158.70,
    "dma100" : 160.41,
    "dma200" : 177.85,
    "volume" : 25622.00
  }, {
    "date" : "2025-11-27",
    "price" : 150.55,
    "dma50" : 158.38,
    "dma100" : 160.05,
    "dma200" : 177.58,
    "volume" : 46389.00
  }, {
    "date" : "2025-11-28",
    "price" : 151.05,
    "dma50" : 158.09,
    "dma100" : 159.71,
    "dma200" : 177.31,
    "volume" : 25718.00
  }, {
    "date" : "2025-12-01",
    "price" : 149.90,
    "dma50" : 157.77,
    "dma100" : 159.43,
    "dma200" : 177.04,
    "volume" : 20610.00
  }, {
    "date" : "2025-12-02",
    "price" : 148.45,
    "dma50" : 157.40,
    "dma100" : 159.12,
    "dma200" : 176.76,
    "volume" : 13134.00
  }, {
    "date" : "2025-12-03",
    "price" : 144.50,
    "dma50" : 156.90,
    "dma100" : 158.77,
    "dma200" : 176.43,
    "volume" : 27286.00
  }, {
    "date" : "2025-12-04",
    "price" : 145.60,
    "dma50" : 156.45,
    "dma100" : 158.44,
    "dma200" : 176.13,
    "volume" : 31176.00
  }, {
    "date" : "2025-12-05",
    "price" : 144.50,
    "dma50" : 155.99,
    "dma100" : 158.12,
    "dma200" : 175.81,
    "volume" : 25515.00
  }, {
    "date" : "2025-12-08",
    "price" : 136.15,
    "dma50" : 155.21,
    "dma100" : 157.74,
    "dma200" : 175.42,
    "volume" : 55296.00
  }, {
    "date" : "2025-12-09",
    "price" : 138.45,
    "dma50" : 154.55,
    "dma100" : 157.39,
    "dma200" : 175.05,
    "volume" : 25674.00
  }, {
    "date" : "2025-12-10",
    "price" : 140.75,
    "dma50" : 154.01,
    "dma100" : 157.02,
    "dma200" : 174.71,
    "volume" : 27440.00
  }, {
    "date" : "2025-12-11",
    "price" : 142.25,
    "dma50" : 153.55,
    "dma100" : 156.70,
    "dma200" : 174.39,
    "volume" : 17020.00
  }, {
    "date" : "2025-12-12",
    "price" : 142.80,
    "dma50" : 153.13,
    "dma100" : 156.38,
    "dma200" : 174.07,
    "volume" : 46210.00
  }, {
    "date" : "2025-12-15",
    "price" : 144.20,
    "dma50" : 152.78,
    "dma100" : 156.09,
    "dma200" : 173.78,
    "volume" : 21496.00
  }, {
    "date" : "2025-12-16",
    "price" : 147.65,
    "dma50" : 152.58,
    "dma100" : 155.88,
    "dma200" : 173.52,
    "volume" : 27508.00
  }, {
    "date" : "2025-12-17",
    "price" : 149.30,
    "dma50" : 152.45,
    "dma100" : 155.69,
    "dma200" : 173.27,
    "volume" : 20735.00
  }, {
    "date" : "2025-12-18",
    "price" : 146.50,
    "dma50" : 152.21,
    "dma100" : 155.45,
    "dma200" : 173.01,
    "volume" : 17768.00
  }, {
    "date" : "2025-12-19",
    "price" : 144.25,
    "dma50" : 151.90,
    "dma100" : 155.24,
    "dma200" : 172.72,
    "volume" : 31490.00
  }, {
    "date" : "2025-12-22",
    "price" : 147.60,
    "dma50" : 151.73,
    "dma100" : 155.08,
    "dma200" : 172.47,
    "volume" : 48646.00
  }, {
    "date" : "2025-12-23",
    "price" : 153.10,
    "dma50" : 151.79,
    "dma100" : 154.97,
    "dma200" : 172.28,
    "volume" : 147305.00
  }, {
    "date" : "2025-12-24",
    "price" : 162.00,
    "dma50" : 152.19,
    "dma100" : 154.96,
    "dma200" : 172.18,
    "volume" : 135460.00
  }, {
    "date" : "2025-12-26",
    "price" : 172.50,
    "dma50" : 152.98,
    "dma100" : 155.05,
    "dma200" : 172.18,
    "volume" : 228460.00
  }, {
    "date" : "2025-12-29",
    "price" : 163.60,
    "dma50" : 153.40,
    "dma100" : 155.08,
    "dma200" : 172.09,
    "volume" : 157489.00
  }, {
    "date" : "2025-12-30",
    "price" : 168.00,
    "dma50" : 153.97,
    "dma100" : 155.18,
    "dma200" : 172.05,
    "volume" : 92630.00
  }, {
    "date" : "2025-12-31",
    "price" : 161.70,
    "dma50" : 154.28,
    "dma100" : 155.22,
    "dma200" : 171.95,
    "volume" : 65114.00
  }, {
    "date" : "2026-01-01",
    "price" : 167.00,
    "dma50" : 154.77,
    "dma100" : 155.38,
    "dma200" : 171.90,
    "volume" : 97195.00
  }, {
    "date" : "2026-01-02",
    "price" : 167.65,
    "dma50" : 155.28,
    "dma100" : 155.45,
    "dma200" : 171.86,
    "volume" : 56355.00
  }, {
    "date" : "2026-01-05",
    "price" : 164.10,
    "dma50" : 155.63,
    "dma100" : 155.52,
    "dma200" : 171.78,
    "volume" : 38691.00
  }, {
    "date" : "2026-01-06",
    "price" : 158.95,
    "dma50" : 155.76,
    "dma100" : 155.54,
    "dma200" : 171.65,
    "volume" : 46293.00
  }, {
    "date" : "2026-01-07",
    "price" : 159.45,
    "dma50" : 155.90,
    "dma100" : 155.58,
    "dma200" : 171.53,
    "volume" : 42588.00
  }, {
    "date" : "2026-01-08",
    "price" : 154.15,
    "dma50" : 155.83,
    "dma100" : 155.59,
    "dma200" : 171.36,
    "volume" : 46852.00
  }, {
    "date" : "2026-01-09",
    "price" : 150.45,
    "dma50" : 155.62,
    "dma100" : 155.57,
    "dma200" : 171.15,
    "volume" : 28189.00
  }, {
    "date" : "2026-01-12",
    "price" : 146.40,
    "dma50" : 155.26,
    "dma100" : 155.55,
    "dma200" : 170.91,
    "volume" : 49194.00
  }, {
    "date" : "2026-01-13",
    "price" : 146.45,
    "dma50" : 154.91,
    "dma100" : 155.45,
    "dma200" : 170.66,
    "volume" : 15994.00
  }, {
    "date" : "2026-01-14",
    "price" : 157.30,
    "dma50" : 155.01,
    "dma100" : 155.31,
    "dma200" : 170.53,
    "volume" : 68533.00
  }, {
    "date" : "2026-01-16",
    "price" : 156.30,
    "dma50" : 155.06,
    "dma100" : 155.12,
    "dma200" : 170.39,
    "volume" : 25255.00
  }, {
    "date" : "2026-01-19",
    "price" : 149.45,
    "dma50" : 154.84,
    "dma100" : 154.86,
    "dma200" : 170.18,
    "volume" : 45178.00
  }, {
    "date" : "2026-01-20",
    "price" : 141.65,
    "dma50" : 154.32,
    "dma100" : 154.61,
    "dma200" : 169.90,
    "volume" : 55297.00
  }, {
    "date" : "2026-01-21",
    "price" : 143.70,
    "dma50" : 153.90,
    "dma100" : 154.42,
    "dma200" : 169.63,
    "volume" : 78823.00
  }, {
    "date" : "2026-01-22",
    "price" : 144.75,
    "dma50" : 153.55,
    "dma100" : 154.29,
    "dma200" : 169.39,
    "volume" : 48370.00
  }, {
    "date" : "2026-01-23",
    "price" : 141.55,
    "dma50" : 153.08,
    "dma100" : 154.05,
    "dma200" : 169.11,
    "volume" : 46073.00
  }, {
    "date" : "2026-01-27",
    "price" : 141.50,
    "dma50" : 152.62,
    "dma100" : 153.78,
    "dma200" : 168.84,
    "volume" : 60944.00
  }, {
    "date" : "2026-01-28",
    "price" : 146.45,
    "dma50" : 152.38,
    "dma100" : 153.58,
    "dma200" : 168.61,
    "volume" : 40818.00
  }, {
    "date" : "2026-01-29",
    "price" : 143.60,
    "dma50" : 152.03,
    "dma100" : 153.39,
    "dma200" : 168.36,
    "volume" : 42634.00
  }, {
    "date" : "2026-01-30",
    "price" : 148.80,
    "dma50" : 151.91,
    "dma100" : 153.26,
    "dma200" : 168.17,
    "volume" : 68550.00
  }, {
    "date" : "2026-02-01",
    "price" : 141.85,
    "dma50" : 151.51,
    "dma100" : 153.08,
    "dma200" : 167.91,
    "volume" : 62316.00
  }, {
    "date" : "2026-02-02",
    "price" : 140.10,
    "dma50" : 151.07,
    "dma100" : 152.86,
    "dma200" : 167.63,
    "volume" : 38350.00
  }, {
    "date" : "2026-02-03",
    "price" : 146.05,
    "dma50" : 150.87,
    "dma100" : 152.71,
    "dma200" : 167.42,
    "volume" : 99546.00
  }, {
    "date" : "2026-02-04",
    "price" : 157.60,
    "dma50" : 151.13,
    "dma100" : 152.67,
    "dma200" : 167.32,
    "volume" : 401410.00
  }, {
    "date" : "2026-02-05",
    "price" : 155.35,
    "dma50" : 151.30,
    "dma100" : 152.63,
    "dma200" : 167.20,
    "volume" : 144194.00
  }, {
    "date" : "2026-02-06",
    "price" : 152.35,
    "dma50" : 151.34,
    "dma100" : 152.59,
    "dma200" : 167.05,
    "volume" : 34953.00
  }, {
    "date" : "2026-02-09",
    "price" : 150.70,
    "dma50" : 151.31,
    "dma100" : 152.54,
    "dma200" : 166.89,
    "volume" : 42090.00
  } ],
  "latestTechnicalAttributes" : {
    "date" : "2026-02-09",
    "price" : 150.70,
    "dma50" : 151.31,
    "dma100" : 152.54,
    "dma200" : 166.89,
    "volume" : 42090.00
  },
  "quarterlyResults" : [ {
    "date" : "2005-03-31",
    "sales" : 7.05,
    "salesGrowthYoY" : null,
    "grossProfitMargin" : 14.75,
    "grossProfit" : 1.04,
    "operatingProfitMargin" : -4.82,
    "operatingProfit" : -0.34,
    "netProfitMargin" : -8.09,
    "netProfit" : -0.57
  }, {
    "date" : "2005-06-30",
    "sales" : 5.24,
    "salesGrowthYoY" : null,
    "grossProfitMargin" : 9.16,
    "grossProfit" : 0.48,
    "operatingProfitMargin" : 3.24,
    "operatingProfit" : 0.17,
    "netProfitMargin" : 0.95,
    "netProfit" : 0.05
  }, {
    "date" : "2005-09-30",
    "sales" : 5.58,
    "salesGrowthYoY" : null,
    "grossProfitMargin" : 10.04,
    "grossProfit" : 0.56,
    "operatingProfitMargin" : 4.30,
    "operatingProfit" : 0.24,
    "netProfitMargin" : 1.25,
    "netProfit" : 0.07
  }, {
    "date" : "2005-12-31",
    "sales" : 4.39,
    "salesGrowthYoY" : null,
    "grossProfitMargin" : 27.11,
    "grossProfit" : 1.19,
    "operatingProfitMargin" : 4.33,
    "operatingProfit" : 0.19,
    "netProfitMargin" : 0.46,
    "netProfit" : 0.02
  }, {
    "date" : "2006-03-31",
    "sales" : 6.17,
    "salesGrowthYoY" : -12.48,
    "grossProfitMargin" : 13.45,
    "grossProfit" : 0.83,
    "operatingProfitMargin" : 2.76,
    "operatingProfit" : 0.17,
    "netProfitMargin" : -0.16,
    "netProfit" : -0.01
  }, {
    "date" : "2006-06-30",
    "sales" : 4.69,
    "salesGrowthYoY" : -10.50,
    "grossProfitMargin" : 9.38,
    "grossProfit" : 0.44,
    "operatingProfitMargin" : 1.49,
    "operatingProfit" : 0.07,
    "netProfitMargin" : -1.92,
    "netProfit" : -0.09
  }, {
    "date" : "2006-09-30",
    "sales" : 7.02,
    "salesGrowthYoY" : 25.81,
    "grossProfitMargin" : 10.97,
    "grossProfit" : 0.77,
    "operatingProfitMargin" : 1.99,
    "operatingProfit" : 0.14,
    "netProfitMargin" : 0.14,
    "netProfit" : 0.01
  }, {
    "date" : "2006-12-31",
    "sales" : 5.11,
    "salesGrowthYoY" : 16.40,
    "grossProfitMargin" : 19.77,
    "grossProfit" : 1.01,
    "operatingProfitMargin" : 4.11,
    "operatingProfit" : 0.21,
    "netProfitMargin" : 1.17,
    "netProfit" : 0.06
  }, {
    "date" : "2007-03-31",
    "sales" : 7.00,
    "salesGrowthYoY" : 13.45,
    "grossProfitMargin" : 22.14,
    "grossProfit" : 1.55,
    "operatingProfitMargin" : 3.14,
    "operatingProfit" : 0.22,
    "netProfitMargin" : 4.00,
    "netProfit" : 0.28
  }, {
    "date" : "2007-06-30",
    "sales" : 6.62,
    "salesGrowthYoY" : 41.15,
    "grossProfitMargin" : 5.59,
    "grossProfit" : 0.37,
    "operatingProfitMargin" : -0.30,
    "operatingProfit" : -0.02,
    "netProfitMargin" : 0.91,
    "netProfit" : 0.06
  }, {
    "date" : "2007-09-30",
    "sales" : 8.01,
    "salesGrowthYoY" : 14.10,
    "grossProfitMargin" : 3.75,
    "grossProfit" : 0.30,
    "operatingProfitMargin" : -1.37,
    "operatingProfit" : -0.11,
    "netProfitMargin" : 0.87,
    "netProfit" : 0.07
  }, {
    "date" : "2007-12-31",
    "sales" : 10.78,
    "salesGrowthYoY" : 110.96,
    "grossProfitMargin" : 10.67,
    "grossProfit" : 1.15,
    "operatingProfitMargin" : 4.27,
    "operatingProfit" : 0.46,
    "netProfitMargin" : 2.50,
    "netProfit" : 0.27
  }, {
    "date" : "2008-03-31",
    "sales" : 13.99,
    "salesGrowthYoY" : 99.86,
    "grossProfitMargin" : 8.58,
    "grossProfit" : 1.20,
    "operatingProfitMargin" : 2.00,
    "operatingProfit" : 0.28,
    "netProfitMargin" : 2.00,
    "netProfit" : 0.28
  }, {
    "date" : "2008-06-30",
    "sales" : 19.33,
    "salesGrowthYoY" : 191.99,
    "grossProfitMargin" : 18.78,
    "grossProfit" : 3.63,
    "operatingProfitMargin" : 3.47,
    "operatingProfit" : 0.67,
    "netProfitMargin" : 1.66,
    "netProfit" : 0.32
  }, {
    "date" : "2008-09-30",
    "sales" : 29.53,
    "salesGrowthYoY" : 268.66,
    "grossProfitMargin" : 10.63,
    "grossProfit" : 3.14,
    "operatingProfitMargin" : 2.51,
    "operatingProfit" : 0.74,
    "netProfitMargin" : 2.47,
    "netProfit" : 0.73
  }, {
    "date" : "2008-12-31",
    "sales" : 20.11,
    "salesGrowthYoY" : 86.55,
    "grossProfitMargin" : 14.87,
    "grossProfit" : 2.99,
    "operatingProfitMargin" : 5.87,
    "operatingProfit" : 1.18,
    "netProfitMargin" : 3.03,
    "netProfit" : 0.61
  }, {
    "date" : "2009-03-31",
    "sales" : 44.27,
    "salesGrowthYoY" : 216.44,
    "grossProfitMargin" : 29.09,
    "grossProfit" : 12.88,
    "operatingProfitMargin" : 3.03,
    "operatingProfit" : 1.34,
    "netProfitMargin" : 6.26,
    "netProfit" : 2.77
  }, {
    "date" : "2009-06-30",
    "sales" : 21.98,
    "salesGrowthYoY" : 13.71,
    "grossProfitMargin" : 14.47,
    "grossProfit" : 3.18,
    "operatingProfitMargin" : 2.55,
    "operatingProfit" : 0.56,
    "netProfitMargin" : 3.23,
    "netProfit" : 0.71
  }, {
    "date" : "2009-09-30",
    "sales" : 18.88,
    "salesGrowthYoY" : -36.07,
    "grossProfitMargin" : 18.38,
    "grossProfit" : 3.47,
    "operatingProfitMargin" : 2.44,
    "operatingProfit" : 0.46,
    "netProfitMargin" : 2.17,
    "netProfit" : 0.41
  }, {
    "date" : "2009-12-31",
    "sales" : 14.76,
    "salesGrowthYoY" : -26.60,
    "grossProfitMargin" : 17.89,
    "grossProfit" : 2.64,
    "operatingProfitMargin" : 0.61,
    "operatingProfit" : 0.09,
    "netProfitMargin" : 1.15,
    "netProfit" : 0.17
  }, {
    "date" : "2010-03-31",
    "sales" : 9.30,
    "salesGrowthYoY" : -78.99,
    "grossProfitMargin" : 14.62,
    "grossProfit" : 1.36,
    "operatingProfitMargin" : -1.18,
    "operatingProfit" : -0.11,
    "netProfitMargin" : -2.15,
    "netProfit" : -0.20
  }, {
    "date" : "2010-06-30",
    "sales" : 6.00,
    "salesGrowthYoY" : -72.70,
    "grossProfitMargin" : 13.00,
    "grossProfit" : 0.78,
    "operatingProfitMargin" : -2.50,
    "operatingProfit" : -0.15,
    "netProfitMargin" : 0.33,
    "netProfit" : 0.02
  }, {
    "date" : "2010-09-30",
    "sales" : 15.30,
    "salesGrowthYoY" : -18.96,
    "grossProfitMargin" : 10.59,
    "grossProfit" : 1.62,
    "operatingProfitMargin" : 1.11,
    "operatingProfit" : 0.17,
    "netProfitMargin" : 1.57,
    "netProfit" : 0.24
  }, {
    "date" : "2010-12-31",
    "sales" : 8.05,
    "salesGrowthYoY" : -45.46,
    "grossProfitMargin" : 30.68,
    "grossProfit" : 2.47,
    "operatingProfitMargin" : 2.48,
    "operatingProfit" : 0.20,
    "netProfitMargin" : 0.87,
    "netProfit" : 0.07
  }, {
    "date" : "2011-03-31",
    "sales" : 13.22,
    "salesGrowthYoY" : 42.15,
    "grossProfitMargin" : 59.23,
    "grossProfit" : 7.83,
    "operatingProfitMargin" : 5.14,
    "operatingProfit" : 0.68,
    "netProfitMargin" : 0.83,
    "netProfit" : 0.11
  }, {
    "date" : "2011-06-30",
    "sales" : 9.36,
    "salesGrowthYoY" : 56.00,
    "grossProfitMargin" : 15.17,
    "grossProfit" : 1.42,
    "operatingProfitMargin" : 1.18,
    "operatingProfit" : 0.11,
    "netProfitMargin" : 1.92,
    "netProfit" : 0.18
  }, {
    "date" : "2011-09-30",
    "sales" : 17.38,
    "salesGrowthYoY" : 13.59,
    "grossProfitMargin" : 14.15,
    "grossProfit" : 2.46,
    "operatingProfitMargin" : 5.12,
    "operatingProfit" : 0.89,
    "netProfitMargin" : 3.74,
    "netProfit" : 0.65
  }, {
    "date" : "2011-12-31",
    "sales" : 12.75,
    "salesGrowthYoY" : 58.39,
    "grossProfitMargin" : 24.16,
    "grossProfit" : 3.08,
    "operatingProfitMargin" : 3.61,
    "operatingProfit" : 0.46,
    "netProfitMargin" : 1.41,
    "netProfit" : 0.18
  }, {
    "date" : "2012-03-31",
    "sales" : 16.12,
    "salesGrowthYoY" : 21.94,
    "grossProfitMargin" : 43.11,
    "grossProfit" : 6.95,
    "operatingProfitMargin" : -2.30,
    "operatingProfit" : -0.37,
    "netProfitMargin" : -4.78,
    "netProfit" : -0.77
  }, {
    "date" : "2012-06-30",
    "sales" : 16.56,
    "salesGrowthYoY" : 76.92,
    "grossProfitMargin" : 18.54,
    "grossProfit" : 3.07,
    "operatingProfitMargin" : 1.75,
    "operatingProfit" : 0.29,
    "netProfitMargin" : 0.97,
    "netProfit" : 0.16
  }, {
    "date" : "2012-09-30",
    "sales" : 12.70,
    "salesGrowthYoY" : -26.93,
    "grossProfitMargin" : 22.68,
    "grossProfit" : 2.88,
    "operatingProfitMargin" : 1.50,
    "operatingProfit" : 0.19,
    "netProfitMargin" : 1.57,
    "netProfit" : 0.20
  }, {
    "date" : "2012-12-31",
    "sales" : 20.26,
    "salesGrowthYoY" : 58.90,
    "grossProfitMargin" : 18.46,
    "grossProfit" : 3.74,
    "operatingProfitMargin" : 1.97,
    "operatingProfit" : 0.40,
    "netProfitMargin" : 1.48,
    "netProfit" : 0.30
  }, {
    "date" : "2013-03-31",
    "sales" : 18.73,
    "salesGrowthYoY" : 16.19,
    "grossProfitMargin" : 32.35,
    "grossProfit" : 6.06,
    "operatingProfitMargin" : 5.45,
    "operatingProfit" : 1.02,
    "netProfitMargin" : 0.75,
    "netProfit" : 0.14
  }, {
    "date" : "2013-06-30",
    "sales" : 16.48,
    "salesGrowthYoY" : -0.48,
    "grossProfitMargin" : 23.30,
    "grossProfit" : 3.84,
    "operatingProfitMargin" : 1.27,
    "operatingProfit" : 0.21,
    "netProfitMargin" : 1.15,
    "netProfit" : 0.19
  }, {
    "date" : "2013-09-30",
    "sales" : 16.79,
    "salesGrowthYoY" : 32.20,
    "grossProfitMargin" : 20.85,
    "grossProfit" : 3.50,
    "operatingProfitMargin" : 0.12,
    "operatingProfit" : 0.02,
    "netProfitMargin" : 0.71,
    "netProfit" : 0.12
  }, {
    "date" : "2013-12-31",
    "sales" : 20.64,
    "salesGrowthYoY" : 1.88,
    "grossProfitMargin" : 17.78,
    "grossProfit" : 3.67,
    "operatingProfitMargin" : -0.78,
    "operatingProfit" : -0.16,
    "netProfitMargin" : 0.92,
    "netProfit" : 0.19
  }, {
    "date" : "2014-03-31",
    "sales" : 17.57,
    "salesGrowthYoY" : -6.19,
    "grossProfitMargin" : 15.71,
    "grossProfit" : 2.76,
    "operatingProfitMargin" : 7.85,
    "operatingProfit" : 1.38,
    "netProfitMargin" : 0.28,
    "netProfit" : 0.05
  }, {
    "date" : "2014-06-30",
    "sales" : 18.05,
    "salesGrowthYoY" : 9.53,
    "grossProfitMargin" : 19.45,
    "grossProfit" : 3.51,
    "operatingProfitMargin" : 3.66,
    "operatingProfit" : 0.66,
    "netProfitMargin" : 1.22,
    "netProfit" : 0.22
  }, {
    "date" : "2014-09-30",
    "sales" : 22.61,
    "salesGrowthYoY" : 34.66,
    "grossProfitMargin" : 19.24,
    "grossProfit" : 4.35,
    "operatingProfitMargin" : 3.27,
    "operatingProfit" : 0.74,
    "netProfitMargin" : 1.42,
    "netProfit" : 0.32
  }, {
    "date" : "2014-12-31",
    "sales" : 18.40,
    "salesGrowthYoY" : -10.85,
    "grossProfitMargin" : 22.66,
    "grossProfit" : 4.17,
    "operatingProfitMargin" : 6.74,
    "operatingProfit" : 1.24,
    "netProfitMargin" : 5.16,
    "netProfit" : 0.95
  }, {
    "date" : "2015-03-31",
    "sales" : 21.16,
    "salesGrowthYoY" : 20.43,
    "grossProfitMargin" : 29.21,
    "grossProfit" : 6.18,
    "operatingProfitMargin" : 17.63,
    "operatingProfit" : 3.73,
    "netProfitMargin" : 7.94,
    "netProfit" : 1.68
  }, {
    "date" : "2015-06-30",
    "sales" : 19.11,
    "salesGrowthYoY" : 5.87,
    "grossProfitMargin" : 23.81,
    "grossProfit" : 4.55,
    "operatingProfitMargin" : 8.27,
    "operatingProfit" : 1.58,
    "netProfitMargin" : 5.18,
    "netProfit" : 0.99
  }, {
    "date" : "2015-09-30",
    "sales" : 21.71,
    "salesGrowthYoY" : -3.98,
    "grossProfitMargin" : 24.09,
    "grossProfit" : 5.23,
    "operatingProfitMargin" : 9.44,
    "operatingProfit" : 2.05,
    "netProfitMargin" : 6.31,
    "netProfit" : 1.37
  }, {
    "date" : "2015-12-31",
    "sales" : 20.07,
    "salesGrowthYoY" : 9.08,
    "grossProfitMargin" : 28.60,
    "grossProfit" : 5.74,
    "operatingProfitMargin" : 9.67,
    "operatingProfit" : 1.94,
    "netProfitMargin" : 6.08,
    "netProfit" : 1.22
  }, {
    "date" : "2016-03-31",
    "sales" : 20.19,
    "salesGrowthYoY" : -4.58,
    "grossProfitMargin" : 31.45,
    "grossProfit" : 6.35,
    "operatingProfitMargin" : 4.11,
    "operatingProfit" : 0.83,
    "netProfitMargin" : 2.77,
    "netProfit" : 0.56
  }, {
    "date" : "2016-06-30",
    "sales" : 20.65,
    "salesGrowthYoY" : 8.06,
    "grossProfitMargin" : 32.83,
    "grossProfit" : 6.78,
    "operatingProfitMargin" : 16.13,
    "operatingProfit" : 3.33,
    "netProfitMargin" : 10.46,
    "netProfit" : 2.16
  }, {
    "date" : "2016-09-30",
    "sales" : 23.74,
    "salesGrowthYoY" : 9.35,
    "grossProfitMargin" : 31.34,
    "grossProfit" : 7.44,
    "operatingProfitMargin" : 17.35,
    "operatingProfit" : 4.12,
    "netProfitMargin" : 11.42,
    "netProfit" : 2.71
  }, {
    "date" : "2016-12-31",
    "sales" : 19.53,
    "salesGrowthYoY" : -2.69,
    "grossProfitMargin" : 30.21,
    "grossProfit" : 5.90,
    "operatingProfitMargin" : 14.75,
    "operatingProfit" : 2.88,
    "netProfitMargin" : 9.73,
    "netProfit" : 1.90
  }, {
    "date" : "2017-03-31",
    "sales" : 34.19,
    "salesGrowthYoY" : 69.34,
    "grossProfitMargin" : 53.20,
    "grossProfit" : 18.19,
    "operatingProfitMargin" : 6.99,
    "operatingProfit" : 2.39,
    "netProfitMargin" : 2.43,
    "netProfit" : 0.83
  }, {
    "date" : "2017-06-30",
    "sales" : 21.10,
    "salesGrowthYoY" : 2.18,
    "grossProfitMargin" : 30.76,
    "grossProfit" : 6.49,
    "operatingProfitMargin" : 14.36,
    "operatingProfit" : 3.03,
    "netProfitMargin" : 9.19,
    "netProfit" : 1.94
  }, {
    "date" : "2017-09-30",
    "sales" : 22.08,
    "salesGrowthYoY" : -6.99,
    "grossProfitMargin" : 34.01,
    "grossProfit" : 7.51,
    "operatingProfitMargin" : 14.99,
    "operatingProfit" : 3.31,
    "netProfitMargin" : 9.15,
    "netProfit" : 2.02
  }, {
    "date" : "2017-12-31",
    "sales" : 35.65,
    "salesGrowthYoY" : 82.54,
    "grossProfitMargin" : 31.05,
    "grossProfit" : 11.07,
    "operatingProfitMargin" : 15.06,
    "operatingProfit" : 5.37,
    "netProfitMargin" : 9.65,
    "netProfit" : 3.44
  }, {
    "date" : "2018-03-31",
    "sales" : 38.86,
    "salesGrowthYoY" : 13.66,
    "grossProfitMargin" : 43.39,
    "grossProfit" : 16.86,
    "operatingProfitMargin" : 14.59,
    "operatingProfit" : 5.67,
    "netProfitMargin" : 9.19,
    "netProfit" : 3.57
  }, {
    "date" : "2018-06-30",
    "sales" : 30.08,
    "salesGrowthYoY" : 42.56,
    "grossProfitMargin" : 34.28,
    "grossProfit" : 10.31,
    "operatingProfitMargin" : 12.33,
    "operatingProfit" : 3.71,
    "netProfitMargin" : 9.41,
    "netProfit" : 2.83
  }, {
    "date" : "2018-09-30",
    "sales" : 19.43,
    "salesGrowthYoY" : -12.00,
    "grossProfitMargin" : 38.03,
    "grossProfit" : 7.39,
    "operatingProfitMargin" : 15.80,
    "operatingProfit" : 3.07,
    "netProfitMargin" : 9.26,
    "netProfit" : 1.80
  }, {
    "date" : "2018-12-31",
    "sales" : 25.04,
    "salesGrowthYoY" : -29.76,
    "grossProfitMargin" : 37.34,
    "grossProfit" : 9.35,
    "operatingProfitMargin" : 16.09,
    "operatingProfit" : 4.03,
    "netProfitMargin" : 9.74,
    "netProfit" : 2.44
  }, {
    "date" : "2019-03-31",
    "sales" : 28.57,
    "salesGrowthYoY" : -26.48,
    "grossProfitMargin" : 39.17,
    "grossProfit" : 11.19,
    "operatingProfitMargin" : 13.62,
    "operatingProfit" : 3.89,
    "netProfitMargin" : 10.47,
    "netProfit" : 2.99
  }, {
    "date" : "2019-06-30",
    "sales" : 22.37,
    "salesGrowthYoY" : -25.63,
    "grossProfitMargin" : 38.67,
    "grossProfit" : 8.65,
    "operatingProfitMargin" : 16.85,
    "operatingProfit" : 3.77,
    "netProfitMargin" : 9.83,
    "netProfit" : 2.20
  }, {
    "date" : "2019-09-30",
    "sales" : 32.20,
    "salesGrowthYoY" : 65.72,
    "grossProfitMargin" : 35.31,
    "grossProfit" : 11.37,
    "operatingProfitMargin" : 17.20,
    "operatingProfit" : 5.54,
    "netProfitMargin" : 10.99,
    "netProfit" : 3.54
  }, {
    "date" : "2019-12-31",
    "sales" : 58.15,
    "salesGrowthYoY" : 132.23,
    "grossProfitMargin" : 29.49,
    "grossProfit" : 17.15,
    "operatingProfitMargin" : 17.47,
    "operatingProfit" : 10.16,
    "netProfitMargin" : 11.90,
    "netProfit" : 6.92
  }, {
    "date" : "2020-03-31",
    "sales" : 58.11,
    "salesGrowthYoY" : 103.40,
    "grossProfitMargin" : 30.13,
    "grossProfit" : 17.51,
    "operatingProfitMargin" : 14.52,
    "operatingProfit" : 8.44,
    "netProfitMargin" : 10.55,
    "netProfit" : 6.13
  }, {
    "date" : "2020-06-30",
    "sales" : 9.80,
    "salesGrowthYoY" : -56.19,
    "grossProfitMargin" : 35.51,
    "grossProfit" : 3.48,
    "operatingProfitMargin" : 19.18,
    "operatingProfit" : 1.88,
    "netProfitMargin" : 11.02,
    "netProfit" : 1.08
  }, {
    "date" : "2020-09-30",
    "sales" : 33.17,
    "salesGrowthYoY" : 3.01,
    "grossProfitMargin" : 30.39,
    "grossProfit" : 10.08,
    "operatingProfitMargin" : 13.99,
    "operatingProfit" : 4.64,
    "netProfitMargin" : 9.29,
    "netProfit" : 3.08
  }, {
    "date" : "2020-12-31",
    "sales" : 26.01,
    "salesGrowthYoY" : -55.27,
    "grossProfitMargin" : 30.91,
    "grossProfit" : 8.04,
    "operatingProfitMargin" : 13.00,
    "operatingProfit" : 3.38,
    "netProfitMargin" : 9.15,
    "netProfit" : 2.38
  }, {
    "date" : "2021-03-31",
    "sales" : 26.92,
    "salesGrowthYoY" : -53.67,
    "grossProfitMargin" : 45.99,
    "grossProfit" : 12.38,
    "operatingProfitMargin" : 21.51,
    "operatingProfit" : 5.79,
    "netProfitMargin" : 15.49,
    "netProfit" : 4.17
  }, {
    "date" : "2021-06-30",
    "sales" : 14.39,
    "salesGrowthYoY" : 46.84,
    "grossProfitMargin" : 33.08,
    "grossProfit" : 4.76,
    "operatingProfitMargin" : 13.06,
    "operatingProfit" : 1.88,
    "netProfitMargin" : 11.05,
    "netProfit" : 1.59
  }, {
    "date" : "2021-09-30",
    "sales" : 37.79,
    "salesGrowthYoY" : 13.93,
    "grossProfitMargin" : 34.61,
    "grossProfit" : 13.08,
    "operatingProfitMargin" : 17.17,
    "operatingProfit" : 6.49,
    "netProfitMargin" : 12.57,
    "netProfit" : 4.75
  }, {
    "date" : "2021-12-31",
    "sales" : 23.80,
    "salesGrowthYoY" : -8.50,
    "grossProfitMargin" : 42.02,
    "grossProfit" : 10.00,
    "operatingProfitMargin" : 17.44,
    "operatingProfit" : 4.15,
    "netProfitMargin" : 12.27,
    "netProfit" : 2.92
  }, {
    "date" : "2022-03-31",
    "sales" : 36.93,
    "salesGrowthYoY" : 37.18,
    "grossProfitMargin" : 42.11,
    "grossProfit" : 15.55,
    "operatingProfitMargin" : 16.19,
    "operatingProfit" : 5.98,
    "netProfitMargin" : 10.26,
    "netProfit" : 3.79
  }, {
    "date" : "2022-06-30",
    "sales" : 32.02,
    "salesGrowthYoY" : 122.52,
    "grossProfitMargin" : 34.04,
    "grossProfit" : 10.90,
    "operatingProfitMargin" : 16.96,
    "operatingProfit" : 5.43,
    "netProfitMargin" : 10.99,
    "netProfit" : 3.52
  }, {
    "date" : "2022-09-30",
    "sales" : 45.98,
    "salesGrowthYoY" : 21.67,
    "grossProfitMargin" : 30.90,
    "grossProfit" : 14.21,
    "operatingProfitMargin" : 16.90,
    "operatingProfit" : 7.77,
    "netProfitMargin" : 11.09,
    "netProfit" : 5.10
  }, {
    "date" : "2022-12-31",
    "sales" : 30.70,
    "salesGrowthYoY" : 28.99,
    "grossProfitMargin" : 34.76,
    "grossProfit" : 10.67,
    "operatingProfitMargin" : 7.13,
    "operatingProfit" : 2.19,
    "netProfitMargin" : 2.96,
    "netProfit" : 0.91
  }, {
    "date" : "2023-03-31",
    "sales" : 25.84,
    "salesGrowthYoY" : -30.03,
    "grossProfitMargin" : -3.68,
    "grossProfit" : -0.95,
    "operatingProfitMargin" : -33.82,
    "operatingProfit" : -8.74,
    "netProfitMargin" : -27.98,
    "netProfit" : -7.23
  }, {
    "date" : "2023-06-30",
    "sales" : 35.48,
    "salesGrowthYoY" : 10.81,
    "grossProfitMargin" : 26.10,
    "grossProfit" : 9.26,
    "operatingProfitMargin" : 9.10,
    "operatingProfit" : 3.23,
    "netProfitMargin" : 5.05,
    "netProfit" : 1.79
  }, {
    "date" : "2023-09-30",
    "sales" : 44.61,
    "salesGrowthYoY" : -2.98,
    "grossProfitMargin" : 29.23,
    "grossProfit" : 13.04,
    "operatingProfitMargin" : 11.12,
    "operatingProfit" : 4.96,
    "netProfitMargin" : 6.50,
    "netProfit" : 2.90
  }, {
    "date" : "2023-12-31",
    "sales" : 42.54,
    "salesGrowthYoY" : 38.57,
    "grossProfitMargin" : 35.35,
    "grossProfit" : 15.04,
    "operatingProfitMargin" : 13.92,
    "operatingProfit" : 5.92,
    "netProfitMargin" : 9.36,
    "netProfit" : 3.98
  }, {
    "date" : "2024-03-31",
    "sales" : 48.96,
    "salesGrowthYoY" : 89.47,
    "grossProfitMargin" : 33.76,
    "grossProfit" : 16.53,
    "operatingProfitMargin" : 11.32,
    "operatingProfit" : 5.54,
    "netProfitMargin" : 6.82,
    "netProfit" : 3.34
  }, {
    "date" : "2024-06-30",
    "sales" : 41.05,
    "salesGrowthYoY" : 15.70,
    "grossProfitMargin" : 30.65,
    "grossProfit" : 12.58,
    "operatingProfitMargin" : 10.77,
    "operatingProfit" : 4.42,
    "netProfitMargin" : 6.46,
    "netProfit" : 2.65
  }, {
    "date" : "2024-09-30",
    "sales" : 45.79,
    "salesGrowthYoY" : 2.65,
    "grossProfitMargin" : 33.48,
    "grossProfit" : 15.33,
    "operatingProfitMargin" : 10.50,
    "operatingProfit" : 4.81,
    "netProfitMargin" : 6.64,
    "netProfit" : 3.04
  }, {
    "date" : "2024-12-31",
    "sales" : 25.10,
    "salesGrowthYoY" : -41.00,
    "grossProfitMargin" : 41.24,
    "grossProfit" : 10.35,
    "operatingProfitMargin" : 9.40,
    "operatingProfit" : 2.36,
    "netProfitMargin" : 5.46,
    "netProfit" : 1.37
  }, {
    "date" : "2025-03-31",
    "sales" : 41.21,
    "salesGrowthYoY" : -15.83,
    "grossProfitMargin" : 29.39,
    "grossProfit" : 12.11,
    "operatingProfitMargin" : 10.41,
    "operatingProfit" : 4.29,
    "netProfitMargin" : 7.84,
    "netProfit" : 3.23
  }, {
    "date" : "2025-06-30",
    "sales" : 34.49,
    "salesGrowthYoY" : -15.98,
    "grossProfitMargin" : 34.79,
    "grossProfit" : 12.00,
    "operatingProfitMargin" : 10.64,
    "operatingProfit" : 3.67,
    "netProfitMargin" : 6.47,
    "netProfit" : 2.23
  }, {
    "date" : "2025-09-30",
    "sales" : 42.61,
    "salesGrowthYoY" : -6.94,
    "grossProfitMargin" : 38.65,
    "grossProfit" : 16.47,
    "operatingProfitMargin" : 14.39,
    "operatingProfit" : 6.13,
    "netProfitMargin" : 9.11,
    "netProfit" : 3.88
  }, {
    "date" : "2025-12-31",
    "sales" : 54.14,
    "salesGrowthYoY" : 115.70,
    "grossProfitMargin" : 38.84,
    "grossProfit" : 21.03,
    "operatingProfitMargin" : 14.54,
    "operatingProfit" : 7.87,
    "netProfitMargin" : 9.90,
    "netProfit" : 5.36
  } ],
  "latestQuarterlyResult" : {
    "date" : "2025-12-31",
    "sales" : 54.14,
    "salesGrowthYoY" : 115.70,
    "grossProfitMargin" : 38.84,
    "grossProfit" : 21.03,
    "operatingProfitMargin" : 14.54,
    "operatingProfit" : 7.87,
    "netProfitMargin" : 9.90,
    "netProfit" : 5.36
  },
  "companyScore" : {
    "priceHigherThanDma50" : 0.00,
    "priceHigherThanDma100" : 0.00,
    "priceHigherThanDma200" : 0.00,
    "dma50HigherThanDma100" : 0.00,
    "dma50HigherThanDma200" : 0.00,
    "dma100HigherThanDma200" : 0.00,
    "pricePercentageAboveDma50" : 5.02,
    "pricePercentageAboveDma100" : 5.06,
    "pricePercentageAboveDma200" : 5.49,
    "weeklyVolumeHigherThanYearlyVolume" : 5.00,
    "salesGrowthPercentile" : 18.75,
    "operatingProfitMarginPercentile" : 17.48,
    "netProfitMarginPercentile" : 8.71,
    "totalTechnicalScore" : 20.57,
    "totalFundamentalScore" : 44.94,
    "totalScore" : 65.51
  }
}