{
  "metadata" : {
    "screenerCompanyId" : "425",
    "companyCode" : "533095",
    "companyName" : "Bengal & Assam",
    "screenerCompanyLink" : "https://www.screener.in/company/533095",
    "screenerTechnicalHistoryLink" : "https://www.screener.in/api/company/425/chart/?q=Price-DMA50-DMA200-Volume&days=365",
    "screenerQuarterlyResultsLink" : "https://www.screener.in/api/company/425/chart/?q=GPM-OPM-NPM-Quarter+Sales&days=10000",
    "attributes" : {
      "companyCode" : "533095",
      "companyName" : "Bengal & Assam",
      "marketCap" : 8534.00,
      "peRatio" : 69.80,
      "description" : "Bengal & Assam Company Limited is a Core Investment Company registered with the RBI. Its objective is to hold investments in its subsidiaries, other group companies, money market mutual funds etc., as prescribed by the RBI. [1]"
    },
    "companyScore" : {
      "priceHigherThanDma50" : 0.00,
      "priceHigherThanDma100" : 0.00,
      "priceHigherThanDma200" : 0.00,
      "dma50HigherThanDma100" : 0.00,
      "dma50HigherThanDma200" : 0.00,
      "dma100HigherThanDma200" : 5.00,
      "pricePercentageAboveDma50" : 5.13,
      "pricePercentageAboveDma100" : 5.34,
      "pricePercentageAboveDma200" : 5.32,
      "weeklyVolumeHigherThanYearlyVolume" : 0.00,
      "salesGrowthPercentile" : 11.75,
      "operatingProfitMarginPercentile" : 19.68,
      "netProfitMarginPercentile" : 6.12,
      "totalTechnicalScore" : 20.79,
      "totalFundamentalScore" : 37.55,
      "totalScore" : 58.34
    }
  },
  "attributes" : {
    "companyCode" : "533095",
    "companyName" : "Bengal & Assam",
    "marketCap" : 8534.00,
    "peRatio" : 69.80,
    "description" : "Bengal & Assam Company Limited is a Core Investment Company registered with the RBI. Its objective is to hold investments in its subsidiaries, other group companies, money market mutual funds etc., as prescribed by the RBI. [1]"
  },
  "technicalHistory" : [ {
    "date" : "2024-12-04",
    "price" : 9707.25,
    "dma50" : 9564.39,
    "dma100" : null,
    "dma200" : 8910.04,
    "volume" : 111.00
  }, {
    "date" : "2024-12-05",
    "price" : 9671.00,
    "dma50" : 9568.57,
    "dma100" : null,
    "dma200" : 8917.61,
    "volume" : 66.00
  }, {
    "date" : "2024-12-06",
    "price" : 9613.80,
    "dma50" : 9570.34,
    "dma100" : null,
    "dma200" : 8924.54,
    "volume" : 191.00
  }, {
    "date" : "2024-12-09",
    "price" : 9583.50,
    "dma50" : 9570.86,
    "dma100" : null,
    "dma200" : 8931.10,
    "volume" : 151.00
  }, {
    "date" : "2024-12-10",
    "price" : 9431.80,
    "dma50" : 9565.40,
    "dma100" : null,
    "dma200" : 8936.08,
    "volume" : 239.00
  }, {
    "date" : "2024-12-11",
    "price" : 9474.95,
    "dma50" : 9561.86,
    "dma100" : null,
    "dma200" : 8941.44,
    "volume" : 2342.00
  }, {
    "date" : "2024-12-12",
    "price" : 9411.45,
    "dma50" : 9555.96,
    "dma100" : null,
    "dma200" : 8946.12,
    "volume" : 184.00
  }, {
    "date" : "2024-12-13",
    "price" : 9227.35,
    "dma50" : 9543.07,
    "dma100" : null,
    "dma200" : 8948.92,
    "volume" : 343.00
  }, {
    "date" : "2024-12-16",
    "price" : 9401.70,
    "dma50" : 9537.53,
    "dma100" : null,
    "dma200" : 8953.42,
    "volume" : 332.00
  }, {
    "date" : "2024-12-17",
    "price" : 9368.65,
    "dma50" : 9530.90,
    "dma100" : null,
    "dma200" : 8957.55,
    "volume" : 289.00
  }, {
    "date" : "2024-12-18",
    "price" : 9285.60,
    "dma50" : 9521.29,
    "dma100" : null,
    "dma200" : 8960.82,
    "volume" : 216.00
  }, {
    "date" : "2024-12-19",
    "price" : 9241.60,
    "dma50" : 9510.32,
    "dma100" : null,
    "dma200" : 8963.61,
    "volume" : 372.00
  }, {
    "date" : "2024-12-20",
    "price" : 9235.75,
    "dma50" : 9499.55,
    "dma100" : null,
    "dma200" : 8966.32,
    "volume" : 604.00
  }, {
    "date" : "2024-12-23",
    "price" : 9302.10,
    "dma50" : 9491.81,
    "dma100" : null,
    "dma200" : 8969.66,
    "volume" : 711.00
  }, {
    "date" : "2024-12-24",
    "price" : 9396.35,
    "dma50" : 9488.06,
    "dma100" : null,
    "dma200" : 8973.91,
    "volume" : 249.00
  }, {
    "date" : "2024-12-26",
    "price" : 9261.45,
    "dma50" : 9479.18,
    "dma100" : null,
    "dma200" : 8976.77,
    "volume" : 58.00
  }, {
    "date" : "2024-12-27",
    "price" : 9126.60,
    "dma50" : 9465.35,
    "dma100" : null,
    "dma200" : 8978.26,
    "volume" : 286.00
  }, {
    "date" : "2024-12-30",
    "price" : 9120.05,
    "dma50" : 9451.81,
    "dma100" : null,
    "dma200" : 8979.67,
    "volume" : 64.00
  }, {
    "date" : "2024-12-31",
    "price" : 9300.05,
    "dma50" : 9445.86,
    "dma100" : null,
    "dma200" : 8982.86,
    "volume" : 1416.00
  }, {
    "date" : "2025-01-01",
    "price" : 9166.85,
    "dma50" : 9434.92,
    "dma100" : null,
    "dma200" : 8984.69,
    "volume" : 332.00
  }, {
    "date" : "2025-01-02",
    "price" : 9307.15,
    "dma50" : 9429.91,
    "dma100" : null,
    "dma200" : 8987.90,
    "volume" : 350.00
  }, {
    "date" : "2025-01-03",
    "price" : 9216.50,
    "dma50" : 9421.54,
    "dma100" : null,
    "dma200" : 8990.17,
    "volume" : 111.00
  }, {
    "date" : "2025-01-06",
    "price" : 9031.75,
    "dma50" : 9406.25,
    "dma100" : null,
    "dma200" : 8990.59,
    "volume" : 227.00
  }, {
    "date" : "2025-01-07",
    "price" : 8998.60,
    "dma50" : 9390.26,
    "dma100" : null,
    "dma200" : 8990.67,
    "volume" : 808.00
  }, {
    "date" : "2025-01-08",
    "price" : 9000.00,
    "dma50" : 9374.96,
    "dma100" : null,
    "dma200" : 8990.76,
    "volume" : 112.00
  }, {
    "date" : "2025-01-09",
    "price" : 8964.80,
    "dma50" : 9358.88,
    "dma100" : null,
    "dma200" : 8990.50,
    "volume" : 54.00
  }, {
    "date" : "2025-01-10",
    "price" : 8658.30,
    "dma50" : 9331.40,
    "dma100" : null,
    "dma200" : 8987.19,
    "volume" : 359.00
  }, {
    "date" : "2025-01-13",
    "price" : 8605.95,
    "dma50" : 9302.95,
    "dma100" : null,
    "dma200" : 8983.40,
    "volume" : 573.00
  }, {
    "date" : "2025-01-14",
    "price" : 8804.00,
    "dma50" : 9283.39,
    "dma100" : null,
    "dma200" : 8981.62,
    "volume" : 330.00
  }, {
    "date" : "2025-01-15",
    "price" : 8833.15,
    "dma50" : 9265.73,
    "dma100" : null,
    "dma200" : 8980.14,
    "volume" : 320.00
  }, {
    "date" : "2025-01-16",
    "price" : 8811.00,
    "dma50" : 9247.90,
    "dma100" : null,
    "dma200" : 8978.46,
    "volume" : 28.00
  }, {
    "date" : "2025-01-17",
    "price" : 8710.05,
    "dma50" : 9226.81,
    "dma100" : null,
    "dma200" : 8975.78,
    "volume" : 162.00
  }, {
    "date" : "2025-01-20",
    "price" : 8650.00,
    "dma50" : 9204.19,
    "dma100" : null,
    "dma200" : 8972.54,
    "volume" : 150.00
  }, {
    "date" : "2025-01-21",
    "price" : 8600.50,
    "dma50" : 9180.51,
    "dma100" : null,
    "dma200" : 8968.84,
    "volume" : 171.00
  }, {
    "date" : "2025-01-22",
    "price" : 8684.90,
    "dma50" : 9161.08,
    "dma100" : null,
    "dma200" : 8966.02,
    "volume" : 63.00
  }, {
    "date" : "2025-01-23",
    "price" : 8672.45,
    "dma50" : 9141.91,
    "dma100" : null,
    "dma200" : 8963.09,
    "volume" : 91.00
  }, {
    "date" : "2025-01-24",
    "price" : 8542.35,
    "dma50" : 9118.40,
    "dma100" : null,
    "dma200" : 8958.91,
    "volume" : 65.00
  }, {
    "date" : "2025-01-27",
    "price" : 8535.20,
    "dma50" : 9095.53,
    "dma100" : null,
    "dma200" : 8954.69,
    "volume" : 362.00
  }, {
    "date" : "2025-01-28",
    "price" : 8517.10,
    "dma50" : 9072.85,
    "dma100" : null,
    "dma200" : 8950.34,
    "volume" : 536.00
  }, {
    "date" : "2025-01-29",
    "price" : 8651.50,
    "dma50" : 9056.32,
    "dma100" : null,
    "dma200" : 8947.36,
    "volume" : 143.00
  }, {
    "date" : "2025-01-30",
    "price" : 8600.00,
    "dma50" : 9038.43,
    "dma100" : null,
    "dma200" : 8943.91,
    "volume" : 50.00
  }, {
    "date" : "2025-01-31",
    "price" : 8698.85,
    "dma50" : 9025.11,
    "dma100" : null,
    "dma200" : 8941.47,
    "volume" : 369.00
  }, {
    "date" : "2025-02-01",
    "price" : 8588.15,
    "dma50" : 9007.98,
    "dma100" : null,
    "dma200" : 8937.95,
    "volume" : 87.00
  }, {
    "date" : "2025-02-03",
    "price" : 8568.50,
    "dma50" : 8990.74,
    "dma100" : null,
    "dma200" : 8934.28,
    "volume" : 115.00
  }, {
    "date" : "2025-02-04",
    "price" : 8546.65,
    "dma50" : 8973.33,
    "dma100" : null,
    "dma200" : 8930.42,
    "volume" : 268.00
  }, {
    "date" : "2025-02-05",
    "price" : 8560.00,
    "dma50" : 8957.12,
    "dma100" : null,
    "dma200" : 8926.74,
    "volume" : 55.00
  }, {
    "date" : "2025-02-06",
    "price" : 8480.15,
    "dma50" : 8938.41,
    "dma100" : null,
    "dma200" : 8922.29,
    "volume" : 1027.00
  }, {
    "date" : "2025-02-07",
    "price" : 8404.65,
    "dma50" : 8917.48,
    "dma100" : null,
    "dma200" : 8917.14,
    "volume" : 140.00
  }, {
    "date" : "2025-02-10",
    "price" : 8435.00,
    "dma50" : 8898.56,
    "dma100" : null,
    "dma200" : 8912.34,
    "volume" : 554.00
  }, {
    "date" : "2025-02-11",
    "price" : 8173.65,
    "dma50" : 8870.13,
    "dma100" : null,
    "dma200" : 8904.99,
    "volume" : 88.00
  }, {
    "date" : "2025-02-12",
    "price" : 8036.75,
    "dma50" : 8837.45,
    "dma100" : null,
    "dma200" : 8896.35,
    "volume" : 513.00
  }, {
    "date" : "2025-02-13",
    "price" : 8100.00,
    "dma50" : 8808.53,
    "dma100" : null,
    "dma200" : 8888.43,
    "volume" : 471.00
  }, {
    "date" : "2025-02-14",
    "price" : 7990.00,
    "dma50" : 8776.43,
    "dma100" : null,
    "dma200" : 8879.49,
    "volume" : 148.00
  }, {
    "date" : "2025-02-17",
    "price" : 7740.00,
    "dma50" : 8735.79,
    "dma100" : null,
    "dma200" : 8868.15,
    "volume" : 191.00
  }, {
    "date" : "2025-02-18",
    "price" : 7620.55,
    "dma50" : 8692.05,
    "dma100" : null,
    "dma200" : 8855.74,
    "volume" : 109.00
  }, {
    "date" : "2025-02-19",
    "price" : 7635.35,
    "dma50" : 8650.61,
    "dma100" : null,
    "dma200" : 8843.60,
    "volume" : 438.00
  }, {
    "date" : "2025-02-20",
    "price" : 7603.45,
    "dma50" : 8609.55,
    "dma100" : null,
    "dma200" : 8831.26,
    "volume" : 184.00
  }, {
    "date" : "2025-02-21",
    "price" : 7551.85,
    "dma50" : 8568.07,
    "dma100" : null,
    "dma200" : 8818.53,
    "volume" : 505.00
  }, {
    "date" : "2025-02-24",
    "price" : 7367.65,
    "dma50" : 8520.99,
    "dma100" : null,
    "dma200" : 8804.09,
    "volume" : 364.00
  }, {
    "date" : "2025-02-25",
    "price" : 7383.40,
    "dma50" : 8476.38,
    "dma100" : null,
    "dma200" : 8789.95,
    "volume" : 245.00
  }, {
    "date" : "2025-02-27",
    "price" : 7001.80,
    "dma50" : 8418.56,
    "dma100" : null,
    "dma200" : 8772.16,
    "volume" : 1967.00
  }, {
    "date" : "2025-02-28",
    "price" : 6610.60,
    "dma50" : 8347.66,
    "dma100" : null,
    "dma200" : 8750.65,
    "volume" : 491.00
  }, {
    "date" : "2025-03-03",
    "price" : 6444.40,
    "dma50" : 8273.02,
    "dma100" : null,
    "dma200" : 8727.70,
    "volume" : 309.00
  }, {
    "date" : "2025-03-04",
    "price" : 6483.75,
    "dma50" : 8202.85,
    "dma100" : null,
    "dma200" : 8705.38,
    "volume" : 408.00
  }, {
    "date" : "2025-03-05",
    "price" : 6751.05,
    "dma50" : 8145.92,
    "dma100" : null,
    "dma200" : 8685.93,
    "volume" : 10393.00
  }, {
    "date" : "2025-03-06",
    "price" : 6804.75,
    "dma50" : 8093.32,
    "dma100" : null,
    "dma200" : 8667.21,
    "volume" : 115.00
  }, {
    "date" : "2025-03-07",
    "price" : 6982.75,
    "dma50" : 8049.77,
    "dma100" : null,
    "dma200" : 8650.45,
    "volume" : 562.00
  }, {
    "date" : "2025-03-10",
    "price" : 7492.45,
    "dma50" : 8027.92,
    "dma100" : null,
    "dma200" : 8638.93,
    "volume" : 725.00
  }, {
    "date" : "2025-03-11",
    "price" : 7627.50,
    "dma50" : 8012.21,
    "dma100" : null,
    "dma200" : 8628.86,
    "volume" : 334.00
  }, {
    "date" : "2025-03-12",
    "price" : 7610.35,
    "dma50" : 7996.45,
    "dma100" : null,
    "dma200" : 8618.73,
    "volume" : 447.00
  }, {
    "date" : "2025-03-13",
    "price" : 7366.05,
    "dma50" : 7971.73,
    "dma100" : null,
    "dma200" : 8606.27,
    "volume" : 3123.00
  }, {
    "date" : "2025-03-17",
    "price" : 7337.90,
    "dma50" : 7946.88,
    "dma100" : null,
    "dma200" : 8593.65,
    "volume" : 182.00
  }, {
    "date" : "2025-03-18",
    "price" : 7495.60,
    "dma50" : 7929.18,
    "dma100" : null,
    "dma200" : 8582.72,
    "volume" : 385.00
  }, {
    "date" : "2025-03-19",
    "price" : 7560.65,
    "dma50" : 7914.73,
    "dma100" : null,
    "dma200" : 8572.55,
    "volume" : 591.00
  }, {
    "date" : "2025-03-20",
    "price" : 7452.65,
    "dma50" : 7896.61,
    "dma100" : null,
    "dma200" : 8561.41,
    "volume" : 431.00
  }, {
    "date" : "2025-03-21",
    "price" : 7355.25,
    "dma50" : 7875.38,
    "dma100" : null,
    "dma200" : 8549.40,
    "volume" : 435.00
  }, {
    "date" : "2025-03-24",
    "price" : 7497.50,
    "dma50" : 7860.56,
    "dma100" : null,
    "dma200" : 8538.94,
    "volume" : 704.00
  }, {
    "date" : "2025-03-25",
    "price" : 7153.05,
    "dma50" : 7832.81,
    "dma100" : null,
    "dma200" : 8525.15,
    "volume" : 428.00
  }, {
    "date" : "2025-03-26",
    "price" : 7200.05,
    "dma50" : 7808.00,
    "dma100" : null,
    "dma200" : 8511.96,
    "volume" : 2765.00
  }, {
    "date" : "2025-03-27",
    "price" : 7201.05,
    "dma50" : 7784.20,
    "dma100" : null,
    "dma200" : 8498.92,
    "volume" : 662.00
  }, {
    "date" : "2025-03-28",
    "price" : 7209.00,
    "dma50" : 7761.64,
    "dma100" : null,
    "dma200" : 8486.08,
    "volume" : 768.00
  }, {
    "date" : "2025-04-01",
    "price" : 7322.75,
    "dma50" : 7744.43,
    "dma100" : null,
    "dma200" : 8474.51,
    "volume" : 150.00
  }, {
    "date" : "2025-04-02",
    "price" : 7385.05,
    "dma50" : 7730.33,
    "dma100" : null,
    "dma200" : 8463.67,
    "volume" : 73691.00
  }, {
    "date" : "2025-04-03",
    "price" : 7661.00,
    "dma50" : 7727.62,
    "dma100" : null,
    "dma200" : 8455.68,
    "volume" : 589.00
  }, {
    "date" : "2025-04-04",
    "price" : 7914.45,
    "dma50" : 7734.94,
    "dma100" : null,
    "dma200" : 8450.30,
    "volume" : 799.00
  }, {
    "date" : "2025-04-07",
    "price" : 7343.10,
    "dma50" : 7719.58,
    "dma100" : null,
    "dma200" : 8439.28,
    "volume" : 2260.00
  }, {
    "date" : "2025-04-08",
    "price" : 7481.60,
    "dma50" : 7710.24,
    "dma100" : null,
    "dma200" : 8429.75,
    "volume" : 391.00
  }, {
    "date" : "2025-04-09",
    "price" : 7357.35,
    "dma50" : 7696.40,
    "dma100" : null,
    "dma200" : 8419.08,
    "volume" : 7534.00
  }, {
    "date" : "2025-04-11",
    "price" : 7483.15,
    "dma50" : 7688.04,
    "dma100" : null,
    "dma200" : 8409.77,
    "volume" : 168.00
  }, {
    "date" : "2025-04-15",
    "price" : 7481.35,
    "dma50" : 7679.94,
    "dma100" : null,
    "dma200" : 8400.53,
    "volume" : 133.00
  }, {
    "date" : "2025-04-16",
    "price" : 7534.85,
    "dma50" : 7674.25,
    "dma100" : null,
    "dma200" : 8391.92,
    "volume" : 71.00
  }, {
    "date" : "2025-04-17",
    "price" : 7523.60,
    "dma50" : 7668.34,
    "dma100" : null,
    "dma200" : 8383.28,
    "volume" : 116.00
  }, {
    "date" : "2025-04-21",
    "price" : 7484.65,
    "dma50" : 7661.14,
    "dma100" : null,
    "dma200" : 8374.33,
    "volume" : 351.00
  }, {
    "date" : "2025-04-22",
    "price" : 7545.00,
    "dma50" : 7656.58,
    "dma100" : null,
    "dma200" : 8366.08,
    "volume" : 81.00
  }, {
    "date" : "2025-04-23",
    "price" : 7640.00,
    "dma50" : 7655.93,
    "dma100" : null,
    "dma200" : 8358.86,
    "volume" : 94.00
  }, {
    "date" : "2025-04-24",
    "price" : 7701.70,
    "dma50" : 7657.73,
    "dma100" : null,
    "dma200" : 8352.32,
    "volume" : 255.00
  }, {
    "date" : "2025-04-25",
    "price" : 7482.60,
    "dma50" : 7650.86,
    "dma100" : null,
    "dma200" : 8343.66,
    "volume" : 347.00
  }, {
    "date" : "2025-04-28",
    "price" : 7389.05,
    "dma50" : 7640.59,
    "dma100" : null,
    "dma200" : 8334.17,
    "volume" : 99.00
  }, {
    "date" : "2025-04-29",
    "price" : 7444.05,
    "dma50" : 7632.88,
    "dma100" : null,
    "dma200" : 8325.31,
    "volume" : 111.00
  }, {
    "date" : "2025-04-30",
    "price" : 7342.00,
    "dma50" : 7621.48,
    "dma100" : null,
    "dma200" : 8315.52,
    "volume" : 188.00
  }, {
    "date" : "2025-05-02",
    "price" : 7331.80,
    "dma50" : 7610.12,
    "dma100" : 8159.88,
    "dma200" : 8305.74,
    "volume" : 80.00
  }, {
    "date" : "2025-05-05",
    "price" : 7184.65,
    "dma50" : 7593.43,
    "dma100" : 8135.01,
    "dma200" : 8294.58,
    "volume" : 743.00
  }, {
    "date" : "2025-05-06",
    "price" : 7295.80,
    "dma50" : 7581.76,
    "dma100" : 8111.83,
    "dma200" : 8284.64,
    "volume" : 192.00
  }, {
    "date" : "2025-05-07",
    "price" : 7202.15,
    "dma50" : 7566.87,
    "dma100" : 8088.02,
    "dma200" : 8273.87,
    "volume" : 108.00
  }, {
    "date" : "2025-05-08",
    "price" : 7256.20,
    "dma50" : 7554.69,
    "dma100" : 8066.26,
    "dma200" : 8263.75,
    "volume" : 475.00
  }, {
    "date" : "2025-05-09",
    "price" : 7230.00,
    "dma50" : 7541.96,
    "dma100" : 8043.81,
    "dma200" : 8253.46,
    "volume" : 158.00
  }, {
    "date" : "2025-05-12",
    "price" : 7350.00,
    "dma50" : 7534.43,
    "dma100" : 8023.20,
    "dma200" : 8244.47,
    "volume" : 416.00
  }, {
    "date" : "2025-05-13",
    "price" : 7371.80,
    "dma50" : 7528.05,
    "dma100" : 8004.64,
    "dma200" : 8235.79,
    "volume" : 284.00
  }, {
    "date" : "2025-05-14",
    "price" : 7308.75,
    "dma50" : 7519.45,
    "dma100" : 7983.72,
    "dma200" : 8226.56,
    "volume" : 343.00
  }, {
    "date" : "2025-05-15",
    "price" : 7304.45,
    "dma50" : 7511.02,
    "dma100" : 7963.07,
    "dma200" : 8217.39,
    "volume" : 342.00
  }, {
    "date" : "2025-05-16",
    "price" : 7331.90,
    "dma50" : 7504.00,
    "dma100" : 7943.54,
    "dma200" : 8208.58,
    "volume" : 3301.00
  }, {
    "date" : "2025-05-19",
    "price" : 7499.40,
    "dma50" : 7503.82,
    "dma100" : 7926.11,
    "dma200" : 8201.52,
    "volume" : 144.00
  }, {
    "date" : "2025-05-20",
    "price" : 7506.65,
    "dma50" : 7503.93,
    "dma100" : 7908.82,
    "dma200" : 8194.61,
    "volume" : 241.00
  }, {
    "date" : "2025-05-21",
    "price" : 7527.80,
    "dma50" : 7504.86,
    "dma100" : 7891.08,
    "dma200" : 8187.97,
    "volume" : 101.00
  }, {
    "date" : "2025-05-22",
    "price" : 7488.85,
    "dma50" : 7504.23,
    "dma100" : 7872.01,
    "dma200" : 8181.01,
    "volume" : 143.00
  }, {
    "date" : "2025-05-23",
    "price" : 7530.05,
    "dma50" : 7505.25,
    "dma100" : 7854.69,
    "dma200" : 8174.54,
    "volume" : 1594.00
  }, {
    "date" : "2025-05-26",
    "price" : 7630.20,
    "dma50" : 7510.15,
    "dma100" : 7839.73,
    "dma200" : 8169.12,
    "volume" : 2001.00
  }, {
    "date" : "2025-05-27",
    "price" : 7731.40,
    "dma50" : 7518.82,
    "dma100" : 7825.84,
    "dma200" : 8164.77,
    "volume" : 81.00
  }, {
    "date" : "2025-05-28",
    "price" : 7624.90,
    "dma50" : 7522.98,
    "dma100" : 7809.09,
    "dma200" : 8159.39,
    "volume" : 97.00
  }, {
    "date" : "2025-05-29",
    "price" : 7564.85,
    "dma50" : 7524.63,
    "dma100" : 7793.07,
    "dma200" : 8153.48,
    "volume" : 46.00
  }, {
    "date" : "2025-05-30",
    "price" : 7515.45,
    "dma50" : 7524.27,
    "dma100" : 7775.15,
    "dma200" : 8147.13,
    "volume" : 138.00
  }, {
    "date" : "2025-06-02",
    "price" : 7368.90,
    "dma50" : 7518.17,
    "dma100" : 7756.68,
    "dma200" : 8139.39,
    "volume" : 358.00
  }, {
    "date" : "2025-06-03",
    "price" : 7338.75,
    "dma50" : 7511.14,
    "dma100" : 7739.75,
    "dma200" : 8131.42,
    "volume" : 313.00
  }, {
    "date" : "2025-06-04",
    "price" : 7296.70,
    "dma50" : 7502.73,
    "dma100" : 7722.73,
    "dma200" : 8123.11,
    "volume" : 134.00
  }, {
    "date" : "2025-06-05",
    "price" : 7454.10,
    "dma50" : 7500.82,
    "dma100" : 7707.27,
    "dma200" : 8116.46,
    "volume" : 3954.00
  }, {
    "date" : "2025-06-06",
    "price" : 7534.40,
    "dma50" : 7502.14,
    "dma100" : 7692.96,
    "dma200" : 8110.67,
    "volume" : 145.00
  }, {
    "date" : "2025-06-09",
    "price" : 7502.00,
    "dma50" : 7502.13,
    "dma100" : 7681.40,
    "dma200" : 8104.61,
    "volume" : 10714.00
  }, {
    "date" : "2025-06-10",
    "price" : 7674.65,
    "dma50" : 7508.90,
    "dma100" : 7672.09,
    "dma200" : 8100.33,
    "volume" : 219.00
  }, {
    "date" : "2025-06-11",
    "price" : 7634.35,
    "dma50" : 7513.82,
    "dma100" : 7660.39,
    "dma200" : 8095.69,
    "volume" : 1271.00
  }, {
    "date" : "2025-06-12",
    "price" : 7532.50,
    "dma50" : 7514.55,
    "dma100" : 7647.39,
    "dma200" : 8090.09,
    "volume" : 86.00
  }, {
    "date" : "2025-06-13",
    "price" : 7657.35,
    "dma50" : 7520.15,
    "dma100" : 7635.85,
    "dma200" : 8085.78,
    "volume" : 345.00
  }, {
    "date" : "2025-06-16",
    "price" : 7576.45,
    "dma50" : 7522.36,
    "dma100" : 7624.51,
    "dma200" : 8080.72,
    "volume" : 103.00
  }, {
    "date" : "2025-06-17",
    "price" : 7612.40,
    "dma50" : 7525.89,
    "dma100" : 7614.14,
    "dma200" : 8076.06,
    "volume" : 190.00
  }, {
    "date" : "2025-06-18",
    "price" : 7552.00,
    "dma50" : 7526.91,
    "dma100" : 7603.65,
    "dma200" : 8070.84,
    "volume" : 116.00
  }, {
    "date" : "2025-06-19",
    "price" : 7389.45,
    "dma50" : 7521.52,
    "dma100" : 7590.70,
    "dma200" : 8064.06,
    "volume" : 379.00
  }, {
    "date" : "2025-06-20",
    "price" : 7870.75,
    "dma50" : 7535.22,
    "dma100" : 7582.68,
    "dma200" : 8062.14,
    "volume" : 1218.00
  }, {
    "date" : "2025-06-23",
    "price" : 7604.80,
    "dma50" : 7537.95,
    "dma100" : 7573.30,
    "dma200" : 8057.59,
    "volume" : 208.00
  }, {
    "date" : "2025-06-24",
    "price" : 7847.60,
    "dma50" : 7550.09,
    "dma100" : 7566.43,
    "dma200" : 8055.50,
    "volume" : 2220.00
  }, {
    "date" : "2025-06-25",
    "price" : 8014.10,
    "dma50" : 7568.29,
    "dma100" : 7561.40,
    "dma200" : 8055.09,
    "volume" : 1768.00
  }, {
    "date" : "2025-06-26",
    "price" : 8057.45,
    "dma50" : 7587.47,
    "dma100" : 7555.46,
    "dma200" : 8055.11,
    "volume" : 8150.00
  }, {
    "date" : "2025-06-27",
    "price" : 8277.15,
    "dma50" : 7614.51,
    "dma100" : 7552.23,
    "dma200" : 8057.32,
    "volume" : 574.00
  }, {
    "date" : "2025-06-30",
    "price" : 8223.15,
    "dma50" : 7638.38,
    "dma100" : 7547.47,
    "dma200" : 8058.97,
    "volume" : 256.00
  }, {
    "date" : "2025-07-01",
    "price" : 8303.85,
    "dma50" : 7664.48,
    "dma100" : 7544.63,
    "dma200" : 8061.41,
    "volume" : 522.00
  }, {
    "date" : "2025-07-02",
    "price" : 8365.00,
    "dma50" : 7691.95,
    "dma100" : 7542.59,
    "dma200" : 8064.43,
    "volume" : 260.00
  }, {
    "date" : "2025-07-03",
    "price" : 8300.05,
    "dma50" : 7715.80,
    "dma100" : 7540.13,
    "dma200" : 8066.77,
    "volume" : 401.00
  }, {
    "date" : "2025-07-04",
    "price" : 8288.10,
    "dma50" : 7738.24,
    "dma100" : 7537.41,
    "dma200" : 8068.97,
    "volume" : 76.00
  }, {
    "date" : "2025-07-07",
    "price" : 8289.65,
    "dma50" : 7759.87,
    "dma100" : 7535.50,
    "dma200" : 8071.17,
    "volume" : 198.00
  }, {
    "date" : "2025-07-08",
    "price" : 8230.50,
    "dma50" : 7778.32,
    "dma100" : 7533.76,
    "dma200" : 8072.75,
    "volume" : 239.00
  }, {
    "date" : "2025-07-09",
    "price" : 8231.25,
    "dma50" : 7796.08,
    "dma100" : 7531.73,
    "dma200" : 8074.33,
    "volume" : 78.00
  }, {
    "date" : "2025-07-10",
    "price" : 8290.15,
    "dma50" : 7815.46,
    "dma100" : 7532.89,
    "dma200" : 8076.48,
    "volume" : 577.00
  }, {
    "date" : "2025-07-11",
    "price" : 8138.90,
    "dma50" : 7828.14,
    "dma100" : 7533.91,
    "dma200" : 8077.10,
    "volume" : 127.00
  }, {
    "date" : "2025-07-14",
    "price" : 8062.65,
    "dma50" : 7837.34,
    "dma100" : 7533.54,
    "dma200" : 8076.96,
    "volume" : 120.00
  }, {
    "date" : "2025-07-15",
    "price" : 8256.30,
    "dma50" : 7853.77,
    "dma100" : 7536.20,
    "dma200" : 8078.74,
    "volume" : 317.00
  }, {
    "date" : "2025-07-16",
    "price" : 8440.00,
    "dma50" : 7876.76,
    "dma100" : 7543.20,
    "dma200" : 8082.34,
    "volume" : 394.00
  }, {
    "date" : "2025-07-17",
    "price" : 8379.95,
    "dma50" : 7896.49,
    "dma100" : 7550.80,
    "dma200" : 8085.30,
    "volume" : 151.00
  }, {
    "date" : "2025-07-18",
    "price" : 8295.65,
    "dma50" : 7912.14,
    "dma100" : 7557.40,
    "dma200" : 8087.39,
    "volume" : 214.00
  }, {
    "date" : "2025-07-21",
    "price" : 8205.55,
    "dma50" : 7923.65,
    "dma100" : 7563.42,
    "dma200" : 8088.57,
    "volume" : 359.00
  }, {
    "date" : "2025-07-22",
    "price" : 8172.60,
    "dma50" : 7933.41,
    "dma100" : 7569.63,
    "dma200" : 8089.40,
    "volume" : 279.00
  }, {
    "date" : "2025-07-23",
    "price" : 8310.30,
    "dma50" : 7948.19,
    "dma100" : 7579.05,
    "dma200" : 8091.60,
    "volume" : 679.00
  }, {
    "date" : "2025-07-24",
    "price" : 8190.05,
    "dma50" : 7957.68,
    "dma100" : 7587.12,
    "dma200" : 8092.58,
    "volume" : 366.00
  }, {
    "date" : "2025-07-25",
    "price" : 8225.10,
    "dma50" : 7968.16,
    "dma100" : 7599.35,
    "dma200" : 8093.90,
    "volume" : 159.00
  }, {
    "date" : "2025-07-28",
    "price" : 8167.90,
    "dma50" : 7976.00,
    "dma100" : 7614.93,
    "dma200" : 8094.63,
    "volume" : 424.00
  }, {
    "date" : "2025-07-29",
    "price" : 8111.90,
    "dma50" : 7981.33,
    "dma100" : 7631.60,
    "dma200" : 8094.81,
    "volume" : 431.00
  }, {
    "date" : "2025-07-30",
    "price" : 8142.30,
    "dma50" : 7987.64,
    "dma100" : 7648.19,
    "dma200" : 8095.28,
    "volume" : 99.00
  }, {
    "date" : "2025-07-31",
    "price" : 8190.10,
    "dma50" : 7995.58,
    "dma100" : 7662.58,
    "dma200" : 8096.22,
    "volume" : 313.00
  }, {
    "date" : "2025-08-01",
    "price" : 8149.95,
    "dma50" : 8001.63,
    "dma100" : 7676.03,
    "dma200" : 8096.76,
    "volume" : 262.00
  }, {
    "date" : "2025-08-04",
    "price" : 8065.60,
    "dma50" : 8004.14,
    "dma100" : 7686.86,
    "dma200" : 8096.45,
    "volume" : 51.00
  }, {
    "date" : "2025-08-05",
    "price" : 8105.65,
    "dma50" : 8008.12,
    "dma100" : 7692.99,
    "dma200" : 8096.54,
    "volume" : 268.00
  }, {
    "date" : "2025-08-06",
    "price" : 7920.05,
    "dma50" : 8004.67,
    "dma100" : 7695.92,
    "dma200" : 8094.78,
    "volume" : 327.00
  }, {
    "date" : "2025-08-07",
    "price" : 7950.65,
    "dma50" : 8002.55,
    "dma100" : 7699.32,
    "dma200" : 8093.35,
    "volume" : 147.00
  }, {
    "date" : "2025-08-08",
    "price" : 7971.75,
    "dma50" : 8001.34,
    "dma100" : 7705.38,
    "dma200" : 8092.14,
    "volume" : 185.00
  }, {
    "date" : "2025-08-11",
    "price" : 7904.35,
    "dma50" : 7997.54,
    "dma100" : 7711.04,
    "dma200" : 8090.27,
    "volume" : 59.00
  }, {
    "date" : "2025-08-12",
    "price" : 8010.90,
    "dma50" : 7998.06,
    "dma100" : 7716.19,
    "dma200" : 8089.48,
    "volume" : 467.00
  }, {
    "date" : "2025-08-13",
    "price" : 8007.25,
    "dma50" : 7998.42,
    "dma100" : 7720.66,
    "dma200" : 8088.66,
    "volume" : 175.00
  }, {
    "date" : "2025-08-14",
    "price" : 8037.60,
    "dma50" : 7999.96,
    "dma100" : 7726.51,
    "dma200" : 8088.15,
    "volume" : 398.00
  }, {
    "date" : "2025-08-18",
    "price" : 8041.80,
    "dma50" : 8001.60,
    "dma100" : 7733.37,
    "dma200" : 8087.69,
    "volume" : 244.00
  }, {
    "date" : "2025-08-19",
    "price" : 8120.00,
    "dma50" : 8006.24,
    "dma100" : 7739.60,
    "dma200" : 8088.01,
    "volume" : 44.00
  }, {
    "date" : "2025-08-20",
    "price" : 8031.60,
    "dma50" : 8007.24,
    "dma100" : 7748.38,
    "dma200" : 8087.45,
    "volume" : 246.00
  }, {
    "date" : "2025-08-21",
    "price" : 8055.00,
    "dma50" : 8009.11,
    "dma100" : 7756.93,
    "dma200" : 8087.13,
    "volume" : 404.00
  }, {
    "date" : "2025-08-22",
    "price" : 8009.05,
    "dma50" : 8009.11,
    "dma100" : 7765.01,
    "dma200" : 8086.35,
    "volume" : 286.00
  }, {
    "date" : "2025-08-25",
    "price" : 8139.00,
    "dma50" : 8014.20,
    "dma100" : 7774.31,
    "dma200" : 8086.88,
    "volume" : 440.00
  }, {
    "date" : "2025-08-26",
    "price" : 8150.00,
    "dma50" : 8019.53,
    "dma100" : 7782.59,
    "dma200" : 8087.50,
    "volume" : 203.00
  }, {
    "date" : "2025-08-28",
    "price" : 8150.00,
    "dma50" : 8024.64,
    "dma100" : 7790.24,
    "dma200" : 8088.13,
    "volume" : 282.00
  }, {
    "date" : "2025-08-29",
    "price" : 8208.65,
    "dma50" : 8031.86,
    "dma100" : 7795.71,
    "dma200" : 8089.33,
    "volume" : 231.00
  }, {
    "date" : "2025-09-01",
    "price" : 8270.60,
    "dma50" : 8041.22,
    "dma100" : 7799.27,
    "dma200" : 8091.13,
    "volume" : 497.00
  }, {
    "date" : "2025-09-02",
    "price" : 8400.00,
    "dma50" : 8055.29,
    "dma100" : 7809.84,
    "dma200" : 8094.20,
    "volume" : 600.00
  }, {
    "date" : "2025-09-03",
    "price" : 8482.00,
    "dma50" : 8072.03,
    "dma100" : 7819.85,
    "dma200" : 8098.06,
    "volume" : 313.00
  }, {
    "date" : "2025-09-04",
    "price" : 8405.25,
    "dma50" : 8085.09,
    "dma100" : 7830.33,
    "dma200" : 8101.12,
    "volume" : 3502.00
  }, {
    "date" : "2025-09-05",
    "price" : 8533.65,
    "dma50" : 8102.68,
    "dma100" : 7840.83,
    "dma200" : 8105.42,
    "volume" : 687.00
  }, {
    "date" : "2025-09-08",
    "price" : 8835.55,
    "dma50" : 8131.42,
    "dma100" : 7854.37,
    "dma200" : 8112.69,
    "volume" : 794.00
  }, {
    "date" : "2025-09-09",
    "price" : 8803.05,
    "dma50" : 8157.76,
    "dma100" : 7867.05,
    "dma200" : 8119.56,
    "volume" : 663.00
  }, {
    "date" : "2025-09-10",
    "price" : 8871.80,
    "dma50" : 8185.76,
    "dma100" : 7880.54,
    "dma200" : 8127.04,
    "volume" : 615.00
  }, {
    "date" : "2025-09-11",
    "price" : 8868.70,
    "dma50" : 8212.55,
    "dma100" : 7894.38,
    "dma200" : 8134.42,
    "volume" : 508.00
  }, {
    "date" : "2025-09-12",
    "price" : 8900.00,
    "dma50" : 8239.50,
    "dma100" : 7907.93,
    "dma200" : 8142.04,
    "volume" : 449.00
  }, {
    "date" : "2025-09-15",
    "price" : 8928.15,
    "dma50" : 8266.51,
    "dma100" : 7920.81,
    "dma200" : 8149.86,
    "volume" : 495.00
  }, {
    "date" : "2025-09-16",
    "price" : 8776.45,
    "dma50" : 8286.51,
    "dma100" : 7931.56,
    "dma200" : 8156.10,
    "volume" : 5265.00
  }, {
    "date" : "2025-09-17",
    "price" : 9027.10,
    "dma50" : 8315.55,
    "dma100" : 7947.00,
    "dma200" : 8164.76,
    "volume" : 732.00
  }, {
    "date" : "2025-09-18",
    "price" : 9030.00,
    "dma50" : 8343.57,
    "dma100" : 7963.41,
    "dma200" : 8173.37,
    "volume" : 408.00
  }, {
    "date" : "2025-09-19",
    "price" : 9013.35,
    "dma50" : 8369.83,
    "dma100" : 7979.10,
    "dma200" : 8181.73,
    "volume" : 1588.00
  }, {
    "date" : "2025-09-22",
    "price" : 8977.75,
    "dma50" : 8393.67,
    "dma100" : 7995.46,
    "dma200" : 8189.65,
    "volume" : 342.00
  }, {
    "date" : "2025-09-23",
    "price" : 8871.05,
    "dma50" : 8412.39,
    "dma100" : 8010.85,
    "dma200" : 8196.43,
    "volume" : 611.00
  }, {
    "date" : "2025-09-24",
    "price" : 8349.85,
    "dma50" : 8409.94,
    "dma100" : 8022.51,
    "dma200" : 8197.96,
    "volume" : 1803.00
  }, {
    "date" : "2025-09-25",
    "price" : 8135.85,
    "dma50" : 8399.19,
    "dma100" : 8030.91,
    "dma200" : 8197.34,
    "volume" : 739.00
  }, {
    "date" : "2025-09-26",
    "price" : 7890.70,
    "dma50" : 8379.25,
    "dma100" : 8037.79,
    "dma200" : 8194.29,
    "volume" : 708.00
  }, {
    "date" : "2025-09-29",
    "price" : 7800.90,
    "dma50" : 8356.57,
    "dma100" : 8043.24,
    "dma200" : 8190.37,
    "volume" : 5903.00
  }, {
    "date" : "2025-09-30",
    "price" : 7769.90,
    "dma50" : 8333.56,
    "dma100" : 8048.64,
    "dma200" : 8186.19,
    "volume" : 487.00
  }, {
    "date" : "2025-10-01",
    "price" : 7708.95,
    "dma50" : 8309.07,
    "dma100" : 8052.23,
    "dma200" : 8181.44,
    "volume" : 738.00
  }, {
    "date" : "2025-10-03",
    "price" : 7692.45,
    "dma50" : 8284.89,
    "dma100" : 8055.43,
    "dma200" : 8176.58,
    "volume" : 632.00
  }, {
    "date" : "2025-10-06",
    "price" : 7625.00,
    "dma50" : 8259.01,
    "dma100" : 8058.60,
    "dma200" : 8171.09,
    "volume" : 590.00
  }, {
    "date" : "2025-10-07",
    "price" : 7635.35,
    "dma50" : 8234.55,
    "dma100" : 8061.91,
    "dma200" : 8165.76,
    "volume" : 234.00
  }, {
    "date" : "2025-10-08",
    "price" : 7625.10,
    "dma50" : 8210.65,
    "dma100" : 8064.84,
    "dma200" : 8160.38,
    "volume" : 310.00
  }, {
    "date" : "2025-10-09",
    "price" : 7580.55,
    "dma50" : 8185.94,
    "dma100" : 8065.65,
    "dma200" : 8154.61,
    "volume" : 137.00
  }, {
    "date" : "2025-10-10",
    "price" : 7976.85,
    "dma50" : 8177.74,
    "dma100" : 8070.35,
    "dma200" : 8152.84,
    "volume" : 1858.00
  }, {
    "date" : "2025-10-13",
    "price" : 8500.30,
    "dma50" : 8190.39,
    "dma100" : 8080.08,
    "dma200" : 8156.30,
    "volume" : 1870.00
  }, {
    "date" : "2025-10-14",
    "price" : 8352.50,
    "dma50" : 8196.75,
    "dma100" : 8088.71,
    "dma200" : 8158.25,
    "volume" : 710.00
  }, {
    "date" : "2025-10-15",
    "price" : 8217.15,
    "dma50" : 8197.55,
    "dma100" : 8095.58,
    "dma200" : 8158.83,
    "volume" : 1600.00
  }, {
    "date" : "2025-10-16",
    "price" : 7903.65,
    "dma50" : 8186.02,
    "dma100" : 8098.32,
    "dma200" : 8156.29,
    "volume" : 568.00
  }, {
    "date" : "2025-10-17",
    "price" : 7796.40,
    "dma50" : 8170.75,
    "dma100" : 8098.97,
    "dma200" : 8152.71,
    "volume" : 2093.00
  }, {
    "date" : "2025-10-20",
    "price" : 8282.75,
    "dma50" : 8175.14,
    "dma100" : 8105.55,
    "dma200" : 8154.01,
    "volume" : 1958.00
  }, {
    "date" : "2025-10-21",
    "price" : 8315.90,
    "dma50" : 8180.66,
    "dma100" : 8113.06,
    "dma200" : 8155.62,
    "volume" : 670.00
  }, {
    "date" : "2025-10-23",
    "price" : 8063.15,
    "dma50" : 8176.05,
    "dma100" : 8118.53,
    "dma200" : 8154.70,
    "volume" : 568.00
  }, {
    "date" : "2025-10-24",
    "price" : 7955.75,
    "dma50" : 8167.41,
    "dma100" : 8124.40,
    "dma200" : 8152.72,
    "volume" : 1159.00
  }, {
    "date" : "2025-10-27",
    "price" : 7840.90,
    "dma50" : 8154.61,
    "dma100" : 8129.42,
    "dma200" : 8149.62,
    "volume" : 1544.00
  }, {
    "date" : "2025-10-28",
    "price" : 7819.40,
    "dma50" : 8141.46,
    "dma100" : 8134.65,
    "dma200" : 8146.33,
    "volume" : 303.00
  }, {
    "date" : "2025-10-29",
    "price" : 7822.95,
    "dma50" : 8128.97,
    "dma100" : 8138.34,
    "dma200" : 8143.11,
    "volume" : 262.00
  }, {
    "date" : "2025-10-30",
    "price" : 7835.45,
    "dma50" : 8117.46,
    "dma100" : 8141.35,
    "dma200" : 8140.05,
    "volume" : 351.00
  }, {
    "date" : "2025-10-31",
    "price" : 7774.20,
    "dma50" : 8104.00,
    "dma100" : 8144.07,
    "dma200" : 8136.41,
    "volume" : 330.00
  }, {
    "date" : "2025-11-03",
    "price" : 7775.60,
    "dma50" : 8091.12,
    "dma100" : 8145.08,
    "dma200" : 8132.82,
    "volume" : 179.00
  }, {
    "date" : "2025-11-04",
    "price" : 7648.35,
    "dma50" : 8073.76,
    "dma100" : 8145.22,
    "dma200" : 8128.00,
    "volume" : 480.00
  }, {
    "date" : "2025-11-06",
    "price" : 7509.15,
    "dma50" : 8051.62,
    "dma100" : 8144.99,
    "dma200" : 8121.84,
    "volume" : 488.00
  }, {
    "date" : "2025-11-07",
    "price" : 7453.40,
    "dma50" : 8028.16,
    "dma100" : 8142.95,
    "dma200" : 8115.19,
    "volume" : 722.00
  }, {
    "date" : "2025-11-10",
    "price" : 7435.00,
    "dma50" : 8004.89,
    "dma100" : 8141.53,
    "dma200" : 8108.42,
    "volume" : 759.00
  }, {
    "date" : "2025-11-11",
    "price" : 7399.00,
    "dma50" : 7981.13,
    "dma100" : 8139.40,
    "dma200" : 8101.36,
    "volume" : 672.00
  }, {
    "date" : "2025-11-12",
    "price" : 7474.85,
    "dma50" : 7961.28,
    "dma100" : 8138.63,
    "dma200" : 8095.13,
    "volume" : 52.00
  }, {
    "date" : "2025-11-13",
    "price" : 7364.05,
    "dma50" : 7937.86,
    "dma100" : 8138.37,
    "dma200" : 8087.86,
    "volume" : 217.00
  }, {
    "date" : "2025-11-14",
    "price" : 7399.25,
    "dma50" : 7916.74,
    "dma100" : 8133.66,
    "dma200" : 8081.00,
    "volume" : 211.00
  }, {
    "date" : "2025-11-17",
    "price" : 7308.45,
    "dma50" : 7892.88,
    "dma100" : 8130.70,
    "dma200" : 8073.32,
    "volume" : 1070.00
  }, {
    "date" : "2025-11-18",
    "price" : 7303.25,
    "dma50" : 7869.76,
    "dma100" : 8125.25,
    "dma200" : 8065.65,
    "volume" : 199.00
  }, {
    "date" : "2025-11-19",
    "price" : 7364.00,
    "dma50" : 7849.93,
    "dma100" : 8118.75,
    "dma200" : 8058.67,
    "volume" : 335.00
  }, {
    "date" : "2025-11-20",
    "price" : 7302.80,
    "dma50" : 7828.47,
    "dma100" : 8111.20,
    "dma200" : 8051.15,
    "volume" : 572.00
  }, {
    "date" : "2025-11-21",
    "price" : 7300.00,
    "dma50" : 7807.75,
    "dma100" : 8101.43,
    "dma200" : 8043.68,
    "volume" : 273.00
  }, {
    "date" : "2025-11-24",
    "price" : 7269.20,
    "dma50" : 7786.63,
    "dma100" : 8091.89,
    "dma200" : 8035.97,
    "volume" : 242.00
  }, {
    "date" : "2025-11-25",
    "price" : 7257.35,
    "dma50" : 7765.87,
    "dma100" : 8081.43,
    "dma200" : 8028.22,
    "volume" : 131.00
  }, {
    "date" : "2025-11-26",
    "price" : 7272.00,
    "dma50" : 7746.50,
    "dma100" : 8070.50,
    "dma200" : 8020.70,
    "volume" : 144.00
  }, {
    "date" : "2025-11-27",
    "price" : 7255.00,
    "dma50" : 7727.23,
    "dma100" : 8060.05,
    "dma200" : 8013.08,
    "volume" : 238.00
  }, {
    "date" : "2025-11-28",
    "price" : 7289.95,
    "dma50" : 7710.08,
    "dma100" : 8050.07,
    "dma200" : 8005.89,
    "volume" : 89.00
  }, {
    "date" : "2025-12-01",
    "price" : 7497.55,
    "dma50" : 7701.75,
    "dma100" : 8042.15,
    "dma200" : 8000.83,
    "volume" : 817.00
  }, {
    "date" : "2025-12-02",
    "price" : 7511.00,
    "dma50" : 7694.27,
    "dma100" : 8034.95,
    "dma200" : 7995.95,
    "volume" : 287.00
  }, {
    "date" : "2025-12-03",
    "price" : 7483.00,
    "dma50" : 7685.98,
    "dma100" : 8027.47,
    "dma200" : 7990.85,
    "volume" : 246.00
  } ],
  "latestTechnicalAttributes" : {
    "date" : "2025-12-03",
    "price" : 7483.00,
    "dma50" : 7685.98,
    "dma100" : 8027.47,
    "dma200" : 7990.85,
    "volume" : 246.00
  },
  "quarterlyResults" : [ {
    "date" : "2009-03-31",
    "sales" : 2.76,
    "salesGrowthYoY" : null,
    "grossProfitMargin" : 100.00,
    "grossProfit" : 2.76,
    "operatingProfitMargin" : 78.99,
    "operatingProfit" : 2.18,
    "netProfitMargin" : 74.28,
    "netProfit" : 2.05
  }, {
    "date" : "2009-06-30",
    "sales" : 1.10,
    "salesGrowthYoY" : null,
    "grossProfitMargin" : 100.00,
    "grossProfit" : 1.10,
    "operatingProfitMargin" : 75.45,
    "operatingProfit" : 0.83,
    "netProfitMargin" : 54.55,
    "netProfit" : 0.60
  }, {
    "date" : "2009-09-30",
    "sales" : 19.19,
    "salesGrowthYoY" : null,
    "grossProfitMargin" : 100.00,
    "grossProfit" : 19.19,
    "operatingProfitMargin" : 97.81,
    "operatingProfit" : 18.77,
    "netProfitMargin" : 92.29,
    "netProfit" : 17.71
  }, {
    "date" : "2009-12-31",
    "sales" : 3.63,
    "salesGrowthYoY" : null,
    "grossProfitMargin" : 100.00,
    "grossProfit" : 3.63,
    "operatingProfitMargin" : 92.01,
    "operatingProfit" : 3.34,
    "netProfitMargin" : 99.17,
    "netProfit" : 3.60
  }, {
    "date" : "2010-03-31",
    "sales" : 2.60,
    "salesGrowthYoY" : -5.80,
    "grossProfitMargin" : 100.00,
    "grossProfit" : 2.60,
    "operatingProfitMargin" : 89.62,
    "operatingProfit" : 2.33,
    "netProfitMargin" : 85.00,
    "netProfit" : 2.21
  }, {
    "date" : "2010-06-30",
    "sales" : 5.01,
    "salesGrowthYoY" : 355.45,
    "grossProfitMargin" : 100.00,
    "grossProfit" : 5.01,
    "operatingProfitMargin" : 93.81,
    "operatingProfit" : 4.70,
    "netProfitMargin" : 98.00,
    "netProfit" : 4.91
  }, {
    "date" : "2010-09-30",
    "sales" : 15.44,
    "salesGrowthYoY" : -19.54,
    "grossProfitMargin" : 100.00,
    "grossProfit" : 15.44,
    "operatingProfitMargin" : 97.09,
    "operatingProfit" : 14.99,
    "netProfitMargin" : 98.96,
    "netProfit" : 15.28
  }, {
    "date" : "2010-12-31",
    "sales" : 0.83,
    "salesGrowthYoY" : -77.13,
    "grossProfitMargin" : 100.00,
    "grossProfit" : 0.83,
    "operatingProfitMargin" : 44.58,
    "operatingProfit" : 0.37,
    "netProfitMargin" : 81.93,
    "netProfit" : 0.68
  }, {
    "date" : "2011-03-31",
    "sales" : 8.30,
    "salesGrowthYoY" : 219.23,
    "grossProfitMargin" : 100.00,
    "grossProfit" : 8.30,
    "operatingProfitMargin" : 93.49,
    "operatingProfit" : 7.76,
    "netProfitMargin" : 100.48,
    "netProfit" : 8.34
  }, {
    "date" : "2011-06-30",
    "sales" : 0.39,
    "salesGrowthYoY" : -92.22,
    "grossProfitMargin" : 100.00,
    "grossProfit" : 0.39,
    "operatingProfitMargin" : 20.51,
    "operatingProfit" : 0.08,
    "netProfitMargin" : 130.77,
    "netProfit" : 0.51
  }, {
    "date" : "2011-09-30",
    "sales" : 11.40,
    "salesGrowthYoY" : -26.17,
    "grossProfitMargin" : 100.00,
    "grossProfit" : 11.40,
    "operatingProfitMargin" : 95.61,
    "operatingProfit" : 10.90,
    "netProfitMargin" : 89.12,
    "netProfit" : 10.16
  }, {
    "date" : "2011-12-31",
    "sales" : 4.56,
    "salesGrowthYoY" : 449.40,
    "grossProfitMargin" : 100.00,
    "grossProfit" : 4.56,
    "operatingProfitMargin" : 91.01,
    "operatingProfit" : 4.15,
    "netProfitMargin" : 30.48,
    "netProfit" : 1.39
  }, {
    "date" : "2012-03-31",
    "sales" : 6.27,
    "salesGrowthYoY" : -24.46,
    "grossProfitMargin" : 100.00,
    "grossProfit" : 6.27,
    "operatingProfitMargin" : 94.42,
    "operatingProfit" : 5.92,
    "netProfitMargin" : 41.31,
    "netProfit" : 2.59
  }, {
    "date" : "2012-06-30",
    "sales" : 3.01,
    "salesGrowthYoY" : 671.79,
    "grossProfitMargin" : 100.00,
    "grossProfit" : 3.01,
    "operatingProfitMargin" : 89.70,
    "operatingProfit" : 2.70,
    "netProfitMargin" : 9.97,
    "netProfit" : 0.30
  }, {
    "date" : "2012-09-30",
    "sales" : 14.47,
    "salesGrowthYoY" : 26.93,
    "grossProfitMargin" : 100.00,
    "grossProfit" : 14.47,
    "operatingProfitMargin" : 97.10,
    "operatingProfit" : 14.05,
    "netProfitMargin" : 78.71,
    "netProfit" : 11.39
  }, {
    "date" : "2012-12-31",
    "sales" : 3.42,
    "salesGrowthYoY" : -25.00,
    "grossProfitMargin" : 100.00,
    "grossProfit" : 3.42,
    "operatingProfitMargin" : 91.23,
    "operatingProfit" : 3.12,
    "netProfitMargin" : 20.18,
    "netProfit" : 0.69
  }, {
    "date" : "2013-03-31",
    "sales" : 3.86,
    "salesGrowthYoY" : -38.44,
    "grossProfitMargin" : 100.00,
    "grossProfit" : 3.86,
    "operatingProfitMargin" : 91.71,
    "operatingProfit" : 3.54,
    "netProfitMargin" : 5.18,
    "netProfit" : 0.20
  }, {
    "date" : "2013-06-30",
    "sales" : 3.28,
    "salesGrowthYoY" : 8.97,
    "grossProfitMargin" : 100.00,
    "grossProfit" : 3.28,
    "operatingProfitMargin" : 90.55,
    "operatingProfit" : 2.97,
    "netProfitMargin" : 15.85,
    "netProfit" : 0.52
  }, {
    "date" : "2013-09-30",
    "sales" : 15.18,
    "salesGrowthYoY" : 4.91,
    "grossProfitMargin" : 100.00,
    "grossProfit" : 15.18,
    "operatingProfitMargin" : 34.98,
    "operatingProfit" : 5.31,
    "netProfitMargin" : 19.10,
    "netProfit" : 2.90
  }, {
    "date" : "2013-12-31",
    "sales" : 2.82,
    "salesGrowthYoY" : -17.54,
    "grossProfitMargin" : 100.00,
    "grossProfit" : 2.82,
    "operatingProfitMargin" : -939.01,
    "operatingProfit" : -26.48,
    "netProfitMargin" : 1267.73,
    "netProfit" : 35.75
  }, {
    "date" : "2014-03-31",
    "sales" : 4.67,
    "salesGrowthYoY" : 20.98,
    "grossProfitMargin" : 100.00,
    "grossProfit" : 4.67,
    "operatingProfitMargin" : 39.61,
    "operatingProfit" : 1.85,
    "netProfitMargin" : 0.43,
    "netProfit" : 0.02
  }, {
    "date" : "2014-06-30",
    "sales" : 2.76,
    "salesGrowthYoY" : -15.85,
    "grossProfitMargin" : 100.00,
    "grossProfit" : 2.76,
    "operatingProfitMargin" : 77.90,
    "operatingProfit" : 2.15,
    "netProfitMargin" : 23.19,
    "netProfit" : 0.64
  }, {
    "date" : "2014-09-30",
    "sales" : 16.47,
    "salesGrowthYoY" : 8.50,
    "grossProfitMargin" : 100.00,
    "grossProfit" : 16.47,
    "operatingProfitMargin" : 95.39,
    "operatingProfit" : 15.71,
    "netProfitMargin" : 85.25,
    "netProfit" : 14.04
  }, {
    "date" : "2014-12-31",
    "sales" : 4.74,
    "salesGrowthYoY" : 68.09,
    "grossProfitMargin" : 100.00,
    "grossProfit" : 4.74,
    "operatingProfitMargin" : 86.50,
    "operatingProfit" : 4.10,
    "netProfitMargin" : 39.45,
    "netProfit" : 1.87
  }, {
    "date" : "2015-03-31",
    "sales" : 9.40,
    "salesGrowthYoY" : 101.28,
    "grossProfitMargin" : 100.00,
    "grossProfit" : 9.40,
    "operatingProfitMargin" : 81.60,
    "operatingProfit" : 7.67,
    "netProfitMargin" : 42.77,
    "netProfit" : 4.02
  }, {
    "date" : "2015-06-30",
    "sales" : 4.19,
    "salesGrowthYoY" : 51.81,
    "grossProfitMargin" : 100.00,
    "grossProfit" : 4.19,
    "operatingProfitMargin" : 86.63,
    "operatingProfit" : 3.63,
    "netProfitMargin" : 14.32,
    "netProfit" : 0.60
  }, {
    "date" : "2015-09-30",
    "sales" : 20.67,
    "salesGrowthYoY" : 25.50,
    "grossProfitMargin" : 100.00,
    "grossProfit" : 20.67,
    "operatingProfitMargin" : 95.55,
    "operatingProfit" : 19.75,
    "netProfitMargin" : 78.57,
    "netProfit" : 16.24
  }, {
    "date" : "2015-12-31",
    "sales" : 5.44,
    "salesGrowthYoY" : 14.77,
    "grossProfitMargin" : 100.00,
    "grossProfit" : 5.44,
    "operatingProfitMargin" : 85.29,
    "operatingProfit" : 4.64,
    "netProfitMargin" : 4.04,
    "netProfit" : 0.22
  }, {
    "date" : "2016-03-31",
    "sales" : 11.52,
    "salesGrowthYoY" : 22.55,
    "grossProfitMargin" : 100.00,
    "grossProfit" : 11.52,
    "operatingProfitMargin" : 83.77,
    "operatingProfit" : 9.65,
    "netProfitMargin" : 51.39,
    "netProfit" : 5.92
  }, {
    "date" : "2016-06-30",
    "sales" : 5.79,
    "salesGrowthYoY" : 38.19,
    "grossProfitMargin" : 100.00,
    "grossProfit" : 5.79,
    "operatingProfitMargin" : 88.77,
    "operatingProfit" : 5.14,
    "netProfitMargin" : 9.33,
    "netProfit" : 0.54
  }, {
    "date" : "2016-09-30",
    "sales" : 23.60,
    "salesGrowthYoY" : 14.18,
    "grossProfitMargin" : 100.00,
    "grossProfit" : 23.60,
    "operatingProfitMargin" : 96.48,
    "operatingProfit" : 22.77,
    "netProfitMargin" : 77.42,
    "netProfit" : 18.27
  }, {
    "date" : "2016-12-31",
    "sales" : 9.54,
    "salesGrowthYoY" : 75.37,
    "grossProfitMargin" : 100.00,
    "grossProfit" : 9.54,
    "operatingProfitMargin" : 91.72,
    "operatingProfit" : 8.75,
    "netProfitMargin" : 60.38,
    "netProfit" : 5.76
  }, {
    "date" : "2017-03-31",
    "sales" : 4.18,
    "salesGrowthYoY" : -63.72,
    "grossProfitMargin" : 100.00,
    "grossProfit" : 4.18,
    "operatingProfitMargin" : 47.61,
    "operatingProfit" : 1.99,
    "netProfitMargin" : -36.60,
    "netProfit" : -1.53
  }, {
    "date" : "2017-06-30",
    "sales" : 2.58,
    "salesGrowthYoY" : -55.44,
    "grossProfitMargin" : 100.00,
    "grossProfit" : 2.58,
    "operatingProfitMargin" : 69.38,
    "operatingProfit" : 1.79,
    "netProfitMargin" : -22.09,
    "netProfit" : -0.57
  }, {
    "date" : "2017-09-30",
    "sales" : 27.36,
    "salesGrowthYoY" : 15.93,
    "grossProfitMargin" : 100.00,
    "grossProfit" : 27.36,
    "operatingProfitMargin" : 94.01,
    "operatingProfit" : 25.72,
    "netProfitMargin" : 85.75,
    "netProfit" : 23.46
  }, {
    "date" : "2017-12-31",
    "sales" : 3.79,
    "salesGrowthYoY" : -60.27,
    "grossProfitMargin" : 100.00,
    "grossProfit" : 3.79,
    "operatingProfitMargin" : 73.88,
    "operatingProfit" : 2.80,
    "netProfitMargin" : 27.18,
    "netProfit" : 1.03
  }, {
    "date" : "2018-03-31",
    "sales" : 8.42,
    "salesGrowthYoY" : 101.44,
    "grossProfitMargin" : 100.00,
    "grossProfit" : 8.42,
    "operatingProfitMargin" : 67.93,
    "operatingProfit" : 5.72,
    "netProfitMargin" : 55.11,
    "netProfit" : 4.64
  }, {
    "date" : "2018-06-30",
    "sales" : 1.39,
    "salesGrowthYoY" : -46.12,
    "grossProfitMargin" : 100.00,
    "grossProfit" : 1.39,
    "operatingProfitMargin" : 23.74,
    "operatingProfit" : 0.33,
    "netProfitMargin" : -74.10,
    "netProfit" : -1.03
  }, {
    "date" : "2018-09-30",
    "sales" : 25.34,
    "salesGrowthYoY" : -7.38,
    "grossProfitMargin" : 100.00,
    "grossProfit" : 25.34,
    "operatingProfitMargin" : 91.79,
    "operatingProfit" : 23.26,
    "netProfitMargin" : 85.64,
    "netProfit" : 21.70
  }, {
    "date" : "2018-12-31",
    "sales" : 3.46,
    "salesGrowthYoY" : -8.71,
    "grossProfitMargin" : 100.00,
    "grossProfit" : 3.46,
    "operatingProfitMargin" : 70.52,
    "operatingProfit" : 2.44,
    "netProfitMargin" : 41.33,
    "netProfit" : 1.43
  }, {
    "date" : "2019-03-31",
    "sales" : 38.70,
    "salesGrowthYoY" : 359.62,
    "grossProfitMargin" : 100.00,
    "grossProfit" : 38.70,
    "operatingProfitMargin" : 95.19,
    "operatingProfit" : 36.84,
    "netProfitMargin" : 43.46,
    "netProfit" : 16.82
  }, {
    "date" : "2019-06-30",
    "sales" : 26.61,
    "salesGrowthYoY" : 1814.39,
    "grossProfitMargin" : 100.00,
    "grossProfit" : 26.61,
    "operatingProfitMargin" : 94.06,
    "operatingProfit" : 25.03,
    "netProfitMargin" : 32.24,
    "netProfit" : 8.58
  }, {
    "date" : "2019-09-30",
    "sales" : 74.53,
    "salesGrowthYoY" : 194.12,
    "grossProfitMargin" : 100.00,
    "grossProfit" : 74.53,
    "operatingProfitMargin" : 95.64,
    "operatingProfit" : 71.28,
    "netProfitMargin" : 79.79,
    "netProfit" : 59.47
  }, {
    "date" : "2019-12-31",
    "sales" : 10.70,
    "salesGrowthYoY" : 209.25,
    "grossProfitMargin" : 100.00,
    "grossProfit" : 10.70,
    "operatingProfitMargin" : 87.66,
    "operatingProfit" : 9.38,
    "netProfitMargin" : 9.63,
    "netProfit" : 1.03
  }, {
    "date" : "2020-03-31",
    "sales" : 63.71,
    "salesGrowthYoY" : 64.63,
    "grossProfitMargin" : 100.00,
    "grossProfit" : 63.71,
    "operatingProfitMargin" : 96.14,
    "operatingProfit" : 61.25,
    "netProfitMargin" : 88.34,
    "netProfit" : 56.28
  }, {
    "date" : "2020-06-30",
    "sales" : 13.77,
    "salesGrowthYoY" : -48.25,
    "grossProfitMargin" : 100.00,
    "grossProfit" : 13.77,
    "operatingProfitMargin" : 92.08,
    "operatingProfit" : 12.68,
    "netProfitMargin" : 48.95,
    "netProfit" : 6.74
  }, {
    "date" : "2020-09-30",
    "sales" : 14.47,
    "salesGrowthYoY" : -80.58,
    "grossProfitMargin" : 100.00,
    "grossProfit" : 14.47,
    "operatingProfitMargin" : 91.64,
    "operatingProfit" : 13.26,
    "netProfitMargin" : 40.70,
    "netProfit" : 5.89
  }, {
    "date" : "2020-12-31",
    "sales" : 2.85,
    "salesGrowthYoY" : -73.36,
    "grossProfitMargin" : 100.00,
    "grossProfit" : 2.85,
    "operatingProfitMargin" : 54.74,
    "operatingProfit" : 1.56,
    "netProfitMargin" : -202.11,
    "netProfit" : -5.76
  }, {
    "date" : "2021-03-31",
    "sales" : 26.10,
    "salesGrowthYoY" : -59.03,
    "grossProfitMargin" : 100.00,
    "grossProfit" : 26.10,
    "operatingProfitMargin" : 89.43,
    "operatingProfit" : 23.34,
    "netProfitMargin" : 62.80,
    "netProfit" : 16.39
  }, {
    "date" : "2021-06-30",
    "sales" : 2.53,
    "salesGrowthYoY" : -81.63,
    "grossProfitMargin" : 100.00,
    "grossProfit" : 2.53,
    "operatingProfitMargin" : 56.92,
    "operatingProfit" : 1.44,
    "netProfitMargin" : -216.60,
    "netProfit" : -5.48
  }, {
    "date" : "2021-09-30",
    "sales" : 85.59,
    "salesGrowthYoY" : 491.50,
    "grossProfitMargin" : 100.00,
    "grossProfit" : 85.59,
    "operatingProfitMargin" : 97.22,
    "operatingProfit" : 83.21,
    "netProfitMargin" : 72.27,
    "netProfit" : 61.86
  }, {
    "date" : "2021-12-31",
    "sales" : 4.02,
    "salesGrowthYoY" : 41.05,
    "grossProfitMargin" : 100.00,
    "grossProfit" : 4.02,
    "operatingProfitMargin" : 65.17,
    "operatingProfit" : 2.62,
    "netProfitMargin" : 9.45,
    "netProfit" : 0.38
  }, {
    "date" : "2022-03-31",
    "sales" : 10.72,
    "salesGrowthYoY" : -58.93,
    "grossProfitMargin" : 100.00,
    "grossProfit" : 10.72,
    "operatingProfitMargin" : 79.57,
    "operatingProfit" : 8.53,
    "netProfitMargin" : 42.16,
    "netProfit" : 4.52
  }, {
    "date" : "2022-06-30",
    "sales" : 1.66,
    "salesGrowthYoY" : -34.39,
    "grossProfitMargin" : 100.00,
    "grossProfit" : 1.66,
    "operatingProfitMargin" : 28.31,
    "operatingProfit" : 0.47,
    "netProfitMargin" : -184.34,
    "netProfit" : -3.06
  }, {
    "date" : "2022-09-30",
    "sales" : 97.26,
    "salesGrowthYoY" : 13.63,
    "grossProfitMargin" : 100.00,
    "grossProfit" : 97.26,
    "operatingProfitMargin" : 96.52,
    "operatingProfit" : 93.88,
    "netProfitMargin" : 77.91,
    "netProfit" : 75.78
  }, {
    "date" : "2022-12-31",
    "sales" : 2.17,
    "salesGrowthYoY" : -46.02,
    "grossProfitMargin" : 100.00,
    "grossProfit" : 2.17,
    "operatingProfitMargin" : 31.80,
    "operatingProfit" : 0.69,
    "netProfitMargin" : -87.56,
    "netProfit" : -1.90
  }, {
    "date" : "2023-03-31",
    "sales" : 42.94,
    "salesGrowthYoY" : 300.56,
    "grossProfitMargin" : 100.00,
    "grossProfit" : 42.94,
    "operatingProfitMargin" : 94.57,
    "operatingProfit" : 40.61,
    "netProfitMargin" : 118.84,
    "netProfit" : 51.03
  }, {
    "date" : "2023-06-30",
    "sales" : 2.18,
    "salesGrowthYoY" : 31.33,
    "grossProfitMargin" : 100.00,
    "grossProfit" : 2.18,
    "operatingProfitMargin" : 38.53,
    "operatingProfit" : 0.84,
    "netProfitMargin" : -43.12,
    "netProfit" : -0.94
  }, {
    "date" : "2023-09-30",
    "sales" : 85.35,
    "salesGrowthYoY" : -12.25,
    "grossProfitMargin" : 100.00,
    "grossProfit" : 85.35,
    "operatingProfitMargin" : 95.52,
    "operatingProfit" : 81.53,
    "netProfitMargin" : 78.47,
    "netProfit" : 66.97
  }, {
    "date" : "2023-12-31",
    "sales" : 2.22,
    "salesGrowthYoY" : 2.30,
    "grossProfitMargin" : 100.00,
    "grossProfit" : 2.22,
    "operatingProfitMargin" : 3.15,
    "operatingProfit" : 0.07,
    "netProfitMargin" : -33.78,
    "netProfit" : -0.75
  }, {
    "date" : "2024-03-31",
    "sales" : 62.75,
    "salesGrowthYoY" : 46.13,
    "grossProfitMargin" : 100.00,
    "grossProfit" : 62.75,
    "operatingProfitMargin" : 94.77,
    "operatingProfit" : 59.47,
    "netProfitMargin" : 80.43,
    "netProfit" : 50.47
  }, {
    "date" : "2024-06-30",
    "sales" : 2.91,
    "salesGrowthYoY" : 33.49,
    "grossProfitMargin" : 94.85,
    "grossProfit" : 2.76,
    "operatingProfitMargin" : 46.39,
    "operatingProfit" : 1.35,
    "netProfitMargin" : 63.23,
    "netProfit" : 1.84
  }, {
    "date" : "2024-09-30",
    "sales" : 121.36,
    "salesGrowthYoY" : 42.19,
    "grossProfitMargin" : 99.89,
    "grossProfit" : 121.23,
    "operatingProfitMargin" : 97.00,
    "operatingProfit" : 117.72,
    "netProfitMargin" : 81.70,
    "netProfit" : 99.15
  }, {
    "date" : "2024-12-31",
    "sales" : 3.83,
    "salesGrowthYoY" : 72.52,
    "grossProfitMargin" : 100.00,
    "grossProfit" : 3.83,
    "operatingProfitMargin" : 60.05,
    "operatingProfit" : 2.30,
    "netProfitMargin" : 70.76,
    "netProfit" : 2.71
  }, {
    "date" : "2025-03-31",
    "sales" : 29.20,
    "salesGrowthYoY" : -53.47,
    "grossProfitMargin" : 45.34,
    "grossProfit" : 13.24,
    "operatingProfitMargin" : 34.18,
    "operatingProfit" : 9.98,
    "netProfitMargin" : 36.85,
    "netProfit" : 10.76
  }, {
    "date" : "2025-06-30",
    "sales" : 26.45,
    "salesGrowthYoY" : 808.93,
    "grossProfitMargin" : 17.20,
    "grossProfit" : 4.55,
    "operatingProfitMargin" : 11.61,
    "operatingProfit" : 3.07,
    "netProfitMargin" : 10.43,
    "netProfit" : 2.76
  }, {
    "date" : "2025-09-30",
    "sales" : 150.17,
    "salesGrowthYoY" : 23.74,
    "grossProfitMargin" : 83.84,
    "grossProfit" : 125.90,
    "operatingProfitMargin" : 81.37,
    "operatingProfit" : 122.19,
    "netProfitMargin" : 70.67,
    "netProfit" : 106.13
  } ],
  "latestQuarterlyResult" : {
    "date" : "2025-09-30",
    "sales" : 150.17,
    "salesGrowthYoY" : 23.74,
    "grossProfitMargin" : 83.84,
    "grossProfit" : 125.90,
    "operatingProfitMargin" : 81.37,
    "operatingProfit" : 122.19,
    "netProfitMargin" : 70.67,
    "netProfit" : 106.13
  },
  "companyScore" : {
    "priceHigherThanDma50" : 0.00,
    "priceHigherThanDma100" : 0.00,
    "priceHigherThanDma200" : 0.00,
    "dma50HigherThanDma100" : 0.00,
    "dma50HigherThanDma200" : 0.00,
    "dma100HigherThanDma200" : 5.00,
    "pricePercentageAboveDma50" : 5.13,
    "pricePercentageAboveDma100" : 5.34,
    "pricePercentageAboveDma200" : 5.32,
    "weeklyVolumeHigherThanYearlyVolume" : 0.00,
    "salesGrowthPercentile" : 11.75,
    "operatingProfitMarginPercentile" : 19.68,
    "netProfitMarginPercentile" : 6.12,
    "totalTechnicalScore" : 20.79,
    "totalFundamentalScore" : 37.55,
    "totalScore" : 58.34
  }
}