{
  "metadata" : {
    "screenerCompanyId" : "274",
    "companyCode" : "543766",
    "companyName" : "Ashika Credit",
    "screenerCompanyLink" : "https://www.screener.in/company/543766",
    "screenerTechnicalHistoryLink" : "https://www.screener.in/api/company/274/chart/?q=Price-DMA50-DMA200-Volume&days=365",
    "screenerQuarterlyResultsLink" : "https://www.screener.in/api/company/274/chart/?q=GPM-OPM-NPM-Quarter+Sales&days=10000",
    "attributes" : {
      "companyCode" : "543766",
      "companyName" : "Ashika Credit",
      "marketCap" : 1524.00,
      "peRatio" : 0.00,
      "description" : "Incorporated in 1994, Ashika Credit Capital Ltd provides loans and advances, inter-corporate deposits, loans against securities, and investments in shares and securities[1]"
    },
    "companyScore" : {
      "priceHigherThanDma50" : 0.00,
      "priceHigherThanDma100" : 0.00,
      "priceHigherThanDma200" : 0.00,
      "dma50HigherThanDma100" : 0.00,
      "dma50HigherThanDma200" : 0.00,
      "dma100HigherThanDma200" : 0.00,
      "pricePercentageAboveDma50" : 5.09,
      "pricePercentageAboveDma100" : 5.34,
      "pricePercentageAboveDma200" : 5.73,
      "weeklyVolumeHigherThanYearlyVolume" : 5.00,
      "salesGrowthPercentile" : 12.31,
      "operatingProfitMarginPercentile" : 18.39,
      "netProfitMarginPercentile" : 8.14,
      "totalTechnicalScore" : 21.16,
      "totalFundamentalScore" : 38.84,
      "totalScore" : 60.00
    }
  },
  "attributes" : {
    "companyCode" : "543766",
    "companyName" : "Ashika Credit",
    "marketCap" : 1524.00,
    "peRatio" : 0.00,
    "description" : "Incorporated in 1994, Ashika Credit Capital Ltd provides loans and advances, inter-corporate deposits, loans against securities, and investments in shares and securities[1]"
  },
  "technicalHistory" : [ {
    "date" : "2024-12-09",
    "price" : 825.80,
    "dma50" : 591.40,
    "dma100" : null,
    "dma200" : 311.78,
    "volume" : 7726.00
  }, {
    "date" : "2024-12-10",
    "price" : 842.30,
    "dma50" : 601.24,
    "dma100" : null,
    "dma200" : 317.06,
    "volume" : 14992.00
  }, {
    "date" : "2024-12-11",
    "price" : 859.10,
    "dma50" : 611.35,
    "dma100" : null,
    "dma200" : 322.45,
    "volume" : 26351.00
  }, {
    "date" : "2024-12-12",
    "price" : 876.25,
    "dma50" : 621.74,
    "dma100" : null,
    "dma200" : 327.96,
    "volume" : 7771.00
  }, {
    "date" : "2024-12-13",
    "price" : 893.75,
    "dma50" : 632.40,
    "dma100" : null,
    "dma200" : 333.59,
    "volume" : 9569.00
  }, {
    "date" : "2024-12-16",
    "price" : 885.00,
    "dma50" : 642.31,
    "dma100" : null,
    "dma200" : 339.08,
    "volume" : 16036.00
  }, {
    "date" : "2024-12-17",
    "price" : 867.30,
    "dma50" : 651.13,
    "dma100" : null,
    "dma200" : 344.33,
    "volume" : 16390.00
  }, {
    "date" : "2024-12-18",
    "price" : 850.00,
    "dma50" : 658.93,
    "dma100" : null,
    "dma200" : 349.37,
    "volume" : 4864.00
  }, {
    "date" : "2024-12-19",
    "price" : 833.00,
    "dma50" : 665.76,
    "dma100" : null,
    "dma200" : 354.18,
    "volume" : 4123.00
  }, {
    "date" : "2024-12-20",
    "price" : 849.65,
    "dma50" : 672.97,
    "dma100" : null,
    "dma200" : 359.11,
    "volume" : 20954.00
  }, {
    "date" : "2024-12-23",
    "price" : 857.00,
    "dma50" : 680.19,
    "dma100" : null,
    "dma200" : 364.06,
    "volume" : 7470.00
  }, {
    "date" : "2024-12-24",
    "price" : 839.90,
    "dma50" : 686.45,
    "dma100" : null,
    "dma200" : 368.80,
    "volume" : 3186.00
  }, {
    "date" : "2024-12-26",
    "price" : 823.15,
    "dma50" : 691.81,
    "dma100" : null,
    "dma200" : 373.32,
    "volume" : 1909.00
  }, {
    "date" : "2024-12-27",
    "price" : 806.70,
    "dma50" : 696.32,
    "dma100" : null,
    "dma200" : 377.63,
    "volume" : 9677.00
  }, {
    "date" : "2024-12-30",
    "price" : 820.00,
    "dma50" : 701.17,
    "dma100" : null,
    "dma200" : 382.03,
    "volume" : 8650.00
  }, {
    "date" : "2024-12-31",
    "price" : 831.00,
    "dma50" : 706.26,
    "dma100" : null,
    "dma200" : 386.50,
    "volume" : 13896.00
  }, {
    "date" : "2025-01-01",
    "price" : 814.40,
    "dma50" : 710.50,
    "dma100" : null,
    "dma200" : 390.76,
    "volume" : 6536.00
  }, {
    "date" : "2025-01-02",
    "price" : 820.00,
    "dma50" : 714.79,
    "dma100" : null,
    "dma200" : 395.03,
    "volume" : 2726.00
  }, {
    "date" : "2025-01-03",
    "price" : 821.00,
    "dma50" : 718.96,
    "dma100" : null,
    "dma200" : 399.27,
    "volume" : 7447.00
  }, {
    "date" : "2025-01-06",
    "price" : 854.55,
    "dma50" : 724.27,
    "dma100" : null,
    "dma200" : 403.80,
    "volume" : 23863.00
  }, {
    "date" : "2025-01-07",
    "price" : 873.75,
    "dma50" : 730.14,
    "dma100" : null,
    "dma200" : 408.47,
    "volume" : 16513.00
  }, {
    "date" : "2025-01-08",
    "price" : 879.80,
    "dma50" : 736.01,
    "dma100" : null,
    "dma200" : 413.16,
    "volume" : 4690.00
  }, {
    "date" : "2025-01-09",
    "price" : 893.40,
    "dma50" : 742.18,
    "dma100" : null,
    "dma200" : 417.94,
    "volume" : 17061.00
  }, {
    "date" : "2025-01-10",
    "price" : 902.30,
    "dma50" : 748.46,
    "dma100" : null,
    "dma200" : 422.76,
    "volume" : 9784.00
  }, {
    "date" : "2025-01-13",
    "price" : 883.05,
    "dma50" : 753.74,
    "dma100" : null,
    "dma200" : 427.34,
    "volume" : 11188.00
  }, {
    "date" : "2025-01-14",
    "price" : 885.90,
    "dma50" : 758.92,
    "dma100" : null,
    "dma200" : 431.90,
    "volume" : 4101.00
  }, {
    "date" : "2025-01-15",
    "price" : 884.50,
    "dma50" : 763.84,
    "dma100" : null,
    "dma200" : 436.41,
    "volume" : 18176.00
  }, {
    "date" : "2025-01-16",
    "price" : 884.25,
    "dma50" : 768.56,
    "dma100" : null,
    "dma200" : 440.86,
    "volume" : 7623.00
  }, {
    "date" : "2025-01-17",
    "price" : 880.55,
    "dma50" : 772.96,
    "dma100" : null,
    "dma200" : 445.24,
    "volume" : 3916.00
  }, {
    "date" : "2025-01-20",
    "price" : 886.00,
    "dma50" : 777.39,
    "dma100" : null,
    "dma200" : 449.62,
    "volume" : 9460.00
  }, {
    "date" : "2025-01-21",
    "price" : 881.25,
    "dma50" : 781.46,
    "dma100" : null,
    "dma200" : 453.92,
    "volume" : 9229.00
  }, {
    "date" : "2025-01-22",
    "price" : 890.95,
    "dma50" : 785.76,
    "dma100" : null,
    "dma200" : 458.27,
    "volume" : 24653.00
  }, {
    "date" : "2025-01-23",
    "price" : 864.50,
    "dma50" : 788.84,
    "dma100" : null,
    "dma200" : 462.31,
    "volume" : 4040.00
  }, {
    "date" : "2025-01-24",
    "price" : 856.75,
    "dma50" : 791.51,
    "dma100" : null,
    "dma200" : 466.23,
    "volume" : 3991.00
  }, {
    "date" : "2025-01-27",
    "price" : 813.95,
    "dma50" : 792.39,
    "dma100" : null,
    "dma200" : 469.69,
    "volume" : 9302.00
  }, {
    "date" : "2025-01-28",
    "price" : 773.30,
    "dma50" : 791.64,
    "dma100" : null,
    "dma200" : 472.72,
    "volume" : 2063.00
  }, {
    "date" : "2025-01-29",
    "price" : 734.65,
    "dma50" : 789.40,
    "dma100" : null,
    "dma200" : 475.32,
    "volume" : 4508.00
  }, {
    "date" : "2025-01-30",
    "price" : 723.65,
    "dma50" : 786.83,
    "dma100" : null,
    "dma200" : 477.79,
    "volume" : 15547.00
  }, {
    "date" : "2025-01-31",
    "price" : 759.30,
    "dma50" : 785.75,
    "dma100" : null,
    "dma200" : 480.59,
    "volume" : 21407.00
  }, {
    "date" : "2025-02-01",
    "price" : 794.40,
    "dma50" : 786.09,
    "dma100" : null,
    "dma200" : 483.72,
    "volume" : 12409.00
  }, {
    "date" : "2025-02-03",
    "price" : 808.35,
    "dma50" : 786.96,
    "dma100" : null,
    "dma200" : 486.95,
    "volume" : 7947.00
  }, {
    "date" : "2025-02-04",
    "price" : 821.65,
    "dma50" : 788.32,
    "dma100" : null,
    "dma200" : 490.28,
    "volume" : 16032.00
  }, {
    "date" : "2025-02-05",
    "price" : 821.50,
    "dma50" : 789.62,
    "dma100" : null,
    "dma200" : 493.57,
    "volume" : 2655.00
  }, {
    "date" : "2025-02-06",
    "price" : 808.05,
    "dma50" : 790.34,
    "dma100" : null,
    "dma200" : 496.70,
    "volume" : 595.00
  }, {
    "date" : "2025-02-07",
    "price" : 802.70,
    "dma50" : 790.83,
    "dma100" : null,
    "dma200" : 499.75,
    "volume" : 5846.00
  }, {
    "date" : "2025-02-10",
    "price" : 790.20,
    "dma50" : 790.80,
    "dma100" : null,
    "dma200" : 502.64,
    "volume" : 15796.00
  }, {
    "date" : "2025-02-11",
    "price" : 750.70,
    "dma50" : 789.23,
    "dma100" : null,
    "dma200" : 505.10,
    "volume" : 4953.00
  }, {
    "date" : "2025-02-12",
    "price" : 714.05,
    "dma50" : 786.28,
    "dma100" : null,
    "dma200" : 507.18,
    "volume" : 7046.00
  }, {
    "date" : "2025-02-13",
    "price" : 678.35,
    "dma50" : 782.05,
    "dma100" : null,
    "dma200" : 508.89,
    "volume" : 13577.00
  }, {
    "date" : "2025-02-14",
    "price" : 644.45,
    "dma50" : 776.65,
    "dma100" : null,
    "dma200" : 510.24,
    "volume" : 6992.00
  }, {
    "date" : "2025-02-17",
    "price" : 612.25,
    "dma50" : 770.21,
    "dma100" : null,
    "dma200" : 511.25,
    "volume" : 5853.00
  }, {
    "date" : "2025-02-18",
    "price" : 583.20,
    "dma50" : 762.87,
    "dma100" : null,
    "dma200" : 511.97,
    "volume" : 16363.00
  }, {
    "date" : "2025-02-19",
    "price" : 611.70,
    "dma50" : 756.94,
    "dma100" : null,
    "dma200" : 512.96,
    "volume" : 4450.00
  }, {
    "date" : "2025-02-20",
    "price" : 638.45,
    "dma50" : 752.30,
    "dma100" : null,
    "dma200" : 514.21,
    "volume" : 17569.00
  }, {
    "date" : "2025-02-21",
    "price" : 642.00,
    "dma50" : 747.97,
    "dma100" : null,
    "dma200" : 515.48,
    "volume" : 10277.00
  }, {
    "date" : "2025-02-24",
    "price" : 636.45,
    "dma50" : 743.60,
    "dma100" : null,
    "dma200" : 516.68,
    "volume" : 2719.00
  }, {
    "date" : "2025-02-25",
    "price" : 633.70,
    "dma50" : 739.29,
    "dma100" : null,
    "dma200" : 517.85,
    "volume" : 3598.00
  }, {
    "date" : "2025-02-27",
    "price" : 602.40,
    "dma50" : 733.92,
    "dma100" : null,
    "dma200" : 518.69,
    "volume" : 10823.00
  }, {
    "date" : "2025-02-28",
    "price" : 572.30,
    "dma50" : 727.58,
    "dma100" : null,
    "dma200" : 519.22,
    "volume" : 8725.00
  }, {
    "date" : "2025-03-03",
    "price" : 551.25,
    "dma50" : 720.67,
    "dma100" : null,
    "dma200" : 519.54,
    "volume" : 9830.00
  }, {
    "date" : "2025-03-04",
    "price" : 523.70,
    "dma50" : 712.94,
    "dma100" : null,
    "dma200" : 519.58,
    "volume" : 2476.00
  }, {
    "date" : "2025-03-05",
    "price" : 543.45,
    "dma50" : 706.30,
    "dma100" : null,
    "dma200" : 519.82,
    "volume" : 3673.00
  }, {
    "date" : "2025-03-06",
    "price" : 556.55,
    "dma50" : 700.42,
    "dma100" : null,
    "dma200" : 520.19,
    "volume" : 3733.00
  }, {
    "date" : "2025-03-07",
    "price" : 549.00,
    "dma50" : 694.49,
    "dma100" : null,
    "dma200" : 520.47,
    "volume" : 9425.00
  }, {
    "date" : "2025-03-10",
    "price" : 576.35,
    "dma50" : 689.85,
    "dma100" : null,
    "dma200" : 521.03,
    "volume" : 17402.00
  }, {
    "date" : "2025-03-11",
    "price" : 605.15,
    "dma50" : 686.53,
    "dma100" : null,
    "dma200" : 521.86,
    "volume" : 21017.00
  }, {
    "date" : "2025-03-12",
    "price" : 613.25,
    "dma50" : 683.66,
    "dma100" : null,
    "dma200" : 522.77,
    "volume" : 16021.00
  }, {
    "date" : "2025-03-13",
    "price" : 625.75,
    "dma50" : 681.39,
    "dma100" : null,
    "dma200" : 523.80,
    "volume" : 14267.00
  }, {
    "date" : "2025-03-17",
    "price" : 653.70,
    "dma50" : 680.30,
    "dma100" : null,
    "dma200" : 525.09,
    "volume" : 12523.00
  }, {
    "date" : "2025-03-18",
    "price" : 657.45,
    "dma50" : 679.40,
    "dma100" : null,
    "dma200" : 526.41,
    "volume" : 11285.00
  }, {
    "date" : "2025-03-19",
    "price" : 660.60,
    "dma50" : 678.67,
    "dma100" : null,
    "dma200" : 527.74,
    "volume" : 17954.00
  }, {
    "date" : "2025-03-20",
    "price" : 660.85,
    "dma50" : 677.97,
    "dma100" : null,
    "dma200" : 529.07,
    "volume" : 14068.00
  }, {
    "date" : "2025-03-21",
    "price" : 662.15,
    "dma50" : 677.35,
    "dma100" : null,
    "dma200" : 530.39,
    "volume" : 2204.00
  }, {
    "date" : "2025-03-24",
    "price" : 650.35,
    "dma50" : 676.29,
    "dma100" : null,
    "dma200" : 531.59,
    "volume" : 3598.00
  }, {
    "date" : "2025-03-25",
    "price" : 618.25,
    "dma50" : 674.01,
    "dma100" : null,
    "dma200" : 532.45,
    "volume" : 4100.00
  }, {
    "date" : "2025-03-26",
    "price" : 601.65,
    "dma50" : 671.18,
    "dma100" : null,
    "dma200" : 533.14,
    "volume" : 6492.00
  }, {
    "date" : "2025-03-27",
    "price" : 573.55,
    "dma50" : 667.35,
    "dma100" : null,
    "dma200" : 533.54,
    "volume" : 9053.00
  }, {
    "date" : "2025-03-28",
    "price" : 544.90,
    "dma50" : 662.55,
    "dma100" : null,
    "dma200" : 533.65,
    "volume" : 3226.00
  }, {
    "date" : "2025-04-01",
    "price" : 552.75,
    "dma50" : 658.24,
    "dma100" : null,
    "dma200" : 533.84,
    "volume" : 3173.00
  }, {
    "date" : "2025-04-02",
    "price" : 556.40,
    "dma50" : 654.25,
    "dma100" : null,
    "dma200" : 534.07,
    "volume" : 1666.00
  }, {
    "date" : "2025-04-03",
    "price" : 550.15,
    "dma50" : 650.16,
    "dma100" : null,
    "dma200" : 534.23,
    "volume" : 2599.00
  }, {
    "date" : "2025-04-04",
    "price" : 522.65,
    "dma50" : 645.16,
    "dma100" : null,
    "dma200" : 534.11,
    "volume" : 5958.00
  }, {
    "date" : "2025-04-07",
    "price" : 496.55,
    "dma50" : 639.34,
    "dma100" : null,
    "dma200" : 533.74,
    "volume" : 2255.00
  }, {
    "date" : "2025-04-08",
    "price" : 494.00,
    "dma50" : 633.64,
    "dma100" : null,
    "dma200" : 533.34,
    "volume" : 11989.00
  }, {
    "date" : "2025-04-09",
    "price" : 477.10,
    "dma50" : 627.50,
    "dma100" : null,
    "dma200" : 532.78,
    "volume" : 2163.00
  }, {
    "date" : "2025-04-11",
    "price" : 488.05,
    "dma50" : 622.03,
    "dma100" : null,
    "dma200" : 532.34,
    "volume" : 13498.00
  }, {
    "date" : "2025-04-15",
    "price" : 503.15,
    "dma50" : 617.37,
    "dma100" : null,
    "dma200" : 532.05,
    "volume" : 2522.00
  }, {
    "date" : "2025-04-16",
    "price" : 490.50,
    "dma50" : 612.39,
    "dma100" : null,
    "dma200" : 531.63,
    "volume" : 2505.00
  }, {
    "date" : "2025-04-17",
    "price" : 466.00,
    "dma50" : 606.65,
    "dma100" : null,
    "dma200" : 530.98,
    "volume" : 28866.00
  }, {
    "date" : "2025-04-21",
    "price" : 442.70,
    "dma50" : 600.22,
    "dma100" : null,
    "dma200" : 530.10,
    "volume" : 5500.00
  }, {
    "date" : "2025-04-22",
    "price" : 420.60,
    "dma50" : 593.18,
    "dma100" : null,
    "dma200" : 529.01,
    "volume" : 1998.00
  }, {
    "date" : "2025-04-23",
    "price" : 399.60,
    "dma50" : 585.59,
    "dma100" : null,
    "dma200" : 527.72,
    "volume" : 5639.00
  }, {
    "date" : "2025-04-24",
    "price" : 379.65,
    "dma50" : 577.51,
    "dma100" : null,
    "dma200" : 526.25,
    "volume" : 4181.00
  }, {
    "date" : "2025-04-25",
    "price" : 360.70,
    "dma50" : 569.01,
    "dma100" : null,
    "dma200" : 524.60,
    "volume" : 3846.00
  }, {
    "date" : "2025-04-28",
    "price" : 342.70,
    "dma50" : 560.13,
    "dma100" : null,
    "dma200" : 522.79,
    "volume" : 6405.00
  }, {
    "date" : "2025-04-29",
    "price" : 359.80,
    "dma50" : 552.28,
    "dma100" : null,
    "dma200" : 521.17,
    "volume" : 362232.00
  }, {
    "date" : "2025-04-30",
    "price" : 361.20,
    "dma50" : 544.78,
    "dma100" : null,
    "dma200" : 519.58,
    "volume" : 124660.00
  }, {
    "date" : "2025-05-02",
    "price" : 345.35,
    "dma50" : 536.96,
    "dma100" : null,
    "dma200" : 517.85,
    "volume" : 51209.00
  }, {
    "date" : "2025-05-05",
    "price" : 328.70,
    "dma50" : 528.80,
    "dma100" : null,
    "dma200" : 515.96,
    "volume" : 39372.00
  }, {
    "date" : "2025-05-06",
    "price" : 315.75,
    "dma50" : 520.44,
    "dma100" : null,
    "dma200" : 513.97,
    "volume" : 56480.00
  }, {
    "date" : "2025-05-07",
    "price" : 311.95,
    "dma50" : 512.26,
    "dma100" : 675.57,
    "dma200" : 511.96,
    "volume" : 24089.00
  }, {
    "date" : "2025-05-08",
    "price" : 305.65,
    "dma50" : 504.16,
    "dma100" : 670.20,
    "dma200" : 509.91,
    "volume" : 25566.00
  }, {
    "date" : "2025-05-09",
    "price" : 311.40,
    "dma50" : 496.60,
    "dma100" : 664.72,
    "dma200" : 507.93,
    "volume" : 11686.00
  }, {
    "date" : "2025-05-12",
    "price" : 315.10,
    "dma50" : 489.49,
    "dma100" : 659.11,
    "dma200" : 506.02,
    "volume" : 37654.00
  }, {
    "date" : "2025-05-13",
    "price" : 330.85,
    "dma50" : 483.26,
    "dma100" : 653.48,
    "dma200" : 504.27,
    "volume" : 21947.00
  }, {
    "date" : "2025-05-14",
    "price" : 347.35,
    "dma50" : 477.93,
    "dma100" : 648.11,
    "dma200" : 502.71,
    "volume" : 11188.00
  }, {
    "date" : "2025-05-15",
    "price" : 364.70,
    "dma50" : 473.49,
    "dma100" : 643.08,
    "dma200" : 501.34,
    "volume" : 9220.00
  }, {
    "date" : "2025-05-16",
    "price" : 382.90,
    "dma50" : 469.94,
    "dma100" : 638.41,
    "dma200" : 500.16,
    "volume" : 6629.00
  }, {
    "date" : "2025-05-19",
    "price" : 402.00,
    "dma50" : 467.28,
    "dma100" : 634.10,
    "dma200" : 499.18,
    "volume" : 11112.00
  }, {
    "date" : "2025-05-20",
    "price" : 422.10,
    "dma50" : 465.50,
    "dma100" : 629.82,
    "dma200" : 498.42,
    "volume" : 9769.00
  }, {
    "date" : "2025-05-21",
    "price" : 442.90,
    "dma50" : 464.62,
    "dma100" : 625.68,
    "dma200" : 497.86,
    "volume" : 164441.00
  }, {
    "date" : "2025-05-22",
    "price" : 420.80,
    "dma50" : 462.90,
    "dma100" : 621.49,
    "dma200" : 497.10,
    "volume" : 43019.00
  }, {
    "date" : "2025-05-23",
    "price" : 430.05,
    "dma50" : 461.61,
    "dma100" : 617.56,
    "dma200" : 496.43,
    "volume" : 27720.00
  }, {
    "date" : "2025-05-26",
    "price" : 408.55,
    "dma50" : 459.53,
    "dma100" : 613.58,
    "dma200" : 495.56,
    "volume" : 50924.00
  }, {
    "date" : "2025-05-27",
    "price" : 392.95,
    "dma50" : 456.92,
    "dma100" : 609.31,
    "dma200" : 494.53,
    "volume" : 35611.00
  }, {
    "date" : "2025-05-28",
    "price" : 399.75,
    "dma50" : 454.68,
    "dma100" : 605.00,
    "dma200" : 493.59,
    "volume" : 20073.00
  }, {
    "date" : "2025-05-29",
    "price" : 399.45,
    "dma50" : 452.51,
    "dma100" : 600.85,
    "dma200" : 492.65,
    "volume" : 14655.00
  }, {
    "date" : "2025-05-30",
    "price" : 402.15,
    "dma50" : 450.54,
    "dma100" : 596.67,
    "dma200" : 491.75,
    "volume" : 9875.00
  }, {
    "date" : "2025-06-02",
    "price" : 395.00,
    "dma50" : 448.36,
    "dma100" : 592.41,
    "dma200" : 490.79,
    "volume" : 10457.00
  }, {
    "date" : "2025-06-03",
    "price" : 389.65,
    "dma50" : 446.06,
    "dma100" : 587.76,
    "dma200" : 489.78,
    "volume" : 18600.00
  }, {
    "date" : "2025-06-04",
    "price" : 388.40,
    "dma50" : 443.80,
    "dma100" : 582.90,
    "dma200" : 488.78,
    "volume" : 7153.00
  }, {
    "date" : "2025-06-05",
    "price" : 390.90,
    "dma50" : 441.72,
    "dma100" : 578.02,
    "dma200" : 487.80,
    "volume" : 16662.00
  }, {
    "date" : "2025-06-06",
    "price" : 387.80,
    "dma50" : 439.61,
    "dma100" : 572.96,
    "dma200" : 486.81,
    "volume" : 6515.00
  }, {
    "date" : "2025-06-09",
    "price" : 386.40,
    "dma50" : 437.52,
    "dma100" : 567.80,
    "dma200" : 485.81,
    "volume" : 21979.00
  }, {
    "date" : "2025-06-10",
    "price" : 395.90,
    "dma50" : 435.89,
    "dma100" : 562.93,
    "dma200" : 484.91,
    "volume" : 24212.00
  }, {
    "date" : "2025-06-11",
    "price" : 398.80,
    "dma50" : 434.43,
    "dma100" : 558.06,
    "dma200" : 484.06,
    "volume" : 24975.00
  }, {
    "date" : "2025-06-12",
    "price" : 398.55,
    "dma50" : 433.03,
    "dma100" : 553.20,
    "dma200" : 483.21,
    "volume" : 10856.00
  }, {
    "date" : "2025-06-13",
    "price" : 406.00,
    "dma50" : 431.97,
    "dma100" : 548.42,
    "dma200" : 482.44,
    "volume" : 8956.00
  }, {
    "date" : "2025-06-16",
    "price" : 398.30,
    "dma50" : 430.65,
    "dma100" : 543.59,
    "dma200" : 481.60,
    "volume" : 18695.00
  }, {
    "date" : "2025-06-17",
    "price" : 403.20,
    "dma50" : 429.57,
    "dma100" : 538.77,
    "dma200" : 480.82,
    "volume" : 16040.00
  }, {
    "date" : "2025-06-18",
    "price" : 400.00,
    "dma50" : 428.41,
    "dma100" : 533.95,
    "dma200" : 480.02,
    "volume" : 9494.00
  }, {
    "date" : "2025-06-19",
    "price" : 388.50,
    "dma50" : 426.85,
    "dma100" : 528.93,
    "dma200" : 479.11,
    "volume" : 9558.00
  }, {
    "date" : "2025-06-20",
    "price" : 390.00,
    "dma50" : 425.40,
    "dma100" : 524.18,
    "dma200" : 478.22,
    "volume" : 16539.00
  }, {
    "date" : "2025-06-23",
    "price" : 387.00,
    "dma50" : 423.89,
    "dma100" : 519.49,
    "dma200" : 477.31,
    "volume" : 9814.00
  }, {
    "date" : "2025-06-24",
    "price" : 393.10,
    "dma50" : 422.69,
    "dma100" : 515.28,
    "dma200" : 476.47,
    "volume" : 34497.00
  }, {
    "date" : "2025-06-25",
    "price" : 392.05,
    "dma50" : 421.49,
    "dma100" : 511.47,
    "dma200" : 475.63,
    "volume" : 14659.00
  }, {
    "date" : "2025-06-26",
    "price" : 392.95,
    "dma50" : 420.37,
    "dma100" : 508.05,
    "dma200" : 474.81,
    "volume" : 6947.00
  }, {
    "date" : "2025-06-27",
    "price" : 391.35,
    "dma50" : 419.23,
    "dma100" : 504.73,
    "dma200" : 473.98,
    "volume" : 13109.00
  }, {
    "date" : "2025-06-30",
    "price" : 390.15,
    "dma50" : 418.09,
    "dma100" : 501.03,
    "dma200" : 473.15,
    "volume" : 16713.00
  }, {
    "date" : "2025-07-01",
    "price" : 384.45,
    "dma50" : 416.77,
    "dma100" : 496.93,
    "dma200" : 472.26,
    "volume" : 15854.00
  }, {
    "date" : "2025-07-02",
    "price" : 385.05,
    "dma50" : 415.53,
    "dma100" : 492.70,
    "dma200" : 471.40,
    "volume" : 13799.00
  }, {
    "date" : "2025-07-03",
    "price" : 385.80,
    "dma50" : 414.36,
    "dma100" : 488.34,
    "dma200" : 470.54,
    "volume" : 21877.00
  }, {
    "date" : "2025-07-04",
    "price" : 391.00,
    "dma50" : 413.44,
    "dma100" : 484.04,
    "dma200" : 469.75,
    "volume" : 15840.00
  }, {
    "date" : "2025-07-07",
    "price" : 385.10,
    "dma50" : 412.33,
    "dma100" : 479.81,
    "dma200" : 468.91,
    "volume" : 14426.00
  }, {
    "date" : "2025-07-08",
    "price" : 386.45,
    "dma50" : 411.32,
    "dma100" : 475.65,
    "dma200" : 468.09,
    "volume" : 10178.00
  }, {
    "date" : "2025-07-09",
    "price" : 387.00,
    "dma50" : 410.36,
    "dma100" : 471.61,
    "dma200" : 467.28,
    "volume" : 12491.00
  }, {
    "date" : "2025-07-10",
    "price" : 388.50,
    "dma50" : 409.51,
    "dma100" : 467.99,
    "dma200" : 466.50,
    "volume" : 11082.00
  }, {
    "date" : "2025-07-11",
    "price" : 385.10,
    "dma50" : 408.55,
    "dma100" : 464.70,
    "dma200" : 465.69,
    "volume" : 14017.00
  }, {
    "date" : "2025-07-14",
    "price" : 388.00,
    "dma50" : 407.74,
    "dma100" : 461.80,
    "dma200" : 464.92,
    "volume" : 8730.00
  }, {
    "date" : "2025-07-15",
    "price" : 384.10,
    "dma50" : 406.82,
    "dma100" : 459.20,
    "dma200" : 464.11,
    "volume" : 11059.00
  }, {
    "date" : "2025-07-16",
    "price" : 380.00,
    "dma50" : 405.76,
    "dma100" : 456.87,
    "dma200" : 463.27,
    "volume" : 7491.00
  }, {
    "date" : "2025-07-17",
    "price" : 389.00,
    "dma50" : 405.11,
    "dma100" : 454.93,
    "dma200" : 462.54,
    "volume" : 29317.00
  }, {
    "date" : "2025-07-18",
    "price" : 388.65,
    "dma50" : 404.46,
    "dma100" : 452.70,
    "dma200" : 461.80,
    "volume" : 33047.00
  }, {
    "date" : "2025-07-21",
    "price" : 387.65,
    "dma50" : 403.80,
    "dma100" : 450.19,
    "dma200" : 461.06,
    "volume" : 18619.00
  }, {
    "date" : "2025-07-22",
    "price" : 389.30,
    "dma50" : 403.23,
    "dma100" : 447.67,
    "dma200" : 460.35,
    "volume" : 9879.00
  }, {
    "date" : "2025-07-23",
    "price" : 389.90,
    "dma50" : 402.71,
    "dma100" : 445.20,
    "dma200" : 459.65,
    "volume" : 14306.00
  }, {
    "date" : "2025-07-24",
    "price" : 388.05,
    "dma50" : 402.14,
    "dma100" : 442.74,
    "dma200" : 458.94,
    "volume" : 13165.00
  }, {
    "date" : "2025-07-25",
    "price" : 386.00,
    "dma50" : 401.50,
    "dma100" : 440.58,
    "dma200" : 458.21,
    "volume" : 14816.00
  }, {
    "date" : "2025-07-28",
    "price" : 388.60,
    "dma50" : 401.00,
    "dma100" : 438.74,
    "dma200" : 457.52,
    "volume" : 23339.00
  }, {
    "date" : "2025-07-29",
    "price" : 390.70,
    "dma50" : 400.59,
    "dma100" : 437.14,
    "dma200" : 456.85,
    "volume" : 53390.00
  }, {
    "date" : "2025-07-30",
    "price" : 410.20,
    "dma50" : 400.97,
    "dma100" : 436.00,
    "dma200" : 456.39,
    "volume" : 33440.00
  }, {
    "date" : "2025-07-31",
    "price" : 430.70,
    "dma50" : 402.14,
    "dma100" : 434.87,
    "dma200" : 456.13,
    "volume" : 76267.00
  }, {
    "date" : "2025-08-01",
    "price" : 432.10,
    "dma50" : 403.31,
    "dma100" : 433.63,
    "dma200" : 455.89,
    "volume" : 58003.00
  }, {
    "date" : "2025-08-04",
    "price" : 414.10,
    "dma50" : 403.73,
    "dma100" : 432.28,
    "dma200" : 455.48,
    "volume" : 27191.00
  }, {
    "date" : "2025-08-05",
    "price" : 405.75,
    "dma50" : 403.81,
    "dma100" : 430.57,
    "dma200" : 454.98,
    "volume" : 26203.00
  }, {
    "date" : "2025-08-06",
    "price" : 405.85,
    "dma50" : 403.89,
    "dma100" : 428.58,
    "dma200" : 454.49,
    "volume" : 12823.00
  }, {
    "date" : "2025-08-07",
    "price" : 402.20,
    "dma50" : 403.83,
    "dma100" : 426.47,
    "dma200" : 453.97,
    "volume" : 38208.00
  }, {
    "date" : "2025-08-08",
    "price" : 393.85,
    "dma50" : 403.44,
    "dma100" : 424.15,
    "dma200" : 453.37,
    "volume" : 14880.00
  }, {
    "date" : "2025-08-11",
    "price" : 388.25,
    "dma50" : 402.84,
    "dma100" : 421.50,
    "dma200" : 452.73,
    "volume" : 23797.00
  }, {
    "date" : "2025-08-12",
    "price" : 390.25,
    "dma50" : 402.35,
    "dma100" : 418.83,
    "dma200" : 452.11,
    "volume" : 18389.00
  }, {
    "date" : "2025-08-13",
    "price" : 387.70,
    "dma50" : 401.77,
    "dma100" : 416.10,
    "dma200" : 451.46,
    "volume" : 13128.00
  }, {
    "date" : "2025-08-14",
    "price" : 385.55,
    "dma50" : 401.14,
    "dma100" : 413.34,
    "dma200" : 450.81,
    "volume" : 18968.00
  }, {
    "date" : "2025-08-18",
    "price" : 384.15,
    "dma50" : 400.47,
    "dma100" : 410.56,
    "dma200" : 450.15,
    "volume" : 14858.00
  }, {
    "date" : "2025-08-19",
    "price" : 385.45,
    "dma50" : 399.88,
    "dma100" : 407.91,
    "dma200" : 449.50,
    "volume" : 17452.00
  }, {
    "date" : "2025-08-20",
    "price" : 384.50,
    "dma50" : 399.28,
    "dma100" : 405.58,
    "dma200" : 448.85,
    "volume" : 23452.00
  }, {
    "date" : "2025-08-21",
    "price" : 385.25,
    "dma50" : 398.73,
    "dma100" : 403.41,
    "dma200" : 448.22,
    "volume" : 22652.00
  }, {
    "date" : "2025-08-22",
    "price" : 381.30,
    "dma50" : 398.04,
    "dma100" : 401.49,
    "dma200" : 447.56,
    "volume" : 24348.00
  }, {
    "date" : "2025-08-25",
    "price" : 379.30,
    "dma50" : 397.31,
    "dma100" : 399.83,
    "dma200" : 446.88,
    "volume" : 19413.00
  }, {
    "date" : "2025-08-26",
    "price" : 373.45,
    "dma50" : 396.37,
    "dma100" : 398.04,
    "dma200" : 446.15,
    "volume" : 18408.00
  }, {
    "date" : "2025-08-28",
    "price" : 367.50,
    "dma50" : 395.24,
    "dma100" : 396.15,
    "dma200" : 445.36,
    "volume" : 14595.00
  }, {
    "date" : "2025-08-29",
    "price" : 367.15,
    "dma50" : 394.14,
    "dma100" : 394.32,
    "dma200" : 444.59,
    "volume" : 10691.00
  }, {
    "date" : "2025-09-01",
    "price" : 363.95,
    "dma50" : 392.96,
    "dma100" : 392.74,
    "dma200" : 443.78,
    "volume" : 10385.00
  }, {
    "date" : "2025-09-02",
    "price" : 367.05,
    "dma50" : 391.94,
    "dma100" : 391.44,
    "dma200" : 443.02,
    "volume" : 14260.00
  }, {
    "date" : "2025-09-03",
    "price" : 382.45,
    "dma50" : 391.57,
    "dma100" : 390.33,
    "dma200" : 442.42,
    "volume" : 26408.00
  }, {
    "date" : "2025-09-04",
    "price" : 378.55,
    "dma50" : 391.06,
    "dma100" : 389.34,
    "dma200" : 441.78,
    "volume" : 11903.00
  }, {
    "date" : "2025-09-05",
    "price" : 371.35,
    "dma50" : 390.28,
    "dma100" : 388.17,
    "dma200" : 441.08,
    "volume" : 10613.00
  }, {
    "date" : "2025-09-08",
    "price" : 371.35,
    "dma50" : 389.54,
    "dma100" : 386.85,
    "dma200" : 440.39,
    "volume" : 9526.00
  }, {
    "date" : "2025-09-09",
    "price" : 372.25,
    "dma50" : 388.86,
    "dma100" : 385.67,
    "dma200" : 439.71,
    "volume" : 14290.00
  }, {
    "date" : "2025-09-10",
    "price" : 368.85,
    "dma50" : 388.08,
    "dma100" : 384.70,
    "dma200" : 439.00,
    "volume" : 11589.00
  }, {
    "date" : "2025-09-11",
    "price" : 368.75,
    "dma50" : 387.32,
    "dma100" : 383.96,
    "dma200" : 438.30,
    "volume" : 7912.00
  }, {
    "date" : "2025-09-12",
    "price" : 363.70,
    "dma50" : 386.39,
    "dma100" : 383.39,
    "dma200" : 437.56,
    "volume" : 12804.00
  }, {
    "date" : "2025-09-15",
    "price" : 366.80,
    "dma50" : 385.63,
    "dma100" : 383.06,
    "dma200" : 436.86,
    "volume" : 8292.00
  }, {
    "date" : "2025-09-16",
    "price" : 367.95,
    "dma50" : 384.93,
    "dma100" : 382.95,
    "dma200" : 436.17,
    "volume" : 15950.00
  }, {
    "date" : "2025-09-17",
    "price" : 363.35,
    "dma50" : 384.09,
    "dma100" : 382.97,
    "dma200" : 435.45,
    "volume" : 16167.00
  }, {
    "date" : "2025-09-18",
    "price" : 363.50,
    "dma50" : 383.28,
    "dma100" : 383.18,
    "dma200" : 434.73,
    "volume" : 4238.00
  }, {
    "date" : "2025-09-19",
    "price" : 364.75,
    "dma50" : 382.55,
    "dma100" : 383.23,
    "dma200" : 434.04,
    "volume" : 9493.00
  }, {
    "date" : "2025-09-22",
    "price" : 359.40,
    "dma50" : 381.64,
    "dma100" : 383.21,
    "dma200" : 433.29,
    "volume" : 10425.00
  }, {
    "date" : "2025-09-23",
    "price" : 355.75,
    "dma50" : 380.63,
    "dma100" : 383.32,
    "dma200" : 432.52,
    "volume" : 16016.00
  }, {
    "date" : "2025-09-24",
    "price" : 346.45,
    "dma50" : 379.29,
    "dma100" : 383.49,
    "dma200" : 431.67,
    "volume" : 16135.00
  }, {
    "date" : "2025-09-25",
    "price" : 342.60,
    "dma50" : 377.85,
    "dma100" : 383.76,
    "dma200" : 430.78,
    "volume" : 10071.00
  }, {
    "date" : "2025-09-26",
    "price" : 343.80,
    "dma50" : 376.51,
    "dma100" : 384.08,
    "dma200" : 429.91,
    "volume" : 18609.00
  }, {
    "date" : "2025-09-29",
    "price" : 354.20,
    "dma50" : 375.64,
    "dma100" : 384.57,
    "dma200" : 429.16,
    "volume" : 27927.00
  }, {
    "date" : "2025-09-30",
    "price" : 361.20,
    "dma50" : 375.07,
    "dma100" : 385.07,
    "dma200" : 428.48,
    "volume" : 18140.00
  }, {
    "date" : "2025-10-01",
    "price" : 357.15,
    "dma50" : 374.37,
    "dma100" : 385.49,
    "dma200" : 427.77,
    "volume" : 11616.00
  }, {
    "date" : "2025-10-03",
    "price" : 349.75,
    "dma50" : 373.40,
    "dma100" : 385.67,
    "dma200" : 427.00,
    "volume" : 76159.00
  }, {
    "date" : "2025-10-06",
    "price" : 358.95,
    "dma50" : 372.84,
    "dma100" : 385.79,
    "dma200" : 426.32,
    "volume" : 88201.00
  }, {
    "date" : "2025-10-07",
    "price" : 375.60,
    "dma50" : 372.95,
    "dma100" : 385.90,
    "dma200" : 425.82,
    "volume" : 42028.00
  }, {
    "date" : "2025-10-08",
    "price" : 358.25,
    "dma50" : 372.37,
    "dma100" : 385.65,
    "dma200" : 425.14,
    "volume" : 28741.00
  }, {
    "date" : "2025-10-09",
    "price" : 356.40,
    "dma50" : 371.74,
    "dma100" : 385.20,
    "dma200" : 424.46,
    "volume" : 18879.00
  }, {
    "date" : "2025-10-10",
    "price" : 369.05,
    "dma50" : 371.64,
    "dma100" : 384.67,
    "dma200" : 423.91,
    "volume" : 40370.00
  }, {
    "date" : "2025-10-13",
    "price" : 361.75,
    "dma50" : 371.25,
    "dma100" : 383.86,
    "dma200" : 423.29,
    "volume" : 27453.00
  }, {
    "date" : "2025-10-14",
    "price" : 358.85,
    "dma50" : 370.76,
    "dma100" : 383.24,
    "dma200" : 422.65,
    "volume" : 43279.00
  }, {
    "date" : "2025-10-15",
    "price" : 362.10,
    "dma50" : 370.42,
    "dma100" : 382.56,
    "dma200" : 422.05,
    "volume" : 24271.00
  }, {
    "date" : "2025-10-16",
    "price" : 362.55,
    "dma50" : 370.12,
    "dma100" : 382.10,
    "dma200" : 421.45,
    "volume" : 11829.00
  }, {
    "date" : "2025-10-17",
    "price" : 356.45,
    "dma50" : 369.58,
    "dma100" : 381.73,
    "dma200" : 420.81,
    "volume" : 16522.00
  }, {
    "date" : "2025-10-20",
    "price" : 356.40,
    "dma50" : 369.06,
    "dma100" : 381.30,
    "dma200" : 420.17,
    "volume" : 22157.00
  }, {
    "date" : "2025-10-21",
    "price" : 359.65,
    "dma50" : 368.69,
    "dma100" : 380.90,
    "dma200" : 419.56,
    "volume" : 3283.00
  }, {
    "date" : "2025-10-23",
    "price" : 358.90,
    "dma50" : 368.31,
    "dma100" : 380.47,
    "dma200" : 418.96,
    "volume" : 24801.00
  }, {
    "date" : "2025-10-24",
    "price" : 359.40,
    "dma50" : 367.96,
    "dma100" : 380.11,
    "dma200" : 418.37,
    "volume" : 24963.00
  }, {
    "date" : "2025-10-27",
    "price" : 354.45,
    "dma50" : 367.43,
    "dma100" : 379.76,
    "dma200" : 417.73,
    "volume" : 25012.00
  }, {
    "date" : "2025-10-28",
    "price" : 355.20,
    "dma50" : 366.95,
    "dma100" : 379.43,
    "dma200" : 417.11,
    "volume" : 37882.00
  }, {
    "date" : "2025-10-29",
    "price" : 352.70,
    "dma50" : 366.39,
    "dma100" : 379.05,
    "dma200" : 416.47,
    "volume" : 2009.00
  }, {
    "date" : "2025-10-30",
    "price" : 349.65,
    "dma50" : 365.74,
    "dma100" : 378.66,
    "dma200" : 415.80,
    "volume" : 10678.00
  }, {
    "date" : "2025-10-31",
    "price" : 352.00,
    "dma50" : 365.20,
    "dma100" : 378.32,
    "dma200" : 415.17,
    "volume" : 29496.00
  }, {
    "date" : "2025-11-03",
    "price" : 349.75,
    "dma50" : 364.59,
    "dma100" : 377.86,
    "dma200" : 414.52,
    "volume" : 6694.00
  }, {
    "date" : "2025-11-04",
    "price" : 351.15,
    "dma50" : 364.06,
    "dma100" : 377.38,
    "dma200" : 413.89,
    "volume" : 18143.00
  }, {
    "date" : "2025-11-06",
    "price" : 349.20,
    "dma50" : 363.48,
    "dma100" : 376.89,
    "dma200" : 413.24,
    "volume" : 33566.00
  }, {
    "date" : "2025-11-07",
    "price" : 340.40,
    "dma50" : 362.58,
    "dma100" : 376.23,
    "dma200" : 412.52,
    "volume" : 20948.00
  }, {
    "date" : "2025-11-10",
    "price" : 343.85,
    "dma50" : 361.84,
    "dma100" : 375.69,
    "dma200" : 411.84,
    "volume" : 37349.00
  }, {
    "date" : "2025-11-11",
    "price" : 349.25,
    "dma50" : 361.35,
    "dma100" : 375.15,
    "dma200" : 411.21,
    "volume" : 13965.00
  }, {
    "date" : "2025-11-12",
    "price" : 359.10,
    "dma50" : 361.26,
    "dma100" : 374.74,
    "dma200" : 410.69,
    "volume" : 42945.00
  }, {
    "date" : "2025-11-13",
    "price" : 357.05,
    "dma50" : 361.09,
    "dma100" : 374.42,
    "dma200" : 410.16,
    "volume" : 4205.00
  }, {
    "date" : "2025-11-14",
    "price" : 353.90,
    "dma50" : 360.81,
    "dma100" : 374.06,
    "dma200" : 409.60,
    "volume" : 27224.00
  }, {
    "date" : "2025-11-17",
    "price" : 349.55,
    "dma50" : 360.37,
    "dma100" : 373.69,
    "dma200" : 409.00,
    "volume" : 62041.00
  }, {
    "date" : "2025-11-18",
    "price" : 348.85,
    "dma50" : 359.92,
    "dma100" : 373.25,
    "dma200" : 408.41,
    "volume" : 32632.00
  }, {
    "date" : "2025-11-19",
    "price" : 343.50,
    "dma50" : 359.27,
    "dma100" : 372.76,
    "dma200" : 407.76,
    "volume" : 53313.00
  }, {
    "date" : "2025-11-20",
    "price" : 337.35,
    "dma50" : 358.42,
    "dma100" : 372.21,
    "dma200" : 407.06,
    "volume" : 22036.00
  }, {
    "date" : "2025-11-21",
    "price" : 338.80,
    "dma50" : 357.65,
    "dma100" : 371.68,
    "dma200" : 406.38,
    "volume" : 23707.00
  }, {
    "date" : "2025-11-24",
    "price" : 320.25,
    "dma50" : 356.18,
    "dma100" : 370.98,
    "dma200" : 405.52,
    "volume" : 28547.00
  }, {
    "date" : "2025-11-25",
    "price" : 309.55,
    "dma50" : 354.35,
    "dma100" : 370.23,
    "dma200" : 404.57,
    "volume" : 42117.00
  }, {
    "date" : "2025-11-26",
    "price" : 323.85,
    "dma50" : 353.15,
    "dma100" : 369.62,
    "dma200" : 403.76,
    "volume" : 19955.00
  }, {
    "date" : "2025-11-27",
    "price" : 321.35,
    "dma50" : 351.91,
    "dma100" : 368.98,
    "dma200" : 402.94,
    "volume" : 2880.00
  }, {
    "date" : "2025-11-28",
    "price" : 320.10,
    "dma50" : 350.66,
    "dma100" : 368.27,
    "dma200" : 402.12,
    "volume" : 38130.00
  }, {
    "date" : "2025-12-01",
    "price" : 324.90,
    "dma50" : 349.65,
    "dma100" : 367.66,
    "dma200" : 401.35,
    "volume" : 130894.00
  }, {
    "date" : "2025-12-02",
    "price" : 331.80,
    "dma50" : 348.95,
    "dma100" : 367.12,
    "dma200" : 400.66,
    "volume" : 51310.00
  }, {
    "date" : "2025-12-03",
    "price" : 332.10,
    "dma50" : 348.29,
    "dma100" : 366.57,
    "dma200" : 399.98,
    "volume" : 47566.00
  }, {
    "date" : "2025-12-04",
    "price" : 329.75,
    "dma50" : 347.56,
    "dma100" : 365.98,
    "dma200" : 399.28,
    "volume" : 47349.00
  }, {
    "date" : "2025-12-05",
    "price" : 340.80,
    "dma50" : 347.30,
    "dma100" : 365.54,
    "dma200" : 398.70,
    "volume" : 50344.00
  } ],
  "latestTechnicalAttributes" : {
    "date" : "2025-12-05",
    "price" : 340.80,
    "dma50" : 347.30,
    "dma100" : 365.54,
    "dma200" : 398.70,
    "volume" : 50344.00
  },
  "quarterlyResults" : [ {
    "date" : "2005-03-31",
    "sales" : 0.87,
    "salesGrowthYoY" : null,
    "grossProfitMargin" : 25.29,
    "grossProfit" : 0.22,
    "operatingProfitMargin" : 16.09,
    "operatingProfit" : 0.14,
    "netProfitMargin" : 14.94,
    "netProfit" : 0.13
  }, {
    "date" : "2005-06-30",
    "sales" : 5.55,
    "salesGrowthYoY" : null,
    "grossProfitMargin" : 12.79,
    "grossProfit" : 0.71,
    "operatingProfitMargin" : 10.81,
    "operatingProfit" : 0.60,
    "netProfitMargin" : 6.31,
    "netProfit" : 0.35
  }, {
    "date" : "2005-09-30",
    "sales" : 14.93,
    "salesGrowthYoY" : null,
    "grossProfitMargin" : -7.03,
    "grossProfit" : -1.05,
    "operatingProfitMargin" : -8.77,
    "operatingProfit" : -1.31,
    "netProfitMargin" : -9.31,
    "netProfit" : -1.39
  }, {
    "date" : "2005-12-31",
    "sales" : 15.90,
    "salesGrowthYoY" : null,
    "grossProfitMargin" : 10.88,
    "grossProfit" : 1.73,
    "operatingProfitMargin" : 9.69,
    "operatingProfit" : 1.54,
    "netProfitMargin" : 7.48,
    "netProfit" : 1.19
  }, {
    "date" : "2006-03-31",
    "sales" : 8.55,
    "salesGrowthYoY" : 882.76,
    "grossProfitMargin" : 10.41,
    "grossProfit" : 0.89,
    "operatingProfitMargin" : 9.01,
    "operatingProfit" : 0.77,
    "netProfitMargin" : 7.13,
    "netProfit" : 0.61
  }, {
    "date" : "2006-06-30",
    "sales" : 0.03,
    "salesGrowthYoY" : -99.46,
    "grossProfitMargin" : 100.00,
    "grossProfit" : 0.03,
    "operatingProfitMargin" : -300.00,
    "operatingProfit" : -0.09,
    "netProfitMargin" : -366.67,
    "netProfit" : -0.11
  }, {
    "date" : "2006-09-30",
    "sales" : 0.00,
    "salesGrowthYoY" : -100.00,
    "grossProfitMargin" : 0.00,
    "grossProfit" : 0.00,
    "operatingProfitMargin" : 0.00,
    "operatingProfit" : 0.00,
    "netProfitMargin" : 0.00,
    "netProfit" : 0.00
  }, {
    "date" : "2006-12-31",
    "sales" : 0.14,
    "salesGrowthYoY" : -99.12,
    "grossProfitMargin" : 100.00,
    "grossProfit" : 0.14,
    "operatingProfitMargin" : 35.71,
    "operatingProfit" : 0.05,
    "netProfitMargin" : 164.29,
    "netProfit" : 0.23
  }, {
    "date" : "2007-03-31",
    "sales" : 0.53,
    "salesGrowthYoY" : -93.80,
    "grossProfitMargin" : 100.00,
    "grossProfit" : 0.53,
    "operatingProfitMargin" : 60.38,
    "operatingProfit" : 0.32,
    "netProfitMargin" : 22.64,
    "netProfit" : 0.12
  }, {
    "date" : "2007-06-30",
    "sales" : 0.39,
    "salesGrowthYoY" : 1200.00,
    "grossProfitMargin" : 100.00,
    "grossProfit" : 0.39,
    "operatingProfitMargin" : 94.87,
    "operatingProfit" : 0.37,
    "netProfitMargin" : 48.72,
    "netProfit" : 0.19
  }, {
    "date" : "2007-09-30",
    "sales" : 0.43,
    "salesGrowthYoY" : 100.00,
    "grossProfitMargin" : 100.00,
    "grossProfit" : 0.43,
    "operatingProfitMargin" : 86.05,
    "operatingProfit" : 0.37,
    "netProfitMargin" : 48.84,
    "netProfit" : 0.21
  }, {
    "date" : "2007-12-31",
    "sales" : 10.63,
    "salesGrowthYoY" : 7492.86,
    "grossProfitMargin" : 35.84,
    "grossProfit" : 3.81,
    "operatingProfitMargin" : 35.28,
    "operatingProfit" : 3.75,
    "netProfitMargin" : 33.58,
    "netProfit" : 3.57
  }, {
    "date" : "2008-03-31",
    "sales" : 14.53,
    "salesGrowthYoY" : 2641.51,
    "grossProfitMargin" : -24.36,
    "grossProfit" : -3.54,
    "operatingProfitMargin" : -25.33,
    "operatingProfit" : -3.68,
    "netProfitMargin" : -24.71,
    "netProfit" : -3.59
  }, {
    "date" : "2008-06-30",
    "sales" : 1.34,
    "salesGrowthYoY" : 243.59,
    "grossProfitMargin" : 17.16,
    "grossProfit" : 0.23,
    "operatingProfitMargin" : 14.18,
    "operatingProfit" : 0.19,
    "netProfitMargin" : 5.97,
    "netProfit" : 0.08
  }, {
    "date" : "2008-09-30",
    "sales" : 0.22,
    "salesGrowthYoY" : -48.84,
    "grossProfitMargin" : 95.45,
    "grossProfit" : 0.21,
    "operatingProfitMargin" : 63.64,
    "operatingProfit" : 0.14,
    "netProfitMargin" : 22.73,
    "netProfit" : 0.05
  }, {
    "date" : "2008-12-31",
    "sales" : 0.19,
    "salesGrowthYoY" : -98.21,
    "grossProfitMargin" : 94.74,
    "grossProfit" : 0.18,
    "operatingProfitMargin" : 84.21,
    "operatingProfit" : 0.16,
    "netProfitMargin" : 10.53,
    "netProfit" : 0.02
  }, {
    "date" : "2009-03-31",
    "sales" : 0.13,
    "salesGrowthYoY" : -99.11,
    "grossProfitMargin" : 92.31,
    "grossProfit" : 0.12,
    "operatingProfitMargin" : 15.38,
    "operatingProfit" : 0.02,
    "netProfitMargin" : -7.69,
    "netProfit" : -0.01
  }, {
    "date" : "2009-06-30",
    "sales" : 0.26,
    "salesGrowthYoY" : -80.60,
    "grossProfitMargin" : 100.00,
    "grossProfit" : 0.26,
    "operatingProfitMargin" : 80.77,
    "operatingProfit" : 0.21,
    "netProfitMargin" : 76.92,
    "netProfit" : 0.20
  }, {
    "date" : "2009-09-30",
    "sales" : -0.04,
    "salesGrowthYoY" : -118.18,
    "grossProfitMargin" : 0.00,
    "grossProfit" : -0.00,
    "operatingProfitMargin" : 0.00,
    "operatingProfit" : -0.00,
    "netProfitMargin" : 0.00,
    "netProfit" : -0.00
  }, {
    "date" : "2009-12-31",
    "sales" : 0.27,
    "salesGrowthYoY" : 42.11,
    "grossProfitMargin" : 100.00,
    "grossProfit" : 0.27,
    "operatingProfitMargin" : 77.78,
    "operatingProfit" : 0.21,
    "netProfitMargin" : 70.37,
    "netProfit" : 0.19
  }, {
    "date" : "2010-03-31",
    "sales" : 0.30,
    "salesGrowthYoY" : 130.77,
    "grossProfitMargin" : 100.00,
    "grossProfit" : 0.30,
    "operatingProfitMargin" : 56.67,
    "operatingProfit" : 0.17,
    "netProfitMargin" : 36.67,
    "netProfit" : 0.11
  }, {
    "date" : "2010-09-30",
    "sales" : 5.71,
    "salesGrowthYoY" : 2096.15,
    "grossProfitMargin" : 100.00,
    "grossProfit" : 5.71,
    "operatingProfitMargin" : 96.67,
    "operatingProfit" : 5.52,
    "netProfitMargin" : 96.85,
    "netProfit" : 5.53
  }, {
    "date" : "2010-12-31",
    "sales" : -2.34,
    "salesGrowthYoY" : 5750.00,
    "grossProfitMargin" : 0.00,
    "grossProfit" : -0.00,
    "operatingProfitMargin" : 0.00,
    "operatingProfit" : -0.00,
    "netProfitMargin" : 0.00,
    "netProfit" : -0.00
  }, {
    "date" : "2011-03-31",
    "sales" : 2.12,
    "salesGrowthYoY" : 685.19,
    "grossProfitMargin" : -16.98,
    "grossProfit" : -0.36,
    "operatingProfitMargin" : -21.23,
    "operatingProfit" : -0.45,
    "netProfitMargin" : -45.75,
    "netProfit" : -0.97
  }, {
    "date" : "2011-06-30",
    "sales" : 5.56,
    "salesGrowthYoY" : 1753.33,
    "grossProfitMargin" : 20.32,
    "grossProfit" : 1.13,
    "operatingProfitMargin" : 19.06,
    "operatingProfit" : 1.06,
    "netProfitMargin" : 19.06,
    "netProfit" : 1.06
  }, {
    "date" : "2011-09-30",
    "sales" : -1.13,
    "salesGrowthYoY" : -119.79,
    "grossProfitMargin" : 0.00,
    "grossProfit" : -0.00,
    "operatingProfitMargin" : 0.00,
    "operatingProfit" : -0.00,
    "netProfitMargin" : 0.00,
    "netProfit" : -0.00
  }, {
    "date" : "2011-12-31",
    "sales" : -2.86,
    "salesGrowthYoY" : 22.22,
    "grossProfitMargin" : 0.00,
    "grossProfit" : -0.00,
    "operatingProfitMargin" : 0.00,
    "operatingProfit" : -0.00,
    "netProfitMargin" : 0.00,
    "netProfit" : -0.00
  }, {
    "date" : "2012-03-31",
    "sales" : 4.48,
    "salesGrowthYoY" : 111.32,
    "grossProfitMargin" : 100.00,
    "grossProfit" : 4.48,
    "operatingProfitMargin" : 94.87,
    "operatingProfit" : 4.25,
    "netProfitMargin" : 86.83,
    "netProfit" : 3.89
  }, {
    "date" : "2012-06-30",
    "sales" : 0.15,
    "salesGrowthYoY" : -97.30,
    "grossProfitMargin" : 100.00,
    "grossProfit" : 0.15,
    "operatingProfitMargin" : 33.33,
    "operatingProfit" : 0.05,
    "netProfitMargin" : 40.00,
    "netProfit" : 0.06
  }, {
    "date" : "2012-09-30",
    "sales" : 2.33,
    "salesGrowthYoY" : -306.19,
    "grossProfitMargin" : 100.00,
    "grossProfit" : 2.33,
    "operatingProfitMargin" : 93.13,
    "operatingProfit" : 2.17,
    "netProfitMargin" : 87.55,
    "netProfit" : 2.04
  }, {
    "date" : "2012-12-31",
    "sales" : 2.98,
    "salesGrowthYoY" : -204.20,
    "grossProfitMargin" : 100.00,
    "grossProfit" : 2.98,
    "operatingProfitMargin" : 94.97,
    "operatingProfit" : 2.83,
    "netProfitMargin" : 84.90,
    "netProfit" : 2.53
  }, {
    "date" : "2013-03-31",
    "sales" : -7.09,
    "salesGrowthYoY" : -258.26,
    "grossProfitMargin" : 0.00,
    "grossProfit" : -0.00,
    "operatingProfitMargin" : 0.00,
    "operatingProfit" : -0.00,
    "netProfitMargin" : 0.00,
    "netProfit" : -0.00
  }, {
    "date" : "2013-06-30",
    "sales" : 2.26,
    "salesGrowthYoY" : 1406.67,
    "grossProfitMargin" : 100.00,
    "grossProfit" : 2.26,
    "operatingProfitMargin" : 90.71,
    "operatingProfit" : 2.05,
    "netProfitMargin" : 53.54,
    "netProfit" : 1.21
  }, {
    "date" : "2013-09-30",
    "sales" : 2.36,
    "salesGrowthYoY" : 1.29,
    "grossProfitMargin" : 100.00,
    "grossProfit" : 2.36,
    "operatingProfitMargin" : 91.95,
    "operatingProfit" : 2.17,
    "netProfitMargin" : 59.75,
    "netProfit" : 1.41
  }, {
    "date" : "2013-12-31",
    "sales" : -0.01,
    "salesGrowthYoY" : -100.34,
    "grossProfitMargin" : 0.00,
    "grossProfit" : -0.00,
    "operatingProfitMargin" : 0.00,
    "operatingProfit" : -0.00,
    "netProfitMargin" : 0.00,
    "netProfit" : -0.00
  }, {
    "date" : "2014-03-31",
    "sales" : -1.37,
    "salesGrowthYoY" : -80.68,
    "grossProfitMargin" : 0.00,
    "grossProfit" : -0.00,
    "operatingProfitMargin" : 0.00,
    "operatingProfit" : -0.00,
    "netProfitMargin" : 0.00,
    "netProfit" : -0.00
  }, {
    "date" : "2014-06-30",
    "sales" : 0.83,
    "salesGrowthYoY" : -63.27,
    "grossProfitMargin" : 100.00,
    "grossProfit" : 0.83,
    "operatingProfitMargin" : 73.49,
    "operatingProfit" : 0.61,
    "netProfitMargin" : 57.83,
    "netProfit" : 0.48
  }, {
    "date" : "2014-09-30",
    "sales" : 0.74,
    "salesGrowthYoY" : -68.64,
    "grossProfitMargin" : 100.00,
    "grossProfit" : 0.74,
    "operatingProfitMargin" : 78.38,
    "operatingProfit" : 0.58,
    "netProfitMargin" : 78.38,
    "netProfit" : 0.58
  }, {
    "date" : "2014-12-31",
    "sales" : 0.75,
    "salesGrowthYoY" : -7600.00,
    "grossProfitMargin" : 100.00,
    "grossProfit" : 0.75,
    "operatingProfitMargin" : 69.33,
    "operatingProfit" : 0.52,
    "netProfitMargin" : 69.33,
    "netProfit" : 0.52
  }, {
    "date" : "2015-03-31",
    "sales" : -0.29,
    "salesGrowthYoY" : -78.83,
    "grossProfitMargin" : 0.00,
    "grossProfit" : -0.00,
    "operatingProfitMargin" : 0.00,
    "operatingProfit" : -0.00,
    "netProfitMargin" : 0.00,
    "netProfit" : -0.00
  }, {
    "date" : "2015-06-30",
    "sales" : 0.39,
    "salesGrowthYoY" : -53.01,
    "grossProfitMargin" : 100.00,
    "grossProfit" : 0.39,
    "operatingProfitMargin" : 15.38,
    "operatingProfit" : 0.06,
    "netProfitMargin" : 15.38,
    "netProfit" : 0.06
  }, {
    "date" : "2015-09-30",
    "sales" : 0.47,
    "salesGrowthYoY" : -36.49,
    "grossProfitMargin" : 100.00,
    "grossProfit" : 0.47,
    "operatingProfitMargin" : -1253.19,
    "operatingProfit" : -5.89,
    "netProfitMargin" : -1255.32,
    "netProfit" : -5.90
  }, {
    "date" : "2015-12-31",
    "sales" : 1.12,
    "salesGrowthYoY" : 49.33,
    "grossProfitMargin" : 100.00,
    "grossProfit" : 1.12,
    "operatingProfitMargin" : 72.32,
    "operatingProfit" : 0.81,
    "netProfitMargin" : 72.32,
    "netProfit" : 0.81
  }, {
    "date" : "2016-03-31",
    "sales" : 0.11,
    "salesGrowthYoY" : -137.93,
    "grossProfitMargin" : 100.00,
    "grossProfit" : 0.11,
    "operatingProfitMargin" : -2818.18,
    "operatingProfit" : -3.10,
    "netProfitMargin" : -872.73,
    "netProfit" : -0.96
  }, {
    "date" : "2016-06-30",
    "sales" : 0.81,
    "salesGrowthYoY" : 107.69,
    "grossProfitMargin" : 100.00,
    "grossProfit" : 0.81,
    "operatingProfitMargin" : 345.68,
    "operatingProfit" : 2.80,
    "netProfitMargin" : 345.68,
    "netProfit" : 2.80
  }, {
    "date" : "2016-09-30",
    "sales" : 0.25,
    "salesGrowthYoY" : -46.81,
    "grossProfitMargin" : 100.00,
    "grossProfit" : 0.25,
    "operatingProfitMargin" : 28.00,
    "operatingProfit" : 0.07,
    "netProfitMargin" : 604.00,
    "netProfit" : 1.51
  }, {
    "date" : "2016-12-31",
    "sales" : -0.48,
    "salesGrowthYoY" : -142.86,
    "grossProfitMargin" : 0.00,
    "grossProfit" : -0.00,
    "operatingProfitMargin" : 0.00,
    "operatingProfit" : -0.00,
    "netProfitMargin" : 0.00,
    "netProfit" : -0.00
  }, {
    "date" : "2017-03-31",
    "sales" : -0.18,
    "salesGrowthYoY" : -263.64,
    "grossProfitMargin" : 0.00,
    "grossProfit" : -0.00,
    "operatingProfitMargin" : 0.00,
    "operatingProfit" : -0.00,
    "netProfitMargin" : 0.00,
    "netProfit" : -0.00
  }, {
    "date" : "2017-06-30",
    "sales" : 1.15,
    "salesGrowthYoY" : 41.98,
    "grossProfitMargin" : 100.00,
    "grossProfit" : 1.15,
    "operatingProfitMargin" : 53.91,
    "operatingProfit" : 0.62,
    "netProfitMargin" : 24.35,
    "netProfit" : 0.28
  }, {
    "date" : "2017-09-30",
    "sales" : 2.36,
    "salesGrowthYoY" : 844.00,
    "grossProfitMargin" : 100.00,
    "grossProfit" : 2.36,
    "operatingProfitMargin" : 57.63,
    "operatingProfit" : 1.36,
    "netProfitMargin" : 16.10,
    "netProfit" : 0.38
  }, {
    "date" : "2017-12-31",
    "sales" : 3.84,
    "salesGrowthYoY" : -900.00,
    "grossProfitMargin" : 100.00,
    "grossProfit" : 3.84,
    "operatingProfitMargin" : 92.71,
    "operatingProfit" : 3.56,
    "netProfitMargin" : 35.94,
    "netProfit" : 1.38
  }, {
    "date" : "2018-03-31",
    "sales" : 3.55,
    "salesGrowthYoY" : -2072.22,
    "grossProfitMargin" : 100.00,
    "grossProfit" : 3.55,
    "operatingProfitMargin" : 76.62,
    "operatingProfit" : 2.72,
    "netProfitMargin" : 20.85,
    "netProfit" : 0.74
  }, {
    "date" : "2018-06-30",
    "sales" : 5.14,
    "salesGrowthYoY" : 346.96,
    "grossProfitMargin" : 100.00,
    "grossProfit" : 5.14,
    "operatingProfitMargin" : 93.97,
    "operatingProfit" : 4.83,
    "netProfitMargin" : 34.44,
    "netProfit" : 1.77
  }, {
    "date" : "2018-09-30",
    "sales" : 6.07,
    "salesGrowthYoY" : 157.20,
    "grossProfitMargin" : 100.00,
    "grossProfit" : 6.07,
    "operatingProfitMargin" : 130.15,
    "operatingProfit" : 7.90,
    "netProfitMargin" : 59.80,
    "netProfit" : 3.63
  }, {
    "date" : "2018-12-31",
    "sales" : 3.63,
    "salesGrowthYoY" : -5.47,
    "grossProfitMargin" : 100.00,
    "grossProfit" : 3.63,
    "operatingProfitMargin" : -6.34,
    "operatingProfit" : -0.23,
    "netProfitMargin" : -39.39,
    "netProfit" : -1.43
  }, {
    "date" : "2019-03-31",
    "sales" : 3.24,
    "salesGrowthYoY" : -8.73,
    "grossProfitMargin" : 100.00,
    "grossProfit" : 3.24,
    "operatingProfitMargin" : 200.62,
    "operatingProfit" : 6.50,
    "netProfitMargin" : 137.96,
    "netProfit" : 4.47
  }, {
    "date" : "2019-06-30",
    "sales" : 2.40,
    "salesGrowthYoY" : -53.31,
    "grossProfitMargin" : 100.00,
    "grossProfit" : 2.40,
    "operatingProfitMargin" : 62.08,
    "operatingProfit" : 1.49,
    "netProfitMargin" : 34.17,
    "netProfit" : 0.82
  }, {
    "date" : "2019-09-30",
    "sales" : 1.42,
    "salesGrowthYoY" : -76.61,
    "grossProfitMargin" : 100.00,
    "grossProfit" : 1.42,
    "operatingProfitMargin" : -97.18,
    "operatingProfit" : -1.38,
    "netProfitMargin" : -73.24,
    "netProfit" : -1.04
  }, {
    "date" : "2019-12-31",
    "sales" : 1.90,
    "salesGrowthYoY" : -47.66,
    "grossProfitMargin" : 100.00,
    "grossProfit" : 1.90,
    "operatingProfitMargin" : 58.95,
    "operatingProfit" : 1.12,
    "netProfitMargin" : 45.26,
    "netProfit" : 0.86
  }, {
    "date" : "2020-03-31",
    "sales" : 1.39,
    "salesGrowthYoY" : -57.10,
    "grossProfitMargin" : 100.00,
    "grossProfit" : 1.39,
    "operatingProfitMargin" : -317.27,
    "operatingProfit" : -4.41,
    "netProfitMargin" : -229.50,
    "netProfit" : -3.19
  }, {
    "date" : "2020-06-30",
    "sales" : 1.57,
    "salesGrowthYoY" : -34.58,
    "grossProfitMargin" : 100.00,
    "grossProfit" : 1.57,
    "operatingProfitMargin" : 133.12,
    "operatingProfit" : 2.09,
    "netProfitMargin" : 87.90,
    "netProfit" : 1.38
  }, {
    "date" : "2020-09-30",
    "sales" : 1.71,
    "salesGrowthYoY" : 20.42,
    "grossProfitMargin" : 100.00,
    "grossProfit" : 1.71,
    "operatingProfitMargin" : 76.61,
    "operatingProfit" : 1.31,
    "netProfitMargin" : 60.82,
    "netProfit" : 1.04
  }, {
    "date" : "2020-12-31",
    "sales" : 1.60,
    "salesGrowthYoY" : -15.79,
    "grossProfitMargin" : 100.00,
    "grossProfit" : 1.60,
    "operatingProfitMargin" : 26.88,
    "operatingProfit" : 0.43,
    "netProfitMargin" : 24.38,
    "netProfit" : 0.39
  }, {
    "date" : "2021-03-31",
    "sales" : 1.65,
    "salesGrowthYoY" : 18.71,
    "grossProfitMargin" : 100.00,
    "grossProfit" : 1.65,
    "operatingProfitMargin" : -100.61,
    "operatingProfit" : -1.66,
    "netProfitMargin" : -70.91,
    "netProfit" : -1.17
  }, {
    "date" : "2021-06-30",
    "sales" : 1.82,
    "salesGrowthYoY" : 15.92,
    "grossProfitMargin" : 100.00,
    "grossProfit" : 1.82,
    "operatingProfitMargin" : -20.33,
    "operatingProfit" : -0.37,
    "netProfitMargin" : -8.24,
    "netProfit" : -0.15
  }, {
    "date" : "2021-09-30",
    "sales" : 1.70,
    "salesGrowthYoY" : -0.58,
    "grossProfitMargin" : 100.00,
    "grossProfit" : 1.70,
    "operatingProfitMargin" : 170.00,
    "operatingProfit" : 2.89,
    "netProfitMargin" : 135.29,
    "netProfit" : 2.30
  }, {
    "date" : "2021-12-31",
    "sales" : 1.94,
    "salesGrowthYoY" : 21.25,
    "grossProfitMargin" : 100.00,
    "grossProfit" : 1.94,
    "operatingProfitMargin" : 177.84,
    "operatingProfit" : 3.45,
    "netProfitMargin" : 122.68,
    "netProfit" : 2.38
  }, {
    "date" : "2022-03-31",
    "sales" : 1.31,
    "salesGrowthYoY" : -20.61,
    "grossProfitMargin" : 100.00,
    "grossProfit" : 1.31,
    "operatingProfitMargin" : -68.70,
    "operatingProfit" : -0.90,
    "netProfitMargin" : -77.86,
    "netProfit" : -1.02
  }, {
    "date" : "2022-06-30",
    "sales" : 6.74,
    "salesGrowthYoY" : 270.33,
    "grossProfitMargin" : 100.00,
    "grossProfit" : 6.74,
    "operatingProfitMargin" : 74.63,
    "operatingProfit" : 5.03,
    "netProfitMargin" : 63.35,
    "netProfit" : 4.27
  }, {
    "date" : "2022-09-30",
    "sales" : 6.47,
    "salesGrowthYoY" : 280.59,
    "grossProfitMargin" : 100.00,
    "grossProfit" : 6.47,
    "operatingProfitMargin" : 95.36,
    "operatingProfit" : 6.17,
    "netProfitMargin" : 70.63,
    "netProfit" : 4.57
  }, {
    "date" : "2022-12-31",
    "sales" : -2.53,
    "salesGrowthYoY" : -230.41,
    "grossProfitMargin" : 0.00,
    "grossProfit" : -0.00,
    "operatingProfitMargin" : 0.00,
    "operatingProfit" : -0.00,
    "netProfitMargin" : 0.00,
    "netProfit" : -0.00
  }, {
    "date" : "2023-03-31",
    "sales" : -0.08,
    "salesGrowthYoY" : -106.11,
    "grossProfitMargin" : 0.00,
    "grossProfit" : -0.00,
    "operatingProfitMargin" : 0.00,
    "operatingProfit" : -0.00,
    "netProfitMargin" : 0.00,
    "netProfit" : -0.00
  }, {
    "date" : "2023-06-30",
    "sales" : 4.88,
    "salesGrowthYoY" : -27.60,
    "grossProfitMargin" : 100.00,
    "grossProfit" : 4.88,
    "operatingProfitMargin" : 82.17,
    "operatingProfit" : 4.01,
    "netProfitMargin" : 66.60,
    "netProfit" : 3.25
  }, {
    "date" : "2023-09-30",
    "sales" : 6.36,
    "salesGrowthYoY" : -1.70,
    "grossProfitMargin" : 100.00,
    "grossProfit" : 6.36,
    "operatingProfitMargin" : 79.40,
    "operatingProfit" : 5.05,
    "netProfitMargin" : 64.78,
    "netProfit" : 4.12
  }, {
    "date" : "2023-12-31",
    "sales" : 13.68,
    "salesGrowthYoY" : -640.71,
    "grossProfitMargin" : 100.00,
    "grossProfit" : 13.68,
    "operatingProfitMargin" : 92.47,
    "operatingProfit" : 12.65,
    "netProfitMargin" : 71.20,
    "netProfit" : 9.74
  }, {
    "date" : "2024-03-31",
    "sales" : 3.20,
    "salesGrowthYoY" : -4100.00,
    "grossProfitMargin" : 100.00,
    "grossProfit" : 3.20,
    "operatingProfitMargin" : -260.62,
    "operatingProfit" : -8.34,
    "netProfitMargin" : -200.31,
    "netProfit" : -6.41
  }, {
    "date" : "2024-06-30",
    "sales" : 18.51,
    "salesGrowthYoY" : 279.30,
    "grossProfitMargin" : 100.00,
    "grossProfit" : 18.51,
    "operatingProfitMargin" : 91.73,
    "operatingProfit" : 16.98,
    "netProfitMargin" : 72.77,
    "netProfit" : 13.47
  }, {
    "date" : "2024-09-30",
    "sales" : 17.07,
    "salesGrowthYoY" : 168.40,
    "grossProfitMargin" : 100.00,
    "grossProfit" : 17.07,
    "operatingProfitMargin" : 84.42,
    "operatingProfit" : 14.41,
    "netProfitMargin" : 54.31,
    "netProfit" : 9.27
  }, {
    "date" : "2024-12-31",
    "sales" : 1.31,
    "salesGrowthYoY" : -90.42,
    "grossProfitMargin" : 100.00,
    "grossProfit" : 1.31,
    "operatingProfitMargin" : -1741.22,
    "operatingProfit" : -22.81,
    "netProfitMargin" : -1548.85,
    "netProfit" : -20.29
  }, {
    "date" : "2025-03-31",
    "sales" : 2.33,
    "salesGrowthYoY" : -27.19,
    "grossProfitMargin" : 100.00,
    "grossProfit" : 2.33,
    "operatingProfitMargin" : -2903.86,
    "operatingProfit" : -67.66,
    "netProfitMargin" : -2312.02,
    "netProfit" : -53.87
  }, {
    "date" : "2025-06-30",
    "sales" : 69.90,
    "salesGrowthYoY" : 277.63,
    "grossProfitMargin" : 100.00,
    "grossProfit" : 69.90,
    "operatingProfitMargin" : 95.21,
    "operatingProfit" : 66.55,
    "netProfitMargin" : 72.40,
    "netProfit" : 50.61
  }, {
    "date" : "2025-09-30",
    "sales" : 18.11,
    "salesGrowthYoY" : 6.09,
    "grossProfitMargin" : 100.00,
    "grossProfit" : 18.11,
    "operatingProfitMargin" : 83.60,
    "operatingProfit" : 15.14,
    "netProfitMargin" : 62.56,
    "netProfit" : 11.33
  } ],
  "latestQuarterlyResult" : {
    "date" : "2025-09-30",
    "sales" : 18.11,
    "salesGrowthYoY" : 6.09,
    "grossProfitMargin" : 100.00,
    "grossProfit" : 18.11,
    "operatingProfitMargin" : 83.60,
    "operatingProfit" : 15.14,
    "netProfitMargin" : 62.56,
    "netProfit" : 11.33
  },
  "companyScore" : {
    "priceHigherThanDma50" : 0.00,
    "priceHigherThanDma100" : 0.00,
    "priceHigherThanDma200" : 0.00,
    "dma50HigherThanDma100" : 0.00,
    "dma50HigherThanDma200" : 0.00,
    "dma100HigherThanDma200" : 0.00,
    "pricePercentageAboveDma50" : 5.09,
    "pricePercentageAboveDma100" : 5.34,
    "pricePercentageAboveDma200" : 5.73,
    "weeklyVolumeHigherThanYearlyVolume" : 5.00,
    "salesGrowthPercentile" : 12.31,
    "operatingProfitMarginPercentile" : 18.39,
    "netProfitMarginPercentile" : 8.14,
    "totalTechnicalScore" : 21.16,
    "totalFundamentalScore" : 38.84,
    "totalScore" : 60.00
  }
}