{
  "metadata" : {
    "screenerCompanyId" : "1018",
    "companyCode" : "63MOONS",
    "companyName" : "63 Moons Tech.",
    "screenerCompanyLink" : "https://www.screener.in/company/63MOONS",
    "screenerTechnicalHistoryLink" : "https://www.screener.in/api/company/1018/chart/?q=Price-DMA50-DMA200-Volume&days=365",
    "screenerQuarterlyResultsLink" : "https://www.screener.in/api/company/1018/chart/?q=GPM-OPM-NPM-Quarter+Sales&days=10000",
    "attributes" : {
      "companyCode" : "63MOONS",
      "companyName" : "63 Moons Tech.",
      "marketCap" : 3885.00,
      "peRatio" : 102.00,
      "description" : "63 Moons Techs is engaged in Computer Programming, Consultancy and related services."
    },
    "companyScore" : {
      "priceHigherThanDma50" : 5.00,
      "priceHigherThanDma100" : 0.00,
      "priceHigherThanDma200" : 5.00,
      "dma50HigherThanDma100" : 0.00,
      "dma50HigherThanDma200" : 0.00,
      "dma100HigherThanDma200" : 5.00,
      "pricePercentageAboveDma50" : 4.82,
      "pricePercentageAboveDma100" : 5.28,
      "pricePercentageAboveDma200" : 4.84,
      "weeklyVolumeHigherThanYearlyVolume" : 5.00,
      "salesGrowthPercentile" : 18.23,
      "operatingProfitMarginPercentile" : 13.86,
      "netProfitMarginPercentile" : 4.82,
      "totalTechnicalScore" : 34.94,
      "totalFundamentalScore" : 36.91,
      "totalScore" : 71.85
    }
  },
  "attributes" : {
    "companyCode" : "63MOONS",
    "companyName" : "63 Moons Tech.",
    "marketCap" : 3885.00,
    "peRatio" : 102.00,
    "description" : "63 Moons Techs is engaged in Computer Programming, Consultancy and related services."
  },
  "technicalHistory" : [ {
    "date" : "2024-12-04",
    "price" : 730.10,
    "dma50" : 539.70,
    "dma100" : null,
    "dma200" : 434.15,
    "volume" : 735934.00
  }, {
    "date" : "2024-12-05",
    "price" : 766.60,
    "dma50" : 548.60,
    "dma100" : null,
    "dma200" : 437.45,
    "volume" : 524997.00
  }, {
    "date" : "2024-12-06",
    "price" : 792.75,
    "dma50" : 558.18,
    "dma100" : null,
    "dma200" : 440.99,
    "volume" : 1705949.00
  }, {
    "date" : "2024-12-09",
    "price" : 832.35,
    "dma50" : 568.93,
    "dma100" : null,
    "dma200" : 444.88,
    "volume" : 727223.00
  }, {
    "date" : "2024-12-10",
    "price" : 873.95,
    "dma50" : 580.89,
    "dma100" : null,
    "dma200" : 449.15,
    "volume" : 1500790.00
  }, {
    "date" : "2024-12-11",
    "price" : 917.60,
    "dma50" : 594.09,
    "dma100" : null,
    "dma200" : 453.81,
    "volume" : 1437727.00
  }, {
    "date" : "2024-12-12",
    "price" : 871.75,
    "dma50" : 604.98,
    "dma100" : null,
    "dma200" : 457.97,
    "volume" : 1107876.00
  }, {
    "date" : "2024-12-13",
    "price" : 852.90,
    "dma50" : 614.70,
    "dma100" : null,
    "dma200" : 461.90,
    "volume" : 1093239.00
  }, {
    "date" : "2024-12-16",
    "price" : 895.50,
    "dma50" : 625.72,
    "dma100" : null,
    "dma200" : 466.22,
    "volume" : 139182.00
  }, {
    "date" : "2024-12-17",
    "price" : 940.25,
    "dma50" : 638.05,
    "dma100" : null,
    "dma200" : 470.93,
    "volume" : 155314.00
  }, {
    "date" : "2024-12-18",
    "price" : 982.55,
    "dma50" : 651.56,
    "dma100" : null,
    "dma200" : 476.02,
    "volume" : 2448610.00
  }, {
    "date" : "2024-12-19",
    "price" : 1031.65,
    "dma50" : 666.47,
    "dma100" : null,
    "dma200" : 481.55,
    "volume" : 874366.00
  }, {
    "date" : "2024-12-20",
    "price" : 980.10,
    "dma50" : 678.77,
    "dma100" : null,
    "dma200" : 486.51,
    "volume" : 973118.00
  }, {
    "date" : "2024-12-23",
    "price" : 954.85,
    "dma50" : 689.59,
    "dma100" : null,
    "dma200" : 491.17,
    "volume" : 1165860.00
  }, {
    "date" : "2024-12-24",
    "price" : 950.90,
    "dma50" : 699.84,
    "dma100" : null,
    "dma200" : 495.75,
    "volume" : 395448.00
  }, {
    "date" : "2024-12-26",
    "price" : 945.70,
    "dma50" : 709.48,
    "dma100" : null,
    "dma200" : 500.22,
    "volume" : 266950.00
  }, {
    "date" : "2024-12-27",
    "price" : 906.65,
    "dma50" : 717.21,
    "dma100" : null,
    "dma200" : 504.27,
    "volume" : 340499.00
  }, {
    "date" : "2024-12-30",
    "price" : 861.35,
    "dma50" : 722.87,
    "dma100" : null,
    "dma200" : 507.82,
    "volume" : 383407.00
  }, {
    "date" : "2024-12-31",
    "price" : 904.40,
    "dma50" : 729.98,
    "dma100" : null,
    "dma200" : 511.77,
    "volume" : 626931.00
  }, {
    "date" : "2025-01-01",
    "price" : 949.60,
    "dma50" : 738.60,
    "dma100" : null,
    "dma200" : 516.12,
    "volume" : 344153.00
  }, {
    "date" : "2025-01-02",
    "price" : 902.15,
    "dma50" : 745.01,
    "dma100" : null,
    "dma200" : 519.97,
    "volume" : 782715.00
  }, {
    "date" : "2025-01-03",
    "price" : 906.95,
    "dma50" : 751.36,
    "dma100" : null,
    "dma200" : 523.82,
    "volume" : 542250.00
  }, {
    "date" : "2025-01-06",
    "price" : 861.60,
    "dma50" : 755.68,
    "dma100" : null,
    "dma200" : 527.18,
    "volume" : 412676.00
  }, {
    "date" : "2025-01-07",
    "price" : 904.65,
    "dma50" : 761.53,
    "dma100" : null,
    "dma200" : 530.93,
    "volume" : 546940.00
  }, {
    "date" : "2025-01-08",
    "price" : 904.55,
    "dma50" : 767.14,
    "dma100" : null,
    "dma200" : 534.65,
    "volume" : 381820.00
  }, {
    "date" : "2025-01-09",
    "price" : 896.30,
    "dma50" : 772.20,
    "dma100" : null,
    "dma200" : 538.25,
    "volume" : 214421.00
  }, {
    "date" : "2025-01-10",
    "price" : 857.75,
    "dma50" : 775.56,
    "dma100" : null,
    "dma200" : 541.43,
    "volume" : 292780.00
  }, {
    "date" : "2025-01-13",
    "price" : 838.75,
    "dma50" : 778.03,
    "dma100" : null,
    "dma200" : 544.39,
    "volume" : 413987.00
  }, {
    "date" : "2025-01-14",
    "price" : 831.10,
    "dma50" : 780.11,
    "dma100" : null,
    "dma200" : 547.24,
    "volume" : 298767.00
  }, {
    "date" : "2025-01-15",
    "price" : 817.05,
    "dma50" : 781.56,
    "dma100" : null,
    "dma200" : 549.92,
    "volume" : 231277.00
  }, {
    "date" : "2025-01-16",
    "price" : 820.35,
    "dma50" : 783.08,
    "dma100" : null,
    "dma200" : 552.62,
    "volume" : 265960.00
  }, {
    "date" : "2025-01-17",
    "price" : 819.75,
    "dma50" : 784.52,
    "dma100" : null,
    "dma200" : 555.27,
    "volume" : 119061.00
  }, {
    "date" : "2025-01-20",
    "price" : 857.95,
    "dma50" : 787.40,
    "dma100" : null,
    "dma200" : 558.28,
    "volume" : 243890.00
  }, {
    "date" : "2025-01-21",
    "price" : 816.35,
    "dma50" : 788.54,
    "dma100" : null,
    "dma200" : 560.85,
    "volume" : 308272.00
  }, {
    "date" : "2025-01-22",
    "price" : 780.50,
    "dma50" : 788.22,
    "dma100" : null,
    "dma200" : 563.04,
    "volume" : 331729.00
  }, {
    "date" : "2025-01-23",
    "price" : 795.45,
    "dma50" : 788.51,
    "dma100" : null,
    "dma200" : 565.35,
    "volume" : 245500.00
  }, {
    "date" : "2025-01-24",
    "price" : 762.30,
    "dma50" : 787.48,
    "dma100" : null,
    "dma200" : 567.31,
    "volume" : 163352.00
  }, {
    "date" : "2025-01-27",
    "price" : 724.20,
    "dma50" : 785.00,
    "dma100" : null,
    "dma200" : 568.87,
    "volume" : 139241.00
  }, {
    "date" : "2025-01-28",
    "price" : 708.40,
    "dma50" : 781.99,
    "dma100" : null,
    "dma200" : 570.26,
    "volume" : 310254.00
  }, {
    "date" : "2025-01-29",
    "price" : 743.80,
    "dma50" : 780.49,
    "dma100" : null,
    "dma200" : 571.99,
    "volume" : 171949.00
  }, {
    "date" : "2025-01-30",
    "price" : 740.20,
    "dma50" : 778.91,
    "dma100" : null,
    "dma200" : 573.66,
    "volume" : 183053.00
  }, {
    "date" : "2025-01-31",
    "price" : 752.75,
    "dma50" : 777.89,
    "dma100" : null,
    "dma200" : 575.44,
    "volume" : 128449.00
  }, {
    "date" : "2025-02-01",
    "price" : 734.95,
    "dma50" : 776.20,
    "dma100" : null,
    "dma200" : 577.03,
    "volume" : 112262.00
  }, {
    "date" : "2025-02-03",
    "price" : 711.30,
    "dma50" : 773.66,
    "dma100" : null,
    "dma200" : 578.37,
    "volume" : 136041.00
  }, {
    "date" : "2025-02-04",
    "price" : 746.85,
    "dma50" : 772.61,
    "dma100" : null,
    "dma200" : 580.04,
    "volume" : 71067.00
  }, {
    "date" : "2025-02-05",
    "price" : 769.80,
    "dma50" : 772.50,
    "dma100" : null,
    "dma200" : 581.93,
    "volume" : 342319.00
  }, {
    "date" : "2025-02-06",
    "price" : 758.00,
    "dma50" : 771.93,
    "dma100" : null,
    "dma200" : 583.68,
    "volume" : 108925.00
  }, {
    "date" : "2025-02-07",
    "price" : 774.40,
    "dma50" : 772.03,
    "dma100" : null,
    "dma200" : 585.58,
    "volume" : 126225.00
  }, {
    "date" : "2025-02-10",
    "price" : 763.05,
    "dma50" : 771.67,
    "dma100" : null,
    "dma200" : 587.35,
    "volume" : 160330.00
  }, {
    "date" : "2025-02-11",
    "price" : 724.90,
    "dma50" : 769.84,
    "dma100" : null,
    "dma200" : 588.71,
    "volume" : 127572.00
  }, {
    "date" : "2025-02-12",
    "price" : 711.10,
    "dma50" : 767.54,
    "dma100" : null,
    "dma200" : 589.93,
    "volume" : 184386.00
  }, {
    "date" : "2025-02-13",
    "price" : 677.55,
    "dma50" : 764.01,
    "dma100" : null,
    "dma200" : 590.80,
    "volume" : 184604.00
  }, {
    "date" : "2025-02-14",
    "price" : 643.70,
    "dma50" : 759.29,
    "dma100" : null,
    "dma200" : 591.33,
    "volume" : 181761.00
  }, {
    "date" : "2025-02-17",
    "price" : 613.95,
    "dma50" : 753.59,
    "dma100" : null,
    "dma200" : 591.56,
    "volume" : 330623.00
  }, {
    "date" : "2025-02-18",
    "price" : 615.80,
    "dma50" : 748.19,
    "dma100" : null,
    "dma200" : 591.80,
    "volume" : 153837.00
  }, {
    "date" : "2025-02-19",
    "price" : 646.55,
    "dma50" : 744.20,
    "dma100" : null,
    "dma200" : 592.34,
    "volume" : 143253.00
  }, {
    "date" : "2025-02-20",
    "price" : 678.85,
    "dma50" : 741.64,
    "dma100" : null,
    "dma200" : 593.20,
    "volume" : 15575.00
  }, {
    "date" : "2025-02-21",
    "price" : 683.70,
    "dma50" : 739.37,
    "dma100" : null,
    "dma200" : 594.10,
    "volume" : 732065.00
  }, {
    "date" : "2025-02-24",
    "price" : 717.85,
    "dma50" : 738.52,
    "dma100" : null,
    "dma200" : 595.33,
    "volume" : 168424.00
  }, {
    "date" : "2025-02-25",
    "price" : 753.70,
    "dma50" : 739.12,
    "dma100" : null,
    "dma200" : 596.91,
    "volume" : 42023.00
  }, {
    "date" : "2025-02-27",
    "price" : 727.55,
    "dma50" : 738.66,
    "dma100" : null,
    "dma200" : 598.21,
    "volume" : 392373.00
  }, {
    "date" : "2025-02-28",
    "price" : 691.20,
    "dma50" : 736.80,
    "dma100" : null,
    "dma200" : 599.13,
    "volume" : 116479.00
  }, {
    "date" : "2025-03-03",
    "price" : 662.05,
    "dma50" : 733.87,
    "dma100" : null,
    "dma200" : 599.76,
    "volume" : 169137.00
  }, {
    "date" : "2025-03-04",
    "price" : 695.15,
    "dma50" : 732.35,
    "dma100" : null,
    "dma200" : 600.71,
    "volume" : 98702.00
  }, {
    "date" : "2025-03-05",
    "price" : 729.90,
    "dma50" : 732.26,
    "dma100" : null,
    "dma200" : 602.00,
    "volume" : 72312.00
  }, {
    "date" : "2025-03-06",
    "price" : 724.60,
    "dma50" : 731.96,
    "dma100" : null,
    "dma200" : 603.22,
    "volume" : 709037.00
  }, {
    "date" : "2025-03-07",
    "price" : 756.10,
    "dma50" : 732.90,
    "dma100" : null,
    "dma200" : 604.74,
    "volume" : 456712.00
  }, {
    "date" : "2025-03-10",
    "price" : 718.30,
    "dma50" : 732.33,
    "dma100" : null,
    "dma200" : 605.87,
    "volume" : 463476.00
  }, {
    "date" : "2025-03-11",
    "price" : 714.00,
    "dma50" : 731.61,
    "dma100" : null,
    "dma200" : 606.94,
    "volume" : 218386.00
  }, {
    "date" : "2025-03-12",
    "price" : 687.00,
    "dma50" : 729.86,
    "dma100" : null,
    "dma200" : 607.74,
    "volume" : 152214.00
  }, {
    "date" : "2025-03-13",
    "price" : 679.00,
    "dma50" : 727.87,
    "dma100" : null,
    "dma200" : 608.45,
    "volume" : 145032.00
  }, {
    "date" : "2025-03-17",
    "price" : 699.60,
    "dma50" : 726.76,
    "dma100" : null,
    "dma200" : 609.36,
    "volume" : 315707.00
  }, {
    "date" : "2025-03-18",
    "price" : 723.65,
    "dma50" : 726.64,
    "dma100" : null,
    "dma200" : 610.49,
    "volume" : 158602.00
  }, {
    "date" : "2025-03-19",
    "price" : 759.80,
    "dma50" : 727.94,
    "dma100" : null,
    "dma200" : 611.98,
    "volume" : 215387.00
  }, {
    "date" : "2025-03-20",
    "price" : 749.25,
    "dma50" : 728.77,
    "dma100" : null,
    "dma200" : 613.34,
    "volume" : 334943.00
  }, {
    "date" : "2025-03-21",
    "price" : 786.70,
    "dma50" : 731.04,
    "dma100" : null,
    "dma200" : 615.07,
    "volume" : 143070.00
  }, {
    "date" : "2025-03-24",
    "price" : 826.00,
    "dma50" : 734.77,
    "dma100" : null,
    "dma200" : 617.17,
    "volume" : 195264.00
  }, {
    "date" : "2025-03-25",
    "price" : 828.95,
    "dma50" : 738.46,
    "dma100" : null,
    "dma200" : 619.28,
    "volume" : 549260.00
  }, {
    "date" : "2025-03-26",
    "price" : 820.60,
    "dma50" : 741.68,
    "dma100" : null,
    "dma200" : 621.28,
    "volume" : 180892.00
  }, {
    "date" : "2025-03-27",
    "price" : 830.70,
    "dma50" : 745.17,
    "dma100" : null,
    "dma200" : 623.36,
    "volume" : 193536.00
  }, {
    "date" : "2025-03-28",
    "price" : 814.10,
    "dma50" : 747.88,
    "dma100" : null,
    "dma200" : 625.26,
    "volume" : 101766.00
  }, {
    "date" : "2025-04-01",
    "price" : 812.65,
    "dma50" : 750.42,
    "dma100" : null,
    "dma200" : 627.12,
    "volume" : 106315.00
  }, {
    "date" : "2025-04-02",
    "price" : 812.15,
    "dma50" : 752.84,
    "dma100" : null,
    "dma200" : 628.97,
    "volume" : 221563.00
  }, {
    "date" : "2025-04-03",
    "price" : 810.35,
    "dma50" : 755.09,
    "dma100" : null,
    "dma200" : 630.77,
    "volume" : 129798.00
  }, {
    "date" : "2025-04-04",
    "price" : 769.85,
    "dma50" : 755.67,
    "dma100" : null,
    "dma200" : 632.15,
    "volume" : 269609.00
  }, {
    "date" : "2025-04-07",
    "price" : 731.35,
    "dma50" : 754.72,
    "dma100" : null,
    "dma200" : 633.14,
    "volume" : 92689.00
  }, {
    "date" : "2025-04-08",
    "price" : 728.40,
    "dma50" : 753.69,
    "dma100" : null,
    "dma200" : 634.09,
    "volume" : 189181.00
  }, {
    "date" : "2025-04-09",
    "price" : 692.00,
    "dma50" : 751.27,
    "dma100" : null,
    "dma200" : 634.67,
    "volume" : 187500.00
  }, {
    "date" : "2025-04-11",
    "price" : 709.95,
    "dma50" : 749.65,
    "dma100" : null,
    "dma200" : 635.41,
    "volume" : 203381.00
  }, {
    "date" : "2025-04-15",
    "price" : 745.40,
    "dma50" : 749.48,
    "dma100" : null,
    "dma200" : 636.51,
    "volume" : 247338.00
  }, {
    "date" : "2025-04-16",
    "price" : 741.10,
    "dma50" : 749.15,
    "dma100" : null,
    "dma200" : 637.55,
    "volume" : 236729.00
  }, {
    "date" : "2025-04-17",
    "price" : 717.20,
    "dma50" : 747.90,
    "dma100" : null,
    "dma200" : 638.34,
    "volume" : 136215.00
  }, {
    "date" : "2025-04-21",
    "price" : 735.10,
    "dma50" : 747.40,
    "dma100" : null,
    "dma200" : 639.31,
    "volume" : 251618.00
  }, {
    "date" : "2025-04-22",
    "price" : 730.90,
    "dma50" : 746.75,
    "dma100" : null,
    "dma200" : 640.22,
    "volume" : 85677.00
  }, {
    "date" : "2025-04-23",
    "price" : 716.70,
    "dma50" : 745.57,
    "dma100" : null,
    "dma200" : 640.98,
    "volume" : 112388.00
  }, {
    "date" : "2025-04-24",
    "price" : 702.85,
    "dma50" : 743.90,
    "dma100" : null,
    "dma200" : 641.59,
    "volume" : 106760.00
  }, {
    "date" : "2025-04-25",
    "price" : 669.80,
    "dma50" : 740.99,
    "dma100" : null,
    "dma200" : 641.87,
    "volume" : 182958.00
  }, {
    "date" : "2025-04-28",
    "price" : 679.25,
    "dma50" : 738.57,
    "dma100" : null,
    "dma200" : 642.25,
    "volume" : 145999.00
  }, {
    "date" : "2025-04-29",
    "price" : 662.55,
    "dma50" : 735.59,
    "dma100" : null,
    "dma200" : 642.45,
    "volume" : 78215.00
  }, {
    "date" : "2025-04-30",
    "price" : 644.90,
    "dma50" : 732.03,
    "dma100" : null,
    "dma200" : 642.47,
    "volume" : 120466.00
  }, {
    "date" : "2025-05-02",
    "price" : 649.75,
    "dma50" : 728.80,
    "dma100" : 780.67,
    "dma200" : 642.54,
    "volume" : 175941.00
  }, {
    "date" : "2025-05-05",
    "price" : 678.30,
    "dma50" : 726.82,
    "dma100" : 779.78,
    "dma200" : 642.90,
    "volume" : 131092.00
  }, {
    "date" : "2025-05-06",
    "price" : 646.20,
    "dma50" : 723.66,
    "dma100" : 778.32,
    "dma200" : 642.93,
    "volume" : 124843.00
  }, {
    "date" : "2025-05-07",
    "price" : 654.20,
    "dma50" : 720.94,
    "dma100" : 776.54,
    "dma200" : 643.05,
    "volume" : 123522.00
  }, {
    "date" : "2025-05-08",
    "price" : 637.30,
    "dma50" : 717.66,
    "dma100" : 774.17,
    "dma200" : 642.99,
    "volume" : 97838.00
  }, {
    "date" : "2025-05-09",
    "price" : 641.90,
    "dma50" : 714.69,
    "dma100" : 771.41,
    "dma200" : 642.98,
    "volume" : 89203.00
  }, {
    "date" : "2025-05-12",
    "price" : 673.95,
    "dma50" : 713.09,
    "dma100" : 769.43,
    "dma200" : 643.29,
    "volume" : 123993.00
  }, {
    "date" : "2025-05-13",
    "price" : 707.60,
    "dma50" : 712.87,
    "dma100" : 767.98,
    "dma200" : 643.93,
    "volume" : 393650.00
  }, {
    "date" : "2025-05-14",
    "price" : 742.95,
    "dma50" : 714.05,
    "dma100" : 766.46,
    "dma200" : 644.91,
    "volume" : 185676.00
  }, {
    "date" : "2025-05-15",
    "price" : 780.05,
    "dma50" : 716.64,
    "dma100" : 764.85,
    "dma200" : 646.26,
    "volume" : 495975.00
  }, {
    "date" : "2025-05-16",
    "price" : 819.05,
    "dma50" : 720.66,
    "dma100" : 763.22,
    "dma200" : 647.97,
    "volume" : 387275.00
  }, {
    "date" : "2025-05-19",
    "price" : 859.30,
    "dma50" : 726.10,
    "dma100" : 761.50,
    "dma200" : 650.08,
    "volume" : 605299.00
  }, {
    "date" : "2025-05-20",
    "price" : 865.75,
    "dma50" : 731.57,
    "dma100" : 760.35,
    "dma200" : 652.22,
    "volume" : 640477.00
  }, {
    "date" : "2025-05-21",
    "price" : 866.05,
    "dma50" : 736.85,
    "dma100" : 759.46,
    "dma200" : 654.35,
    "volume" : 756541.00
  }, {
    "date" : "2025-05-22",
    "price" : 822.75,
    "dma50" : 740.21,
    "dma100" : 758.18,
    "dma200" : 656.03,
    "volume" : 241236.00
  }, {
    "date" : "2025-05-23",
    "price" : 781.65,
    "dma50" : 741.84,
    "dma100" : 756.54,
    "dma200" : 657.28,
    "volume" : 293442.00
  }, {
    "date" : "2025-05-26",
    "price" : 820.70,
    "dma50" : 744.93,
    "dma100" : 755.68,
    "dma200" : 658.90,
    "volume" : 226057.00
  }, {
    "date" : "2025-05-27",
    "price" : 815.20,
    "dma50" : 747.69,
    "dma100" : 755.22,
    "dma200" : 660.46,
    "volume" : 364556.00
  }, {
    "date" : "2025-05-28",
    "price" : 830.50,
    "dma50" : 750.93,
    "dma100" : 754.48,
    "dma200" : 662.15,
    "volume" : 177244.00
  }, {
    "date" : "2025-05-29",
    "price" : 822.75,
    "dma50" : 753.75,
    "dma100" : 753.21,
    "dma200" : 663.75,
    "volume" : 89231.00
  }, {
    "date" : "2025-05-30",
    "price" : 855.45,
    "dma50" : 757.74,
    "dma100" : 752.75,
    "dma200" : 665.66,
    "volume" : 327606.00
  }, {
    "date" : "2025-06-02",
    "price" : 863.85,
    "dma50" : 761.90,
    "dma100" : 752.32,
    "dma200" : 667.63,
    "volume" : 197685.00
  }, {
    "date" : "2025-06-03",
    "price" : 843.85,
    "dma50" : 765.11,
    "dma100" : 752.14,
    "dma200" : 669.38,
    "volume" : 244642.00
  }, {
    "date" : "2025-06-04",
    "price" : 842.75,
    "dma50" : 768.16,
    "dma100" : 751.52,
    "dma200" : 671.11,
    "volume" : 107861.00
  }, {
    "date" : "2025-06-05",
    "price" : 884.40,
    "dma50" : 772.72,
    "dma100" : 751.32,
    "dma200" : 673.23,
    "volume" : 520654.00
  }, {
    "date" : "2025-06-06",
    "price" : 846.55,
    "dma50" : 775.61,
    "dma100" : 750.82,
    "dma200" : 674.95,
    "volume" : 932043.00
  }, {
    "date" : "2025-06-09",
    "price" : 856.90,
    "dma50" : 778.80,
    "dma100" : 750.81,
    "dma200" : 676.76,
    "volume" : 220849.00
  }, {
    "date" : "2025-06-10",
    "price" : 863.00,
    "dma50" : 782.10,
    "dma100" : 751.05,
    "dma200" : 678.62,
    "volume" : 254006.00
  }, {
    "date" : "2025-06-11",
    "price" : 909.25,
    "dma50" : 787.09,
    "dma100" : 751.84,
    "dma200" : 680.91,
    "volume" : 867086.00
  }, {
    "date" : "2025-06-12",
    "price" : 909.60,
    "dma50" : 791.89,
    "dma100" : 752.76,
    "dma200" : 683.19,
    "volume" : 545964.00
  }, {
    "date" : "2025-06-13",
    "price" : 923.75,
    "dma50" : 797.06,
    "dma100" : 753.80,
    "dma200" : 685.58,
    "volume" : 594777.00
  }, {
    "date" : "2025-06-16",
    "price" : 934.15,
    "dma50" : 802.44,
    "dma100" : 754.94,
    "dma200" : 688.05,
    "volume" : 425357.00
  }, {
    "date" : "2025-06-17",
    "price" : 916.70,
    "dma50" : 806.92,
    "dma100" : 755.53,
    "dma200" : 690.33,
    "volume" : 506649.00
  }, {
    "date" : "2025-06-18",
    "price" : 930.95,
    "dma50" : 811.78,
    "dma100" : 756.67,
    "dma200" : 692.72,
    "volume" : 372496.00
  }, {
    "date" : "2025-06-19",
    "price" : 873.55,
    "dma50" : 814.21,
    "dma100" : 757.60,
    "dma200" : 694.52,
    "volume" : 383653.00
  }, {
    "date" : "2025-06-20",
    "price" : 861.30,
    "dma50" : 816.05,
    "dma100" : 758.26,
    "dma200" : 696.18,
    "volume" : 225654.00
  }, {
    "date" : "2025-06-23",
    "price" : 875.40,
    "dma50" : 818.38,
    "dma100" : 759.39,
    "dma200" : 697.97,
    "volume" : 452715.00
  }, {
    "date" : "2025-06-24",
    "price" : 962.90,
    "dma50" : 824.05,
    "dma100" : 761.78,
    "dma200" : 700.60,
    "volume" : 1504700.00
  }, {
    "date" : "2025-06-25",
    "price" : 1000.55,
    "dma50" : 830.97,
    "dma100" : 764.70,
    "dma200" : 703.59,
    "volume" : 1268816.00
  }, {
    "date" : "2025-06-26",
    "price" : 992.95,
    "dma50" : 837.32,
    "dma100" : 767.19,
    "dma200" : 706.47,
    "volume" : 461126.00
  }, {
    "date" : "2025-06-27",
    "price" : 1008.45,
    "dma50" : 844.03,
    "dma100" : 769.88,
    "dma200" : 709.47,
    "volume" : 503109.00
  }, {
    "date" : "2025-06-30",
    "price" : 1001.55,
    "dma50" : 850.21,
    "dma100" : 772.36,
    "dma200" : 712.38,
    "volume" : 397482.00
  }, {
    "date" : "2025-07-01",
    "price" : 1009.80,
    "dma50" : 856.47,
    "dma100" : 775.11,
    "dma200" : 715.34,
    "volume" : 420541.00
  }, {
    "date" : "2025-07-02",
    "price" : 995.00,
    "dma50" : 861.90,
    "dma100" : 777.95,
    "dma200" : 718.12,
    "volume" : 199641.00
  }, {
    "date" : "2025-07-03",
    "price" : 1024.00,
    "dma50" : 868.26,
    "dma100" : 780.72,
    "dma200" : 721.16,
    "volume" : 1302735.00
  }, {
    "date" : "2025-07-04",
    "price" : 1019.60,
    "dma50" : 874.19,
    "dma100" : 783.22,
    "dma200" : 724.13,
    "volume" : 294701.00
  }, {
    "date" : "2025-07-07",
    "price" : 993.80,
    "dma50" : 878.88,
    "dma100" : 785.58,
    "dma200" : 726.81,
    "volume" : 282502.00
  }, {
    "date" : "2025-07-08",
    "price" : 986.60,
    "dma50" : 883.11,
    "dma100" : 787.70,
    "dma200" : 729.40,
    "volume" : 190851.00
  }, {
    "date" : "2025-07-09",
    "price" : 1085.10,
    "dma50" : 891.03,
    "dma100" : 790.92,
    "dma200" : 732.94,
    "volume" : 1125896.00
  }, {
    "date" : "2025-07-10",
    "price" : 1100.50,
    "dma50" : 899.24,
    "dma100" : 794.67,
    "dma200" : 736.60,
    "volume" : 679375.00
  }, {
    "date" : "2025-07-11",
    "price" : 1079.20,
    "dma50" : 906.30,
    "dma100" : 798.36,
    "dma200" : 740.01,
    "volume" : 275971.00
  }, {
    "date" : "2025-07-14",
    "price" : 1081.10,
    "dma50" : 913.16,
    "dma100" : 802.39,
    "dma200" : 743.40,
    "volume" : 316394.00
  }, {
    "date" : "2025-07-15",
    "price" : 1073.50,
    "dma50" : 919.44,
    "dma100" : 806.69,
    "dma200" : 746.68,
    "volume" : 188757.00
  }, {
    "date" : "2025-07-16",
    "price" : 1093.90,
    "dma50" : 926.28,
    "dma100" : 811.49,
    "dma200" : 750.14,
    "volume" : 251893.00
  }, {
    "date" : "2025-07-17",
    "price" : 1057.40,
    "dma50" : 931.43,
    "dma100" : 815.90,
    "dma200" : 753.20,
    "volume" : 580862.00
  }, {
    "date" : "2025-07-18",
    "price" : 1043.30,
    "dma50" : 935.81,
    "dma100" : 819.87,
    "dma200" : 756.08,
    "volume" : 208400.00
  }, {
    "date" : "2025-07-21",
    "price" : 1069.30,
    "dma50" : 941.05,
    "dma100" : 823.78,
    "dma200" : 759.20,
    "volume" : 308502.00
  }, {
    "date" : "2025-07-22",
    "price" : 1075.00,
    "dma50" : 946.30,
    "dma100" : 827.69,
    "dma200" : 762.34,
    "volume" : 151369.00
  }, {
    "date" : "2025-07-23",
    "price" : 1083.00,
    "dma50" : 951.66,
    "dma100" : 831.34,
    "dma200" : 765.53,
    "volume" : 242460.00
  }, {
    "date" : "2025-07-24",
    "price" : 1063.80,
    "dma50" : 956.06,
    "dma100" : 834.44,
    "dma200" : 768.50,
    "volume" : 227021.00
  }, {
    "date" : "2025-07-25",
    "price" : 1043.20,
    "dma50" : 959.48,
    "dma100" : 837.60,
    "dma200" : 771.23,
    "volume" : 180819.00
  }, {
    "date" : "2025-07-28",
    "price" : 1005.00,
    "dma50" : 961.26,
    "dma100" : 840.74,
    "dma200" : 773.56,
    "volume" : 208349.00
  }, {
    "date" : "2025-07-29",
    "price" : 1016.00,
    "dma50" : 963.41,
    "dma100" : 844.28,
    "dma200" : 775.97,
    "volume" : 129191.00
  }, {
    "date" : "2025-07-30",
    "price" : 995.30,
    "dma50" : 964.66,
    "dma100" : 847.28,
    "dma200" : 778.15,
    "volume" : 98921.00
  }, {
    "date" : "2025-07-31",
    "price" : 1010.80,
    "dma50" : 966.47,
    "dma100" : 850.09,
    "dma200" : 780.47,
    "volume" : 154781.00
  }, {
    "date" : "2025-08-01",
    "price" : 988.80,
    "dma50" : 967.34,
    "dma100" : 852.73,
    "dma200" : 782.54,
    "volume" : 122633.00
  }, {
    "date" : "2025-08-04",
    "price" : 994.50,
    "dma50" : 968.41,
    "dma100" : 855.11,
    "dma200" : 784.65,
    "volume" : 106097.00
  }, {
    "date" : "2025-08-05",
    "price" : 967.60,
    "dma50" : 968.38,
    "dma100" : 857.61,
    "dma200" : 786.47,
    "volume" : 117465.00
  }, {
    "date" : "2025-08-06",
    "price" : 942.10,
    "dma50" : 967.35,
    "dma100" : 859.89,
    "dma200" : 788.02,
    "volume" : 127720.00
  }, {
    "date" : "2025-08-07",
    "price" : 944.70,
    "dma50" : 966.46,
    "dma100" : 862.46,
    "dma200" : 789.58,
    "volume" : 183633.00
  }, {
    "date" : "2025-08-08",
    "price" : 913.30,
    "dma50" : 964.37,
    "dma100" : 864.81,
    "dma200" : 790.81,
    "volume" : 122070.00
  }, {
    "date" : "2025-08-11",
    "price" : 938.00,
    "dma50" : 963.34,
    "dma100" : 867.19,
    "dma200" : 792.27,
    "volume" : 205910.00
  }, {
    "date" : "2025-08-12",
    "price" : 946.20,
    "dma50" : 962.67,
    "dma100" : 869.42,
    "dma200" : 793.81,
    "volume" : 168375.00
  }, {
    "date" : "2025-08-13",
    "price" : 938.50,
    "dma50" : 961.72,
    "dma100" : 871.20,
    "dma200" : 795.25,
    "volume" : 139067.00
  }, {
    "date" : "2025-08-14",
    "price" : 930.10,
    "dma50" : 960.48,
    "dma100" : 873.01,
    "dma200" : 796.59,
    "volume" : 92760.00
  }, {
    "date" : "2025-08-18",
    "price" : 997.70,
    "dma50" : 961.94,
    "dma100" : 875.12,
    "dma200" : 798.59,
    "volume" : 344877.00
  }, {
    "date" : "2025-08-19",
    "price" : 996.20,
    "dma50" : 963.28,
    "dma100" : 876.82,
    "dma200" : 800.56,
    "volume" : 221397.00
  }, {
    "date" : "2025-08-20",
    "price" : 983.70,
    "dma50" : 964.08,
    "dma100" : 878.37,
    "dma200" : 802.38,
    "volume" : 108726.00
  }, {
    "date" : "2025-08-21",
    "price" : 980.40,
    "dma50" : 964.72,
    "dma100" : 879.97,
    "dma200" : 804.15,
    "volume" : 123240.00
  }, {
    "date" : "2025-08-22",
    "price" : 960.20,
    "dma50" : 964.55,
    "dma100" : 881.26,
    "dma200" : 805.70,
    "volume" : 201096.00
  }, {
    "date" : "2025-08-25",
    "price" : 951.50,
    "dma50" : 964.03,
    "dma100" : 882.64,
    "dma200" : 807.15,
    "volume" : 192795.00
  }, {
    "date" : "2025-08-26",
    "price" : 929.40,
    "dma50" : 962.68,
    "dma100" : 883.81,
    "dma200" : 808.37,
    "volume" : 90151.00
  }, {
    "date" : "2025-08-28",
    "price" : 920.60,
    "dma50" : 961.03,
    "dma100" : 884.89,
    "dma200" : 809.49,
    "volume" : 92198.00
  }, {
    "date" : "2025-08-29",
    "price" : 904.50,
    "dma50" : 958.81,
    "dma100" : 885.83,
    "dma200" : 810.43,
    "volume" : 92755.00
  }, {
    "date" : "2025-09-01",
    "price" : 914.20,
    "dma50" : 957.06,
    "dma100" : 887.28,
    "dma200" : 811.46,
    "volume" : 88179.00
  }, {
    "date" : "2025-09-02",
    "price" : 924.30,
    "dma50" : 955.78,
    "dma100" : 889.20,
    "dma200" : 812.59,
    "volume" : 103038.00
  }, {
    "date" : "2025-09-03",
    "price" : 919.65,
    "dma50" : 954.36,
    "dma100" : 891.12,
    "dma200" : 813.65,
    "volume" : 74888.00
  }, {
    "date" : "2025-09-04",
    "price" : 916.50,
    "dma50" : 952.87,
    "dma100" : 893.36,
    "dma200" : 814.67,
    "volume" : 131996.00
  }, {
    "date" : "2025-09-05",
    "price" : 923.40,
    "dma50" : 951.72,
    "dma100" : 895.50,
    "dma200" : 815.76,
    "volume" : 106726.00
  }, {
    "date" : "2025-09-08",
    "price" : 921.50,
    "dma50" : 950.53,
    "dma100" : 897.26,
    "dma200" : 816.81,
    "volume" : 79595.00
  }, {
    "date" : "2025-09-09",
    "price" : 940.00,
    "dma50" : 950.12,
    "dma100" : 899.25,
    "dma200" : 818.03,
    "volume" : 569602.00
  }, {
    "date" : "2025-09-10",
    "price" : 932.85,
    "dma50" : 949.44,
    "dma100" : 901.40,
    "dma200" : 819.18,
    "volume" : 168623.00
  }, {
    "date" : "2025-09-11",
    "price" : 934.45,
    "dma50" : 948.86,
    "dma100" : 903.40,
    "dma200" : 820.32,
    "volume" : 110326.00
  }, {
    "date" : "2025-09-12",
    "price" : 941.60,
    "dma50" : 948.57,
    "dma100" : 905.50,
    "dma200" : 821.53,
    "volume" : 117363.00
  }, {
    "date" : "2025-09-15",
    "price" : 929.45,
    "dma50" : 947.82,
    "dma100" : 907.63,
    "dma200" : 822.60,
    "volume" : 72262.00
  }, {
    "date" : "2025-09-16",
    "price" : 930.50,
    "dma50" : 947.14,
    "dma100" : 909.91,
    "dma200" : 823.68,
    "volume" : 86698.00
  }, {
    "date" : "2025-09-17",
    "price" : 925.60,
    "dma50" : 946.30,
    "dma100" : 912.47,
    "dma200" : 824.69,
    "volume" : 83384.00
  }, {
    "date" : "2025-09-18",
    "price" : 923.10,
    "dma50" : 945.39,
    "dma100" : 914.90,
    "dma200" : 825.67,
    "volume" : 195036.00
  }, {
    "date" : "2025-09-19",
    "price" : 928.80,
    "dma50" : 944.74,
    "dma100" : 917.57,
    "dma200" : 826.70,
    "volume" : 144296.00
  }, {
    "date" : "2025-09-22",
    "price" : 915.50,
    "dma50" : 943.59,
    "dma100" : 920.27,
    "dma200" : 827.58,
    "volume" : 105243.00
  }, {
    "date" : "2025-09-23",
    "price" : 925.85,
    "dma50" : 942.89,
    "dma100" : 923.03,
    "dma200" : 828.56,
    "volume" : 99288.00
  }, {
    "date" : "2025-09-24",
    "price" : 915.35,
    "dma50" : 941.81,
    "dma100" : 925.40,
    "dma200" : 829.42,
    "volume" : 131876.00
  }, {
    "date" : "2025-09-25",
    "price" : 889.80,
    "dma50" : 939.77,
    "dma100" : 927.84,
    "dma200" : 830.02,
    "volume" : 127424.00
  }, {
    "date" : "2025-09-26",
    "price" : 870.75,
    "dma50" : 937.07,
    "dma100" : 930.01,
    "dma200" : 830.43,
    "volume" : 207481.00
  }, {
    "date" : "2025-09-29",
    "price" : 864.55,
    "dma50" : 934.22,
    "dma100" : 932.28,
    "dma200" : 830.77,
    "volume" : 54986.00
  }, {
    "date" : "2025-09-30",
    "price" : 837.55,
    "dma50" : 930.43,
    "dma100" : 934.24,
    "dma200" : 830.84,
    "volume" : 86049.00
  }, {
    "date" : "2025-10-01",
    "price" : 852.60,
    "dma50" : 927.38,
    "dma100" : 936.02,
    "dma200" : 831.05,
    "volume" : 133336.00
  }, {
    "date" : "2025-10-03",
    "price" : 861.35,
    "dma50" : 924.79,
    "dma100" : 937.56,
    "dma200" : 831.35,
    "volume" : 55647.00
  }, {
    "date" : "2025-10-06",
    "price" : 888.35,
    "dma50" : 923.36,
    "dma100" : 939.01,
    "dma200" : 831.92,
    "volume" : 189719.00
  }, {
    "date" : "2025-10-07",
    "price" : 869.00,
    "dma50" : 921.23,
    "dma100" : 939.90,
    "dma200" : 832.29,
    "volume" : 88530.00
  }, {
    "date" : "2025-10-08",
    "price" : 857.60,
    "dma50" : 918.73,
    "dma100" : 940.29,
    "dma200" : 832.54,
    "volume" : 75712.00
  }, {
    "date" : "2025-10-09",
    "price" : 849.45,
    "dma50" : 916.02,
    "dma100" : 940.19,
    "dma200" : 832.71,
    "volume" : 60784.00
  }, {
    "date" : "2025-10-10",
    "price" : 840.60,
    "dma50" : 913.06,
    "dma100" : 939.94,
    "dma200" : 832.79,
    "volume" : 50538.00
  }, {
    "date" : "2025-10-13",
    "price" : 826.35,
    "dma50" : 909.66,
    "dma100" : 939.54,
    "dma200" : 832.72,
    "volume" : 67404.00
  }, {
    "date" : "2025-10-14",
    "price" : 806.80,
    "dma50" : 905.63,
    "dma100" : 939.38,
    "dma200" : 832.47,
    "volume" : 149473.00
  }, {
    "date" : "2025-10-15",
    "price" : 802.00,
    "dma50" : 901.56,
    "dma100" : 939.59,
    "dma200" : 832.16,
    "volume" : 103381.00
  }, {
    "date" : "2025-10-16",
    "price" : 804.05,
    "dma50" : 897.74,
    "dma100" : 939.42,
    "dma200" : 831.88,
    "volume" : 137063.00
  }, {
    "date" : "2025-10-17",
    "price" : 792.40,
    "dma50" : 893.61,
    "dma100" : 939.19,
    "dma200" : 831.49,
    "volume" : 88826.00
  }, {
    "date" : "2025-10-20",
    "price" : 801.05,
    "dma50" : 889.98,
    "dma100" : 938.90,
    "dma200" : 831.19,
    "volume" : 77968.00
  }, {
    "date" : "2025-10-21",
    "price" : 803.80,
    "dma50" : 886.60,
    "dma100" : 938.71,
    "dma200" : 830.92,
    "volume" : 16385.00
  }, {
    "date" : "2025-10-23",
    "price" : 796.00,
    "dma50" : 883.05,
    "dma100" : 938.11,
    "dma200" : 830.57,
    "volume" : 60299.00
  }, {
    "date" : "2025-10-24",
    "price" : 786.00,
    "dma50" : 879.24,
    "dma100" : 937.33,
    "dma200" : 830.12,
    "volume" : 116542.00
  }, {
    "date" : "2025-10-27",
    "price" : 796.10,
    "dma50" : 875.98,
    "dma100" : 936.86,
    "dma200" : 829.79,
    "volume" : 100224.00
  }, {
    "date" : "2025-10-28",
    "price" : 793.10,
    "dma50" : 872.73,
    "dma100" : 936.36,
    "dma200" : 829.42,
    "volume" : 145456.00
  }, {
    "date" : "2025-10-29",
    "price" : 813.30,
    "dma50" : 870.40,
    "dma100" : 935.65,
    "dma200" : 829.26,
    "volume" : 195398.00
  }, {
    "date" : "2025-10-30",
    "price" : 790.55,
    "dma50" : 867.27,
    "dma100" : 935.09,
    "dma200" : 828.88,
    "volume" : 135398.00
  }, {
    "date" : "2025-10-31",
    "price" : 795.95,
    "dma50" : 864.47,
    "dma100" : 934.48,
    "dma200" : 828.55,
    "volume" : 61425.00
  }, {
    "date" : "2025-11-03",
    "price" : 789.40,
    "dma50" : 861.53,
    "dma100" : 933.74,
    "dma200" : 828.16,
    "volume" : 124335.00
  }, {
    "date" : "2025-11-04",
    "price" : 791.75,
    "dma50" : 858.79,
    "dma100" : 932.57,
    "dma200" : 827.80,
    "volume" : 84086.00
  }, {
    "date" : "2025-11-06",
    "price" : 770.80,
    "dma50" : 855.34,
    "dma100" : 931.18,
    "dma200" : 827.23,
    "volume" : 98856.00
  }, {
    "date" : "2025-11-07",
    "price" : 747.45,
    "dma50" : 851.11,
    "dma100" : 929.42,
    "dma200" : 826.43,
    "volume" : 166766.00
  }, {
    "date" : "2025-11-10",
    "price" : 732.45,
    "dma50" : 846.46,
    "dma100" : 927.40,
    "dma200" : 825.50,
    "volume" : 76431.00
  }, {
    "date" : "2025-11-11",
    "price" : 721.65,
    "dma50" : 841.56,
    "dma100" : 925.45,
    "dma200" : 824.47,
    "volume" : 135443.00
  }, {
    "date" : "2025-11-12",
    "price" : 757.80,
    "dma50" : 838.28,
    "dma100" : 923.72,
    "dma200" : 823.80,
    "volume" : 400498.00
  }, {
    "date" : "2025-11-13",
    "price" : 743.50,
    "dma50" : 834.56,
    "dma100" : 922.42,
    "dma200" : 823.00,
    "volume" : 100081.00
  }, {
    "date" : "2025-11-14",
    "price" : 742.85,
    "dma50" : 830.96,
    "dma100" : 921.23,
    "dma200" : 822.21,
    "volume" : 51281.00
  }, {
    "date" : "2025-11-17",
    "price" : 732.10,
    "dma50" : 827.09,
    "dma100" : 919.80,
    "dma200" : 821.31,
    "volume" : 57531.00
  }, {
    "date" : "2025-11-18",
    "price" : 742.75,
    "dma50" : 823.78,
    "dma100" : 917.60,
    "dma200" : 820.53,
    "volume" : 97516.00
  }, {
    "date" : "2025-11-19",
    "price" : 720.05,
    "dma50" : 819.71,
    "dma100" : 914.79,
    "dma200" : 819.53,
    "volume" : 71393.00
  }, {
    "date" : "2025-11-20",
    "price" : 756.25,
    "dma50" : 817.22,
    "dma100" : 912.43,
    "dma200" : 818.90,
    "volume" : 173250.00
  }, {
    "date" : "2025-11-21",
    "price" : 736.10,
    "dma50" : 814.04,
    "dma100" : 909.70,
    "dma200" : 818.07,
    "volume" : 120984.00
  }, {
    "date" : "2025-11-24",
    "price" : 712.85,
    "dma50" : 810.07,
    "dma100" : 906.82,
    "dma200" : 817.03,
    "volume" : 86464.00
  }, {
    "date" : "2025-11-25",
    "price" : 722.55,
    "dma50" : 806.64,
    "dma100" : 903.94,
    "dma200" : 816.09,
    "volume" : 92613.00
  }, {
    "date" : "2025-11-26",
    "price" : 759.25,
    "dma50" : 804.78,
    "dma100" : 901.59,
    "dma200" : 815.52,
    "volume" : 132360.00
  }, {
    "date" : "2025-11-27",
    "price" : 781.40,
    "dma50" : 803.87,
    "dma100" : 899.16,
    "dma200" : 815.18,
    "volume" : 259792.00
  }, {
    "date" : "2025-11-28",
    "price" : 907.90,
    "dma50" : 807.94,
    "dma100" : 898.04,
    "dma200" : 816.11,
    "volume" : 10038012.00
  }, {
    "date" : "2025-12-01",
    "price" : 863.05,
    "dma50" : 810.11,
    "dma100" : 896.74,
    "dma200" : 816.57,
    "volume" : 1359898.00
  }, {
    "date" : "2025-12-02",
    "price" : 853.15,
    "dma50" : 811.79,
    "dma100" : 895.40,
    "dma200" : 816.94,
    "volume" : 416889.00
  }, {
    "date" : "2025-12-03",
    "price" : 843.10,
    "dma50" : 813.02,
    "dma100" : 892.98,
    "dma200" : 817.20,
    "volume" : 211750.00
  } ],
  "latestTechnicalAttributes" : {
    "date" : "2025-12-03",
    "price" : 843.10,
    "dma50" : 813.02,
    "dma100" : 892.98,
    "dma200" : 817.20,
    "volume" : 211750.00
  },
  "quarterlyResults" : [ {
    "date" : "2005-03-31",
    "sales" : 9.76,
    "salesGrowthYoY" : null,
    "grossProfitMargin" : 100.00,
    "grossProfit" : 9.76,
    "operatingProfitMargin" : 22.44,
    "operatingProfit" : 2.19,
    "netProfitMargin" : 17.52,
    "netProfit" : 1.71
  }, {
    "date" : "2005-06-30",
    "sales" : 19.03,
    "salesGrowthYoY" : null,
    "grossProfitMargin" : 100.00,
    "grossProfit" : 19.03,
    "operatingProfitMargin" : 72.25,
    "operatingProfit" : 13.75,
    "netProfitMargin" : 67.58,
    "netProfit" : 12.86
  }, {
    "date" : "2005-09-30",
    "sales" : 20.55,
    "salesGrowthYoY" : null,
    "grossProfitMargin" : 100.00,
    "grossProfit" : 20.55,
    "operatingProfitMargin" : 68.13,
    "operatingProfit" : 14.00,
    "netProfitMargin" : 61.85,
    "netProfit" : 12.71
  }, {
    "date" : "2005-12-31",
    "sales" : 30.85,
    "salesGrowthYoY" : null,
    "grossProfitMargin" : 100.00,
    "grossProfit" : 30.85,
    "operatingProfitMargin" : 72.58,
    "operatingProfit" : 22.39,
    "netProfitMargin" : 55.46,
    "netProfit" : 17.11
  }, {
    "date" : "2006-03-31",
    "sales" : 19.43,
    "salesGrowthYoY" : 99.08,
    "grossProfitMargin" : 100.00,
    "grossProfit" : 19.43,
    "operatingProfitMargin" : 39.78,
    "operatingProfit" : 7.73,
    "netProfitMargin" : 28.62,
    "netProfit" : 5.56
  }, {
    "date" : "2006-06-30",
    "sales" : 16.45,
    "salesGrowthYoY" : -13.56,
    "grossProfitMargin" : 100.00,
    "grossProfit" : 16.45,
    "operatingProfitMargin" : 35.81,
    "operatingProfit" : 5.89,
    "netProfitMargin" : 61.34,
    "netProfit" : 10.09
  }, {
    "date" : "2006-09-30",
    "sales" : 21.33,
    "salesGrowthYoY" : 3.80,
    "grossProfitMargin" : 100.00,
    "grossProfit" : 21.33,
    "operatingProfitMargin" : 46.65,
    "operatingProfit" : 9.95,
    "netProfitMargin" : 123.53,
    "netProfit" : 26.35
  }, {
    "date" : "2006-12-31",
    "sales" : 30.21,
    "salesGrowthYoY" : -2.07,
    "grossProfitMargin" : 100.00,
    "grossProfit" : 30.21,
    "operatingProfitMargin" : 57.07,
    "operatingProfit" : 17.24,
    "netProfitMargin" : 123.67,
    "netProfit" : 37.36
  }, {
    "date" : "2007-03-31",
    "sales" : 30.85,
    "salesGrowthYoY" : 58.78,
    "grossProfitMargin" : 92.38,
    "grossProfit" : 28.50,
    "operatingProfitMargin" : 33.71,
    "operatingProfit" : 10.40,
    "netProfitMargin" : 80.91,
    "netProfit" : 24.96
  }, {
    "date" : "2007-06-30",
    "sales" : 27.95,
    "salesGrowthYoY" : 69.91,
    "grossProfitMargin" : 93.24,
    "grossProfit" : 26.06,
    "operatingProfitMargin" : 25.15,
    "operatingProfit" : 7.03,
    "netProfitMargin" : 218.10,
    "netProfit" : 60.96
  }, {
    "date" : "2007-09-30",
    "sales" : 30.95,
    "salesGrowthYoY" : 45.10,
    "grossProfitMargin" : 100.00,
    "grossProfit" : 30.95,
    "operatingProfitMargin" : 39.42,
    "operatingProfit" : 12.20,
    "netProfitMargin" : 1093.70,
    "netProfit" : 338.50
  }, {
    "date" : "2007-12-31",
    "sales" : 39.38,
    "salesGrowthYoY" : 30.35,
    "grossProfitMargin" : 94.95,
    "grossProfit" : 37.39,
    "operatingProfitMargin" : 43.70,
    "operatingProfit" : 17.21,
    "netProfitMargin" : 1363.51,
    "netProfit" : 536.95
  }, {
    "date" : "2008-03-31",
    "sales" : 39.28,
    "salesGrowthYoY" : 27.33,
    "grossProfitMargin" : 98.32,
    "grossProfit" : 38.62,
    "operatingProfitMargin" : 37.37,
    "operatingProfit" : 14.68,
    "netProfitMargin" : 56.90,
    "netProfit" : 22.35
  }, {
    "date" : "2008-06-30",
    "sales" : 44.00,
    "salesGrowthYoY" : 57.42,
    "grossProfitMargin" : 99.07,
    "grossProfit" : 43.59,
    "operatingProfitMargin" : 20.70,
    "operatingProfit" : 9.11,
    "netProfitMargin" : 18.91,
    "netProfit" : 8.32
  }, {
    "date" : "2008-09-30",
    "sales" : 119.46,
    "salesGrowthYoY" : 285.98,
    "grossProfitMargin" : 97.92,
    "grossProfit" : 116.98,
    "operatingProfitMargin" : 67.91,
    "operatingProfit" : 81.13,
    "netProfitMargin" : 64.50,
    "netProfit" : 77.05
  }, {
    "date" : "2008-12-31",
    "sales" : 68.70,
    "salesGrowthYoY" : 74.45,
    "grossProfitMargin" : 91.98,
    "grossProfit" : 63.19,
    "operatingProfitMargin" : 33.45,
    "operatingProfit" : 22.98,
    "netProfitMargin" : 62.87,
    "netProfit" : 43.19
  }, {
    "date" : "2009-03-31",
    "sales" : 108.46,
    "salesGrowthYoY" : 176.12,
    "grossProfitMargin" : 99.75,
    "grossProfit" : 108.19,
    "operatingProfitMargin" : 53.47,
    "operatingProfit" : 57.99,
    "netProfitMargin" : 72.35,
    "netProfit" : 78.47
  }, {
    "date" : "2009-06-30",
    "sales" : 58.45,
    "salesGrowthYoY" : 32.84,
    "grossProfitMargin" : 99.11,
    "grossProfit" : 57.93,
    "operatingProfitMargin" : 19.20,
    "operatingProfit" : 11.22,
    "netProfitMargin" : 24.00,
    "netProfit" : 14.03
  }, {
    "date" : "2009-09-30",
    "sales" : 85.62,
    "salesGrowthYoY" : -28.33,
    "grossProfitMargin" : 98.40,
    "grossProfit" : 84.25,
    "operatingProfitMargin" : 56.20,
    "operatingProfit" : 48.12,
    "netProfitMargin" : 57.84,
    "netProfit" : 49.52
  }, {
    "date" : "2009-12-31",
    "sales" : 105.32,
    "salesGrowthYoY" : 53.30,
    "grossProfitMargin" : 99.54,
    "grossProfit" : 104.84,
    "operatingProfitMargin" : 59.82,
    "operatingProfit" : 63.00,
    "netProfitMargin" : 57.51,
    "netProfit" : 60.57
  }, {
    "date" : "2010-03-31",
    "sales" : 83.56,
    "salesGrowthYoY" : -22.96,
    "grossProfitMargin" : 97.28,
    "grossProfit" : 81.29,
    "operatingProfitMargin" : 45.30,
    "operatingProfit" : 37.85,
    "netProfitMargin" : 48.78,
    "netProfit" : 40.76
  }, {
    "date" : "2010-06-30",
    "sales" : 73.63,
    "salesGrowthYoY" : 25.97,
    "grossProfitMargin" : 98.82,
    "grossProfit" : 72.76,
    "operatingProfitMargin" : 39.03,
    "operatingProfit" : 28.74,
    "netProfitMargin" : 57.22,
    "netProfit" : 42.13
  }, {
    "date" : "2010-09-30",
    "sales" : 109.21,
    "salesGrowthYoY" : 27.55,
    "grossProfitMargin" : 98.92,
    "grossProfit" : 108.03,
    "operatingProfitMargin" : 54.66,
    "operatingProfit" : 59.69,
    "netProfitMargin" : 61.62,
    "netProfit" : 67.30
  }, {
    "date" : "2010-12-31",
    "sales" : 81.41,
    "salesGrowthYoY" : -22.70,
    "grossProfitMargin" : 99.30,
    "grossProfit" : 80.84,
    "operatingProfitMargin" : 38.14,
    "operatingProfit" : 31.05,
    "netProfitMargin" : 47.60,
    "netProfit" : 38.75
  }, {
    "date" : "2011-03-31",
    "sales" : 93.45,
    "salesGrowthYoY" : 11.84,
    "grossProfitMargin" : 99.15,
    "grossProfit" : 92.66,
    "operatingProfitMargin" : 46.28,
    "operatingProfit" : 43.25,
    "netProfitMargin" : 96.06,
    "netProfit" : 89.77
  }, {
    "date" : "2011-06-30",
    "sales" : 68.46,
    "salesGrowthYoY" : -7.02,
    "grossProfitMargin" : 99.11,
    "grossProfit" : 67.85,
    "operatingProfitMargin" : 44.48,
    "operatingProfit" : 30.45,
    "netProfitMargin" : 55.89,
    "netProfit" : 38.26
  }, {
    "date" : "2011-09-30",
    "sales" : 123.14,
    "salesGrowthYoY" : 12.76,
    "grossProfitMargin" : 99.46,
    "grossProfit" : 122.48,
    "operatingProfitMargin" : 66.00,
    "operatingProfit" : 81.27,
    "netProfitMargin" : 52.90,
    "netProfit" : 65.14
  }, {
    "date" : "2011-12-31",
    "sales" : 112.08,
    "salesGrowthYoY" : 37.67,
    "grossProfitMargin" : 99.30,
    "grossProfit" : 111.30,
    "operatingProfitMargin" : 58.69,
    "operatingProfit" : 65.78,
    "netProfitMargin" : 73.46,
    "netProfit" : 82.33
  }, {
    "date" : "2012-03-31",
    "sales" : 121.87,
    "salesGrowthYoY" : 30.41,
    "grossProfitMargin" : 99.38,
    "grossProfit" : 121.11,
    "operatingProfitMargin" : 79.58,
    "operatingProfit" : 96.98,
    "netProfitMargin" : 52.55,
    "netProfit" : 64.04
  }, {
    "date" : "2012-06-30",
    "sales" : 70.73,
    "salesGrowthYoY" : 3.32,
    "grossProfitMargin" : 99.77,
    "grossProfit" : 70.57,
    "operatingProfitMargin" : 37.48,
    "operatingProfit" : 26.51,
    "netProfitMargin" : 105.97,
    "netProfit" : 74.95
  }, {
    "date" : "2012-09-30",
    "sales" : 124.99,
    "salesGrowthYoY" : 1.50,
    "grossProfitMargin" : 99.98,
    "grossProfit" : 124.97,
    "operatingProfitMargin" : 59.95,
    "operatingProfit" : 74.93,
    "netProfitMargin" : 55.64,
    "netProfit" : 69.54
  }, {
    "date" : "2012-12-31",
    "sales" : 110.24,
    "salesGrowthYoY" : -1.64,
    "grossProfitMargin" : 99.88,
    "grossProfit" : 110.11,
    "operatingProfitMargin" : 57.35,
    "operatingProfit" : 63.22,
    "netProfitMargin" : 81.14,
    "netProfit" : 89.45
  }, {
    "date" : "2013-03-31",
    "sales" : 144.95,
    "salesGrowthYoY" : 18.94,
    "grossProfitMargin" : 99.99,
    "grossProfit" : 144.94,
    "operatingProfitMargin" : 66.69,
    "operatingProfit" : 96.67,
    "netProfitMargin" : 60.58,
    "netProfit" : 87.81
  }, {
    "date" : "2013-06-30",
    "sales" : 104.10,
    "salesGrowthYoY" : 47.18,
    "grossProfitMargin" : 100.00,
    "grossProfit" : 104.10,
    "operatingProfitMargin" : 52.93,
    "operatingProfit" : 55.10,
    "netProfitMargin" : 78.01,
    "netProfit" : 81.21
  }, {
    "date" : "2013-09-30",
    "sales" : 92.62,
    "salesGrowthYoY" : -25.90,
    "grossProfitMargin" : 99.99,
    "grossProfit" : 92.61,
    "operatingProfitMargin" : 50.13,
    "operatingProfit" : 46.43,
    "netProfitMargin" : 68.55,
    "netProfit" : 63.49
  }, {
    "date" : "2013-12-31",
    "sales" : 81.80,
    "salesGrowthYoY" : -25.80,
    "grossProfitMargin" : 99.96,
    "grossProfit" : 81.77,
    "operatingProfitMargin" : 38.23,
    "operatingProfit" : 31.27,
    "netProfitMargin" : 42.82,
    "netProfit" : 35.03
  }, {
    "date" : "2014-03-31",
    "sales" : 56.20,
    "salesGrowthYoY" : -61.23,
    "grossProfitMargin" : 99.98,
    "grossProfit" : 56.19,
    "operatingProfitMargin" : -146.26,
    "operatingProfit" : -82.20,
    "netProfitMargin" : -37.85,
    "netProfit" : -21.27
  }, {
    "date" : "2014-06-30",
    "sales" : 44.27,
    "salesGrowthYoY" : -57.47,
    "grossProfitMargin" : 100.00,
    "grossProfit" : 44.27,
    "operatingProfitMargin" : -37.50,
    "operatingProfit" : -16.60,
    "netProfitMargin" : 28.39,
    "netProfit" : 12.57
  }, {
    "date" : "2014-09-30",
    "sales" : 38.83,
    "salesGrowthYoY" : -58.08,
    "grossProfitMargin" : 100.00,
    "grossProfit" : 38.83,
    "operatingProfitMargin" : -61.83,
    "operatingProfit" : -24.01,
    "netProfitMargin" : 297.73,
    "netProfit" : 115.61
  }, {
    "date" : "2014-12-31",
    "sales" : 35.55,
    "salesGrowthYoY" : -56.54,
    "grossProfitMargin" : 100.00,
    "grossProfit" : 35.55,
    "operatingProfitMargin" : -103.01,
    "operatingProfit" : -36.62,
    "netProfitMargin" : -105.49,
    "netProfit" : -37.50
  }, {
    "date" : "2015-03-31",
    "sales" : 42.38,
    "salesGrowthYoY" : -24.59,
    "grossProfitMargin" : 99.95,
    "grossProfit" : 42.36,
    "operatingProfitMargin" : -85.58,
    "operatingProfit" : -36.27,
    "netProfitMargin" : 321.35,
    "netProfit" : 136.19
  }, {
    "date" : "2015-06-30",
    "sales" : 35.01,
    "salesGrowthYoY" : -20.92,
    "grossProfitMargin" : 99.60,
    "grossProfit" : 34.87,
    "operatingProfitMargin" : -87.83,
    "operatingProfit" : -30.75,
    "netProfitMargin" : -100.80,
    "netProfit" : -35.29
  }, {
    "date" : "2015-09-30",
    "sales" : 39.08,
    "salesGrowthYoY" : 0.64,
    "grossProfitMargin" : 100.00,
    "grossProfit" : 39.08,
    "operatingProfitMargin" : -74.03,
    "operatingProfit" : -28.93,
    "netProfitMargin" : 18.65,
    "netProfit" : 7.29
  }, {
    "date" : "2015-12-31",
    "sales" : 35.31,
    "salesGrowthYoY" : -0.68,
    "grossProfitMargin" : 100.00,
    "grossProfit" : 35.31,
    "operatingProfitMargin" : -106.77,
    "operatingProfit" : -37.70,
    "netProfitMargin" : -99.55,
    "netProfit" : -35.15
  }, {
    "date" : "2016-03-31",
    "sales" : 31.93,
    "salesGrowthYoY" : -24.66,
    "grossProfitMargin" : 100.00,
    "grossProfit" : 31.93,
    "operatingProfitMargin" : -117.04,
    "operatingProfit" : -37.37,
    "netProfitMargin" : 21.58,
    "netProfit" : 6.89
  }, {
    "date" : "2016-06-30",
    "sales" : 35.95,
    "salesGrowthYoY" : 2.68,
    "grossProfitMargin" : 100.00,
    "grossProfit" : 35.95,
    "operatingProfitMargin" : -83.03,
    "operatingProfit" : -29.85,
    "netProfitMargin" : 29.85,
    "netProfit" : 10.73
  }, {
    "date" : "2016-09-30",
    "sales" : 39.00,
    "salesGrowthYoY" : -0.20,
    "grossProfitMargin" : 100.00,
    "grossProfit" : 39.00,
    "operatingProfitMargin" : -66.64,
    "operatingProfit" : -25.99,
    "netProfitMargin" : 82.36,
    "netProfit" : 32.12
  }, {
    "date" : "2016-12-31",
    "sales" : 38.91,
    "salesGrowthYoY" : 10.20,
    "grossProfitMargin" : 100.00,
    "grossProfit" : 38.91,
    "operatingProfitMargin" : -78.67,
    "operatingProfit" : -30.61,
    "netProfitMargin" : 12.90,
    "netProfit" : 5.02
  }, {
    "date" : "2017-03-31",
    "sales" : 36.21,
    "salesGrowthYoY" : 13.40,
    "grossProfitMargin" : 100.00,
    "grossProfit" : 36.21,
    "operatingProfitMargin" : -57.39,
    "operatingProfit" : -20.78,
    "netProfitMargin" : 37.89,
    "netProfit" : 13.72
  }, {
    "date" : "2017-06-30",
    "sales" : 131.30,
    "salesGrowthYoY" : 265.23,
    "grossProfitMargin" : 100.00,
    "grossProfit" : 131.30,
    "operatingProfitMargin" : 44.05,
    "operatingProfit" : 57.84,
    "netProfitMargin" : 32.56,
    "netProfit" : 42.75
  }, {
    "date" : "2017-09-30",
    "sales" : 32.27,
    "salesGrowthYoY" : -17.26,
    "grossProfitMargin" : 100.00,
    "grossProfit" : 32.27,
    "operatingProfitMargin" : -73.54,
    "operatingProfit" : -23.73,
    "netProfitMargin" : 20.39,
    "netProfit" : 6.58
  }, {
    "date" : "2017-12-31",
    "sales" : 32.38,
    "salesGrowthYoY" : -16.78,
    "grossProfitMargin" : 100.00,
    "grossProfit" : 32.38,
    "operatingProfitMargin" : -86.04,
    "operatingProfit" : -27.86,
    "netProfitMargin" : 14.58,
    "netProfit" : 4.72
  }, {
    "date" : "2018-03-31",
    "sales" : 30.76,
    "salesGrowthYoY" : -15.05,
    "grossProfitMargin" : 100.00,
    "grossProfit" : 30.76,
    "operatingProfitMargin" : -88.46,
    "operatingProfit" : -27.21,
    "netProfitMargin" : 41.94,
    "netProfit" : 12.90
  }, {
    "date" : "2018-06-30",
    "sales" : 41.91,
    "salesGrowthYoY" : -68.08,
    "grossProfitMargin" : 100.00,
    "grossProfit" : 41.91,
    "operatingProfitMargin" : -36.75,
    "operatingProfit" : -15.40,
    "netProfitMargin" : 30.04,
    "netProfit" : 12.59
  }, {
    "date" : "2018-09-30",
    "sales" : 31.88,
    "salesGrowthYoY" : -1.21,
    "grossProfitMargin" : 100.00,
    "grossProfit" : 31.88,
    "operatingProfitMargin" : -96.89,
    "operatingProfit" : -30.89,
    "netProfitMargin" : 3.20,
    "netProfit" : 1.02
  }, {
    "date" : "2018-12-31",
    "sales" : 40.13,
    "salesGrowthYoY" : 23.93,
    "grossProfitMargin" : 100.00,
    "grossProfit" : 40.13,
    "operatingProfitMargin" : -66.01,
    "operatingProfit" : -26.49,
    "netProfitMargin" : -0.07,
    "netProfit" : -0.03
  }, {
    "date" : "2019-03-31",
    "sales" : 33.29,
    "salesGrowthYoY" : 8.22,
    "grossProfitMargin" : 100.00,
    "grossProfit" : 33.29,
    "operatingProfitMargin" : -131.75,
    "operatingProfit" : -43.86,
    "netProfitMargin" : -12.98,
    "netProfit" : -4.32
  }, {
    "date" : "2019-06-30",
    "sales" : 32.58,
    "salesGrowthYoY" : -22.26,
    "grossProfitMargin" : 100.00,
    "grossProfit" : 32.58,
    "operatingProfitMargin" : -90.91,
    "operatingProfit" : -29.62,
    "netProfitMargin" : -4.88,
    "netProfit" : -1.59
  }, {
    "date" : "2019-09-30",
    "sales" : 36.46,
    "salesGrowthYoY" : 14.37,
    "grossProfitMargin" : 100.00,
    "grossProfit" : 36.46,
    "operatingProfitMargin" : -71.89,
    "operatingProfit" : -26.21,
    "netProfitMargin" : -27.59,
    "netProfit" : -10.06
  }, {
    "date" : "2019-12-31",
    "sales" : 35.48,
    "salesGrowthYoY" : -11.59,
    "grossProfitMargin" : 100.00,
    "grossProfit" : 35.48,
    "operatingProfitMargin" : -92.45,
    "operatingProfit" : -32.80,
    "netProfitMargin" : -15.16,
    "netProfit" : -5.38
  }, {
    "date" : "2020-03-31",
    "sales" : 34.22,
    "salesGrowthYoY" : 2.79,
    "grossProfitMargin" : 100.00,
    "grossProfit" : 34.22,
    "operatingProfitMargin" : -59.38,
    "operatingProfit" : -20.32,
    "netProfitMargin" : -16.34,
    "netProfit" : -5.59
  }, {
    "date" : "2020-06-30",
    "sales" : 32.32,
    "salesGrowthYoY" : -0.80,
    "grossProfitMargin" : 100.00,
    "grossProfit" : 32.32,
    "operatingProfitMargin" : -56.44,
    "operatingProfit" : -18.24,
    "netProfitMargin" : 3.62,
    "netProfit" : 1.17
  }, {
    "date" : "2020-09-30",
    "sales" : 38.18,
    "salesGrowthYoY" : 4.72,
    "grossProfitMargin" : 100.00,
    "grossProfit" : 38.18,
    "operatingProfitMargin" : -34.26,
    "operatingProfit" : -13.08,
    "netProfitMargin" : 7.12,
    "netProfit" : 2.72
  }, {
    "date" : "2020-12-31",
    "sales" : 37.93,
    "salesGrowthYoY" : 6.91,
    "grossProfitMargin" : 100.00,
    "grossProfit" : 37.93,
    "operatingProfitMargin" : -29.26,
    "operatingProfit" : -11.10,
    "netProfitMargin" : 12.42,
    "netProfit" : 4.71
  }, {
    "date" : "2021-03-31",
    "sales" : 35.65,
    "salesGrowthYoY" : 4.18,
    "grossProfitMargin" : 100.00,
    "grossProfit" : 35.65,
    "operatingProfitMargin" : -42.08,
    "operatingProfit" : -15.00,
    "netProfitMargin" : -7.55,
    "netProfit" : -2.69
  }, {
    "date" : "2021-06-30",
    "sales" : 34.43,
    "salesGrowthYoY" : 6.53,
    "grossProfitMargin" : 100.00,
    "grossProfit" : 34.43,
    "operatingProfitMargin" : -54.69,
    "operatingProfit" : -18.83,
    "netProfitMargin" : -14.93,
    "netProfit" : -5.14
  }, {
    "date" : "2021-09-30",
    "sales" : 35.18,
    "salesGrowthYoY" : -7.86,
    "grossProfitMargin" : 100.00,
    "grossProfit" : 35.18,
    "operatingProfitMargin" : -45.31,
    "operatingProfit" : -15.94,
    "netProfitMargin" : -5.60,
    "netProfit" : -1.97
  }, {
    "date" : "2021-12-31",
    "sales" : 36.49,
    "salesGrowthYoY" : -3.80,
    "grossProfitMargin" : 100.00,
    "grossProfit" : 36.49,
    "operatingProfitMargin" : -41.05,
    "operatingProfit" : -14.98,
    "netProfitMargin" : -4.03,
    "netProfit" : -1.47
  }, {
    "date" : "2022-03-31",
    "sales" : 38.28,
    "salesGrowthYoY" : 7.38,
    "grossProfitMargin" : 100.00,
    "grossProfit" : 38.28,
    "operatingProfitMargin" : -40.07,
    "operatingProfit" : -15.34,
    "netProfitMargin" : -2.69,
    "netProfit" : -1.03
  }, {
    "date" : "2022-06-30",
    "sales" : 36.76,
    "salesGrowthYoY" : 6.77,
    "grossProfitMargin" : 100.00,
    "grossProfit" : 36.76,
    "operatingProfitMargin" : -52.77,
    "operatingProfit" : -19.40,
    "netProfitMargin" : 17.06,
    "netProfit" : 6.27
  }, {
    "date" : "2022-09-30",
    "sales" : 40.18,
    "salesGrowthYoY" : 14.21,
    "grossProfitMargin" : 100.00,
    "grossProfit" : 40.18,
    "operatingProfitMargin" : -25.63,
    "operatingProfit" : -10.30,
    "netProfitMargin" : 16.43,
    "netProfit" : 6.60
  }, {
    "date" : "2022-12-31",
    "sales" : 88.37,
    "salesGrowthYoY" : 142.18,
    "grossProfitMargin" : 100.00,
    "grossProfit" : 88.37,
    "operatingProfitMargin" : 37.34,
    "operatingProfit" : 33.00,
    "netProfitMargin" : 37.32,
    "netProfit" : 32.98
  }, {
    "date" : "2023-03-31",
    "sales" : 107.17,
    "salesGrowthYoY" : 179.96,
    "grossProfitMargin" : 100.00,
    "grossProfit" : 107.17,
    "operatingProfitMargin" : 46.12,
    "operatingProfit" : 49.43,
    "netProfitMargin" : 27.23,
    "netProfit" : 29.18
  }, {
    "date" : "2023-06-30",
    "sales" : 110.95,
    "salesGrowthYoY" : 201.82,
    "grossProfitMargin" : 97.30,
    "grossProfit" : 107.95,
    "operatingProfitMargin" : 42.42,
    "operatingProfit" : 47.06,
    "netProfitMargin" : 53.65,
    "netProfit" : 59.52
  }, {
    "date" : "2023-09-30",
    "sales" : 154.63,
    "salesGrowthYoY" : 284.84,
    "grossProfitMargin" : 100.00,
    "grossProfit" : 154.63,
    "operatingProfitMargin" : 58.33,
    "operatingProfit" : 90.20,
    "netProfitMargin" : 65.55,
    "netProfit" : 101.36
  }, {
    "date" : "2023-12-31",
    "sales" : 130.74,
    "salesGrowthYoY" : 47.95,
    "grossProfitMargin" : 100.00,
    "grossProfit" : 130.74,
    "operatingProfitMargin" : 66.42,
    "operatingProfit" : 86.84,
    "netProfitMargin" : 84.53,
    "netProfit" : 110.51
  }, {
    "date" : "2024-03-31",
    "sales" : 5.15,
    "salesGrowthYoY" : -95.19,
    "grossProfitMargin" : 100.00,
    "grossProfit" : 5.15,
    "operatingProfitMargin" : -750.68,
    "operatingProfit" : -38.66,
    "netProfitMargin" : 643.69,
    "netProfit" : 33.15
  }, {
    "date" : "2024-06-30",
    "sales" : 6.81,
    "salesGrowthYoY" : -93.86,
    "grossProfitMargin" : 100.00,
    "grossProfit" : 6.81,
    "operatingProfitMargin" : -506.31,
    "operatingProfit" : -34.48,
    "netProfitMargin" : -26.28,
    "netProfit" : -1.79
  }, {
    "date" : "2024-09-30",
    "sales" : 5.43,
    "salesGrowthYoY" : -96.49,
    "grossProfitMargin" : 100.00,
    "grossProfit" : 5.43,
    "operatingProfitMargin" : -538.49,
    "operatingProfit" : -29.24,
    "netProfitMargin" : 35.91,
    "netProfit" : 1.95
  }, {
    "date" : "2024-12-31",
    "sales" : 6.64,
    "salesGrowthYoY" : -94.92,
    "grossProfitMargin" : 100.00,
    "grossProfit" : 6.64,
    "operatingProfitMargin" : -430.27,
    "operatingProfit" : -28.57,
    "netProfitMargin" : 53.01,
    "netProfit" : 3.52
  }, {
    "date" : "2025-03-31",
    "sales" : 8.44,
    "salesGrowthYoY" : 63.88,
    "grossProfitMargin" : 100.00,
    "grossProfit" : 8.44,
    "operatingProfitMargin" : -400.71,
    "operatingProfit" : -33.82,
    "netProfitMargin" : 86.49,
    "netProfit" : 7.30
  }, {
    "date" : "2025-06-30",
    "sales" : 25.68,
    "salesGrowthYoY" : 277.09,
    "grossProfitMargin" : 100.00,
    "grossProfit" : 25.68,
    "operatingProfitMargin" : -52.34,
    "operatingProfit" : -13.44,
    "netProfitMargin" : 83.26,
    "netProfit" : 21.38
  }, {
    "date" : "2025-09-30",
    "sales" : 14.92,
    "salesGrowthYoY" : 174.77,
    "grossProfitMargin" : 100.00,
    "grossProfit" : 14.92,
    "operatingProfitMargin" : -175.13,
    "operatingProfit" : -26.13,
    "netProfitMargin" : 40.08,
    "netProfit" : 5.98
  } ],
  "latestQuarterlyResult" : {
    "date" : "2025-09-30",
    "sales" : 14.92,
    "salesGrowthYoY" : 174.77,
    "grossProfitMargin" : 100.00,
    "grossProfit" : 14.92,
    "operatingProfitMargin" : -175.13,
    "operatingProfit" : -26.13,
    "netProfitMargin" : 40.08,
    "netProfit" : 5.98
  },
  "companyScore" : {
    "priceHigherThanDma50" : 5.00,
    "priceHigherThanDma100" : 0.00,
    "priceHigherThanDma200" : 5.00,
    "dma50HigherThanDma100" : 0.00,
    "dma50HigherThanDma200" : 0.00,
    "dma100HigherThanDma200" : 5.00,
    "pricePercentageAboveDma50" : 4.82,
    "pricePercentageAboveDma100" : 5.28,
    "pricePercentageAboveDma200" : 4.84,
    "weeklyVolumeHigherThanYearlyVolume" : 5.00,
    "salesGrowthPercentile" : 18.23,
    "operatingProfitMarginPercentile" : 13.86,
    "netProfitMarginPercentile" : 4.82,
    "totalTechnicalScore" : 34.94,
    "totalFundamentalScore" : 36.91,
    "totalScore" : 71.85
  }
}