{
  "metadata" : {
    "screenerCompanyId" : "21",
    "companyCode" : "AARTIIND",
    "companyName" : "Aarti Industries",
    "screenerCompanyLink" : "https://www.screener.in/company/AARTIIND/consolidated/",
    "screenerTechnicalHistoryLink" : "https://www.screener.in/api/company/21/chart/?q=Price-DMA50-DMA200-Volume&days=365",
    "screenerQuarterlyResultsLink" : "https://www.screener.in/api/company/21/chart/?q=GPM-OPM-NPM-Quarter+Sales&days=10000",
    "attributes" : {
      "companyCode" : "AARTIIND",
      "companyName" : "Aarti Industries",
      "marketCap" : 13648.00,
      "peRatio" : 50.70,
      "description" : "Aarti Industries Ltd, the flagship company of the Aarti group, manufacturing organic and inorganic chemicals at its major facilities in Vapi, Jhagadia, Dahej and Kutch, in Gujarat and in Tarapur in Maharashtra. The company has a strong market position in the NCB-based specialty chemicals segment.[1]"
    },
    "companyScore" : {
      "priceHigherThanDma50" : 0.00,
      "priceHigherThanDma100" : 0.00,
      "priceHigherThanDma200" : 0.00,
      "dma50HigherThanDma100" : 0.00,
      "dma50HigherThanDma200" : 0.00,
      "dma100HigherThanDma200" : 0.00,
      "pricePercentageAboveDma50" : 5.01,
      "pricePercentageAboveDma100" : 5.06,
      "pricePercentageAboveDma200" : 5.43,
      "weeklyVolumeHigherThanYearlyVolume" : 0.00,
      "salesGrowthPercentile" : 12.91,
      "operatingProfitMarginPercentile" : 5.06,
      "netProfitMarginPercentile" : 1.69,
      "totalTechnicalScore" : 15.50,
      "totalFundamentalScore" : 19.66,
      "totalScore" : 35.16
    }
  },
  "attributes" : {
    "companyCode" : "AARTIIND",
    "companyName" : "Aarti Industries",
    "marketCap" : 13648.00,
    "peRatio" : 50.70,
    "description" : "Aarti Industries Ltd, the flagship company of the Aarti group, manufacturing organic and inorganic chemicals at its major facilities in Vapi, Jhagadia, Dahej and Kutch, in Gujarat and in Tarapur in Maharashtra. The company has a strong market position in the NCB-based specialty chemicals segment.[1]"
  },
  "technicalHistory" : [ {
    "date" : "2024-12-30",
    "price" : 410.10,
    "dma50" : 462.84,
    "dma100" : null,
    "dma200" : 559.25,
    "volume" : 1366633.00
  }, {
    "date" : "2024-12-31",
    "price" : 410.05,
    "dma50" : 460.77,
    "dma100" : null,
    "dma200" : 557.77,
    "volume" : 886164.00
  }, {
    "date" : "2025-01-01",
    "price" : 416.10,
    "dma50" : 459.02,
    "dma100" : null,
    "dma200" : 556.36,
    "volume" : 910519.00
  }, {
    "date" : "2025-01-02",
    "price" : 415.25,
    "dma50" : 457.30,
    "dma100" : null,
    "dma200" : 554.95,
    "volume" : 1281555.00
  }, {
    "date" : "2025-01-03",
    "price" : 420.10,
    "dma50" : 455.84,
    "dma100" : null,
    "dma200" : 553.61,
    "volume" : 1328833.00
  }, {
    "date" : "2025-01-06",
    "price" : 403.85,
    "dma50" : 453.80,
    "dma100" : null,
    "dma200" : 552.12,
    "volume" : 1353543.00
  }, {
    "date" : "2025-01-07",
    "price" : 405.35,
    "dma50" : 451.90,
    "dma100" : null,
    "dma200" : 550.66,
    "volume" : 1217506.00
  }, {
    "date" : "2025-01-08",
    "price" : 397.85,
    "dma50" : 449.78,
    "dma100" : null,
    "dma200" : 549.14,
    "volume" : 2751500.00
  }, {
    "date" : "2025-01-09",
    "price" : 413.40,
    "dma50" : 448.36,
    "dma100" : null,
    "dma200" : 547.79,
    "volume" : 8152685.00
  }, {
    "date" : "2025-01-10",
    "price" : 421.75,
    "dma50" : 447.31,
    "dma100" : null,
    "dma200" : 546.54,
    "volume" : 6537128.00
  }, {
    "date" : "2025-01-13",
    "price" : 409.45,
    "dma50" : 445.83,
    "dma100" : null,
    "dma200" : 545.17,
    "volume" : 5913211.00
  }, {
    "date" : "2025-01-14",
    "price" : 409.35,
    "dma50" : 444.40,
    "dma100" : null,
    "dma200" : 543.82,
    "volume" : 1960875.00
  }, {
    "date" : "2025-01-15",
    "price" : 429.75,
    "dma50" : 443.82,
    "dma100" : null,
    "dma200" : 542.68,
    "volume" : 3462680.00
  }, {
    "date" : "2025-01-16",
    "price" : 438.75,
    "dma50" : 443.63,
    "dma100" : null,
    "dma200" : 541.65,
    "volume" : 2304190.00
  }, {
    "date" : "2025-01-17",
    "price" : 442.70,
    "dma50" : 443.59,
    "dma100" : null,
    "dma200" : 540.67,
    "volume" : 1345396.00
  }, {
    "date" : "2025-01-20",
    "price" : 449.15,
    "dma50" : 443.81,
    "dma100" : null,
    "dma200" : 539.76,
    "volume" : 2742624.00
  }, {
    "date" : "2025-01-21",
    "price" : 453.05,
    "dma50" : 444.17,
    "dma100" : null,
    "dma200" : 538.89,
    "volume" : 9140679.00
  }, {
    "date" : "2025-01-22",
    "price" : 440.85,
    "dma50" : 444.04,
    "dma100" : null,
    "dma200" : 537.92,
    "volume" : 3511794.00
  }, {
    "date" : "2025-01-23",
    "price" : 448.45,
    "dma50" : 444.21,
    "dma100" : null,
    "dma200" : 537.03,
    "volume" : 1513012.00
  }, {
    "date" : "2025-01-24",
    "price" : 439.05,
    "dma50" : 444.01,
    "dma100" : null,
    "dma200" : 536.05,
    "volume" : 2012439.00
  }, {
    "date" : "2025-01-27",
    "price" : 418.85,
    "dma50" : 443.02,
    "dma100" : null,
    "dma200" : 534.89,
    "volume" : 1797669.00
  }, {
    "date" : "2025-01-28",
    "price" : 410.40,
    "dma50" : 441.74,
    "dma100" : null,
    "dma200" : 533.65,
    "volume" : 2107484.00
  }, {
    "date" : "2025-01-29",
    "price" : 427.90,
    "dma50" : 441.20,
    "dma100" : null,
    "dma200" : 532.60,
    "volume" : 3668885.00
  }, {
    "date" : "2025-01-30",
    "price" : 438.00,
    "dma50" : 441.08,
    "dma100" : null,
    "dma200" : 531.65,
    "volume" : 2241059.00
  }, {
    "date" : "2025-01-31",
    "price" : 444.70,
    "dma50" : 441.22,
    "dma100" : null,
    "dma200" : 530.79,
    "volume" : 2765950.00
  }, {
    "date" : "2025-02-01",
    "price" : 459.65,
    "dma50" : 441.94,
    "dma100" : null,
    "dma200" : 530.08,
    "volume" : 2515046.00
  }, {
    "date" : "2025-02-03",
    "price" : 452.60,
    "dma50" : 442.36,
    "dma100" : null,
    "dma200" : 529.31,
    "volume" : 6298989.00
  }, {
    "date" : "2025-02-04",
    "price" : 456.00,
    "dma50" : 442.89,
    "dma100" : null,
    "dma200" : 528.58,
    "volume" : 1556698.00
  }, {
    "date" : "2025-02-05",
    "price" : 465.75,
    "dma50" : 443.79,
    "dma100" : null,
    "dma200" : 527.96,
    "volume" : 1621631.00
  }, {
    "date" : "2025-02-06",
    "price" : 469.95,
    "dma50" : 444.82,
    "dma100" : null,
    "dma200" : 527.38,
    "volume" : 4133443.00
  }, {
    "date" : "2025-02-07",
    "price" : 465.40,
    "dma50" : 445.62,
    "dma100" : null,
    "dma200" : 526.76,
    "volume" : 959212.00
  }, {
    "date" : "2025-02-10",
    "price" : 455.55,
    "dma50" : 446.01,
    "dma100" : null,
    "dma200" : 526.05,
    "volume" : 879212.00
  }, {
    "date" : "2025-02-11",
    "price" : 439.85,
    "dma50" : 445.77,
    "dma100" : null,
    "dma200" : 525.19,
    "volume" : 1087933.00
  }, {
    "date" : "2025-02-12",
    "price" : 442.25,
    "dma50" : 445.63,
    "dma100" : null,
    "dma200" : 524.37,
    "volume" : 1860837.00
  }, {
    "date" : "2025-02-13",
    "price" : 432.45,
    "dma50" : 445.12,
    "dma100" : null,
    "dma200" : 523.46,
    "volume" : 906644.00
  }, {
    "date" : "2025-02-14",
    "price" : 414.95,
    "dma50" : 443.93,
    "dma100" : null,
    "dma200" : 522.38,
    "volume" : 1460238.00
  }, {
    "date" : "2025-02-17",
    "price" : 418.30,
    "dma50" : 442.93,
    "dma100" : null,
    "dma200" : 521.34,
    "volume" : 1085381.00
  }, {
    "date" : "2025-02-18",
    "price" : 409.90,
    "dma50" : 441.63,
    "dma100" : null,
    "dma200" : 520.23,
    "volume" : 931305.00
  }, {
    "date" : "2025-02-19",
    "price" : 416.65,
    "dma50" : 440.65,
    "dma100" : null,
    "dma200" : 519.20,
    "volume" : 707510.00
  }, {
    "date" : "2025-02-20",
    "price" : 422.95,
    "dma50" : 439.96,
    "dma100" : null,
    "dma200" : 518.24,
    "volume" : 624371.00
  }, {
    "date" : "2025-02-21",
    "price" : 412.65,
    "dma50" : 438.89,
    "dma100" : null,
    "dma200" : 517.19,
    "volume" : 814392.00
  }, {
    "date" : "2025-02-24",
    "price" : 406.25,
    "dma50" : 437.61,
    "dma100" : null,
    "dma200" : 516.09,
    "volume" : 962991.00
  }, {
    "date" : "2025-02-25",
    "price" : 402.20,
    "dma50" : 436.22,
    "dma100" : null,
    "dma200" : 514.95,
    "volume" : 942965.00
  }, {
    "date" : "2025-02-27",
    "price" : 395.85,
    "dma50" : 434.64,
    "dma100" : null,
    "dma200" : 513.77,
    "volume" : 1149548.00
  }, {
    "date" : "2025-02-28",
    "price" : 376.00,
    "dma50" : 432.34,
    "dma100" : null,
    "dma200" : 512.40,
    "volume" : 2483453.00
  }, {
    "date" : "2025-03-03",
    "price" : 381.50,
    "dma50" : 430.34,
    "dma100" : null,
    "dma200" : 511.10,
    "volume" : 1714750.00
  }, {
    "date" : "2025-03-04",
    "price" : 381.95,
    "dma50" : 428.44,
    "dma100" : null,
    "dma200" : 509.81,
    "volume" : 1027391.00
  }, {
    "date" : "2025-03-05",
    "price" : 401.95,
    "dma50" : 427.41,
    "dma100" : null,
    "dma200" : 508.74,
    "volume" : 1218118.00
  }, {
    "date" : "2025-03-06",
    "price" : 410.90,
    "dma50" : 426.76,
    "dma100" : null,
    "dma200" : 507.76,
    "volume" : 1204560.00
  }, {
    "date" : "2025-03-07",
    "price" : 406.30,
    "dma50" : 425.96,
    "dma100" : null,
    "dma200" : 506.75,
    "volume" : 751552.00
  }, {
    "date" : "2025-03-10",
    "price" : 391.00,
    "dma50" : 424.59,
    "dma100" : null,
    "dma200" : 505.60,
    "volume" : 1322941.00
  }, {
    "date" : "2025-03-11",
    "price" : 392.65,
    "dma50" : 423.33,
    "dma100" : null,
    "dma200" : 504.48,
    "volume" : 1396221.00
  }, {
    "date" : "2025-03-12",
    "price" : 391.75,
    "dma50" : 422.09,
    "dma100" : null,
    "dma200" : 503.36,
    "volume" : 858019.00
  }, {
    "date" : "2025-03-13",
    "price" : 382.75,
    "dma50" : 420.55,
    "dma100" : null,
    "dma200" : 502.16,
    "volume" : 696490.00
  }, {
    "date" : "2025-03-17",
    "price" : 384.70,
    "dma50" : 419.15,
    "dma100" : null,
    "dma200" : 500.99,
    "volume" : 840636.00
  }, {
    "date" : "2025-03-18",
    "price" : 388.70,
    "dma50" : 417.95,
    "dma100" : null,
    "dma200" : 499.87,
    "volume" : 1018491.00
  }, {
    "date" : "2025-03-19",
    "price" : 399.35,
    "dma50" : 417.22,
    "dma100" : null,
    "dma200" : 498.87,
    "volume" : 1436984.00
  }, {
    "date" : "2025-03-20",
    "price" : 399.25,
    "dma50" : 416.52,
    "dma100" : null,
    "dma200" : 497.88,
    "volume" : 1103322.00
  }, {
    "date" : "2025-03-21",
    "price" : 407.25,
    "dma50" : 416.15,
    "dma100" : null,
    "dma200" : 496.98,
    "volume" : 1905400.00
  }, {
    "date" : "2025-03-24",
    "price" : 408.40,
    "dma50" : 415.85,
    "dma100" : null,
    "dma200" : 496.10,
    "volume" : 1347258.00
  }, {
    "date" : "2025-03-25",
    "price" : 397.90,
    "dma50" : 415.15,
    "dma100" : null,
    "dma200" : 495.12,
    "volume" : 2066510.00
  }, {
    "date" : "2025-03-26",
    "price" : 389.45,
    "dma50" : 414.14,
    "dma100" : null,
    "dma200" : 494.07,
    "volume" : 1245655.00
  }, {
    "date" : "2025-03-27",
    "price" : 395.50,
    "dma50" : 413.41,
    "dma100" : null,
    "dma200" : 493.09,
    "volume" : 1959078.00
  }, {
    "date" : "2025-03-28",
    "price" : 390.75,
    "dma50" : 412.52,
    "dma100" : null,
    "dma200" : 492.07,
    "volume" : 1539368.00
  }, {
    "date" : "2025-04-01",
    "price" : 391.15,
    "dma50" : 411.68,
    "dma100" : null,
    "dma200" : 491.07,
    "volume" : 915525.00
  }, {
    "date" : "2025-04-02",
    "price" : 400.80,
    "dma50" : 411.25,
    "dma100" : null,
    "dma200" : 490.17,
    "volume" : 1045514.00
  }, {
    "date" : "2025-04-03",
    "price" : 398.45,
    "dma50" : 410.75,
    "dma100" : null,
    "dma200" : 489.25,
    "volume" : 1351017.00
  }, {
    "date" : "2025-04-04",
    "price" : 374.05,
    "dma50" : 409.31,
    "dma100" : null,
    "dma200" : 488.11,
    "volume" : 2390710.00
  }, {
    "date" : "2025-04-07",
    "price" : 355.10,
    "dma50" : 407.19,
    "dma100" : null,
    "dma200" : 486.78,
    "volume" : 2199821.00
  }, {
    "date" : "2025-04-08",
    "price" : 364.00,
    "dma50" : 405.49,
    "dma100" : null,
    "dma200" : 485.56,
    "volume" : 1122495.00
  }, {
    "date" : "2025-04-09",
    "price" : 357.75,
    "dma50" : 403.62,
    "dma100" : null,
    "dma200" : 484.29,
    "volume" : 724169.00
  }, {
    "date" : "2025-04-11",
    "price" : 382.95,
    "dma50" : 402.81,
    "dma100" : null,
    "dma200" : 483.28,
    "volume" : 3150187.00
  }, {
    "date" : "2025-04-15",
    "price" : 398.35,
    "dma50" : 402.64,
    "dma100" : null,
    "dma200" : 482.44,
    "volume" : 2321102.00
  }, {
    "date" : "2025-04-16",
    "price" : 404.20,
    "dma50" : 402.70,
    "dma100" : null,
    "dma200" : 481.66,
    "volume" : 1647084.00
  }, {
    "date" : "2025-04-17",
    "price" : 399.75,
    "dma50" : 402.58,
    "dma100" : null,
    "dma200" : 480.84,
    "volume" : 1330845.00
  }, {
    "date" : "2025-04-21",
    "price" : 421.65,
    "dma50" : 403.33,
    "dma100" : null,
    "dma200" : 480.26,
    "volume" : 3954499.00
  }, {
    "date" : "2025-04-22",
    "price" : 434.15,
    "dma50" : 404.54,
    "dma100" : null,
    "dma200" : 479.80,
    "volume" : 5962822.00
  }, {
    "date" : "2025-04-23",
    "price" : 432.85,
    "dma50" : 405.65,
    "dma100" : null,
    "dma200" : 479.33,
    "volume" : 1972126.00
  }, {
    "date" : "2025-04-24",
    "price" : 442.35,
    "dma50" : 407.09,
    "dma100" : null,
    "dma200" : 478.96,
    "volume" : 5262919.00
  }, {
    "date" : "2025-04-25",
    "price" : 428.95,
    "dma50" : 407.94,
    "dma100" : null,
    "dma200" : 478.46,
    "volume" : 2984367.00
  }, {
    "date" : "2025-04-28",
    "price" : 433.65,
    "dma50" : 408.95,
    "dma100" : null,
    "dma200" : 478.02,
    "volume" : 1070545.00
  }, {
    "date" : "2025-04-29",
    "price" : 430.80,
    "dma50" : 409.81,
    "dma100" : null,
    "dma200" : 477.55,
    "volume" : 807497.00
  }, {
    "date" : "2025-04-30",
    "price" : 421.25,
    "dma50" : 410.26,
    "dma100" : null,
    "dma200" : 476.99,
    "volume" : 745904.00
  }, {
    "date" : "2025-05-02",
    "price" : 426.65,
    "dma50" : 410.90,
    "dma100" : null,
    "dma200" : 476.49,
    "volume" : 862889.00
  }, {
    "date" : "2025-05-05",
    "price" : 450.40,
    "dma50" : 412.45,
    "dma100" : null,
    "dma200" : 476.23,
    "volume" : 2774363.00
  }, {
    "date" : "2025-05-06",
    "price" : 435.30,
    "dma50" : 413.35,
    "dma100" : null,
    "dma200" : 475.82,
    "volume" : 2398831.00
  }, {
    "date" : "2025-05-07",
    "price" : 458.45,
    "dma50" : 415.11,
    "dma100" : null,
    "dma200" : 475.65,
    "volume" : 3889230.00
  }, {
    "date" : "2025-05-08",
    "price" : 448.55,
    "dma50" : 416.43,
    "dma100" : null,
    "dma200" : 475.38,
    "volume" : 3807694.00
  }, {
    "date" : "2025-05-09",
    "price" : 451.60,
    "dma50" : 417.81,
    "dma100" : null,
    "dma200" : 475.14,
    "volume" : 5726013.00
  }, {
    "date" : "2025-05-12",
    "price" : 468.60,
    "dma50" : 419.80,
    "dma100" : null,
    "dma200" : 475.08,
    "volume" : 2433122.00
  }, {
    "date" : "2025-05-13",
    "price" : 466.70,
    "dma50" : 421.64,
    "dma100" : null,
    "dma200" : 474.99,
    "volume" : 2014757.00
  }, {
    "date" : "2025-05-14",
    "price" : 464.00,
    "dma50" : 423.30,
    "dma100" : null,
    "dma200" : 474.88,
    "volume" : 970081.00
  }, {
    "date" : "2025-05-15",
    "price" : 464.00,
    "dma50" : 424.89,
    "dma100" : null,
    "dma200" : 474.77,
    "volume" : 1601875.00
  }, {
    "date" : "2025-05-16",
    "price" : 474.65,
    "dma50" : 426.85,
    "dma100" : null,
    "dma200" : 474.77,
    "volume" : 2370294.00
  }, {
    "date" : "2025-05-19",
    "price" : 486.75,
    "dma50" : 429.19,
    "dma100" : null,
    "dma200" : 474.89,
    "volume" : 3408553.00
  }, {
    "date" : "2025-05-20",
    "price" : 472.20,
    "dma50" : 430.88,
    "dma100" : null,
    "dma200" : 474.87,
    "volume" : 1957405.00
  }, {
    "date" : "2025-05-21",
    "price" : 468.80,
    "dma50" : 432.37,
    "dma100" : null,
    "dma200" : 474.81,
    "volume" : 891915.00
  }, {
    "date" : "2025-05-22",
    "price" : 468.85,
    "dma50" : 433.80,
    "dma100" : null,
    "dma200" : 474.75,
    "volume" : 1272465.00
  }, {
    "date" : "2025-05-23",
    "price" : 469.30,
    "dma50" : 435.19,
    "dma100" : null,
    "dma200" : 474.69,
    "volume" : 775098.00
  }, {
    "date" : "2025-05-26",
    "price" : 468.10,
    "dma50" : 436.48,
    "dma100" : null,
    "dma200" : 474.63,
    "volume" : 921775.00
  }, {
    "date" : "2025-05-27",
    "price" : 478.45,
    "dma50" : 438.13,
    "dma100" : 423.15,
    "dma200" : 474.66,
    "volume" : 1745342.00
  }, {
    "date" : "2025-05-28",
    "price" : 478.95,
    "dma50" : 439.73,
    "dma100" : 423.84,
    "dma200" : 474.71,
    "volume" : 4173104.00
  }, {
    "date" : "2025-05-29",
    "price" : 480.00,
    "dma50" : 441.31,
    "dma100" : 424.48,
    "dma200" : 474.76,
    "volume" : 1326025.00
  }, {
    "date" : "2025-05-30",
    "price" : 469.25,
    "dma50" : 442.40,
    "dma100" : 425.02,
    "dma200" : 474.71,
    "volume" : 1012142.00
  }, {
    "date" : "2025-06-02",
    "price" : 470.65,
    "dma50" : 443.51,
    "dma100" : 425.52,
    "dma200" : 474.66,
    "volume" : 794198.00
  }, {
    "date" : "2025-06-03",
    "price" : 470.60,
    "dma50" : 444.57,
    "dma100" : 426.19,
    "dma200" : 474.62,
    "volume" : 888839.00
  }, {
    "date" : "2025-06-04",
    "price" : 481.40,
    "dma50" : 446.02,
    "dma100" : 426.95,
    "dma200" : 474.69,
    "volume" : 1672877.00
  }, {
    "date" : "2025-06-05",
    "price" : 481.65,
    "dma50" : 447.41,
    "dma100" : 427.79,
    "dma200" : 474.76,
    "volume" : 1704683.00
  }, {
    "date" : "2025-06-06",
    "price" : 476.85,
    "dma50" : 448.57,
    "dma100" : 428.42,
    "dma200" : 474.78,
    "volume" : 560636.00
  }, {
    "date" : "2025-06-09",
    "price" : 483.65,
    "dma50" : 449.94,
    "dma100" : 429.04,
    "dma200" : 474.87,
    "volume" : 1480649.00
  }, {
    "date" : "2025-06-10",
    "price" : 481.90,
    "dma50" : 451.20,
    "dma100" : 429.77,
    "dma200" : 474.94,
    "volume" : 2099731.00
  }, {
    "date" : "2025-06-11",
    "price" : 478.20,
    "dma50" : 452.26,
    "dma100" : 430.45,
    "dma200" : 474.97,
    "volume" : 1322457.00
  }, {
    "date" : "2025-06-12",
    "price" : 469.85,
    "dma50" : 452.95,
    "dma100" : 430.86,
    "dma200" : 474.92,
    "volume" : 1071633.00
  }, {
    "date" : "2025-06-13",
    "price" : 462.10,
    "dma50" : 453.31,
    "dma100" : 431.09,
    "dma200" : 474.79,
    "volume" : 1302718.00
  }, {
    "date" : "2025-06-16",
    "price" : 463.05,
    "dma50" : 453.69,
    "dma100" : 431.29,
    "dma200" : 474.68,
    "volume" : 1571024.00
  }, {
    "date" : "2025-06-17",
    "price" : 455.60,
    "dma50" : 453.76,
    "dma100" : 431.36,
    "dma200" : 474.49,
    "volume" : 1020475.00
  }, {
    "date" : "2025-06-18",
    "price" : 450.15,
    "dma50" : 453.62,
    "dma100" : 431.33,
    "dma200" : 474.25,
    "volume" : 759321.00
  }, {
    "date" : "2025-06-19",
    "price" : 437.40,
    "dma50" : 452.99,
    "dma100" : 431.29,
    "dma200" : 473.88,
    "volume" : 1819910.00
  }, {
    "date" : "2025-06-20",
    "price" : 441.30,
    "dma50" : 452.53,
    "dma100" : 431.22,
    "dma200" : 473.55,
    "volume" : 1591174.00
  }, {
    "date" : "2025-06-23",
    "price" : 445.15,
    "dma50" : 452.24,
    "dma100" : 431.28,
    "dma200" : 473.27,
    "volume" : 750209.00
  }, {
    "date" : "2025-06-24",
    "price" : 454.20,
    "dma50" : 452.31,
    "dma100" : 431.64,
    "dma200" : 473.08,
    "volume" : 3897648.00
  }, {
    "date" : "2025-06-25",
    "price" : 470.60,
    "dma50" : 453.03,
    "dma100" : 432.24,
    "dma200" : 473.06,
    "volume" : 2447949.00
  }, {
    "date" : "2025-06-26",
    "price" : 475.90,
    "dma50" : 453.93,
    "dma100" : 432.72,
    "dma200" : 473.09,
    "volume" : 1599149.00
  }, {
    "date" : "2025-06-27",
    "price" : 479.15,
    "dma50" : 454.92,
    "dma100" : 433.13,
    "dma200" : 473.15,
    "volume" : 1000506.00
  }, {
    "date" : "2025-06-30",
    "price" : 479.45,
    "dma50" : 455.88,
    "dma100" : 433.48,
    "dma200" : 473.21,
    "volume" : 1007859.00
  }, {
    "date" : "2025-07-01",
    "price" : 484.45,
    "dma50" : 457.00,
    "dma100" : 433.73,
    "dma200" : 473.32,
    "volume" : 1178368.00
  }, {
    "date" : "2025-07-02",
    "price" : 484.35,
    "dma50" : 458.07,
    "dma100" : 434.04,
    "dma200" : 473.43,
    "volume" : 760490.00
  }, {
    "date" : "2025-07-03",
    "price" : 479.45,
    "dma50" : 458.91,
    "dma100" : 434.28,
    "dma200" : 473.49,
    "volume" : 601244.00
  }, {
    "date" : "2025-07-04",
    "price" : 476.55,
    "dma50" : 459.60,
    "dma100" : 434.39,
    "dma200" : 473.52,
    "volume" : 700862.00
  }, {
    "date" : "2025-07-07",
    "price" : 466.75,
    "dma50" : 459.88,
    "dma100" : 434.35,
    "dma200" : 473.45,
    "volume" : 556976.00
  }, {
    "date" : "2025-07-08",
    "price" : 461.15,
    "dma50" : 459.93,
    "dma100" : 434.31,
    "dma200" : 473.33,
    "volume" : 1108508.00
  }, {
    "date" : "2025-07-09",
    "price" : 457.75,
    "dma50" : 459.85,
    "dma100" : 434.33,
    "dma200" : 473.18,
    "volume" : 624027.00
  }, {
    "date" : "2025-07-10",
    "price" : 448.00,
    "dma50" : 459.38,
    "dma100" : 434.41,
    "dma200" : 472.93,
    "volume" : 1544294.00
  }, {
    "date" : "2025-07-11",
    "price" : 441.00,
    "dma50" : 458.66,
    "dma100" : 434.40,
    "dma200" : 472.61,
    "volume" : 1138135.00
  }, {
    "date" : "2025-07-14",
    "price" : 443.30,
    "dma50" : 458.06,
    "dma100" : 434.51,
    "dma200" : 472.32,
    "volume" : 833718.00
  }, {
    "date" : "2025-07-15",
    "price" : 451.80,
    "dma50" : 457.81,
    "dma100" : 434.88,
    "dma200" : 472.11,
    "volume" : 1341702.00
  }, {
    "date" : "2025-07-16",
    "price" : 455.85,
    "dma50" : 457.74,
    "dma100" : 435.25,
    "dma200" : 471.95,
    "volume" : 1061177.00
  }, {
    "date" : "2025-07-17",
    "price" : 456.30,
    "dma50" : 457.68,
    "dma100" : 435.72,
    "dma200" : 471.79,
    "volume" : 472968.00
  }, {
    "date" : "2025-07-18",
    "price" : 446.65,
    "dma50" : 457.25,
    "dma100" : 436.02,
    "dma200" : 471.54,
    "volume" : 1043034.00
  }, {
    "date" : "2025-07-21",
    "price" : 441.90,
    "dma50" : 456.65,
    "dma100" : 436.21,
    "dma200" : 471.25,
    "volume" : 842549.00
  }, {
    "date" : "2025-07-22",
    "price" : 422.95,
    "dma50" : 455.32,
    "dma100" : 436.31,
    "dma200" : 470.77,
    "volume" : 4012425.00
  }, {
    "date" : "2025-07-23",
    "price" : 427.00,
    "dma50" : 454.21,
    "dma100" : 436.52,
    "dma200" : 470.33,
    "volume" : 1787920.00
  }, {
    "date" : "2025-07-24",
    "price" : 433.70,
    "dma50" : 453.41,
    "dma100" : 436.83,
    "dma200" : 469.97,
    "volume" : 1675389.00
  }, {
    "date" : "2025-07-25",
    "price" : 430.25,
    "dma50" : 452.50,
    "dma100" : 437.18,
    "dma200" : 469.57,
    "volume" : 1544773.00
  }, {
    "date" : "2025-07-28",
    "price" : 428.50,
    "dma50" : 451.56,
    "dma100" : 437.70,
    "dma200" : 469.16,
    "volume" : 949871.00
  }, {
    "date" : "2025-07-29",
    "price" : 442.10,
    "dma50" : 451.19,
    "dma100" : 438.31,
    "dma200" : 468.90,
    "volume" : 2271837.00
  }, {
    "date" : "2025-07-30",
    "price" : 445.50,
    "dma50" : 450.97,
    "dma100" : 438.94,
    "dma200" : 468.66,
    "volume" : 1774753.00
  }, {
    "date" : "2025-07-31",
    "price" : 420.05,
    "dma50" : 449.75,
    "dma100" : 439.12,
    "dma200" : 468.18,
    "volume" : 7549950.00
  }, {
    "date" : "2025-08-01",
    "price" : 406.35,
    "dma50" : 448.05,
    "dma100" : 439.08,
    "dma200" : 467.56,
    "volume" : 3075435.00
  }, {
    "date" : "2025-08-04",
    "price" : 395.10,
    "dma50" : 445.97,
    "dma100" : 438.97,
    "dma200" : 466.84,
    "volume" : 2808967.00
  }, {
    "date" : "2025-08-05",
    "price" : 383.60,
    "dma50" : 443.53,
    "dma100" : 438.89,
    "dma200" : 466.01,
    "volume" : 2225459.00
  }, {
    "date" : "2025-08-06",
    "price" : 386.10,
    "dma50" : 441.28,
    "dma100" : 438.83,
    "dma200" : 465.22,
    "volume" : 1853217.00
  }, {
    "date" : "2025-08-07",
    "price" : 378.45,
    "dma50" : 438.81,
    "dma100" : 438.69,
    "dma200" : 464.36,
    "volume" : 2231081.00
  }, {
    "date" : "2025-08-08",
    "price" : 375.10,
    "dma50" : 436.31,
    "dma100" : 438.62,
    "dma200" : 463.47,
    "volume" : 827662.00
  }, {
    "date" : "2025-08-11",
    "price" : 374.90,
    "dma50" : 433.91,
    "dma100" : 438.52,
    "dma200" : 462.59,
    "volume" : 1222968.00
  }, {
    "date" : "2025-08-12",
    "price" : 372.05,
    "dma50" : 431.48,
    "dma100" : 438.35,
    "dma200" : 461.69,
    "volume" : 1294494.00
  }, {
    "date" : "2025-08-13",
    "price" : 382.75,
    "dma50" : 429.57,
    "dma100" : 438.19,
    "dma200" : 460.90,
    "volume" : 2111285.00
  }, {
    "date" : "2025-08-14",
    "price" : 376.10,
    "dma50" : 427.47,
    "dma100" : 437.96,
    "dma200" : 460.06,
    "volume" : 565264.00
  }, {
    "date" : "2025-08-18",
    "price" : 383.75,
    "dma50" : 425.76,
    "dma100" : 437.72,
    "dma200" : 459.30,
    "volume" : 813290.00
  }, {
    "date" : "2025-08-19",
    "price" : 389.45,
    "dma50" : 424.33,
    "dma100" : 437.53,
    "dma200" : 458.60,
    "volume" : 603221.00
  }, {
    "date" : "2025-08-20",
    "price" : 393.90,
    "dma50" : 423.14,
    "dma100" : 437.49,
    "dma200" : 457.96,
    "volume" : 807317.00
  }, {
    "date" : "2025-08-21",
    "price" : 381.90,
    "dma50" : 421.52,
    "dma100" : 437.42,
    "dma200" : 457.20,
    "volume" : 903120.00
  }, {
    "date" : "2025-08-22",
    "price" : 382.30,
    "dma50" : 419.98,
    "dma100" : 437.28,
    "dma200" : 456.46,
    "volume" : 470751.00
  }, {
    "date" : "2025-08-25",
    "price" : 388.55,
    "dma50" : 418.75,
    "dma100" : 437.26,
    "dma200" : 455.78,
    "volume" : 505308.00
  }, {
    "date" : "2025-08-26",
    "price" : 386.00,
    "dma50" : 417.47,
    "dma100" : 437.21,
    "dma200" : 455.09,
    "volume" : 1029185.00
  }, {
    "date" : "2025-08-28",
    "price" : 376.95,
    "dma50" : 415.88,
    "dma100" : 436.97,
    "dma200" : 454.31,
    "volume" : 673351.00
  }, {
    "date" : "2025-08-29",
    "price" : 376.10,
    "dma50" : 414.32,
    "dma100" : 436.75,
    "dma200" : 453.53,
    "volume" : 414941.00
  }, {
    "date" : "2025-09-01",
    "price" : 377.60,
    "dma50" : 412.88,
    "dma100" : 436.78,
    "dma200" : 452.77,
    "volume" : 370357.00
  }, {
    "date" : "2025-09-02",
    "price" : 383.05,
    "dma50" : 411.71,
    "dma100" : 437.06,
    "dma200" : 452.08,
    "volume" : 497424.00
  }, {
    "date" : "2025-09-03",
    "price" : 385.45,
    "dma50" : 410.68,
    "dma100" : 437.28,
    "dma200" : 451.42,
    "volume" : 685858.00
  }, {
    "date" : "2025-09-04",
    "price" : 380.80,
    "dma50" : 409.51,
    "dma100" : 437.51,
    "dma200" : 450.72,
    "volume" : 505326.00
  }, {
    "date" : "2025-09-05",
    "price" : 376.55,
    "dma50" : 408.22,
    "dma100" : 437.44,
    "dma200" : 449.98,
    "volume" : 528441.00
  }, {
    "date" : "2025-09-08",
    "price" : 389.45,
    "dma50" : 407.48,
    "dma100" : 437.36,
    "dma200" : 449.38,
    "volume" : 1263017.00
  }, {
    "date" : "2025-09-09",
    "price" : 388.00,
    "dma50" : 406.72,
    "dma100" : 437.19,
    "dma200" : 448.76,
    "volume" : 360757.00
  }, {
    "date" : "2025-09-10",
    "price" : 388.90,
    "dma50" : 406.02,
    "dma100" : 437.09,
    "dma200" : 448.17,
    "volume" : 712766.00
  }, {
    "date" : "2025-09-11",
    "price" : 391.75,
    "dma50" : 405.46,
    "dma100" : 436.79,
    "dma200" : 447.61,
    "volume" : 983396.00
  }, {
    "date" : "2025-09-12",
    "price" : 389.40,
    "dma50" : 404.83,
    "dma100" : 436.34,
    "dma200" : 447.03,
    "volume" : 890451.00
  }, {
    "date" : "2025-09-15",
    "price" : 388.90,
    "dma50" : 404.20,
    "dma100" : 435.90,
    "dma200" : 446.45,
    "volume" : 711881.00
  }, {
    "date" : "2025-09-16",
    "price" : 390.60,
    "dma50" : 403.67,
    "dma100" : 435.38,
    "dma200" : 445.89,
    "volume" : 367481.00
  }, {
    "date" : "2025-09-17",
    "price" : 390.20,
    "dma50" : 403.14,
    "dma100" : 434.99,
    "dma200" : 445.34,
    "volume" : 955511.00
  }, {
    "date" : "2025-09-18",
    "price" : 390.90,
    "dma50" : 402.66,
    "dma100" : 434.57,
    "dma200" : 444.80,
    "volume" : 440488.00
  }, {
    "date" : "2025-09-19",
    "price" : 393.20,
    "dma50" : 402.29,
    "dma100" : 434.19,
    "dma200" : 444.28,
    "volume" : 625123.00
  }, {
    "date" : "2025-09-22",
    "price" : 389.60,
    "dma50" : 401.79,
    "dma100" : 433.87,
    "dma200" : 443.74,
    "volume" : 572299.00
  }, {
    "date" : "2025-09-23",
    "price" : 386.55,
    "dma50" : 401.19,
    "dma100" : 433.47,
    "dma200" : 443.17,
    "volume" : 461774.00
  }, {
    "date" : "2025-09-24",
    "price" : 383.35,
    "dma50" : 400.50,
    "dma100" : 432.80,
    "dma200" : 442.58,
    "volume" : 439091.00
  }, {
    "date" : "2025-09-25",
    "price" : 380.40,
    "dma50" : 399.71,
    "dma100" : 432.25,
    "dma200" : 441.96,
    "volume" : 360145.00
  }, {
    "date" : "2025-09-26",
    "price" : 374.60,
    "dma50" : 398.72,
    "dma100" : 431.42,
    "dma200" : 441.29,
    "volume" : 536198.00
  }, {
    "date" : "2025-09-29",
    "price" : 372.85,
    "dma50" : 397.71,
    "dma100" : 430.66,
    "dma200" : 440.61,
    "volume" : 452885.00
  }, {
    "date" : "2025-09-30",
    "price" : 374.90,
    "dma50" : 396.81,
    "dma100" : 429.89,
    "dma200" : 439.95,
    "volume" : 217503.00
  }, {
    "date" : "2025-10-01",
    "price" : 379.60,
    "dma50" : 396.14,
    "dma100" : 429.00,
    "dma200" : 439.35,
    "volume" : 324864.00
  }, {
    "date" : "2025-10-03",
    "price" : 380.60,
    "dma50" : 395.53,
    "dma100" : 428.14,
    "dma200" : 438.77,
    "volume" : 313990.00
  }, {
    "date" : "2025-10-06",
    "price" : 377.45,
    "dma50" : 394.82,
    "dma100" : 427.27,
    "dma200" : 438.16,
    "volume" : 322866.00
  }, {
    "date" : "2025-10-07",
    "price" : 377.35,
    "dma50" : 394.13,
    "dma100" : 426.41,
    "dma200" : 437.55,
    "volume" : 340790.00
  }, {
    "date" : "2025-10-08",
    "price" : 375.25,
    "dma50" : 393.39,
    "dma100" : 425.41,
    "dma200" : 436.93,
    "volume" : 350898.00
  }, {
    "date" : "2025-10-09",
    "price" : 380.50,
    "dma50" : 392.89,
    "dma100" : 424.35,
    "dma200" : 436.37,
    "volume" : 400251.00
  }, {
    "date" : "2025-10-10",
    "price" : 378.00,
    "dma50" : 392.30,
    "dma100" : 423.41,
    "dma200" : 435.79,
    "volume" : 366426.00
  }, {
    "date" : "2025-10-13",
    "price" : 381.80,
    "dma50" : 391.89,
    "dma100" : 422.54,
    "dma200" : 435.25,
    "volume" : 685513.00
  }, {
    "date" : "2025-10-14",
    "price" : 375.00,
    "dma50" : 391.23,
    "dma100" : 421.60,
    "dma200" : 434.65,
    "volume" : 420763.00
  }, {
    "date" : "2025-10-15",
    "price" : 371.80,
    "dma50" : 390.47,
    "dma100" : 420.63,
    "dma200" : 434.03,
    "volume" : 516284.00
  }, {
    "date" : "2025-10-16",
    "price" : 376.55,
    "dma50" : 389.92,
    "dma100" : 419.71,
    "dma200" : 433.46,
    "volume" : 483902.00
  }, {
    "date" : "2025-10-17",
    "price" : 374.80,
    "dma50" : 389.33,
    "dma100" : 418.67,
    "dma200" : 432.87,
    "volume" : 511318.00
  }, {
    "date" : "2025-10-20",
    "price" : 372.65,
    "dma50" : 388.68,
    "dma100" : 417.61,
    "dma200" : 432.27,
    "volume" : 313912.00
  }, {
    "date" : "2025-10-21",
    "price" : 375.10,
    "dma50" : 388.14,
    "dma100" : 416.56,
    "dma200" : 431.70,
    "volume" : 84298.00
  }, {
    "date" : "2025-10-23",
    "price" : 379.30,
    "dma50" : 387.80,
    "dma100" : 415.66,
    "dma200" : 431.18,
    "volume" : 588005.00
  }, {
    "date" : "2025-10-24",
    "price" : 381.70,
    "dma50" : 387.56,
    "dma100" : 414.77,
    "dma200" : 430.69,
    "volume" : 399307.00
  }, {
    "date" : "2025-10-27",
    "price" : 380.45,
    "dma50" : 387.28,
    "dma100" : 413.87,
    "dma200" : 430.19,
    "volume" : 359648.00
  }, {
    "date" : "2025-10-28",
    "price" : 377.90,
    "dma50" : 386.91,
    "dma100" : 412.84,
    "dma200" : 429.67,
    "volume" : 291766.00
  }, {
    "date" : "2025-10-29",
    "price" : 385.85,
    "dma50" : 386.87,
    "dma100" : 411.88,
    "dma200" : 429.23,
    "volume" : 592646.00
  }, {
    "date" : "2025-10-30",
    "price" : 382.80,
    "dma50" : 386.71,
    "dma100" : 410.94,
    "dma200" : 428.77,
    "volume" : 361784.00
  }, {
    "date" : "2025-10-31",
    "price" : 379.95,
    "dma50" : 386.44,
    "dma100" : 409.90,
    "dma200" : 428.29,
    "volume" : 328993.00
  }, {
    "date" : "2025-11-03",
    "price" : 388.65,
    "dma50" : 386.53,
    "dma100" : 408.97,
    "dma200" : 427.89,
    "volume" : 880295.00
  }, {
    "date" : "2025-11-04",
    "price" : 385.10,
    "dma50" : 386.47,
    "dma100" : 408.04,
    "dma200" : 427.47,
    "volume" : 417425.00
  }, {
    "date" : "2025-11-06",
    "price" : 390.50,
    "dma50" : 386.63,
    "dma100" : 407.24,
    "dma200" : 427.10,
    "volume" : 1071041.00
  }, {
    "date" : "2025-11-07",
    "price" : 391.80,
    "dma50" : 386.84,
    "dma100" : 406.54,
    "dma200" : 426.75,
    "volume" : 21194434.00
  }, {
    "date" : "2025-11-10",
    "price" : 392.65,
    "dma50" : 387.06,
    "dma100" : 405.84,
    "dma200" : 426.41,
    "volume" : 1620811.00
  }, {
    "date" : "2025-11-11",
    "price" : 386.55,
    "dma50" : 387.04,
    "dma100" : 405.15,
    "dma200" : 426.01,
    "volume" : 921148.00
  }, {
    "date" : "2025-11-12",
    "price" : 397.10,
    "dma50" : 387.44,
    "dma100" : 404.62,
    "dma200" : 425.72,
    "volume" : 1012506.00
  }, {
    "date" : "2025-11-13",
    "price" : 393.30,
    "dma50" : 387.67,
    "dma100" : 404.18,
    "dma200" : 425.40,
    "volume" : 589572.00
  }, {
    "date" : "2025-11-14",
    "price" : 393.00,
    "dma50" : 387.88,
    "dma100" : 403.69,
    "dma200" : 425.08,
    "volume" : 393910.00
  }, {
    "date" : "2025-11-17",
    "price" : 395.30,
    "dma50" : 388.17,
    "dma100" : 403.19,
    "dma200" : 424.78,
    "volume" : 716839.00
  }, {
    "date" : "2025-11-18",
    "price" : 389.80,
    "dma50" : 388.23,
    "dma100" : 402.55,
    "dma200" : 424.43,
    "volume" : 430545.00
  }, {
    "date" : "2025-11-19",
    "price" : 390.20,
    "dma50" : 388.31,
    "dma100" : 401.75,
    "dma200" : 424.09,
    "volume" : 344525.00
  }, {
    "date" : "2025-11-20",
    "price" : 386.85,
    "dma50" : 388.25,
    "dma100" : 400.86,
    "dma200" : 423.72,
    "volume" : 398628.00
  }, {
    "date" : "2025-11-21",
    "price" : 384.75,
    "dma50" : 388.11,
    "dma100" : 399.91,
    "dma200" : 423.34,
    "volume" : 466638.00
  }, {
    "date" : "2025-11-24",
    "price" : 380.80,
    "dma50" : 387.83,
    "dma100" : 398.92,
    "dma200" : 422.91,
    "volume" : 430854.00
  }, {
    "date" : "2025-11-25",
    "price" : 379.75,
    "dma50" : 387.51,
    "dma100" : 397.88,
    "dma200" : 422.48,
    "volume" : 399882.00
  }, {
    "date" : "2025-11-26",
    "price" : 377.95,
    "dma50" : 387.14,
    "dma100" : 396.81,
    "dma200" : 422.04,
    "volume" : 360292.00
  }, {
    "date" : "2025-11-27",
    "price" : 380.80,
    "dma50" : 386.89,
    "dma100" : 395.83,
    "dma200" : 421.63,
    "volume" : 326595.00
  }, {
    "date" : "2025-11-28",
    "price" : 382.30,
    "dma50" : 386.71,
    "dma100" : 394.88,
    "dma200" : 421.24,
    "volume" : 351833.00
  }, {
    "date" : "2025-12-01",
    "price" : 380.45,
    "dma50" : 386.46,
    "dma100" : 394.02,
    "dma200" : 420.83,
    "volume" : 383558.00
  }, {
    "date" : "2025-12-02",
    "price" : 377.10,
    "dma50" : 386.09,
    "dma100" : 393.18,
    "dma200" : 420.40,
    "volume" : 381984.00
  }, {
    "date" : "2025-12-03",
    "price" : 370.05,
    "dma50" : 385.47,
    "dma100" : 392.30,
    "dma200" : 419.90,
    "volume" : 589748.00
  }, {
    "date" : "2025-12-04",
    "price" : 369.65,
    "dma50" : 384.85,
    "dma100" : 391.52,
    "dma200" : 419.40,
    "volume" : 984197.00
  }, {
    "date" : "2025-12-05",
    "price" : 363.05,
    "dma50" : 383.99,
    "dma100" : 390.74,
    "dma200" : 418.84,
    "volume" : 535791.00
  }, {
    "date" : "2025-12-08",
    "price" : 351.15,
    "dma50" : 382.70,
    "dma100" : 389.82,
    "dma200" : 418.16,
    "volume" : 783154.00
  }, {
    "date" : "2025-12-09",
    "price" : 349.70,
    "dma50" : 381.41,
    "dma100" : 388.80,
    "dma200" : 417.48,
    "volume" : 955487.00
  }, {
    "date" : "2025-12-10",
    "price" : 353.80,
    "dma50" : 380.33,
    "dma100" : 387.78,
    "dma200" : 416.85,
    "volume" : 924637.00
  }, {
    "date" : "2025-12-11",
    "price" : 357.00,
    "dma50" : 379.41,
    "dma100" : 386.79,
    "dma200" : 416.25,
    "volume" : 332274.00
  }, {
    "date" : "2025-12-12",
    "price" : 356.95,
    "dma50" : 378.53,
    "dma100" : 385.89,
    "dma200" : 415.66,
    "volume" : 409178.00
  }, {
    "date" : "2025-12-15",
    "price" : 376.30,
    "dma50" : 378.44,
    "dma100" : 385.23,
    "dma200" : 415.27,
    "volume" : 10866371.00
  }, {
    "date" : "2025-12-16",
    "price" : 372.50,
    "dma50" : 378.21,
    "dma100" : 384.73,
    "dma200" : 414.84,
    "volume" : 657693.00
  }, {
    "date" : "2025-12-17",
    "price" : 367.55,
    "dma50" : 377.79,
    "dma100" : 384.13,
    "dma200" : 414.37,
    "volume" : 448229.00
  }, {
    "date" : "2025-12-18",
    "price" : 364.20,
    "dma50" : 377.26,
    "dma100" : 383.44,
    "dma200" : 413.87,
    "volume" : 399802.00
  }, {
    "date" : "2025-12-19",
    "price" : 369.80,
    "dma50" : 376.97,
    "dma100" : 382.83,
    "dma200" : 413.44,
    "volume" : 456185.00
  }, {
    "date" : "2025-12-22",
    "price" : 374.95,
    "dma50" : 376.89,
    "dma100" : 382.30,
    "dma200" : 413.05,
    "volume" : 457868.00
  }, {
    "date" : "2025-12-23",
    "price" : 383.40,
    "dma50" : 377.14,
    "dma100" : 381.71,
    "dma200" : 412.76,
    "volume" : 2079863.00
  }, {
    "date" : "2025-12-24",
    "price" : 379.70,
    "dma50" : 377.24,
    "dma100" : 381.05,
    "dma200" : 412.43,
    "volume" : 392955.00
  }, {
    "date" : "2025-12-26",
    "price" : 376.40,
    "dma50" : 377.21,
    "dma100" : 380.62,
    "dma200" : 412.07,
    "volume" : 306361.00
  } ],
  "latestTechnicalAttributes" : {
    "date" : "2025-12-26",
    "price" : 376.40,
    "dma50" : 377.21,
    "dma100" : 380.62,
    "dma200" : 412.07,
    "volume" : 306361.00
  },
  "quarterlyResults" : [ {
    "date" : "2005-03-31",
    "sales" : 181.45,
    "salesGrowthYoY" : null,
    "grossProfitMargin" : 49.32,
    "grossProfit" : 89.49,
    "operatingProfitMargin" : 10.37,
    "operatingProfit" : 18.82,
    "netProfitMargin" : 3.90,
    "netProfit" : 7.08
  }, {
    "date" : "2005-06-30",
    "sales" : 201.18,
    "salesGrowthYoY" : null,
    "grossProfitMargin" : 42.67,
    "grossProfit" : 85.84,
    "operatingProfitMargin" : 13.79,
    "operatingProfit" : 27.74,
    "netProfitMargin" : 8.16,
    "netProfit" : 16.42
  }, {
    "date" : "2005-09-30",
    "sales" : 183.20,
    "salesGrowthYoY" : null,
    "grossProfitMargin" : 50.34,
    "grossProfit" : 92.22,
    "operatingProfitMargin" : 14.70,
    "operatingProfit" : 26.93,
    "netProfitMargin" : 6.75,
    "netProfit" : 12.37
  }, {
    "date" : "2005-12-31",
    "sales" : 197.00,
    "salesGrowthYoY" : null,
    "grossProfitMargin" : 53.62,
    "grossProfit" : 105.63,
    "operatingProfitMargin" : 15.59,
    "operatingProfit" : 30.71,
    "netProfitMargin" : 7.66,
    "netProfit" : 15.09
  }, {
    "date" : "2006-03-31",
    "sales" : 204.80,
    "salesGrowthYoY" : 12.87,
    "grossProfitMargin" : 52.56,
    "grossProfit" : 107.64,
    "operatingProfitMargin" : 11.73,
    "operatingProfit" : 24.02,
    "netProfitMargin" : 2.53,
    "netProfit" : 5.18
  }, {
    "date" : "2006-06-30",
    "sales" : 199.16,
    "salesGrowthYoY" : -1.00,
    "grossProfitMargin" : 45.59,
    "grossProfit" : 90.80,
    "operatingProfitMargin" : 12.54,
    "operatingProfit" : 24.97,
    "netProfitMargin" : 5.35,
    "netProfit" : 10.66
  }, {
    "date" : "2006-09-30",
    "sales" : 186.46,
    "salesGrowthYoY" : 1.78,
    "grossProfitMargin" : 36.86,
    "grossProfit" : 68.73,
    "operatingProfitMargin" : 11.24,
    "operatingProfit" : 20.96,
    "netProfitMargin" : 2.80,
    "netProfit" : 5.22
  }, {
    "date" : "2006-12-31",
    "sales" : 176.13,
    "salesGrowthYoY" : -10.59,
    "grossProfitMargin" : 36.26,
    "grossProfit" : 63.86,
    "operatingProfitMargin" : 10.76,
    "operatingProfit" : 18.95,
    "netProfitMargin" : 2.36,
    "netProfit" : 4.16
  }, {
    "date" : "2007-03-31",
    "sales" : 185.02,
    "salesGrowthYoY" : -9.66,
    "grossProfitMargin" : 38.59,
    "grossProfit" : 71.40,
    "operatingProfitMargin" : 9.90,
    "operatingProfit" : 18.32,
    "netProfitMargin" : 3.33,
    "netProfit" : 6.16
  }, {
    "date" : "2007-06-30",
    "sales" : 181.92,
    "salesGrowthYoY" : -8.66,
    "grossProfitMargin" : 39.90,
    "grossProfit" : 72.59,
    "operatingProfitMargin" : 11.35,
    "operatingProfit" : 20.65,
    "netProfitMargin" : 2.87,
    "netProfit" : 5.22
  }, {
    "date" : "2007-09-30",
    "sales" : 184.91,
    "salesGrowthYoY" : -0.83,
    "grossProfitMargin" : 44.55,
    "grossProfit" : 82.38,
    "operatingProfitMargin" : 12.95,
    "operatingProfit" : 23.95,
    "netProfitMargin" : 3.94,
    "netProfit" : 7.29
  }, {
    "date" : "2007-12-31",
    "sales" : 253.69,
    "salesGrowthYoY" : 44.04,
    "grossProfitMargin" : 37.62,
    "grossProfit" : 95.44,
    "operatingProfitMargin" : 14.28,
    "operatingProfit" : 36.23,
    "netProfitMargin" : 5.46,
    "netProfit" : 13.85
  }, {
    "date" : "2008-03-31",
    "sales" : 275.81,
    "salesGrowthYoY" : 49.07,
    "grossProfitMargin" : 40.37,
    "grossProfit" : 111.34,
    "operatingProfitMargin" : 13.52,
    "operatingProfit" : 37.29,
    "netProfitMargin" : 3.74,
    "netProfit" : 10.32
  }, {
    "date" : "2008-06-30",
    "sales" : 337.73,
    "salesGrowthYoY" : 85.65,
    "grossProfitMargin" : 42.63,
    "grossProfit" : 143.97,
    "operatingProfitMargin" : 19.57,
    "operatingProfit" : 66.09,
    "netProfitMargin" : 9.84,
    "netProfit" : 33.23
  }, {
    "date" : "2008-09-30",
    "sales" : 401.35,
    "salesGrowthYoY" : 117.05,
    "grossProfitMargin" : 40.69,
    "grossProfit" : 163.31,
    "operatingProfitMargin" : 17.92,
    "operatingProfit" : 71.92,
    "netProfitMargin" : 8.52,
    "netProfit" : 34.20
  }, {
    "date" : "2008-12-31",
    "sales" : 323.06,
    "salesGrowthYoY" : 27.34,
    "grossProfitMargin" : 38.26,
    "grossProfit" : 123.60,
    "operatingProfitMargin" : 12.83,
    "operatingProfit" : 41.45,
    "netProfitMargin" : 2.12,
    "netProfit" : 6.85
  }, {
    "date" : "2009-03-31",
    "sales" : 279.28,
    "salesGrowthYoY" : 1.26,
    "grossProfitMargin" : 47.38,
    "grossProfit" : 132.32,
    "operatingProfitMargin" : 17.48,
    "operatingProfit" : 48.82,
    "netProfitMargin" : 2.29,
    "netProfit" : 6.40
  }, {
    "date" : "2009-06-30",
    "sales" : 273.86,
    "salesGrowthYoY" : -18.91,
    "grossProfitMargin" : 48.13,
    "grossProfit" : 131.81,
    "operatingProfitMargin" : 20.29,
    "operatingProfit" : 55.57,
    "netProfitMargin" : 8.50,
    "netProfit" : 23.28
  }, {
    "date" : "2009-09-30",
    "sales" : 309.56,
    "salesGrowthYoY" : -22.87,
    "grossProfitMargin" : 45.26,
    "grossProfit" : 140.11,
    "operatingProfitMargin" : 16.38,
    "operatingProfit" : 50.71,
    "netProfitMargin" : 5.76,
    "netProfit" : 17.83
  }, {
    "date" : "2009-12-31",
    "sales" : 322.68,
    "salesGrowthYoY" : -0.12,
    "grossProfitMargin" : 38.90,
    "grossProfit" : 125.52,
    "operatingProfitMargin" : 12.40,
    "operatingProfit" : 40.01,
    "netProfitMargin" : 3.46,
    "netProfit" : 11.16
  }, {
    "date" : "2010-03-31",
    "sales" : 356.70,
    "salesGrowthYoY" : 27.72,
    "grossProfitMargin" : 41.65,
    "grossProfit" : 148.57,
    "operatingProfitMargin" : 14.16,
    "operatingProfit" : 50.51,
    "netProfitMargin" : 4.73,
    "netProfit" : 16.87
  }, {
    "date" : "2010-06-30",
    "sales" : 358.53,
    "salesGrowthYoY" : 30.92,
    "grossProfitMargin" : 39.82,
    "grossProfit" : 142.77,
    "operatingProfitMargin" : 14.99,
    "operatingProfit" : 53.74,
    "netProfitMargin" : 5.59,
    "netProfit" : 20.04
  }, {
    "date" : "2010-09-30",
    "sales" : 325.93,
    "salesGrowthYoY" : 5.29,
    "grossProfitMargin" : 41.63,
    "grossProfit" : 135.68,
    "operatingProfitMargin" : 12.57,
    "operatingProfit" : 40.97,
    "netProfitMargin" : 3.46,
    "netProfit" : 11.28
  }, {
    "date" : "2010-12-31",
    "sales" : 333.43,
    "salesGrowthYoY" : 3.33,
    "grossProfitMargin" : 41.96,
    "grossProfit" : 139.91,
    "operatingProfitMargin" : 13.12,
    "operatingProfit" : 43.75,
    "netProfitMargin" : 3.96,
    "netProfit" : 13.20
  }, {
    "date" : "2011-03-31",
    "sales" : 435.44,
    "salesGrowthYoY" : 22.07,
    "grossProfitMargin" : 39.29,
    "grossProfit" : 171.08,
    "operatingProfitMargin" : 12.64,
    "operatingProfit" : 55.04,
    "netProfitMargin" : 5.12,
    "netProfit" : 22.29
  }, {
    "date" : "2011-06-30",
    "sales" : 389.56,
    "salesGrowthYoY" : 8.65,
    "grossProfitMargin" : 40.21,
    "grossProfit" : 156.64,
    "operatingProfitMargin" : 13.85,
    "operatingProfit" : 53.95,
    "netProfitMargin" : 4.64,
    "netProfit" : 18.08
  }, {
    "date" : "2011-09-30",
    "sales" : 398.97,
    "salesGrowthYoY" : 22.41,
    "grossProfitMargin" : 33.28,
    "grossProfit" : 132.78,
    "operatingProfitMargin" : 13.43,
    "operatingProfit" : 53.58,
    "netProfitMargin" : 4.48,
    "netProfit" : 17.87
  }, {
    "date" : "2011-12-31",
    "sales" : 418.01,
    "salesGrowthYoY" : 25.37,
    "grossProfitMargin" : 37.04,
    "grossProfit" : 154.83,
    "operatingProfitMargin" : 15.71,
    "operatingProfit" : 65.67,
    "netProfitMargin" : 5.50,
    "netProfit" : 22.99
  }, {
    "date" : "2012-03-31",
    "sales" : 466.77,
    "salesGrowthYoY" : 7.20,
    "grossProfitMargin" : 42.01,
    "grossProfit" : 196.09,
    "operatingProfitMargin" : 15.31,
    "operatingProfit" : 71.46,
    "netProfitMargin" : 6.05,
    "netProfit" : 28.24
  }, {
    "date" : "2012-06-30",
    "sales" : 448.89,
    "salesGrowthYoY" : 15.23,
    "grossProfitMargin" : 33.21,
    "grossProfit" : 149.08,
    "operatingProfitMargin" : 15.17,
    "operatingProfit" : 68.10,
    "netProfitMargin" : 5.58,
    "netProfit" : 25.05
  }, {
    "date" : "2012-09-30",
    "sales" : 469.62,
    "salesGrowthYoY" : 17.71,
    "grossProfitMargin" : 35.56,
    "grossProfit" : 167.00,
    "operatingProfitMargin" : 15.74,
    "operatingProfit" : 73.92,
    "netProfitMargin" : 6.02,
    "netProfit" : 28.27
  }, {
    "date" : "2012-12-31",
    "sales" : 459.36,
    "salesGrowthYoY" : 9.89,
    "grossProfitMargin" : 35.56,
    "grossProfit" : 163.35,
    "operatingProfitMargin" : 14.62,
    "operatingProfit" : 67.16,
    "netProfitMargin" : 4.75,
    "netProfit" : 21.82
  }, {
    "date" : "2013-03-31",
    "sales" : 594.72,
    "salesGrowthYoY" : 27.41,
    "grossProfitMargin" : 37.64,
    "grossProfit" : 223.85,
    "operatingProfitMargin" : 15.61,
    "operatingProfit" : 92.84,
    "netProfitMargin" : 6.48,
    "netProfit" : 38.54
  }, {
    "date" : "2013-06-30",
    "sales" : 593.64,
    "salesGrowthYoY" : 32.25,
    "grossProfitMargin" : 33.86,
    "grossProfit" : 201.01,
    "operatingProfitMargin" : 12.84,
    "operatingProfit" : 76.22,
    "netProfitMargin" : 3.80,
    "netProfit" : 22.56
  }, {
    "date" : "2013-09-30",
    "sales" : 645.35,
    "salesGrowthYoY" : 37.42,
    "grossProfitMargin" : 37.30,
    "grossProfit" : 240.72,
    "operatingProfitMargin" : 16.43,
    "operatingProfit" : 106.03,
    "netProfitMargin" : 6.56,
    "netProfit" : 42.33
  }, {
    "date" : "2013-12-31",
    "sales" : 649.64,
    "salesGrowthYoY" : 41.42,
    "grossProfitMargin" : 37.15,
    "grossProfit" : 241.34,
    "operatingProfitMargin" : 16.57,
    "operatingProfit" : 107.65,
    "netProfitMargin" : 5.69,
    "netProfit" : 36.96
  }, {
    "date" : "2014-03-31",
    "sales" : 744.14,
    "salesGrowthYoY" : 25.12,
    "grossProfitMargin" : 35.50,
    "grossProfit" : 264.17,
    "operatingProfitMargin" : 14.19,
    "operatingProfit" : 105.59,
    "netProfitMargin" : 6.29,
    "netProfit" : 46.81
  }, {
    "date" : "2014-06-30",
    "sales" : 739.77,
    "salesGrowthYoY" : 24.62,
    "grossProfitMargin" : 34.76,
    "grossProfit" : 257.14,
    "operatingProfitMargin" : 15.27,
    "operatingProfit" : 112.96,
    "netProfitMargin" : 5.60,
    "netProfit" : 41.43
  }, {
    "date" : "2014-09-30",
    "sales" : 761.16,
    "salesGrowthYoY" : 17.95,
    "grossProfitMargin" : 35.93,
    "grossProfit" : 273.48,
    "operatingProfitMargin" : 16.03,
    "operatingProfit" : 122.01,
    "netProfitMargin" : 6.66,
    "netProfit" : 50.69
  }, {
    "date" : "2014-12-31",
    "sales" : 692.24,
    "salesGrowthYoY" : 6.56,
    "grossProfitMargin" : 37.85,
    "grossProfit" : 262.01,
    "operatingProfitMargin" : 14.88,
    "operatingProfit" : 103.01,
    "netProfitMargin" : 6.20,
    "netProfit" : 42.92
  }, {
    "date" : "2015-03-31",
    "sales" : 677.48,
    "salesGrowthYoY" : -8.96,
    "grossProfitMargin" : 41.71,
    "grossProfit" : 282.58,
    "operatingProfitMargin" : 17.50,
    "operatingProfit" : 118.56,
    "netProfitMargin" : 7.40,
    "netProfit" : 50.13
  }, {
    "date" : "2015-06-30",
    "sales" : 676.03,
    "salesGrowthYoY" : -8.62,
    "grossProfitMargin" : 41.33,
    "grossProfit" : 279.40,
    "operatingProfitMargin" : 19.48,
    "operatingProfit" : 131.69,
    "netProfitMargin" : 9.01,
    "netProfit" : 60.91
  }, {
    "date" : "2015-09-30",
    "sales" : 709.98,
    "salesGrowthYoY" : -6.72,
    "grossProfitMargin" : 40.74,
    "grossProfit" : 289.25,
    "operatingProfitMargin" : 18.55,
    "operatingProfit" : 131.70,
    "netProfitMargin" : 8.62,
    "netProfit" : 61.20
  }, {
    "date" : "2015-12-31",
    "sales" : 744.90,
    "salesGrowthYoY" : 7.61,
    "grossProfitMargin" : 39.59,
    "grossProfit" : 294.91,
    "operatingProfitMargin" : 17.45,
    "operatingProfit" : 129.99,
    "netProfitMargin" : 8.15,
    "netProfit" : 60.71
  }, {
    "date" : "2016-03-31",
    "sales" : 743.76,
    "salesGrowthYoY" : 9.78,
    "grossProfitMargin" : 42.31,
    "grossProfit" : 314.68,
    "operatingProfitMargin" : 18.39,
    "operatingProfit" : 136.78,
    "netProfitMargin" : 9.36,
    "netProfit" : 69.62
  }, {
    "date" : "2016-06-30",
    "sales" : 735.40,
    "salesGrowthYoY" : 8.78,
    "grossProfitMargin" : 43.60,
    "grossProfit" : 320.63,
    "operatingProfitMargin" : 21.03,
    "operatingProfit" : 154.65,
    "netProfitMargin" : 11.22,
    "netProfit" : 82.51
  }, {
    "date" : "2016-09-30",
    "sales" : 710.25,
    "salesGrowthYoY" : 0.04,
    "grossProfitMargin" : 47.07,
    "grossProfit" : 334.31,
    "operatingProfitMargin" : 21.25,
    "operatingProfit" : 150.93,
    "netProfitMargin" : 10.70,
    "netProfit" : 76.00
  }, {
    "date" : "2016-12-31",
    "sales" : 770.23,
    "salesGrowthYoY" : 3.40,
    "grossProfitMargin" : 44.73,
    "grossProfit" : 344.52,
    "operatingProfitMargin" : 19.50,
    "operatingProfit" : 150.19,
    "netProfitMargin" : 9.59,
    "netProfit" : 73.87
  }, {
    "date" : "2017-03-31",
    "sales" : 834.35,
    "salesGrowthYoY" : 12.18,
    "grossProfitMargin" : 42.01,
    "grossProfit" : 350.51,
    "operatingProfitMargin" : 18.29,
    "operatingProfit" : 152.60,
    "netProfitMargin" : 8.91,
    "netProfit" : 74.34
  }, {
    "date" : "2017-06-30",
    "sales" : 791.81,
    "salesGrowthYoY" : 7.67,
    "grossProfitMargin" : 44.17,
    "grossProfit" : 349.74,
    "operatingProfitMargin" : 17.48,
    "operatingProfit" : 138.41,
    "netProfitMargin" : 7.96,
    "netProfit" : 63.03
  }, {
    "date" : "2017-09-30",
    "sales" : 887.89,
    "salesGrowthYoY" : 25.01,
    "grossProfitMargin" : 41.18,
    "grossProfit" : 365.63,
    "operatingProfitMargin" : 18.05,
    "operatingProfit" : 160.26,
    "netProfitMargin" : 8.84,
    "netProfit" : 78.49
  }, {
    "date" : "2017-12-31",
    "sales" : 990.22,
    "salesGrowthYoY" : 28.56,
    "grossProfitMargin" : 41.69,
    "grossProfit" : 412.82,
    "operatingProfitMargin" : 17.96,
    "operatingProfit" : 177.84,
    "netProfitMargin" : 9.11,
    "netProfit" : 90.21
  }, {
    "date" : "2018-03-31",
    "sales" : 1029.39,
    "salesGrowthYoY" : 23.38,
    "grossProfitMargin" : 41.01,
    "grossProfit" : 422.15,
    "operatingProfitMargin" : 17.51,
    "operatingProfit" : 180.25,
    "netProfitMargin" : 8.23,
    "netProfit" : 84.72
  }, {
    "date" : "2018-06-30",
    "sales" : 1078.48,
    "salesGrowthYoY" : 36.20,
    "grossProfitMargin" : 38.84,
    "grossProfit" : 418.88,
    "operatingProfitMargin" : 17.42,
    "operatingProfit" : 187.87,
    "netProfitMargin" : 8.28,
    "netProfit" : 89.30
  }, {
    "date" : "2018-09-30",
    "sales" : 1299.52,
    "salesGrowthYoY" : 46.36,
    "grossProfitMargin" : 38.88,
    "grossProfit" : 505.25,
    "operatingProfitMargin" : 18.63,
    "operatingProfit" : 242.10,
    "netProfitMargin" : 9.46,
    "netProfit" : 122.93
  }, {
    "date" : "2018-12-31",
    "sales" : 1268.15,
    "salesGrowthYoY" : 28.07,
    "grossProfitMargin" : 41.11,
    "grossProfit" : 521.34,
    "operatingProfitMargin" : 19.47,
    "operatingProfit" : 246.91,
    "netProfitMargin" : 10.46,
    "netProfit" : 132.65
  }, {
    "date" : "2019-03-31",
    "sales" : 1211.44,
    "salesGrowthYoY" : 17.69,
    "grossProfitMargin" : 42.85,
    "grossProfit" : 519.10,
    "operatingProfitMargin" : 19.56,
    "operatingProfit" : 236.96,
    "netProfitMargin" : 10.27,
    "netProfit" : 124.41
  }, {
    "date" : "2019-06-30",
    "sales" : 992.25,
    "salesGrowthYoY" : -8.00,
    "grossProfitMargin" : 50.84,
    "grossProfit" : 504.46,
    "operatingProfitMargin" : 23.88,
    "operatingProfit" : 236.95,
    "netProfitMargin" : 13.84,
    "netProfit" : 137.33
  }, {
    "date" : "2019-09-30",
    "sales" : 936.32,
    "salesGrowthYoY" : -27.95,
    "grossProfitMargin" : 53.21,
    "grossProfit" : 498.22,
    "operatingProfitMargin" : 25.48,
    "operatingProfit" : 238.57,
    "netProfitMargin" : 15.19,
    "netProfit" : 142.23
  }, {
    "date" : "2019-12-31",
    "sales" : 1045.88,
    "salesGrowthYoY" : -17.53,
    "grossProfitMargin" : 50.63,
    "grossProfit" : 529.53,
    "operatingProfitMargin" : 23.21,
    "operatingProfit" : 242.75,
    "netProfitMargin" : 13.08,
    "netProfit" : 136.80
  }, {
    "date" : "2020-03-31",
    "sales" : 1019.96,
    "salesGrowthYoY" : -15.81,
    "grossProfitMargin" : 48.52,
    "grossProfit" : 494.88,
    "operatingProfitMargin" : 20.72,
    "operatingProfit" : 211.34,
    "netProfitMargin" : 10.49,
    "netProfit" : 106.99
  }, {
    "date" : "2020-06-30",
    "sales" : 904.84,
    "salesGrowthYoY" : -8.81,
    "grossProfitMargin" : 52.17,
    "grossProfit" : 472.06,
    "operatingProfitMargin" : 19.44,
    "operatingProfit" : 175.90,
    "netProfitMargin" : 9.00,
    "netProfit" : 81.44
  }, {
    "date" : "2020-09-30",
    "sales" : 1126.13,
    "salesGrowthYoY" : 20.27,
    "grossProfitMargin" : 50.48,
    "grossProfit" : 568.47,
    "operatingProfitMargin" : 21.37,
    "operatingProfit" : 240.65,
    "netProfitMargin" : 12.11,
    "netProfit" : 136.37
  }, {
    "date" : "2020-12-31",
    "sales" : 1142.63,
    "salesGrowthYoY" : 9.25,
    "grossProfitMargin" : 53.65,
    "grossProfit" : 613.02,
    "operatingProfitMargin" : 23.57,
    "operatingProfit" : 269.32,
    "netProfitMargin" : 14.16,
    "netProfit" : 161.80
  }, {
    "date" : "2021-03-31",
    "sales" : 1143.11,
    "salesGrowthYoY" : 12.07,
    "grossProfitMargin" : 54.23,
    "grossProfit" : 619.91,
    "operatingProfitMargin" : 21.75,
    "operatingProfit" : 248.63,
    "netProfitMargin" : 11.71,
    "netProfit" : 133.86
  }, {
    "date" : "2021-06-30",
    "sales" : 1314.03,
    "salesGrowthYoY" : 45.22,
    "grossProfitMargin" : 52.32,
    "grossProfit" : 687.50,
    "operatingProfitMargin" : 23.34,
    "operatingProfit" : 306.69,
    "netProfitMargin" : 12.37,
    "netProfit" : 162.55
  }, {
    "date" : "2021-09-30",
    "sales" : 1254.79,
    "salesGrowthYoY" : 11.42,
    "grossProfitMargin" : 47.01,
    "grossProfit" : 589.88,
    "operatingProfitMargin" : 20.32,
    "operatingProfit" : 254.97,
    "netProfitMargin" : 11.99,
    "netProfit" : 150.45
  }, {
    "date" : "2021-12-31",
    "sales" : 2055.36,
    "salesGrowthYoY" : 79.88,
    "grossProfitMargin" : 61.43,
    "grossProfit" : 1262.61,
    "operatingProfitMargin" : 43.25,
    "operatingProfit" : 888.94,
    "netProfitMargin" : 35.25,
    "netProfit" : 724.51
  }, {
    "date" : "2022-03-31",
    "sales" : 1717.67,
    "salesGrowthYoY" : 50.26,
    "grossProfitMargin" : 47.14,
    "grossProfit" : 809.71,
    "operatingProfitMargin" : 19.13,
    "operatingProfit" : 328.59,
    "netProfitMargin" : 11.03,
    "netProfit" : 189.46
  }, {
    "date" : "2022-06-30",
    "sales" : 1605.00,
    "salesGrowthYoY" : 22.14,
    "grossProfitMargin" : 42.37,
    "grossProfit" : 680.04,
    "operatingProfitMargin" : 17.63,
    "operatingProfit" : 282.96,
    "netProfitMargin" : 8.54,
    "netProfit" : 137.07
  }, {
    "date" : "2022-09-30",
    "sales" : 1686.00,
    "salesGrowthYoY" : 34.37,
    "grossProfitMargin" : 41.81,
    "grossProfit" : 704.92,
    "operatingProfitMargin" : 15.95,
    "operatingProfit" : 268.92,
    "netProfitMargin" : 7.47,
    "netProfit" : 125.94
  }, {
    "date" : "2022-12-31",
    "sales" : 1634.74,
    "salesGrowthYoY" : -20.46,
    "grossProfitMargin" : 41.89,
    "grossProfit" : 684.79,
    "operatingProfitMargin" : 17.49,
    "operatingProfit" : 285.92,
    "netProfitMargin" : 8.27,
    "netProfit" : 135.19
  }, {
    "date" : "2023-03-31",
    "sales" : 1639.00,
    "salesGrowthYoY" : -4.58,
    "grossProfitMargin" : 42.22,
    "grossProfit" : 691.99,
    "operatingProfitMargin" : 15.38,
    "operatingProfit" : 252.08,
    "netProfitMargin" : 9.03,
    "netProfit" : 148.00
  }, {
    "date" : "2023-06-30",
    "sales" : 1404.00,
    "salesGrowthYoY" : -12.52,
    "grossProfitMargin" : 39.74,
    "grossProfit" : 557.95,
    "operatingProfitMargin" : 14.39,
    "operatingProfit" : 202.04,
    "netProfitMargin" : 5.06,
    "netProfit" : 71.04
  }, {
    "date" : "2023-09-30",
    "sales" : 1450.00,
    "salesGrowthYoY" : -14.00,
    "grossProfitMargin" : 41.17,
    "grossProfit" : 596.97,
    "operatingProfitMargin" : 16.07,
    "operatingProfit" : 233.01,
    "netProfitMargin" : 6.28,
    "netProfit" : 91.06
  }, {
    "date" : "2023-12-31",
    "sales" : 1724.00,
    "salesGrowthYoY" : 5.46,
    "grossProfitMargin" : 36.37,
    "grossProfit" : 627.02,
    "operatingProfitMargin" : 15.02,
    "operatingProfit" : 258.94,
    "netProfitMargin" : 7.19,
    "netProfit" : 123.96
  }, {
    "date" : "2024-03-31",
    "sales" : 1769.00,
    "salesGrowthYoY" : 7.93,
    "grossProfitMargin" : 39.63,
    "grossProfit" : 701.05,
    "operatingProfitMargin" : 16.00,
    "operatingProfit" : 283.04,
    "netProfitMargin" : 7.46,
    "netProfit" : 131.97
  }, {
    "date" : "2024-06-30",
    "sales" : 1845.00,
    "salesGrowthYoY" : 31.41,
    "grossProfitMargin" : 37.56,
    "grossProfit" : 692.98,
    "operatingProfitMargin" : 16.59,
    "operatingProfit" : 306.09,
    "netProfitMargin" : 7.48,
    "netProfit" : 138.01
  }, {
    "date" : "2024-09-30",
    "sales" : 1717.00,
    "salesGrowthYoY" : 18.41,
    "grossProfitMargin" : 35.59,
    "grossProfit" : 611.08,
    "operatingProfitMargin" : 11.59,
    "operatingProfit" : 199.00,
    "netProfitMargin" : 3.20,
    "netProfit" : 54.94
  }, {
    "date" : "2024-12-31",
    "sales" : 1751.00,
    "salesGrowthYoY" : 1.57,
    "grossProfitMargin" : 34.84,
    "grossProfit" : 610.05,
    "operatingProfitMargin" : 13.31,
    "operatingProfit" : 233.06,
    "netProfitMargin" : 2.68,
    "netProfit" : 46.93
  }, {
    "date" : "2025-03-31",
    "sales" : 1992.00,
    "salesGrowthYoY" : 12.61,
    "grossProfitMargin" : 34.64,
    "grossProfit" : 690.03,
    "operatingProfitMargin" : 13.30,
    "operatingProfit" : 264.94,
    "netProfitMargin" : 4.97,
    "netProfit" : 99.00
  }, {
    "date" : "2025-06-30",
    "sales" : 1636.00,
    "salesGrowthYoY" : -11.33,
    "grossProfitMargin" : 33.56,
    "grossProfit" : 549.04,
    "operatingProfitMargin" : 12.90,
    "operatingProfit" : 211.04,
    "netProfitMargin" : 2.69,
    "netProfit" : 44.01
  }, {
    "date" : "2025-09-30",
    "sales" : 2085.00,
    "salesGrowthYoY" : 21.43,
    "grossProfitMargin" : 34.44,
    "grossProfit" : 718.07,
    "operatingProfitMargin" : 13.62,
    "operatingProfit" : 283.98,
    "netProfitMargin" : 3.79,
    "netProfit" : 79.02
  } ],
  "latestQuarterlyResult" : {
    "date" : "2025-09-30",
    "sales" : 2085.00,
    "salesGrowthYoY" : 21.43,
    "grossProfitMargin" : 34.44,
    "grossProfit" : 718.07,
    "operatingProfitMargin" : 13.62,
    "operatingProfit" : 283.98,
    "netProfitMargin" : 3.79,
    "netProfit" : 79.02
  },
  "companyScore" : {
    "priceHigherThanDma50" : 0.00,
    "priceHigherThanDma100" : 0.00,
    "priceHigherThanDma200" : 0.00,
    "dma50HigherThanDma100" : 0.00,
    "dma50HigherThanDma200" : 0.00,
    "dma100HigherThanDma200" : 0.00,
    "pricePercentageAboveDma50" : 5.01,
    "pricePercentageAboveDma100" : 5.06,
    "pricePercentageAboveDma200" : 5.43,
    "weeklyVolumeHigherThanYearlyVolume" : 0.00,
    "salesGrowthPercentile" : 12.91,
    "operatingProfitMarginPercentile" : 5.06,
    "netProfitMarginPercentile" : 1.69,
    "totalTechnicalScore" : 15.50,
    "totalFundamentalScore" : 19.66,
    "totalScore" : 35.16
  }
}