{
  "metadata" : {
    "screenerCompanyId" : "39",
    "companyCode" : "ACC",
    "companyName" : "ACC",
    "screenerCompanyLink" : "https://www.screener.in/company/ACC",
    "screenerTechnicalHistoryLink" : "https://www.screener.in/api/company/39/chart/?q=Price-DMA50-DMA200-Volume&days=365",
    "screenerQuarterlyResultsLink" : "https://www.screener.in/api/company/39/chart/?q=GPM-OPM-NPM-Quarter+Sales&days=10000",
    "attributes" : {
      "companyCode" : "ACC",
      "companyName" : "ACC",
      "marketCap" : 34766.00,
      "peRatio" : 10.80,
      "description" : "ACC Limited (incorporated in 1936), a member of the Adani Group, is principally engaged in the business of manufacturing and selling of Cement and Ready Mix Concrete. The Company has manufacturing facilities across India and caters mainly to the domestic market.[1][2]"
    },
    "companyScore" : {
      "priceHigherThanDma50" : 0.00,
      "priceHigherThanDma100" : 0.00,
      "priceHigherThanDma200" : 0.00,
      "dma50HigherThanDma100" : 0.00,
      "dma50HigherThanDma200" : 0.00,
      "dma100HigherThanDma200" : 0.00,
      "pricePercentageAboveDma50" : 5.01,
      "pricePercentageAboveDma100" : 5.02,
      "pricePercentageAboveDma200" : 5.18,
      "weeklyVolumeHigherThanYearlyVolume" : 0.00,
      "salesGrowthPercentile" : 18.31,
      "operatingProfitMarginPercentile" : 7.55,
      "netProfitMarginPercentile" : 9.31,
      "totalTechnicalScore" : 15.22,
      "totalFundamentalScore" : 35.17,
      "totalScore" : 50.39
    }
  },
  "attributes" : {
    "companyCode" : "ACC",
    "companyName" : "ACC",
    "marketCap" : 34766.00,
    "peRatio" : 10.80,
    "description" : "ACC Limited (incorporated in 1936), a member of the Adani Group, is principally engaged in the business of manufacturing and selling of Cement and Ready Mix Concrete. The Company has manufacturing facilities across India and caters mainly to the domestic market.[1][2]"
  },
  "technicalHistory" : [ {
    "date" : "2024-12-02",
    "price" : 2234.45,
    "dma50" : 2283.76,
    "dma100" : null,
    "dma200" : 2366.38,
    "volume" : 602965.00
  }, {
    "date" : "2024-12-03",
    "price" : 2291.70,
    "dma50" : 2284.07,
    "dma100" : null,
    "dma200" : 2365.63,
    "volume" : 724790.00
  }, {
    "date" : "2024-12-04",
    "price" : 2240.60,
    "dma50" : 2282.37,
    "dma100" : null,
    "dma200" : 2364.39,
    "volume" : 358962.00
  }, {
    "date" : "2024-12-05",
    "price" : 2267.35,
    "dma50" : 2281.78,
    "dma100" : null,
    "dma200" : 2363.42,
    "volume" : 426597.00
  }, {
    "date" : "2024-12-06",
    "price" : 2258.35,
    "dma50" : 2280.86,
    "dma100" : null,
    "dma200" : 2362.38,
    "volume" : 141882.00
  }, {
    "date" : "2024-12-09",
    "price" : 2260.50,
    "dma50" : 2280.06,
    "dma100" : null,
    "dma200" : 2361.37,
    "volume" : 139502.00
  }, {
    "date" : "2024-12-10",
    "price" : 2249.45,
    "dma50" : 2278.86,
    "dma100" : null,
    "dma200" : 2360.25,
    "volume" : 219068.00
  }, {
    "date" : "2024-12-11",
    "price" : 2250.55,
    "dma50" : 2277.75,
    "dma100" : null,
    "dma200" : 2359.16,
    "volume" : 589959.00
  }, {
    "date" : "2024-12-12",
    "price" : 2229.45,
    "dma50" : 2275.86,
    "dma100" : null,
    "dma200" : 2357.87,
    "volume" : 274336.00
  }, {
    "date" : "2024-12-13",
    "price" : 2248.05,
    "dma50" : 2274.77,
    "dma100" : null,
    "dma200" : 2356.78,
    "volume" : 207841.00
  }, {
    "date" : "2024-12-16",
    "price" : 2247.10,
    "dma50" : 2273.68,
    "dma100" : null,
    "dma200" : 2355.69,
    "volume" : 249980.00
  }, {
    "date" : "2024-12-17",
    "price" : 2198.95,
    "dma50" : 2270.75,
    "dma100" : null,
    "dma200" : 2354.13,
    "volume" : 293236.00
  }, {
    "date" : "2024-12-18",
    "price" : 2141.55,
    "dma50" : 2265.68,
    "dma100" : null,
    "dma200" : 2352.01,
    "volume" : 394541.00
  }, {
    "date" : "2024-12-19",
    "price" : 2115.35,
    "dma50" : 2259.79,
    "dma100" : null,
    "dma200" : 2349.66,
    "volume" : 200286.00
  }, {
    "date" : "2024-12-20",
    "price" : 2063.65,
    "dma50" : 2252.10,
    "dma100" : null,
    "dma200" : 2346.81,
    "volume" : 274043.00
  }, {
    "date" : "2024-12-23",
    "price" : 2100.90,
    "dma50" : 2246.17,
    "dma100" : null,
    "dma200" : 2344.36,
    "volume" : 184419.00
  }, {
    "date" : "2024-12-24",
    "price" : 2079.90,
    "dma50" : 2239.65,
    "dma100" : null,
    "dma200" : 2341.73,
    "volume" : 108164.00
  }, {
    "date" : "2024-12-26",
    "price" : 2087.65,
    "dma50" : 2233.69,
    "dma100" : null,
    "dma200" : 2339.20,
    "volume" : 164416.00
  }, {
    "date" : "2024-12-27",
    "price" : 2065.60,
    "dma50" : 2227.10,
    "dma100" : null,
    "dma200" : 2336.48,
    "volume" : 167590.00
  }, {
    "date" : "2024-12-30",
    "price" : 2059.90,
    "dma50" : 2220.54,
    "dma100" : null,
    "dma200" : 2333.73,
    "volume" : 287314.00
  }, {
    "date" : "2024-12-31",
    "price" : 2052.50,
    "dma50" : 2213.95,
    "dma100" : null,
    "dma200" : 2330.93,
    "volume" : 171424.00
  }, {
    "date" : "2025-01-01",
    "price" : 2053.30,
    "dma50" : 2207.65,
    "dma100" : null,
    "dma200" : 2328.17,
    "volume" : 128748.00
  }, {
    "date" : "2025-01-02",
    "price" : 2070.15,
    "dma50" : 2202.26,
    "dma100" : null,
    "dma200" : 2325.60,
    "volume" : 367052.00
  }, {
    "date" : "2025-01-03",
    "price" : 2054.95,
    "dma50" : 2196.48,
    "dma100" : null,
    "dma200" : 2322.91,
    "volume" : 116135.00
  }, {
    "date" : "2025-01-06",
    "price" : 1984.10,
    "dma50" : 2188.15,
    "dma100" : null,
    "dma200" : 2319.54,
    "volume" : 330374.00
  }, {
    "date" : "2025-01-07",
    "price" : 2018.75,
    "dma50" : 2181.51,
    "dma100" : null,
    "dma200" : 2316.54,
    "volume" : 151053.00
  }, {
    "date" : "2025-01-08",
    "price" : 2008.00,
    "dma50" : 2174.70,
    "dma100" : null,
    "dma200" : 2313.47,
    "volume" : 189672.00
  }, {
    "date" : "2025-01-09",
    "price" : 1973.80,
    "dma50" : 2166.83,
    "dma100" : null,
    "dma200" : 2310.09,
    "volume" : 497030.00
  }, {
    "date" : "2025-01-10",
    "price" : 1931.05,
    "dma50" : 2157.58,
    "dma100" : null,
    "dma200" : 2306.32,
    "volume" : 277703.00
  }, {
    "date" : "2025-01-13",
    "price" : 1859.45,
    "dma50" : 2145.89,
    "dma100" : null,
    "dma200" : 2301.88,
    "volume" : 484004.00
  }, {
    "date" : "2025-01-14",
    "price" : 1946.25,
    "dma50" : 2138.06,
    "dma100" : null,
    "dma200" : 2298.34,
    "volume" : 376727.00
  }, {
    "date" : "2025-01-15",
    "price" : 1969.65,
    "dma50" : 2131.45,
    "dma100" : null,
    "dma200" : 2295.07,
    "volume" : 436581.00
  }, {
    "date" : "2025-01-16",
    "price" : 1987.90,
    "dma50" : 2125.83,
    "dma100" : null,
    "dma200" : 2292.01,
    "volume" : 313095.00
  }, {
    "date" : "2025-01-17",
    "price" : 2014.90,
    "dma50" : 2121.48,
    "dma100" : null,
    "dma200" : 2289.25,
    "volume" : 255460.00
  }, {
    "date" : "2025-01-20",
    "price" : 2005.70,
    "dma50" : 2116.94,
    "dma100" : null,
    "dma200" : 2286.43,
    "volume" : 167354.00
  }, {
    "date" : "2025-01-21",
    "price" : 2017.50,
    "dma50" : 2113.04,
    "dma100" : null,
    "dma200" : 2283.76,
    "volume" : 345178.00
  }, {
    "date" : "2025-01-22",
    "price" : 2000.75,
    "dma50" : 2108.63,
    "dma100" : null,
    "dma200" : 2280.94,
    "volume" : 128679.00
  }, {
    "date" : "2025-01-23",
    "price" : 2045.20,
    "dma50" : 2106.14,
    "dma100" : null,
    "dma200" : 2278.59,
    "volume" : 333822.00
  }, {
    "date" : "2025-01-24",
    "price" : 2058.95,
    "dma50" : 2104.29,
    "dma100" : null,
    "dma200" : 2276.41,
    "volume" : 333647.00
  }, {
    "date" : "2025-01-27",
    "price" : 1995.40,
    "dma50" : 2100.02,
    "dma100" : null,
    "dma200" : 2273.61,
    "volume" : 1173859.00
  }, {
    "date" : "2025-01-28",
    "price" : 2001.20,
    "dma50" : 2096.15,
    "dma100" : null,
    "dma200" : 2270.90,
    "volume" : 380996.00
  }, {
    "date" : "2025-01-29",
    "price" : 2001.90,
    "dma50" : 2092.45,
    "dma100" : null,
    "dma200" : 2268.23,
    "volume" : 724330.00
  }, {
    "date" : "2025-01-30",
    "price" : 1993.50,
    "dma50" : 2088.57,
    "dma100" : null,
    "dma200" : 2265.49,
    "volume" : 606961.00
  }, {
    "date" : "2025-01-31",
    "price" : 2007.65,
    "dma50" : 2085.40,
    "dma100" : null,
    "dma200" : 2262.93,
    "volume" : 272281.00
  }, {
    "date" : "2025-02-01",
    "price" : 2001.05,
    "dma50" : 2082.09,
    "dma100" : null,
    "dma200" : 2260.32,
    "volume" : 280212.00
  }, {
    "date" : "2025-02-03",
    "price" : 1990.50,
    "dma50" : 2078.50,
    "dma100" : null,
    "dma200" : 2257.64,
    "volume" : 226287.00
  }, {
    "date" : "2025-02-04",
    "price" : 2026.35,
    "dma50" : 2076.45,
    "dma100" : null,
    "dma200" : 2255.33,
    "volume" : 362958.00
  }, {
    "date" : "2025-02-05",
    "price" : 2046.45,
    "dma50" : 2075.28,
    "dma100" : null,
    "dma200" : 2253.26,
    "volume" : 316558.00
  }, {
    "date" : "2025-02-06",
    "price" : 1993.85,
    "dma50" : 2072.08,
    "dma100" : null,
    "dma200" : 2250.67,
    "volume" : 321502.00
  }, {
    "date" : "2025-02-07",
    "price" : 1999.10,
    "dma50" : 2069.22,
    "dma100" : null,
    "dma200" : 2248.17,
    "volume" : 199288.00
  }, {
    "date" : "2025-02-10",
    "price" : 1962.15,
    "dma50" : 2065.02,
    "dma100" : null,
    "dma200" : 2245.33,
    "volume" : 125108.00
  }, {
    "date" : "2025-02-11",
    "price" : 1935.30,
    "dma50" : 2059.94,
    "dma100" : null,
    "dma200" : 2242.24,
    "volume" : 170014.00
  }, {
    "date" : "2025-02-12",
    "price" : 1928.75,
    "dma50" : 2054.79,
    "dma100" : null,
    "dma200" : 2239.12,
    "volume" : 213865.00
  }, {
    "date" : "2025-02-13",
    "price" : 1914.15,
    "dma50" : 2049.28,
    "dma100" : null,
    "dma200" : 2235.89,
    "volume" : 150581.00
  }, {
    "date" : "2025-02-14",
    "price" : 1873.95,
    "dma50" : 2042.40,
    "dma100" : null,
    "dma200" : 2232.29,
    "volume" : 204702.00
  }, {
    "date" : "2025-02-17",
    "price" : 1911.50,
    "dma50" : 2037.27,
    "dma100" : null,
    "dma200" : 2229.09,
    "volume" : 265992.00
  }, {
    "date" : "2025-02-18",
    "price" : 1880.40,
    "dma50" : 2031.12,
    "dma100" : null,
    "dma200" : 2225.62,
    "volume" : 1153307.00
  }, {
    "date" : "2025-02-19",
    "price" : 1867.10,
    "dma50" : 2024.68,
    "dma100" : null,
    "dma200" : 2222.06,
    "volume" : 197211.00
  }, {
    "date" : "2025-02-20",
    "price" : 1886.85,
    "dma50" : 2019.28,
    "dma100" : null,
    "dma200" : 2218.72,
    "volume" : 137833.00
  }, {
    "date" : "2025-02-21",
    "price" : 1884.00,
    "dma50" : 2013.97,
    "dma100" : null,
    "dma200" : 2215.39,
    "volume" : 234783.00
  }, {
    "date" : "2025-02-24",
    "price" : 1851.10,
    "dma50" : 2007.59,
    "dma100" : null,
    "dma200" : 2211.77,
    "volume" : 182726.00
  }, {
    "date" : "2025-02-25",
    "price" : 1834.05,
    "dma50" : 2000.78,
    "dma100" : null,
    "dma200" : 2208.01,
    "volume" : 162060.00
  }, {
    "date" : "2025-02-27",
    "price" : 1825.30,
    "dma50" : 1993.90,
    "dma100" : null,
    "dma200" : 2204.20,
    "volume" : 226540.00
  }, {
    "date" : "2025-02-28",
    "price" : 1818.55,
    "dma50" : 1987.02,
    "dma100" : null,
    "dma200" : 2200.36,
    "volume" : 266334.00
  }, {
    "date" : "2025-03-03",
    "price" : 1825.75,
    "dma50" : 1980.70,
    "dma100" : null,
    "dma200" : 2196.64,
    "volume" : 252972.00
  }, {
    "date" : "2025-03-04",
    "price" : 1828.85,
    "dma50" : 1974.74,
    "dma100" : null,
    "dma200" : 2192.98,
    "volume" : 170722.00
  }, {
    "date" : "2025-03-05",
    "price" : 1857.25,
    "dma50" : 1970.14,
    "dma100" : null,
    "dma200" : 2189.64,
    "volume" : 328866.00
  }, {
    "date" : "2025-03-06",
    "price" : 1869.85,
    "dma50" : 1966.20,
    "dma100" : null,
    "dma200" : 2186.45,
    "volume" : 144459.00
  }, {
    "date" : "2025-03-07",
    "price" : 1885.75,
    "dma50" : 1963.05,
    "dma100" : null,
    "dma200" : 2183.46,
    "volume" : 453661.00
  }, {
    "date" : "2025-03-10",
    "price" : 1860.60,
    "dma50" : 1959.03,
    "dma100" : null,
    "dma200" : 2180.25,
    "volume" : 236021.00
  }, {
    "date" : "2025-03-11",
    "price" : 1877.85,
    "dma50" : 1955.85,
    "dma100" : null,
    "dma200" : 2177.24,
    "volume" : 213433.00
  }, {
    "date" : "2025-03-12",
    "price" : 1865.60,
    "dma50" : 1952.31,
    "dma100" : null,
    "dma200" : 2174.14,
    "volume" : 361574.00
  }, {
    "date" : "2025-03-13",
    "price" : 1854.00,
    "dma50" : 1948.45,
    "dma100" : null,
    "dma200" : 2170.95,
    "volume" : 672556.00
  }, {
    "date" : "2025-03-17",
    "price" : 1883.10,
    "dma50" : 1945.89,
    "dma100" : null,
    "dma200" : 2168.09,
    "volume" : 219475.00
  }, {
    "date" : "2025-03-18",
    "price" : 1879.70,
    "dma50" : 1943.29,
    "dma100" : null,
    "dma200" : 2165.22,
    "volume" : 463263.00
  }, {
    "date" : "2025-03-19",
    "price" : 1900.00,
    "dma50" : 1941.60,
    "dma100" : null,
    "dma200" : 2162.58,
    "volume" : 411009.00
  }, {
    "date" : "2025-03-20",
    "price" : 1889.60,
    "dma50" : 1939.56,
    "dma100" : null,
    "dma200" : 2159.86,
    "volume" : 225351.00
  }, {
    "date" : "2025-03-21",
    "price" : 1915.65,
    "dma50" : 1938.62,
    "dma100" : null,
    "dma200" : 2157.43,
    "volume" : 418882.00
  }, {
    "date" : "2025-03-24",
    "price" : 1933.35,
    "dma50" : 1938.41,
    "dma100" : null,
    "dma200" : 2155.20,
    "volume" : 274668.00
  }, {
    "date" : "2025-03-25",
    "price" : 1930.85,
    "dma50" : 1938.12,
    "dma100" : null,
    "dma200" : 2152.97,
    "volume" : 337883.00
  }, {
    "date" : "2025-03-26",
    "price" : 1933.70,
    "dma50" : 1937.94,
    "dma100" : null,
    "dma200" : 2150.79,
    "volume" : 182535.00
  }, {
    "date" : "2025-03-27",
    "price" : 1964.10,
    "dma50" : 1938.97,
    "dma100" : null,
    "dma200" : 2148.93,
    "volume" : 349209.00
  }, {
    "date" : "2025-03-28",
    "price" : 1942.65,
    "dma50" : 1939.11,
    "dma100" : null,
    "dma200" : 2146.88,
    "volume" : 640888.00
  }, {
    "date" : "2025-04-01",
    "price" : 1952.20,
    "dma50" : 1939.63,
    "dma100" : null,
    "dma200" : 2144.94,
    "volume" : 191496.00
  }, {
    "date" : "2025-04-02",
    "price" : 1963.85,
    "dma50" : 1940.58,
    "dma100" : null,
    "dma200" : 2143.14,
    "volume" : 145644.00
  }, {
    "date" : "2025-04-03",
    "price" : 1994.85,
    "dma50" : 1942.70,
    "dma100" : null,
    "dma200" : 2141.67,
    "volume" : 174666.00
  }, {
    "date" : "2025-04-04",
    "price" : 1966.30,
    "dma50" : 1943.63,
    "dma100" : null,
    "dma200" : 2139.92,
    "volume" : 115918.00
  }, {
    "date" : "2025-04-07",
    "price" : 1929.10,
    "dma50" : 1943.06,
    "dma100" : null,
    "dma200" : 2137.82,
    "volume" : 244799.00
  }, {
    "date" : "2025-04-08",
    "price" : 1973.55,
    "dma50" : 1944.26,
    "dma100" : null,
    "dma200" : 2136.19,
    "volume" : 106157.00
  }, {
    "date" : "2025-04-09",
    "price" : 1986.70,
    "dma50" : 1945.92,
    "dma100" : null,
    "dma200" : 2134.70,
    "volume" : 98734.00
  }, {
    "date" : "2025-04-11",
    "price" : 2007.35,
    "dma50" : 1948.33,
    "dma100" : null,
    "dma200" : 2133.43,
    "volume" : 225733.00
  }, {
    "date" : "2025-04-15",
    "price" : 2046.90,
    "dma50" : 1952.19,
    "dma100" : null,
    "dma200" : 2132.57,
    "volume" : 254631.00
  }, {
    "date" : "2025-04-16",
    "price" : 2059.30,
    "dma50" : 1956.40,
    "dma100" : null,
    "dma200" : 2131.84,
    "volume" : 150943.00
  }, {
    "date" : "2025-04-17",
    "price" : 2061.70,
    "dma50" : 1960.52,
    "dma100" : null,
    "dma200" : 2131.15,
    "volume" : 107816.00
  }, {
    "date" : "2025-04-21",
    "price" : 2088.40,
    "dma50" : 1965.54,
    "dma100" : null,
    "dma200" : 2130.72,
    "volume" : 199770.00
  }, {
    "date" : "2025-04-22",
    "price" : 2081.70,
    "dma50" : 1970.09,
    "dma100" : null,
    "dma200" : 2130.23,
    "volume" : 105215.00
  }, {
    "date" : "2025-04-23",
    "price" : 2051.90,
    "dma50" : 1973.30,
    "dma100" : null,
    "dma200" : 2129.45,
    "volume" : 494838.00
  }, {
    "date" : "2025-04-24",
    "price" : 2066.20,
    "dma50" : 1976.95,
    "dma100" : null,
    "dma200" : 2128.82,
    "volume" : 1465151.00
  }, {
    "date" : "2025-04-25",
    "price" : 1938.00,
    "dma50" : 1975.42,
    "dma100" : null,
    "dma200" : 2126.93,
    "volume" : 1331019.00
  }, {
    "date" : "2025-04-28",
    "price" : 1925.10,
    "dma50" : 1973.45,
    "dma100" : null,
    "dma200" : 2124.92,
    "volume" : 521783.00
  }, {
    "date" : "2025-04-29",
    "price" : 1892.20,
    "dma50" : 1970.26,
    "dma100" : 1998.23,
    "dma200" : 2122.60,
    "volume" : 754538.00
  }, {
    "date" : "2025-04-30",
    "price" : 1888.00,
    "dma50" : 1967.03,
    "dma100" : 1994.19,
    "dma200" : 2120.27,
    "volume" : 479729.00
  }, {
    "date" : "2025-05-02",
    "price" : 1864.10,
    "dma50" : 1963.00,
    "dma100" : 1990.43,
    "dma200" : 2117.72,
    "volume" : 642244.00
  }, {
    "date" : "2025-05-05",
    "price" : 1882.30,
    "dma50" : 1959.83,
    "dma100" : 1986.58,
    "dma200" : 2115.38,
    "volume" : 1451195.00
  }, {
    "date" : "2025-05-06",
    "price" : 1848.90,
    "dma50" : 1955.48,
    "dma100" : 1982.48,
    "dma200" : 2112.72,
    "volume" : 518940.00
  }, {
    "date" : "2025-05-07",
    "price" : 1844.90,
    "dma50" : 1951.15,
    "dma100" : 1978.33,
    "dma200" : 2110.06,
    "volume" : 618001.00
  }, {
    "date" : "2025-05-08",
    "price" : 1809.00,
    "dma50" : 1945.57,
    "dma100" : 1973.92,
    "dma200" : 2107.06,
    "volume" : 792405.00
  }, {
    "date" : "2025-05-09",
    "price" : 1811.60,
    "dma50" : 1940.32,
    "dma100" : 1969.53,
    "dma200" : 2104.12,
    "volume" : 322577.00
  }, {
    "date" : "2025-05-12",
    "price" : 1858.80,
    "dma50" : 1937.12,
    "dma100" : 1965.83,
    "dma200" : 2101.68,
    "volume" : 661622.00
  }, {
    "date" : "2025-05-13",
    "price" : 1853.40,
    "dma50" : 1933.84,
    "dma100" : 1961.88,
    "dma200" : 2099.21,
    "volume" : 663222.00
  }, {
    "date" : "2025-05-14",
    "price" : 1861.00,
    "dma50" : 1930.98,
    "dma100" : 1958.02,
    "dma200" : 2096.84,
    "volume" : 661309.00
  }, {
    "date" : "2025-05-15",
    "price" : 1883.60,
    "dma50" : 1929.12,
    "dma100" : 1954.87,
    "dma200" : 2094.72,
    "volume" : 443020.00
  }, {
    "date" : "2025-05-16",
    "price" : 1928.40,
    "dma50" : 1929.09,
    "dma100" : 1952.73,
    "dma200" : 2093.07,
    "volume" : 550711.00
  }, {
    "date" : "2025-05-19",
    "price" : 1930.00,
    "dma50" : 1929.13,
    "dma100" : 1950.88,
    "dma200" : 2091.44,
    "volume" : 374268.00
  }, {
    "date" : "2025-05-20",
    "price" : 1920.20,
    "dma50" : 1928.78,
    "dma100" : 1949.45,
    "dma200" : 2089.74,
    "volume" : 339621.00
  }, {
    "date" : "2025-05-21",
    "price" : 1941.40,
    "dma50" : 1929.27,
    "dma100" : 1947.85,
    "dma200" : 2088.26,
    "volume" : 399042.00
  }, {
    "date" : "2025-05-22",
    "price" : 1944.30,
    "dma50" : 1929.86,
    "dma100" : 1946.50,
    "dma200" : 2086.83,
    "volume" : 266253.00
  }, {
    "date" : "2025-05-23",
    "price" : 1959.40,
    "dma50" : 1931.02,
    "dma100" : 1945.21,
    "dma200" : 2085.56,
    "volume" : 330817.00
  }, {
    "date" : "2025-05-26",
    "price" : 1958.40,
    "dma50" : 1932.10,
    "dma100" : 1944.14,
    "dma200" : 2084.30,
    "volume" : 161886.00
  }, {
    "date" : "2025-05-27",
    "price" : 1936.80,
    "dma50" : 1932.28,
    "dma100" : 1942.91,
    "dma200" : 2082.83,
    "volume" : 313247.00
  }, {
    "date" : "2025-05-28",
    "price" : 1920.10,
    "dma50" : 1931.80,
    "dma100" : 1941.59,
    "dma200" : 2081.21,
    "volume" : 136138.00
  }, {
    "date" : "2025-05-29",
    "price" : 1917.30,
    "dma50" : 1931.23,
    "dma100" : 1940.23,
    "dma200" : 2079.58,
    "volume" : 130790.00
  }, {
    "date" : "2025-05-30",
    "price" : 1882.80,
    "dma50" : 1929.33,
    "dma100" : 1938.35,
    "dma200" : 2077.62,
    "volume" : 414302.00
  }, {
    "date" : "2025-06-02",
    "price" : 1884.10,
    "dma50" : 1927.56,
    "dma100" : 1936.64,
    "dma200" : 2075.70,
    "volume" : 290732.00
  }, {
    "date" : "2025-06-03",
    "price" : 1879.20,
    "dma50" : 1925.66,
    "dma100" : 1935.59,
    "dma200" : 2073.74,
    "volume" : 207616.00
  }, {
    "date" : "2025-06-04",
    "price" : 1877.00,
    "dma50" : 1923.76,
    "dma100" : 1934.18,
    "dma200" : 2071.78,
    "volume" : 225519.00
  }, {
    "date" : "2025-06-05",
    "price" : 1884.90,
    "dma50" : 1922.23,
    "dma100" : 1932.95,
    "dma200" : 2069.92,
    "volume" : 162181.00
  }, {
    "date" : "2025-06-06",
    "price" : 1904.30,
    "dma50" : 1921.53,
    "dma100" : 1932.25,
    "dma200" : 2068.28,
    "volume" : 300823.00
  }, {
    "date" : "2025-06-09",
    "price" : 1905.60,
    "dma50" : 1920.90,
    "dma100" : 1932.00,
    "dma200" : 2066.66,
    "volume" : 210214.00
  }, {
    "date" : "2025-06-10",
    "price" : 1913.10,
    "dma50" : 1920.60,
    "dma100" : 1932.53,
    "dma200" : 2065.13,
    "volume" : 482262.00
  }, {
    "date" : "2025-06-11",
    "price" : 1905.80,
    "dma50" : 1920.02,
    "dma100" : 1932.13,
    "dma200" : 2063.54,
    "volume" : 245588.00
  }, {
    "date" : "2025-06-12",
    "price" : 1865.50,
    "dma50" : 1917.88,
    "dma100" : 1931.09,
    "dma200" : 2061.57,
    "volume" : 305959.00
  }, {
    "date" : "2025-06-13",
    "price" : 1846.20,
    "dma50" : 1915.07,
    "dma100" : 1929.67,
    "dma200" : 2059.43,
    "volume" : 500866.00
  }, {
    "date" : "2025-06-16",
    "price" : 1872.70,
    "dma50" : 1913.41,
    "dma100" : 1928.25,
    "dma200" : 2057.57,
    "volume" : 274553.00
  }, {
    "date" : "2025-06-17",
    "price" : 1860.70,
    "dma50" : 1911.34,
    "dma100" : 1926.80,
    "dma200" : 2055.61,
    "volume" : 554217.00
  }, {
    "date" : "2025-06-18",
    "price" : 1840.60,
    "dma50" : 1908.57,
    "dma100" : 1925.03,
    "dma200" : 2053.47,
    "volume" : 213994.00
  }, {
    "date" : "2025-06-19",
    "price" : 1825.60,
    "dma50" : 1905.31,
    "dma100" : 1923.28,
    "dma200" : 2051.21,
    "volume" : 422570.00
  }, {
    "date" : "2025-06-20",
    "price" : 1823.00,
    "dma50" : 1902.08,
    "dma100" : 1921.06,
    "dma200" : 2048.94,
    "volume" : 561478.00
  }, {
    "date" : "2025-06-23",
    "price" : 1817.20,
    "dma50" : 1898.76,
    "dma100" : 1918.64,
    "dma200" : 2046.63,
    "volume" : 311021.00
  }, {
    "date" : "2025-06-24",
    "price" : 1847.80,
    "dma50" : 1896.76,
    "dma100" : 1917.16,
    "dma200" : 2044.65,
    "volume" : 750556.00
  }, {
    "date" : "2025-06-25",
    "price" : 1854.20,
    "dma50" : 1895.09,
    "dma100" : 1915.69,
    "dma200" : 2042.76,
    "volume" : 343569.00
  }, {
    "date" : "2025-06-26",
    "price" : 1881.70,
    "dma50" : 1894.56,
    "dma100" : 1914.49,
    "dma200" : 2041.15,
    "volume" : 557579.00
  }, {
    "date" : "2025-06-27",
    "price" : 1920.20,
    "dma50" : 1895.57,
    "dma100" : 1913.76,
    "dma200" : 2039.95,
    "volume" : 900730.00
  }, {
    "date" : "2025-06-30",
    "price" : 1917.20,
    "dma50" : 1896.42,
    "dma100" : 1912.85,
    "dma200" : 2038.73,
    "volume" : 331402.00
  }, {
    "date" : "2025-07-01",
    "price" : 1921.40,
    "dma50" : 1897.40,
    "dma100" : 1912.06,
    "dma200" : 2037.56,
    "volume" : 357394.00
  }, {
    "date" : "2025-07-02",
    "price" : 1939.40,
    "dma50" : 1899.04,
    "dma100" : 1911.55,
    "dma200" : 2036.58,
    "volume" : 456859.00
  }, {
    "date" : "2025-07-03",
    "price" : 1956.50,
    "dma50" : 1901.30,
    "dma100" : 1910.85,
    "dma200" : 2035.79,
    "volume" : 541692.00
  }, {
    "date" : "2025-07-04",
    "price" : 1965.00,
    "dma50" : 1903.80,
    "dma100" : 1910.03,
    "dma200" : 2035.08,
    "volume" : 545429.00
  }, {
    "date" : "2025-07-07",
    "price" : 1964.50,
    "dma50" : 1906.18,
    "dma100" : 1909.74,
    "dma200" : 2034.38,
    "volume" : 295134.00
  }, {
    "date" : "2025-07-08",
    "price" : 1980.00,
    "dma50" : 1909.07,
    "dma100" : 1909.55,
    "dma200" : 2033.84,
    "volume" : 259340.00
  }, {
    "date" : "2025-07-09",
    "price" : 1990.60,
    "dma50" : 1912.27,
    "dma100" : 1909.83,
    "dma200" : 2033.41,
    "volume" : 304907.00
  }, {
    "date" : "2025-07-10",
    "price" : 2001.50,
    "dma50" : 1915.77,
    "dma100" : 1910.49,
    "dma200" : 2033.09,
    "volume" : 265679.00
  }, {
    "date" : "2025-07-11",
    "price" : 1982.50,
    "dma50" : 1918.38,
    "dma100" : 1911.03,
    "dma200" : 2032.59,
    "volume" : 483240.00
  }, {
    "date" : "2025-07-14",
    "price" : 1977.90,
    "dma50" : 1920.72,
    "dma100" : 1911.67,
    "dma200" : 2032.04,
    "volume" : 241225.00
  }, {
    "date" : "2025-07-15",
    "price" : 1979.90,
    "dma50" : 1923.04,
    "dma100" : 1912.73,
    "dma200" : 2031.53,
    "volume" : 156860.00
  }, {
    "date" : "2025-07-16",
    "price" : 1991.90,
    "dma50" : 1925.74,
    "dma100" : 1913.53,
    "dma200" : 2031.13,
    "volume" : 273639.00
  }, {
    "date" : "2025-07-17",
    "price" : 1978.80,
    "dma50" : 1927.82,
    "dma100" : 1914.52,
    "dma200" : 2030.61,
    "volume" : 306522.00
  }, {
    "date" : "2025-07-18",
    "price" : 1969.90,
    "dma50" : 1929.47,
    "dma100" : 1915.54,
    "dma200" : 2030.01,
    "volume" : 268992.00
  }, {
    "date" : "2025-07-21",
    "price" : 1978.40,
    "dma50" : 1931.39,
    "dma100" : 1916.46,
    "dma200" : 2029.49,
    "volume" : 391372.00
  }, {
    "date" : "2025-07-22",
    "price" : 1958.90,
    "dma50" : 1932.47,
    "dma100" : 1917.21,
    "dma200" : 2028.79,
    "volume" : 233235.00
  }, {
    "date" : "2025-07-23",
    "price" : 1950.00,
    "dma50" : 1933.16,
    "dma100" : 1918.20,
    "dma200" : 2028.01,
    "volume" : 623482.00
  }, {
    "date" : "2025-07-24",
    "price" : 1890.00,
    "dma50" : 1931.46,
    "dma100" : 1918.76,
    "dma200" : 2026.63,
    "volume" : 1144811.00
  }, {
    "date" : "2025-07-25",
    "price" : 1847.70,
    "dma50" : 1928.18,
    "dma100" : 1918.98,
    "dma200" : 2024.85,
    "volume" : 682298.00
  }, {
    "date" : "2025-07-28",
    "price" : 1825.60,
    "dma50" : 1924.16,
    "dma100" : 1919.05,
    "dma200" : 2022.87,
    "volume" : 575780.00
  }, {
    "date" : "2025-07-29",
    "price" : 1827.40,
    "dma50" : 1920.36,
    "dma100" : 1919.07,
    "dma200" : 2020.93,
    "volume" : 449141.00
  }, {
    "date" : "2025-07-30",
    "price" : 1811.20,
    "dma50" : 1916.08,
    "dma100" : 1918.89,
    "dma200" : 2018.84,
    "volume" : 957082.00
  }, {
    "date" : "2025-07-31",
    "price" : 1788.40,
    "dma50" : 1911.07,
    "dma100" : 1918.20,
    "dma200" : 2016.55,
    "volume" : 1544051.00
  }, {
    "date" : "2025-08-01",
    "price" : 1794.60,
    "dma50" : 1906.51,
    "dma100" : 1917.45,
    "dma200" : 2014.34,
    "volume" : 435290.00
  }, {
    "date" : "2025-08-04",
    "price" : 1790.20,
    "dma50" : 1901.95,
    "dma100" : 1916.50,
    "dma200" : 2012.11,
    "volume" : 516102.00
  }, {
    "date" : "2025-08-05",
    "price" : 1801.80,
    "dma50" : 1898.02,
    "dma100" : 1915.91,
    "dma200" : 2010.01,
    "volume" : 393605.00
  }, {
    "date" : "2025-08-06",
    "price" : 1830.40,
    "dma50" : 1895.37,
    "dma100" : 1915.43,
    "dma200" : 2008.23,
    "volume" : 744101.00
  }, {
    "date" : "2025-08-07",
    "price" : 1817.80,
    "dma50" : 1892.32,
    "dma100" : 1914.96,
    "dma200" : 2006.33,
    "volume" : 482231.00
  }, {
    "date" : "2025-08-08",
    "price" : 1788.20,
    "dma50" : 1888.24,
    "dma100" : 1914.30,
    "dma200" : 2004.16,
    "volume" : 188714.00
  }, {
    "date" : "2025-08-11",
    "price" : 1786.20,
    "dma50" : 1884.24,
    "dma100" : 1913.33,
    "dma200" : 2001.99,
    "volume" : 187338.00
  }, {
    "date" : "2025-08-12",
    "price" : 1787.70,
    "dma50" : 1880.45,
    "dma100" : 1912.41,
    "dma200" : 1999.86,
    "volume" : 133530.00
  }, {
    "date" : "2025-08-13",
    "price" : 1786.30,
    "dma50" : 1876.76,
    "dma100" : 1911.27,
    "dma200" : 1997.74,
    "volume" : 179376.00
  }, {
    "date" : "2025-08-14",
    "price" : 1782.70,
    "dma50" : 1873.07,
    "dma100" : 1910.20,
    "dma200" : 1995.60,
    "volume" : 134180.00
  }, {
    "date" : "2025-08-18",
    "price" : 1843.50,
    "dma50" : 1871.91,
    "dma100" : 1909.48,
    "dma200" : 1994.08,
    "volume" : 571194.00
  }, {
    "date" : "2025-08-19",
    "price" : 1859.50,
    "dma50" : 1871.43,
    "dma100" : 1908.74,
    "dma200" : 1992.74,
    "volume" : 398780.00
  }, {
    "date" : "2025-08-20",
    "price" : 1863.10,
    "dma50" : 1871.10,
    "dma100" : 1908.06,
    "dma200" : 1991.45,
    "volume" : 158148.00
  }, {
    "date" : "2025-08-21",
    "price" : 1849.90,
    "dma50" : 1870.27,
    "dma100" : 1907.23,
    "dma200" : 1990.05,
    "volume" : 170578.00
  }, {
    "date" : "2025-08-22",
    "price" : 1821.10,
    "dma50" : 1868.34,
    "dma100" : 1905.80,
    "dma200" : 1988.36,
    "volume" : 211085.00
  }, {
    "date" : "2025-08-25",
    "price" : 1807.70,
    "dma50" : 1865.96,
    "dma100" : 1904.45,
    "dma200" : 1986.57,
    "volume" : 221889.00
  }, {
    "date" : "2025-08-26",
    "price" : 1798.50,
    "dma50" : 1863.32,
    "dma100" : 1902.91,
    "dma200" : 1984.70,
    "volume" : 175804.00
  }, {
    "date" : "2025-08-28",
    "price" : 1801.00,
    "dma50" : 1860.87,
    "dma100" : 1901.28,
    "dma200" : 1982.87,
    "volume" : 207165.00
  }, {
    "date" : "2025-08-29",
    "price" : 1801.80,
    "dma50" : 1858.56,
    "dma100" : 1899.35,
    "dma200" : 1981.07,
    "volume" : 192701.00
  }, {
    "date" : "2025-09-01",
    "price" : 1818.40,
    "dma50" : 1856.98,
    "dma100" : 1897.87,
    "dma200" : 1979.45,
    "volume" : 142396.00
  }, {
    "date" : "2025-09-02",
    "price" : 1822.00,
    "dma50" : 1855.61,
    "dma100" : 1896.80,
    "dma200" : 1977.88,
    "volume" : 142319.00
  }, {
    "date" : "2025-09-03",
    "price" : 1843.10,
    "dma50" : 1855.12,
    "dma100" : 1895.50,
    "dma200" : 1976.54,
    "volume" : 201793.00
  }, {
    "date" : "2025-09-04",
    "price" : 1840.40,
    "dma50" : 1854.54,
    "dma100" : 1894.03,
    "dma200" : 1975.18,
    "volume" : 325777.00
  }, {
    "date" : "2025-09-05",
    "price" : 1829.00,
    "dma50" : 1853.54,
    "dma100" : 1892.25,
    "dma200" : 1973.73,
    "volume" : 150085.00
  }, {
    "date" : "2025-09-08",
    "price" : 1838.30,
    "dma50" : 1852.94,
    "dma100" : 1890.16,
    "dma200" : 1972.38,
    "volume" : 184489.00
  }, {
    "date" : "2025-09-09",
    "price" : 1850.20,
    "dma50" : 1852.83,
    "dma100" : 1888.07,
    "dma200" : 1971.17,
    "volume" : 239010.00
  }, {
    "date" : "2025-09-10",
    "price" : 1848.80,
    "dma50" : 1852.68,
    "dma100" : 1885.94,
    "dma200" : 1969.95,
    "volume" : 159475.00
  }, {
    "date" : "2025-09-11",
    "price" : 1844.30,
    "dma50" : 1852.35,
    "dma100" : 1883.50,
    "dma200" : 1968.70,
    "volume" : 167513.00
  }, {
    "date" : "2025-09-12",
    "price" : 1850.40,
    "dma50" : 1852.27,
    "dma100" : 1881.19,
    "dma200" : 1967.52,
    "volume" : 158000.00
  }, {
    "date" : "2025-09-15",
    "price" : 1860.80,
    "dma50" : 1852.61,
    "dma100" : 1879.28,
    "dma200" : 1966.46,
    "volume" : 144169.00
  }, {
    "date" : "2025-09-16",
    "price" : 1866.00,
    "dma50" : 1853.13,
    "dma100" : 1877.28,
    "dma200" : 1965.46,
    "volume" : 290991.00
  }, {
    "date" : "2025-09-17",
    "price" : 1856.00,
    "dma50" : 1853.24,
    "dma100" : 1876.46,
    "dma200" : 1964.37,
    "volume" : 208467.00
  }, {
    "date" : "2025-09-18",
    "price" : 1858.10,
    "dma50" : 1853.43,
    "dma100" : 1875.79,
    "dma200" : 1963.31,
    "volume" : 222513.00
  }, {
    "date" : "2025-09-19",
    "price" : 1879.10,
    "dma50" : 1854.44,
    "dma100" : 1875.66,
    "dma200" : 1962.48,
    "volume" : 497179.00
  }, {
    "date" : "2025-09-22",
    "price" : 1882.10,
    "dma50" : 1855.53,
    "dma100" : 1875.60,
    "dma200" : 1961.68,
    "volume" : 576179.00
  }, {
    "date" : "2025-09-23",
    "price" : 1878.60,
    "dma50" : 1856.43,
    "dma100" : 1875.74,
    "dma200" : 1960.85,
    "volume" : 228367.00
  }, {
    "date" : "2025-09-24",
    "price" : 1860.90,
    "dma50" : 1856.61,
    "dma100" : 1875.53,
    "dma200" : 1959.86,
    "volume" : 116083.00
  }, {
    "date" : "2025-09-25",
    "price" : 1851.60,
    "dma50" : 1856.41,
    "dma100" : 1875.55,
    "dma200" : 1958.78,
    "volume" : 127146.00
  }, {
    "date" : "2025-09-26",
    "price" : 1824.40,
    "dma50" : 1855.15,
    "dma100" : 1875.35,
    "dma200" : 1957.44,
    "volume" : 351329.00
  }, {
    "date" : "2025-09-29",
    "price" : 1807.70,
    "dma50" : 1853.29,
    "dma100" : 1875.34,
    "dma200" : 1955.95,
    "volume" : 122187.00
  }, {
    "date" : "2025-09-30",
    "price" : 1824.70,
    "dma50" : 1852.17,
    "dma100" : 1875.47,
    "dma200" : 1954.64,
    "volume" : 196875.00
  }, {
    "date" : "2025-10-01",
    "price" : 1828.00,
    "dma50" : 1851.22,
    "dma100" : 1875.16,
    "dma200" : 1953.38,
    "volume" : 138552.00
  }, {
    "date" : "2025-10-03",
    "price" : 1849.10,
    "dma50" : 1851.14,
    "dma100" : 1875.12,
    "dma200" : 1952.35,
    "volume" : 142513.00
  }, {
    "date" : "2025-10-06",
    "price" : 1833.40,
    "dma50" : 1850.44,
    "dma100" : 1874.84,
    "dma200" : 1951.16,
    "volume" : 414555.00
  }, {
    "date" : "2025-10-07",
    "price" : 1857.60,
    "dma50" : 1850.73,
    "dma100" : 1874.58,
    "dma200" : 1950.23,
    "volume" : 181202.00
  }, {
    "date" : "2025-10-08",
    "price" : 1865.60,
    "dma50" : 1851.31,
    "dma100" : 1873.95,
    "dma200" : 1949.39,
    "volume" : 259097.00
  }, {
    "date" : "2025-10-09",
    "price" : 1874.80,
    "dma50" : 1852.23,
    "dma100" : 1873.40,
    "dma200" : 1948.65,
    "volume" : 133589.00
  }, {
    "date" : "2025-10-10",
    "price" : 1885.60,
    "dma50" : 1853.54,
    "dma100" : 1873.06,
    "dma200" : 1948.02,
    "volume" : 130116.00
  }, {
    "date" : "2025-10-13",
    "price" : 1870.10,
    "dma50" : 1854.19,
    "dma100" : 1872.34,
    "dma200" : 1947.25,
    "volume" : 124493.00
  }, {
    "date" : "2025-10-14",
    "price" : 1862.50,
    "dma50" : 1854.51,
    "dma100" : 1871.52,
    "dma200" : 1946.40,
    "volume" : 222230.00
  }, {
    "date" : "2025-10-15",
    "price" : 1857.40,
    "dma50" : 1854.63,
    "dma100" : 1870.50,
    "dma200" : 1945.52,
    "volume" : 68019.00
  }, {
    "date" : "2025-10-16",
    "price" : 1860.10,
    "dma50" : 1854.84,
    "dma100" : 1869.52,
    "dma200" : 1944.67,
    "volume" : 93796.00
  }, {
    "date" : "2025-10-17",
    "price" : 1832.70,
    "dma50" : 1853.97,
    "dma100" : 1868.48,
    "dma200" : 1943.55,
    "volume" : 181489.00
  }, {
    "date" : "2025-10-20",
    "price" : 1830.90,
    "dma50" : 1853.07,
    "dma100" : 1867.59,
    "dma200" : 1942.43,
    "volume" : 211212.00
  }, {
    "date" : "2025-10-21",
    "price" : 1848.90,
    "dma50" : 1852.91,
    "dma100" : 1866.90,
    "dma200" : 1941.50,
    "volume" : 43368.00
  }, {
    "date" : "2025-10-23",
    "price" : 1855.70,
    "dma50" : 1853.01,
    "dma100" : 1866.63,
    "dma200" : 1940.65,
    "volume" : 315461.00
  }, {
    "date" : "2025-10-24",
    "price" : 1850.10,
    "dma50" : 1852.90,
    "dma100" : 1866.29,
    "dma200" : 1939.75,
    "volume" : 312614.00
  }, {
    "date" : "2025-10-27",
    "price" : 1862.70,
    "dma50" : 1853.28,
    "dma100" : 1866.13,
    "dma200" : 1938.98,
    "volume" : 223363.00
  }, {
    "date" : "2025-10-28",
    "price" : 1860.70,
    "dma50" : 1853.58,
    "dma100" : 1865.97,
    "dma200" : 1938.20,
    "volume" : 188384.00
  }, {
    "date" : "2025-10-29",
    "price" : 1879.30,
    "dma50" : 1854.58,
    "dma100" : 1865.91,
    "dma200" : 1937.61,
    "volume" : 375616.00
  }, {
    "date" : "2025-10-30",
    "price" : 1859.40,
    "dma50" : 1854.77,
    "dma100" : 1865.46,
    "dma200" : 1936.84,
    "volume" : 219340.00
  }, {
    "date" : "2025-10-31",
    "price" : 1881.50,
    "dma50" : 1855.82,
    "dma100" : 1865.22,
    "dma200" : 1936.29,
    "volume" : 1190266.00
  }, {
    "date" : "2025-11-03",
    "price" : 1870.50,
    "dma50" : 1856.40,
    "dma100" : 1864.79,
    "dma200" : 1935.63,
    "volume" : 672159.00
  }, {
    "date" : "2025-11-04",
    "price" : 1832.60,
    "dma50" : 1855.46,
    "dma100" : 1864.06,
    "dma200" : 1934.61,
    "volume" : 603247.00
  }, {
    "date" : "2025-11-06",
    "price" : 1832.40,
    "dma50" : 1854.56,
    "dma100" : 1863.73,
    "dma200" : 1933.59,
    "volume" : 249525.00
  }, {
    "date" : "2025-11-07",
    "price" : 1840.50,
    "dma50" : 1854.01,
    "dma100" : 1863.67,
    "dma200" : 1932.66,
    "volume" : 252622.00
  }, {
    "date" : "2025-11-10",
    "price" : 1845.00,
    "dma50" : 1853.65,
    "dma100" : 1863.40,
    "dma200" : 1931.79,
    "volume" : 137822.00
  }, {
    "date" : "2025-11-11",
    "price" : 1845.30,
    "dma50" : 1853.33,
    "dma100" : 1863.24,
    "dma200" : 1930.93,
    "volume" : 142565.00
  }, {
    "date" : "2025-11-12",
    "price" : 1852.90,
    "dma50" : 1853.31,
    "dma100" : 1863.37,
    "dma200" : 1930.15,
    "volume" : 161452.00
  }, {
    "date" : "2025-11-13",
    "price" : 1844.80,
    "dma50" : 1852.98,
    "dma100" : 1863.56,
    "dma200" : 1929.30,
    "volume" : 197213.00
  }, {
    "date" : "2025-11-14",
    "price" : 1840.30,
    "dma50" : 1852.48,
    "dma100" : 1863.73,
    "dma200" : 1928.42,
    "volume" : 110843.00
  }, {
    "date" : "2025-11-17",
    "price" : 1846.70,
    "dma50" : 1852.25,
    "dma100" : 1864.03,
    "dma200" : 1927.61,
    "volume" : 122265.00
  }, {
    "date" : "2025-11-18",
    "price" : 1838.70,
    "dma50" : 1851.72,
    "dma100" : 1863.93,
    "dma200" : 1926.72,
    "volume" : 159837.00
  }, {
    "date" : "2025-11-19",
    "price" : 1836.90,
    "dma50" : 1851.14,
    "dma100" : 1863.76,
    "dma200" : 1925.83,
    "volume" : 244733.00
  }, {
    "date" : "2025-11-20",
    "price" : 1851.40,
    "dma50" : 1851.15,
    "dma100" : 1863.46,
    "dma200" : 1925.09,
    "volume" : 287840.00
  }, {
    "date" : "2025-11-21",
    "price" : 1830.10,
    "dma50" : 1850.32,
    "dma100" : 1862.56,
    "dma200" : 1924.14,
    "volume" : 184000.00
  }, {
    "date" : "2025-11-24",
    "price" : 1913.70,
    "dma50" : 1852.81,
    "dma100" : 1862.52,
    "dma200" : 1924.04,
    "volume" : 3584578.00
  }, {
    "date" : "2025-11-25",
    "price" : 1869.10,
    "dma50" : 1853.45,
    "dma100" : 1862.00,
    "dma200" : 1923.49,
    "volume" : 435042.00
  }, {
    "date" : "2025-11-26",
    "price" : 1884.50,
    "dma50" : 1854.67,
    "dma100" : 1861.45,
    "dma200" : 1923.10,
    "volume" : 257370.00
  }, {
    "date" : "2025-11-27",
    "price" : 1870.20,
    "dma50" : 1855.28,
    "dma100" : 1860.59,
    "dma200" : 1922.58,
    "volume" : 130247.00
  }, {
    "date" : "2025-11-28",
    "price" : 1850.60,
    "dma50" : 1855.09,
    "dma100" : 1859.44,
    "dma200" : 1921.86,
    "volume" : 191568.00
  }, {
    "date" : "2025-12-01",
    "price" : 1850.50,
    "dma50" : 1854.91,
    "dma100" : 1858.30,
    "dma200" : 1921.15,
    "volume" : 122951.00
  } ],
  "latestTechnicalAttributes" : {
    "date" : "2025-12-01",
    "price" : 1850.50,
    "dma50" : 1854.91,
    "dma100" : 1858.30,
    "dma200" : 1921.15,
    "volume" : 122951.00
  },
  "quarterlyResults" : [ {
    "date" : "2004-03-31",
    "sales" : 961.15,
    "salesGrowthYoY" : null,
    "grossProfitMargin" : 58.62,
    "grossProfit" : 563.43,
    "operatingProfitMargin" : 14.26,
    "operatingProfit" : 137.06,
    "netProfitMargin" : 10.95,
    "netProfit" : 105.25
  }, {
    "date" : "2004-06-30",
    "sales" : 941.25,
    "salesGrowthYoY" : null,
    "grossProfitMargin" : 61.33,
    "grossProfit" : 577.27,
    "operatingProfitMargin" : 17.29,
    "operatingProfit" : 162.74,
    "netProfitMargin" : 8.63,
    "netProfit" : 81.23
  }, {
    "date" : "2004-09-30",
    "sales" : 881.83,
    "salesGrowthYoY" : null,
    "grossProfitMargin" : 58.08,
    "grossProfit" : 512.17,
    "operatingProfitMargin" : 17.06,
    "operatingProfit" : 150.44,
    "netProfitMargin" : 8.21,
    "netProfit" : 72.40
  }, {
    "date" : "2004-12-31",
    "sales" : 953.72,
    "salesGrowthYoY" : null,
    "grossProfitMargin" : 54.31,
    "grossProfit" : 517.97,
    "operatingProfitMargin" : 12.62,
    "operatingProfit" : 120.36,
    "netProfitMargin" : 5.55,
    "netProfit" : 52.93
  }, {
    "date" : "2005-03-31",
    "sales" : 1110.60,
    "salesGrowthYoY" : 15.55,
    "grossProfitMargin" : 58.30,
    "grossProfit" : 647.48,
    "operatingProfitMargin" : 14.80,
    "operatingProfit" : 164.37,
    "netProfitMargin" : 13.88,
    "netProfit" : 154.15
  }, {
    "date" : "2005-06-30",
    "sales" : 1097.13,
    "salesGrowthYoY" : 16.56,
    "grossProfitMargin" : 63.76,
    "grossProfit" : 699.53,
    "operatingProfitMargin" : 20.36,
    "operatingProfit" : 223.38,
    "netProfitMargin" : 12.39,
    "netProfit" : 135.93
  }, {
    "date" : "2005-09-30",
    "sales" : 990.21,
    "salesGrowthYoY" : 12.29,
    "grossProfitMargin" : 61.33,
    "grossProfit" : 607.30,
    "operatingProfitMargin" : 14.69,
    "operatingProfit" : 145.46,
    "netProfitMargin" : 8.46,
    "netProfit" : 83.77
  }, {
    "date" : "2005-12-31",
    "sales" : 1090.32,
    "salesGrowthYoY" : 14.32,
    "grossProfitMargin" : 64.04,
    "grossProfit" : 698.24,
    "operatingProfitMargin" : 15.14,
    "operatingProfit" : 165.07,
    "netProfitMargin" : 6.53,
    "netProfit" : 71.20
  }, {
    "date" : "2006-03-31",
    "sales" : 1336.40,
    "salesGrowthYoY" : 20.33,
    "grossProfitMargin" : 64.78,
    "grossProfit" : 865.72,
    "operatingProfitMargin" : 24.44,
    "operatingProfit" : 326.62,
    "netProfitMargin" : 17.06,
    "netProfit" : 227.99
  }, {
    "date" : "2006-06-30",
    "sales" : 1431.73,
    "salesGrowthYoY" : 30.50,
    "grossProfitMargin" : 72.88,
    "grossProfit" : 1043.44,
    "operatingProfitMargin" : 32.32,
    "operatingProfit" : 462.74,
    "netProfitMargin" : 21.24,
    "netProfit" : 304.10
  }, {
    "date" : "2006-09-30",
    "sales" : 1361.92,
    "salesGrowthYoY" : 37.54,
    "grossProfitMargin" : 69.11,
    "grossProfit" : 941.22,
    "operatingProfitMargin" : 26.77,
    "operatingProfit" : 364.59,
    "netProfitMargin" : 16.50,
    "netProfit" : 224.72
  }, {
    "date" : "2006-12-31",
    "sales" : 1592.33,
    "salesGrowthYoY" : 46.04,
    "grossProfitMargin" : 71.40,
    "grossProfit" : 1136.92,
    "operatingProfitMargin" : 29.42,
    "operatingProfit" : 468.46,
    "netProfitMargin" : 21.10,
    "netProfit" : 335.98
  }, {
    "date" : "2007-03-31",
    "sales" : 1634.89,
    "salesGrowthYoY" : 22.34,
    "grossProfitMargin" : 71.63,
    "grossProfit" : 1171.07,
    "operatingProfitMargin" : 31.03,
    "operatingProfit" : 507.31,
    "netProfitMargin" : 20.84,
    "netProfit" : 340.71
  }, {
    "date" : "2007-06-30",
    "sales" : 1842.53,
    "salesGrowthYoY" : 28.69,
    "grossProfitMargin" : 69.38,
    "grossProfit" : 1278.35,
    "operatingProfitMargin" : 29.54,
    "operatingProfit" : 544.28,
    "netProfitMargin" : 18.77,
    "netProfit" : 345.84
  }, {
    "date" : "2007-09-30",
    "sales" : 1678.77,
    "salesGrowthYoY" : 23.26,
    "grossProfitMargin" : 69.90,
    "grossProfit" : 1173.46,
    "operatingProfitMargin" : 26.72,
    "operatingProfit" : 448.57,
    "netProfitMargin" : 16.73,
    "netProfit" : 280.86
  }, {
    "date" : "2007-12-31",
    "sales" : 1834.49,
    "salesGrowthYoY" : 15.21,
    "grossProfitMargin" : 69.23,
    "grossProfit" : 1270.02,
    "operatingProfitMargin" : 23.11,
    "operatingProfit" : 423.95,
    "netProfitMargin" : 14.02,
    "netProfit" : 257.20
  }, {
    "date" : "2008-03-31",
    "sales" : 1828.31,
    "salesGrowthYoY" : 11.83,
    "grossProfitMargin" : 67.09,
    "grossProfit" : 1226.61,
    "operatingProfitMargin" : 27.49,
    "operatingProfit" : 502.60,
    "netProfitMargin" : 18.11,
    "netProfit" : 331.11
  }, {
    "date" : "2008-06-30",
    "sales" : 1832.57,
    "salesGrowthYoY" : -0.54,
    "grossProfitMargin" : 66.73,
    "grossProfit" : 1222.87,
    "operatingProfitMargin" : 23.97,
    "operatingProfit" : 439.27,
    "netProfitMargin" : 14.34,
    "netProfit" : 262.79
  }, {
    "date" : "2008-09-30",
    "sales" : 1830.92,
    "salesGrowthYoY" : 9.06,
    "grossProfitMargin" : 68.09,
    "grossProfit" : 1246.67,
    "operatingProfitMargin" : 26.55,
    "operatingProfit" : 486.11,
    "netProfitMargin" : 15.48,
    "netProfit" : 283.43
  }, {
    "date" : "2008-12-31",
    "sales" : 1886.48,
    "salesGrowthYoY" : 2.83,
    "grossProfitMargin" : 63.45,
    "grossProfit" : 1196.97,
    "operatingProfitMargin" : 22.02,
    "operatingProfit" : 415.40,
    "netProfitMargin" : 15.92,
    "netProfit" : 300.33
  }, {
    "date" : "2009-03-31",
    "sales" : 2081.70,
    "salesGrowthYoY" : 13.86,
    "grossProfitMargin" : 66.56,
    "grossProfit" : 1385.58,
    "operatingProfitMargin" : 32.38,
    "operatingProfit" : 674.05,
    "netProfitMargin" : 19.44,
    "netProfit" : 404.68
  }, {
    "date" : "2009-06-30",
    "sales" : 2119.86,
    "salesGrowthYoY" : 15.68,
    "grossProfitMargin" : 70.66,
    "grossProfit" : 1497.89,
    "operatingProfitMargin" : 36.46,
    "operatingProfit" : 772.90,
    "netProfitMargin" : 22.91,
    "netProfit" : 485.66
  }, {
    "date" : "2009-09-30",
    "sales" : 2005.47,
    "salesGrowthYoY" : 9.53,
    "grossProfitMargin" : 71.69,
    "grossProfit" : 1437.72,
    "operatingProfitMargin" : 35.10,
    "operatingProfit" : 703.92,
    "netProfitMargin" : 21.72,
    "netProfit" : 435.59
  }, {
    "date" : "2009-12-31",
    "sales" : 1983.88,
    "salesGrowthYoY" : 5.16,
    "grossProfitMargin" : 69.26,
    "grossProfit" : 1374.04,
    "operatingProfitMargin" : 24.85,
    "operatingProfit" : 492.99,
    "netProfitMargin" : 14.15,
    "netProfit" : 280.72
  }, {
    "date" : "2010-03-31",
    "sales" : 2136.28,
    "salesGrowthYoY" : 2.62,
    "grossProfitMargin" : 67.27,
    "grossProfit" : 1437.08,
    "operatingProfitMargin" : 30.74,
    "operatingProfit" : 656.69,
    "netProfitMargin" : 18.96,
    "netProfit" : 405.04
  }, {
    "date" : "2010-06-30",
    "sales" : 2062.16,
    "salesGrowthYoY" : -2.72,
    "grossProfitMargin" : 68.12,
    "grossProfit" : 1404.74,
    "operatingProfitMargin" : 28.82,
    "operatingProfit" : 594.31,
    "netProfitMargin" : 17.41,
    "netProfit" : 359.02
  }, {
    "date" : "2010-09-30",
    "sales" : 1688.48,
    "salesGrowthYoY" : -15.81,
    "grossProfitMargin" : 58.97,
    "grossProfit" : 995.70,
    "operatingProfitMargin" : 13.10,
    "operatingProfit" : 221.19,
    "netProfitMargin" : 5.92,
    "netProfit" : 99.96
  }, {
    "date" : "2010-12-31",
    "sales" : 2088.86,
    "salesGrowthYoY" : 5.29,
    "grossProfitMargin" : 65.31,
    "grossProfit" : 1364.23,
    "operatingProfitMargin" : 16.28,
    "operatingProfit" : 340.07,
    "netProfitMargin" : 12.25,
    "netProfit" : 255.89
  }, {
    "date" : "2011-03-31",
    "sales" : 2423.54,
    "salesGrowthYoY" : 13.45,
    "grossProfitMargin" : 63.70,
    "grossProfit" : 1543.79,
    "operatingProfitMargin" : 23.92,
    "operatingProfit" : 579.71,
    "netProfitMargin" : 14.47,
    "netProfit" : 350.69
  }, {
    "date" : "2011-06-30",
    "sales" : 2432.88,
    "salesGrowthYoY" : 17.98,
    "grossProfitMargin" : 67.10,
    "grossProfit" : 1632.46,
    "operatingProfitMargin" : 23.85,
    "operatingProfit" : 580.24,
    "netProfitMargin" : 13.84,
    "netProfit" : 336.71
  }, {
    "date" : "2011-09-30",
    "sales" : 2248.67,
    "salesGrowthYoY" : 33.18,
    "grossProfitMargin" : 62.65,
    "grossProfit" : 1408.79,
    "operatingProfitMargin" : 14.19,
    "operatingProfit" : 319.09,
    "netProfitMargin" : 7.45,
    "netProfit" : 167.53
  }, {
    "date" : "2011-12-31",
    "sales" : 2555.20,
    "salesGrowthYoY" : 22.33,
    "grossProfitMargin" : 62.91,
    "grossProfit" : 1607.48,
    "operatingProfitMargin" : 17.29,
    "operatingProfit" : 441.79,
    "netProfitMargin" : 18.41,
    "netProfit" : 470.41
  }, {
    "date" : "2012-03-31",
    "sales" : 2889.09,
    "salesGrowthYoY" : 19.21,
    "grossProfitMargin" : 63.36,
    "grossProfit" : 1830.53,
    "operatingProfitMargin" : 33.93,
    "operatingProfit" : 980.27,
    "netProfitMargin" : 16.99,
    "netProfit" : 490.86
  }, {
    "date" : "2012-06-30",
    "sales" : 2815.39,
    "salesGrowthYoY" : 15.72,
    "grossProfitMargin" : 68.08,
    "grossProfit" : 1916.72,
    "operatingProfitMargin" : 24.45,
    "operatingProfit" : 688.36,
    "netProfitMargin" : 14.84,
    "netProfit" : 417.80
  }, {
    "date" : "2012-09-30",
    "sales" : 2473.92,
    "salesGrowthYoY" : 10.02,
    "grossProfitMargin" : 64.99,
    "grossProfit" : 1607.80,
    "operatingProfitMargin" : 18.77,
    "operatingProfit" : 464.35,
    "netProfitMargin" : 10.05,
    "netProfit" : 248.63
  }, {
    "date" : "2012-12-31",
    "sales" : 3179.56,
    "salesGrowthYoY" : 24.43,
    "grossProfitMargin" : 58.61,
    "grossProfit" : 1863.54,
    "operatingProfitMargin" : 12.51,
    "operatingProfit" : 397.76,
    "netProfitMargin" : 7.52,
    "netProfit" : 239.10
  }, {
    "date" : "2013-03-31",
    "sales" : 2950.93,
    "salesGrowthYoY" : 2.14,
    "grossProfitMargin" : 64.24,
    "grossProfit" : 1895.68,
    "operatingProfitMargin" : 16.66,
    "operatingProfit" : 491.62,
    "netProfitMargin" : 14.83,
    "netProfit" : 437.62
  }, {
    "date" : "2013-06-30",
    "sales" : 2846.14,
    "salesGrowthYoY" : 1.09,
    "grossProfitMargin" : 63.55,
    "grossProfit" : 1808.72,
    "operatingProfitMargin" : 17.19,
    "operatingProfit" : 489.25,
    "netProfitMargin" : 9.10,
    "netProfit" : 259.00
  }, {
    "date" : "2013-09-30",
    "sales" : 2566.47,
    "salesGrowthYoY" : 3.74,
    "grossProfitMargin" : 59.81,
    "grossProfit" : 1535.01,
    "operatingProfitMargin" : 11.16,
    "operatingProfit" : 286.42,
    "netProfitMargin" : 4.71,
    "netProfit" : 120.88
  }, {
    "date" : "2013-12-31",
    "sales" : 2786.07,
    "salesGrowthYoY" : -12.38,
    "grossProfitMargin" : 63.10,
    "grossProfit" : 1758.01,
    "operatingProfitMargin" : 12.97,
    "operatingProfit" : 361.35,
    "netProfitMargin" : 9.98,
    "netProfit" : 278.05
  }, {
    "date" : "2014-03-31",
    "sales" : 3026.52,
    "salesGrowthYoY" : 2.56,
    "grossProfitMargin" : 62.06,
    "grossProfit" : 1878.26,
    "operatingProfitMargin" : 14.03,
    "operatingProfit" : 424.62,
    "netProfitMargin" : 13.17,
    "netProfit" : 398.59
  }, {
    "date" : "2014-06-30",
    "sales" : 3059.54,
    "salesGrowthYoY" : 7.50,
    "grossProfitMargin" : 63.26,
    "grossProfit" : 1935.47,
    "operatingProfitMargin" : 14.73,
    "operatingProfit" : 450.67,
    "netProfitMargin" : 7.88,
    "netProfit" : 241.09
  }, {
    "date" : "2014-09-30",
    "sales" : 2814.46,
    "salesGrowthYoY" : 9.66,
    "grossProfitMargin" : 63.15,
    "grossProfit" : 1777.33,
    "operatingProfitMargin" : 13.45,
    "operatingProfit" : 378.54,
    "netProfitMargin" : 7.28,
    "netProfit" : 204.89
  }, {
    "date" : "2014-12-31",
    "sales" : 2837.69,
    "salesGrowthYoY" : 1.85,
    "grossProfitMargin" : 61.10,
    "grossProfit" : 1733.83,
    "operatingProfitMargin" : 8.93,
    "operatingProfit" : 253.41,
    "netProfitMargin" : 11.40,
    "netProfit" : 323.50
  }, {
    "date" : "2015-03-31",
    "sales" : 3080.13,
    "salesGrowthYoY" : 1.77,
    "grossProfitMargin" : 65.98,
    "grossProfit" : 2032.27,
    "operatingProfitMargin" : 19.75,
    "operatingProfit" : 608.33,
    "netProfitMargin" : 11.53,
    "netProfit" : 355.14
  }, {
    "date" : "2015-06-30",
    "sales" : 3015.25,
    "salesGrowthYoY" : -1.45,
    "grossProfitMargin" : 63.09,
    "grossProfit" : 1902.32,
    "operatingProfitMargin" : 11.06,
    "operatingProfit" : 333.49,
    "netProfitMargin" : 4.36,
    "netProfit" : 131.46
  }, {
    "date" : "2015-09-30",
    "sales" : 2789.82,
    "salesGrowthYoY" : -0.88,
    "grossProfitMargin" : 63.67,
    "grossProfit" : 1776.28,
    "operatingProfitMargin" : 11.24,
    "operatingProfit" : 313.58,
    "netProfitMargin" : 4.19,
    "netProfit" : 116.89
  }, {
    "date" : "2015-12-31",
    "sales" : 2911.63,
    "salesGrowthYoY" : 2.61,
    "grossProfitMargin" : 63.32,
    "grossProfit" : 1843.64,
    "operatingProfitMargin" : 9.67,
    "operatingProfit" : 281.55,
    "netProfitMargin" : 3.52,
    "netProfit" : 102.49
  }, {
    "date" : "2016-03-31",
    "sales" : 2935.93,
    "salesGrowthYoY" : -4.68,
    "grossProfitMargin" : 65.52,
    "grossProfit" : 1923.62,
    "operatingProfitMargin" : 15.01,
    "operatingProfit" : 440.68,
    "netProfitMargin" : 7.99,
    "netProfit" : 234.58
  }, {
    "date" : "2016-06-30",
    "sales" : 2879.97,
    "salesGrowthYoY" : -4.49,
    "grossProfitMargin" : 65.37,
    "grossProfit" : 1882.64,
    "operatingProfitMargin" : 16.01,
    "operatingProfit" : 461.08,
    "netProfitMargin" : 8.42,
    "netProfit" : 242.49
  }, {
    "date" : "2016-09-30",
    "sales" : 2476.38,
    "salesGrowthYoY" : -11.24,
    "grossProfitMargin" : 66.60,
    "grossProfit" : 1649.27,
    "operatingProfitMargin" : 11.37,
    "operatingProfit" : 281.56,
    "netProfitMargin" : 3.61,
    "netProfit" : 89.40
  }, {
    "date" : "2016-12-31",
    "sales" : 2697.30,
    "salesGrowthYoY" : -7.36,
    "grossProfitMargin" : 65.63,
    "grossProfit" : 1770.24,
    "operatingProfitMargin" : 10.59,
    "operatingProfit" : 285.64,
    "netProfitMargin" : 4.13,
    "netProfit" : 111.40
  }, {
    "date" : "2017-03-31",
    "sales" : 3174.01,
    "salesGrowthYoY" : 8.11,
    "grossProfitMargin" : 64.95,
    "grossProfit" : 2061.52,
    "operatingProfitMargin" : 13.11,
    "operatingProfit" : 416.11,
    "netProfitMargin" : 6.66,
    "netProfit" : 211.39
  }, {
    "date" : "2017-06-30",
    "sales" : 3452.88,
    "salesGrowthYoY" : 19.89,
    "grossProfitMargin" : 68.53,
    "grossProfit" : 2366.26,
    "operatingProfitMargin" : 18.40,
    "operatingProfit" : 635.33,
    "netProfitMargin" : 9.32,
    "netProfit" : 321.81
  }, {
    "date" : "2017-09-30",
    "sales" : 3116.49,
    "salesGrowthYoY" : 25.85,
    "grossProfitMargin" : 62.49,
    "grossProfit" : 1947.49,
    "operatingProfitMargin" : 13.32,
    "operatingProfit" : 415.12,
    "netProfitMargin" : 5.70,
    "netProfit" : 177.64
  }, {
    "date" : "2017-12-31",
    "sales" : 3494.08,
    "salesGrowthYoY" : 29.54,
    "grossProfitMargin" : 62.37,
    "grossProfit" : 2179.26,
    "operatingProfitMargin" : 12.67,
    "operatingProfit" : 442.70,
    "netProfitMargin" : 5.85,
    "netProfit" : 204.40
  }, {
    "date" : "2018-03-31",
    "sales" : 3624.59,
    "salesGrowthYoY" : 14.20,
    "grossProfitMargin" : 63.71,
    "grossProfit" : 2309.23,
    "operatingProfitMargin" : 13.55,
    "operatingProfit" : 491.13,
    "netProfitMargin" : 6.76,
    "netProfit" : 245.02
  }, {
    "date" : "2018-06-30",
    "sales" : 3848.25,
    "salesGrowthYoY" : 11.45,
    "grossProfitMargin" : 66.22,
    "grossProfit" : 2548.31,
    "operatingProfitMargin" : 16.21,
    "operatingProfit" : 623.80,
    "netProfitMargin" : 8.46,
    "netProfit" : 325.56
  }, {
    "date" : "2018-09-30",
    "sales" : 3433.16,
    "salesGrowthYoY" : 10.16,
    "grossProfitMargin" : 64.93,
    "grossProfit" : 2229.15,
    "operatingProfitMargin" : 12.89,
    "operatingProfit" : 442.53,
    "netProfitMargin" : 5.99,
    "netProfit" : 205.65
  }, {
    "date" : "2018-12-31",
    "sales" : 3895.35,
    "salesGrowthYoY" : 11.48,
    "grossProfitMargin" : 61.15,
    "grossProfit" : 2382.01,
    "operatingProfitMargin" : 12.51,
    "operatingProfit" : 487.31,
    "netProfitMargin" : 18.75,
    "netProfit" : 730.38
  }, {
    "date" : "2019-03-31",
    "sales" : 3919.09,
    "salesGrowthYoY" : 8.13,
    "grossProfitMargin" : 61.65,
    "grossProfit" : 2416.12,
    "operatingProfitMargin" : 13.55,
    "operatingProfit" : 531.04,
    "netProfitMargin" : 8.64,
    "netProfit" : 338.61
  }, {
    "date" : "2019-06-30",
    "sales" : 4149.72,
    "salesGrowthYoY" : 7.83,
    "grossProfitMargin" : 64.46,
    "grossProfit" : 2674.91,
    "operatingProfitMargin" : 18.84,
    "operatingProfit" : 781.81,
    "netProfitMargin" : 10.88,
    "netProfit" : 451.49
  }, {
    "date" : "2019-09-30",
    "sales" : 3527.57,
    "salesGrowthYoY" : 2.75,
    "grossProfitMargin" : 66.48,
    "grossProfit" : 2345.13,
    "operatingProfitMargin" : 15.77,
    "operatingProfit" : 556.30,
    "netProfitMargin" : 8.50,
    "netProfit" : 299.84
  }, {
    "date" : "2019-12-31",
    "sales" : 4060.27,
    "salesGrowthYoY" : 4.23,
    "grossProfitMargin" : 58.34,
    "grossProfit" : 2368.76,
    "operatingProfitMargin" : 13.31,
    "operatingProfit" : 540.42,
    "netProfitMargin" : 6.63,
    "netProfit" : 269.20
  }, {
    "date" : "2020-03-31",
    "sales" : 3501.71,
    "salesGrowthYoY" : -10.65,
    "grossProfitMargin" : 65.47,
    "grossProfit" : 2292.57,
    "operatingProfitMargin" : 16.73,
    "operatingProfit" : 585.84,
    "netProfitMargin" : 9.14,
    "netProfit" : 320.06
  }, {
    "date" : "2020-06-30",
    "sales" : 2600.83,
    "salesGrowthYoY" : -37.33,
    "grossProfitMargin" : 63.23,
    "grossProfit" : 1644.50,
    "operatingProfitMargin" : 20.16,
    "operatingProfit" : 524.33,
    "netProfitMargin" : 10.30,
    "netProfit" : 267.89
  }, {
    "date" : "2020-09-30",
    "sales" : 3537.31,
    "salesGrowthYoY" : 0.28,
    "grossProfitMargin" : 62.98,
    "grossProfit" : 2227.80,
    "operatingProfitMargin" : 18.96,
    "operatingProfit" : 670.67,
    "netProfitMargin" : 10.26,
    "netProfit" : 362.93
  }, {
    "date" : "2020-12-31",
    "sales" : 4144.69,
    "salesGrowthYoY" : 2.08,
    "grossProfitMargin" : 61.17,
    "grossProfit" : 2535.31,
    "operatingProfitMargin" : 13.78,
    "operatingProfit" : 571.14,
    "netProfitMargin" : 14.19,
    "netProfit" : 588.13
  }, {
    "date" : "2021-03-31",
    "sales" : 4291.88,
    "salesGrowthYoY" : 22.57,
    "grossProfitMargin" : 63.89,
    "grossProfit" : 2742.08,
    "operatingProfitMargin" : 20.02,
    "operatingProfit" : 859.23,
    "netProfitMargin" : 12.99,
    "netProfit" : 557.52
  }, {
    "date" : "2021-06-30",
    "sales" : 3884.80,
    "salesGrowthYoY" : 49.37,
    "grossProfitMargin" : 65.72,
    "grossProfit" : 2553.09,
    "operatingProfitMargin" : 22.52,
    "operatingProfit" : 874.86,
    "netProfitMargin" : 14.45,
    "netProfit" : 561.35
  }, {
    "date" : "2021-09-30",
    "sales" : 3748.90,
    "salesGrowthYoY" : 5.98,
    "grossProfitMargin" : 62.35,
    "grossProfit" : 2337.44,
    "operatingProfitMargin" : 18.97,
    "operatingProfit" : 711.17,
    "netProfitMargin" : 11.98,
    "netProfit" : 449.12
  }, {
    "date" : "2021-12-31",
    "sales" : 4225.77,
    "salesGrowthYoY" : 1.96,
    "grossProfitMargin" : 54.22,
    "grossProfit" : 2291.21,
    "operatingProfitMargin" : 13.13,
    "operatingProfit" : 554.84,
    "netProfitMargin" : 7.58,
    "netProfit" : 320.31
  }, {
    "date" : "2022-03-31",
    "sales" : 4426.50,
    "salesGrowthYoY" : 3.14,
    "grossProfitMargin" : 56.16,
    "grossProfit" : 2485.92,
    "operatingProfitMargin" : 14.32,
    "operatingProfit" : 633.87,
    "netProfitMargin" : 8.85,
    "netProfit" : 391.75
  }, {
    "date" : "2022-06-30",
    "sales" : 4468.39,
    "salesGrowthYoY" : 15.02,
    "grossProfitMargin" : 51.89,
    "grossProfit" : 2318.65,
    "operatingProfitMargin" : 9.52,
    "operatingProfit" : 425.39,
    "netProfitMargin" : 4.97,
    "netProfit" : 222.08
  }, {
    "date" : "2022-09-30",
    "sales" : 3987.34,
    "salesGrowthYoY" : 6.36,
    "grossProfitMargin" : 45.68,
    "grossProfit" : 1821.42,
    "operatingProfitMargin" : 0.39,
    "operatingProfit" : 15.55,
    "netProfitMargin" : -1.88,
    "netProfit" : -74.96
  }, {
    "date" : "2022-12-31",
    "sales" : 4536.97,
    "salesGrowthYoY" : 7.36,
    "grossProfitMargin" : 46.72,
    "grossProfit" : 2119.67,
    "operatingProfitMargin" : 8.34,
    "operatingProfit" : 378.38,
    "netProfitMargin" : 3.72,
    "netProfit" : 168.78
  }, {
    "date" : "2023-03-31",
    "sales" : 4790.77,
    "salesGrowthYoY" : 8.23,
    "grossProfitMargin" : 47.40,
    "grossProfit" : 2270.82,
    "operatingProfitMargin" : 9.73,
    "operatingProfit" : 466.14,
    "netProfitMargin" : 5.94,
    "netProfit" : 284.57
  }, {
    "date" : "2023-06-30",
    "sales" : 5201.11,
    "salesGrowthYoY" : 16.40,
    "grossProfitMargin" : 49.56,
    "grossProfit" : 2577.67,
    "operatingProfitMargin" : 14.79,
    "operatingProfit" : 769.24,
    "netProfitMargin" : 8.92,
    "netProfit" : 463.94
  }, {
    "date" : "2023-09-30",
    "sales" : 4434.67,
    "salesGrowthYoY" : 11.22,
    "grossProfitMargin" : 49.51,
    "grossProfit" : 2195.61,
    "operatingProfitMargin" : 12.37,
    "operatingProfit" : 548.57,
    "netProfitMargin" : 8.67,
    "netProfit" : 384.49
  }, {
    "date" : "2023-12-31",
    "sales" : 4918.34,
    "salesGrowthYoY" : 8.41,
    "grossProfitMargin" : 50.60,
    "grossProfit" : 2488.68,
    "operatingProfitMargin" : 18.36,
    "operatingProfit" : 903.01,
    "netProfitMargin" : 10.72,
    "netProfit" : 527.25
  }, {
    "date" : "2024-03-31",
    "sales" : 5398.11,
    "salesGrowthYoY" : 12.68,
    "grossProfitMargin" : 48.22,
    "grossProfit" : 2602.97,
    "operatingProfitMargin" : 15.51,
    "operatingProfit" : 837.25,
    "netProfitMargin" : 13.87,
    "netProfit" : 748.72
  }, {
    "date" : "2024-06-30",
    "sales" : 5199.76,
    "salesGrowthYoY" : -0.03,
    "grossProfitMargin" : 47.03,
    "grossProfit" : 2445.45,
    "operatingProfitMargin" : 13.02,
    "operatingProfit" : 677.01,
    "netProfitMargin" : 7.04,
    "netProfit" : 366.06
  }, {
    "date" : "2024-09-30",
    "sales" : 4628.92,
    "salesGrowthYoY" : 4.38,
    "grossProfitMargin" : 44.30,
    "grossProfit" : 2050.61,
    "operatingProfitMargin" : 9.27,
    "operatingProfit" : 429.10,
    "netProfitMargin" : 5.05,
    "netProfit" : 233.76
  }, {
    "date" : "2024-12-31",
    "sales" : 5896.05,
    "salesGrowthYoY" : 19.88,
    "grossProfitMargin" : 48.66,
    "grossProfit" : 2869.02,
    "operatingProfitMargin" : 18.82,
    "operatingProfit" : 1109.64,
    "netProfitMargin" : 18.47,
    "netProfit" : 1089.00
  }, {
    "date" : "2025-03-31",
    "sales" : 6056.55,
    "salesGrowthYoY" : 12.20,
    "grossProfitMargin" : 44.70,
    "grossProfit" : 2707.28,
    "operatingProfitMargin" : 13.22,
    "operatingProfit" : 800.68,
    "netProfitMargin" : 10.37,
    "netProfit" : 628.06
  }, {
    "date" : "2025-06-30",
    "sales" : 6065.83,
    "salesGrowthYoY" : 16.66,
    "grossProfitMargin" : 45.47,
    "grossProfit" : 2758.13,
    "operatingProfitMargin" : 12.74,
    "operatingProfit" : 772.79,
    "netProfitMargin" : 6.34,
    "netProfit" : 384.57
  }, {
    "date" : "2025-09-30",
    "sales" : 5852.46,
    "salesGrowthYoY" : 26.43,
    "grossProfitMargin" : 44.25,
    "grossProfit" : 2589.71,
    "operatingProfitMargin" : 14.00,
    "operatingProfit" : 819.34,
    "netProfitMargin" : 19.00,
    "netProfit" : 1111.97
  } ],
  "latestQuarterlyResult" : {
    "date" : "2025-09-30",
    "sales" : 5852.46,
    "salesGrowthYoY" : 26.43,
    "grossProfitMargin" : 44.25,
    "grossProfit" : 2589.71,
    "operatingProfitMargin" : 14.00,
    "operatingProfit" : 819.34,
    "netProfitMargin" : 19.00,
    "netProfit" : 1111.97
  },
  "companyScore" : {
    "priceHigherThanDma50" : 0.00,
    "priceHigherThanDma100" : 0.00,
    "priceHigherThanDma200" : 0.00,
    "dma50HigherThanDma100" : 0.00,
    "dma50HigherThanDma200" : 0.00,
    "dma100HigherThanDma200" : 0.00,
    "pricePercentageAboveDma50" : 5.01,
    "pricePercentageAboveDma100" : 5.02,
    "pricePercentageAboveDma200" : 5.18,
    "weeklyVolumeHigherThanYearlyVolume" : 0.00,
    "salesGrowthPercentile" : 18.31,
    "operatingProfitMarginPercentile" : 7.55,
    "netProfitMarginPercentile" : 9.31,
    "totalTechnicalScore" : 15.22,
    "totalFundamentalScore" : 35.17,
    "totalScore" : 50.39
  }
}