{
  "metadata" : {
    "screenerCompanyId" : "56",
    "companyCode" : "ADANIENT",
    "companyName" : "Adani Enterp.",
    "screenerCompanyLink" : "https://www.screener.in/company/ADANIENT/consolidated/",
    "screenerTechnicalHistoryLink" : "https://www.screener.in/api/company/56/chart/?q=Price-DMA50-DMA200-Volume&days=365",
    "screenerQuarterlyResultsLink" : "https://www.screener.in/api/company/56/chart/?q=GPM-OPM-NPM-Quarter+Sales&days=10000",
    "attributes" : {
      "companyCode" : "ADANIENT",
      "companyName" : "Adani Enterp.",
      "marketCap" : 257232.00,
      "peRatio" : 69.70,
      "description" : "Adani Enterprises Ltd has business interests in various economic areas such as mining, integrated resources management (IRM), infrastructure such as airports, roads, rail/ metro, water, data centres, solar manufacturing, agro and defence.[1]"
    },
    "companyScore" : {
      "priceHigherThanDma50" : 5.00,
      "priceHigherThanDma100" : 0.00,
      "priceHigherThanDma200" : 0.00,
      "dma50HigherThanDma100" : 0.00,
      "dma50HigherThanDma200" : 0.00,
      "dma100HigherThanDma200" : 0.00,
      "pricePercentageAboveDma50" : 4.90,
      "pricePercentageAboveDma100" : 5.16,
      "pricePercentageAboveDma200" : 5.19,
      "weeklyVolumeHigherThanYearlyVolume" : 5.00,
      "salesGrowthPercentile" : 5.75,
      "operatingProfitMarginPercentile" : 17.22,
      "netProfitMarginPercentile" : 9.40,
      "totalTechnicalScore" : 25.26,
      "totalFundamentalScore" : 32.38,
      "totalScore" : 57.63
    }
  },
  "attributes" : {
    "companyCode" : "ADANIENT",
    "companyName" : "Adani Enterp.",
    "marketCap" : 257232.00,
    "peRatio" : 69.70,
    "description" : "Adani Enterprises Ltd has business interests in various economic areas such as mining, integrated resources management (IRM), infrastructure such as airports, roads, rail/ metro, water, data centres, solar manufacturing, agro and defence.[1]"
  },
  "technicalHistory" : [ {
    "date" : "2025-02-11",
    "price" : 2250.90,
    "dma50" : 2351.30,
    "dma100" : null,
    "dma200" : 2641.59,
    "volume" : 5190431.00
  }, {
    "date" : "2025-02-12",
    "price" : 2281.63,
    "dma50" : 2348.57,
    "dma100" : null,
    "dma200" : 2638.01,
    "volume" : 2137351.00
  }, {
    "date" : "2025-02-13",
    "price" : 2176.20,
    "dma50" : 2341.81,
    "dma100" : null,
    "dma200" : 2633.42,
    "volume" : 2718483.00
  }, {
    "date" : "2025-02-14",
    "price" : 2086.96,
    "dma50" : 2331.82,
    "dma100" : null,
    "dma200" : 2627.98,
    "volume" : 2727674.00
  }, {
    "date" : "2025-02-17",
    "price" : 2155.84,
    "dma50" : 2324.92,
    "dma100" : null,
    "dma200" : 2623.28,
    "volume" : 1592192.00
  }, {
    "date" : "2025-02-18",
    "price" : 2152.55,
    "dma50" : 2318.16,
    "dma100" : null,
    "dma200" : 2618.60,
    "volume" : 1332786.00
  }, {
    "date" : "2025-02-19",
    "price" : 2114.25,
    "dma50" : 2310.16,
    "dma100" : null,
    "dma200" : 2613.58,
    "volume" : 1309477.00
  }, {
    "date" : "2025-02-20",
    "price" : 2112.51,
    "dma50" : 2302.41,
    "dma100" : null,
    "dma200" : 2608.59,
    "volume" : 1158330.00
  }, {
    "date" : "2025-02-21",
    "price" : 2068.01,
    "dma50" : 2293.22,
    "dma100" : null,
    "dma200" : 2603.21,
    "volume" : 1682165.00
  }, {
    "date" : "2025-02-24",
    "price" : 2050.61,
    "dma50" : 2283.70,
    "dma100" : null,
    "dma200" : 2597.72,
    "volume" : 1158235.00
  }, {
    "date" : "2025-02-25",
    "price" : 2064.86,
    "dma50" : 2275.12,
    "dma100" : null,
    "dma200" : 2592.41,
    "volume" : 915722.00
  }, {
    "date" : "2025-02-27",
    "price" : 2046.53,
    "dma50" : 2266.16,
    "dma100" : null,
    "dma200" : 2586.98,
    "volume" : 1039797.00
  }, {
    "date" : "2025-02-28",
    "price" : 2032.04,
    "dma50" : 2256.97,
    "dma100" : null,
    "dma200" : 2581.46,
    "volume" : 2491439.00
  }, {
    "date" : "2025-03-03",
    "price" : 2052.50,
    "dma50" : 2248.96,
    "dma100" : null,
    "dma200" : 2576.20,
    "volume" : 1751331.00
  }, {
    "date" : "2025-03-04",
    "price" : 2079.35,
    "dma50" : 2242.31,
    "dma100" : null,
    "dma200" : 2571.25,
    "volume" : 917559.00
  }, {
    "date" : "2025-03-05",
    "price" : 2177.32,
    "dma50" : 2239.76,
    "dma100" : null,
    "dma200" : 2567.33,
    "volume" : 10263454.00
  }, {
    "date" : "2025-03-06",
    "price" : 2184.10,
    "dma50" : 2237.57,
    "dma100" : null,
    "dma200" : 2563.52,
    "volume" : 969282.00
  }, {
    "date" : "2025-03-07",
    "price" : 2178.92,
    "dma50" : 2235.27,
    "dma100" : null,
    "dma200" : 2559.69,
    "volume" : 926629.00
  }, {
    "date" : "2025-03-10",
    "price" : 2160.30,
    "dma50" : 2232.33,
    "dma100" : null,
    "dma200" : 2555.72,
    "volume" : 1037004.00
  }, {
    "date" : "2025-03-11",
    "price" : 2181.92,
    "dma50" : 2230.36,
    "dma100" : null,
    "dma200" : 2552.00,
    "volume" : 1062789.00
  }, {
    "date" : "2025-03-12",
    "price" : 2173.39,
    "dma50" : 2228.12,
    "dma100" : null,
    "dma200" : 2548.23,
    "volume" : 1126654.00
  }, {
    "date" : "2025-03-13",
    "price" : 2153.32,
    "dma50" : 2225.19,
    "dma100" : null,
    "dma200" : 2544.30,
    "volume" : 803166.00
  }, {
    "date" : "2025-03-17",
    "price" : 2183.96,
    "dma50" : 2223.57,
    "dma100" : null,
    "dma200" : 2540.72,
    "volume" : 1026307.00
  }, {
    "date" : "2025-03-18",
    "price" : 2238.06,
    "dma50" : 2224.14,
    "dma100" : null,
    "dma200" : 2537.71,
    "volume" : 954137.00
  }, {
    "date" : "2025-03-19",
    "price" : 2247.90,
    "dma50" : 2225.07,
    "dma100" : null,
    "dma200" : 2534.82,
    "volume" : 1115778.00
  }, {
    "date" : "2025-03-20",
    "price" : 2267.92,
    "dma50" : 2226.75,
    "dma100" : null,
    "dma200" : 2532.17,
    "volume" : 2760490.00
  }, {
    "date" : "2025-03-21",
    "price" : 2290.70,
    "dma50" : 2229.26,
    "dma100" : null,
    "dma200" : 2529.76,
    "volume" : 1173543.00
  }, {
    "date" : "2025-03-24",
    "price" : 2296.42,
    "dma50" : 2231.89,
    "dma100" : null,
    "dma200" : 2527.44,
    "volume" : 1100419.00
  }, {
    "date" : "2025-03-25",
    "price" : 2249.54,
    "dma50" : 2232.59,
    "dma100" : null,
    "dma200" : 2524.68,
    "volume" : 869541.00
  }, {
    "date" : "2025-03-26",
    "price" : 2242.03,
    "dma50" : 2232.96,
    "dma100" : null,
    "dma200" : 2521.86,
    "volume" : 1142925.00
  }, {
    "date" : "2025-03-27",
    "price" : 2291.23,
    "dma50" : 2235.24,
    "dma100" : null,
    "dma200" : 2519.57,
    "volume" : 1794207.00
  }, {
    "date" : "2025-03-28",
    "price" : 2245.13,
    "dma50" : 2235.63,
    "dma100" : null,
    "dma200" : 2516.84,
    "volume" : 1946989.00
  }, {
    "date" : "2025-04-01",
    "price" : 2263.99,
    "dma50" : 2236.74,
    "dma100" : null,
    "dma200" : 2514.32,
    "volume" : 565982.00
  }, {
    "date" : "2025-04-02",
    "price" : 2297.10,
    "dma50" : 2239.11,
    "dma100" : null,
    "dma200" : 2512.16,
    "volume" : 630184.00
  }, {
    "date" : "2025-04-03",
    "price" : 2337.23,
    "dma50" : 2242.96,
    "dma100" : null,
    "dma200" : 2510.42,
    "volume" : 1103386.00
  }, {
    "date" : "2025-04-04",
    "price" : 2263.41,
    "dma50" : 2243.76,
    "dma100" : null,
    "dma200" : 2507.96,
    "volume" : 1308570.00
  }, {
    "date" : "2025-04-07",
    "price" : 2145.18,
    "dma50" : 2239.89,
    "dma100" : null,
    "dma200" : 2504.35,
    "volume" : 1690073.00
  }, {
    "date" : "2025-04-08",
    "price" : 2215.95,
    "dma50" : 2238.95,
    "dma100" : null,
    "dma200" : 2501.48,
    "volume" : 1329975.00
  }, {
    "date" : "2025-04-09",
    "price" : 2168.64,
    "dma50" : 2236.20,
    "dma100" : null,
    "dma200" : 2498.17,
    "volume" : 1081623.00
  }, {
    "date" : "2025-04-11",
    "price" : 2250.56,
    "dma50" : 2236.76,
    "dma100" : null,
    "dma200" : 2495.71,
    "volume" : 1127535.00
  }, {
    "date" : "2025-04-15",
    "price" : 2344.41,
    "dma50" : 2240.98,
    "dma100" : null,
    "dma200" : 2494.20,
    "volume" : 1293138.00
  }, {
    "date" : "2025-04-16",
    "price" : 2341.89,
    "dma50" : 2244.94,
    "dma100" : null,
    "dma200" : 2492.69,
    "volume" : 983788.00
  }, {
    "date" : "2025-04-17",
    "price" : 2344.31,
    "dma50" : 2248.84,
    "dma100" : null,
    "dma200" : 2491.21,
    "volume" : 1125993.00
  }, {
    "date" : "2025-04-21",
    "price" : 2368.16,
    "dma50" : 2253.51,
    "dma100" : null,
    "dma200" : 2489.99,
    "volume" : 842844.00
  }, {
    "date" : "2025-04-22",
    "price" : 2370.88,
    "dma50" : 2258.12,
    "dma100" : null,
    "dma200" : 2488.80,
    "volume" : 852797.00
  }, {
    "date" : "2025-04-23",
    "price" : 2378.73,
    "dma50" : 2262.85,
    "dma100" : null,
    "dma200" : 2487.71,
    "volume" : 734362.00
  }, {
    "date" : "2025-04-24",
    "price" : 2367.97,
    "dma50" : 2266.97,
    "dma100" : null,
    "dma200" : 2486.51,
    "volume" : 643013.00
  }, {
    "date" : "2025-04-25",
    "price" : 2282.46,
    "dma50" : 2267.58,
    "dma100" : null,
    "dma200" : 2484.48,
    "volume" : 1514468.00
  }, {
    "date" : "2025-04-28",
    "price" : 2297.49,
    "dma50" : 2268.75,
    "dma100" : null,
    "dma200" : 2482.62,
    "volume" : 731202.00
  }, {
    "date" : "2025-04-29",
    "price" : 2259.48,
    "dma50" : 2268.39,
    "dma100" : null,
    "dma200" : 2480.40,
    "volume" : 722633.00
  }, {
    "date" : "2025-04-30",
    "price" : 2231.08,
    "dma50" : 2266.92,
    "dma100" : null,
    "dma200" : 2477.92,
    "volume" : 922012.00
  }, {
    "date" : "2025-05-02",
    "price" : 2224.19,
    "dma50" : 2265.25,
    "dma100" : null,
    "dma200" : 2475.40,
    "volume" : 2109063.00
  }, {
    "date" : "2025-05-05",
    "price" : 2380.57,
    "dma50" : 2269.77,
    "dma100" : null,
    "dma200" : 2474.45,
    "volume" : 4584019.00
  }, {
    "date" : "2025-05-06",
    "price" : 2282.17,
    "dma50" : 2270.26,
    "dma100" : null,
    "dma200" : 2472.54,
    "volume" : 1638973.00
  }, {
    "date" : "2025-05-07",
    "price" : 2281.30,
    "dma50" : 2270.69,
    "dma100" : null,
    "dma200" : 2470.64,
    "volume" : 1094515.00
  }, {
    "date" : "2025-05-08",
    "price" : 2215.56,
    "dma50" : 2268.53,
    "dma100" : null,
    "dma200" : 2468.10,
    "volume" : 1508197.00
  }, {
    "date" : "2025-05-09",
    "price" : 2182.31,
    "dma50" : 2265.15,
    "dma100" : null,
    "dma200" : 2465.26,
    "volume" : 1129865.00
  }, {
    "date" : "2025-05-12",
    "price" : 2351.29,
    "dma50" : 2268.52,
    "dma100" : null,
    "dma200" : 2464.12,
    "volume" : 2434479.00
  }, {
    "date" : "2025-05-13",
    "price" : 2366.71,
    "dma50" : 2272.38,
    "dma100" : null,
    "dma200" : 2463.15,
    "volume" : 1934638.00
  }, {
    "date" : "2025-05-14",
    "price" : 2386.78,
    "dma50" : 2276.86,
    "dma100" : null,
    "dma200" : 2462.39,
    "volume" : 832477.00
  }, {
    "date" : "2025-05-15",
    "price" : 2443.10,
    "dma50" : 2283.38,
    "dma100" : null,
    "dma200" : 2462.20,
    "volume" : 1693962.00
  }, {
    "date" : "2025-05-16",
    "price" : 2477.03,
    "dma50" : 2290.97,
    "dma100" : null,
    "dma200" : 2462.35,
    "volume" : 1752451.00
  }, {
    "date" : "2025-05-19",
    "price" : 2463.07,
    "dma50" : 2297.72,
    "dma100" : null,
    "dma200" : 2462.36,
    "volume" : 775014.00
  }, {
    "date" : "2025-05-20",
    "price" : 2425.26,
    "dma50" : 2302.73,
    "dma100" : null,
    "dma200" : 2461.99,
    "volume" : 686283.00
  }, {
    "date" : "2025-05-21",
    "price" : 2424.10,
    "dma50" : 2307.48,
    "dma100" : null,
    "dma200" : 2461.61,
    "volume" : 580813.00
  }, {
    "date" : "2025-05-22",
    "price" : 2411.69,
    "dma50" : 2311.57,
    "dma100" : null,
    "dma200" : 2461.11,
    "volume" : 987888.00
  }, {
    "date" : "2025-05-23",
    "price" : 2462.49,
    "dma50" : 2317.49,
    "dma100" : null,
    "dma200" : 2461.13,
    "volume" : 1027865.00
  }, {
    "date" : "2025-05-26",
    "price" : 2469.96,
    "dma50" : 2323.47,
    "dma100" : null,
    "dma200" : 2461.21,
    "volume" : 599070.00
  }, {
    "date" : "2025-05-27",
    "price" : 2462.78,
    "dma50" : 2328.93,
    "dma100" : null,
    "dma200" : 2461.23,
    "volume" : 549543.00
  }, {
    "date" : "2025-05-28",
    "price" : 2438.25,
    "dma50" : 2333.22,
    "dma100" : null,
    "dma200" : 2461.00,
    "volume" : 635912.00
  }, {
    "date" : "2025-05-29",
    "price" : 2463.27,
    "dma50" : 2338.32,
    "dma100" : null,
    "dma200" : 2461.02,
    "volume" : 849323.00
  }, {
    "date" : "2025-05-30",
    "price" : 2443.01,
    "dma50" : 2342.42,
    "dma100" : null,
    "dma200" : 2460.84,
    "volume" : 727168.00
  }, {
    "date" : "2025-06-02",
    "price" : 2441.94,
    "dma50" : 2346.33,
    "dma100" : null,
    "dma200" : 2460.66,
    "volume" : 1071359.00
  }, {
    "date" : "2025-06-03",
    "price" : 2395.50,
    "dma50" : 2348.26,
    "dma100" : null,
    "dma200" : 2460.01,
    "volume" : 1074028.00
  }, {
    "date" : "2025-06-04",
    "price" : 2413.44,
    "dma50" : 2350.81,
    "dma100" : null,
    "dma200" : 2459.54,
    "volume" : 623310.00
  }, {
    "date" : "2025-06-05",
    "price" : 2427.98,
    "dma50" : 2353.84,
    "dma100" : null,
    "dma200" : 2459.23,
    "volume" : 752772.00
  }, {
    "date" : "2025-06-06",
    "price" : 2456.87,
    "dma50" : 2357.88,
    "dma100" : null,
    "dma200" : 2459.21,
    "volume" : 691956.00
  }, {
    "date" : "2025-06-09",
    "price" : 2503.31,
    "dma50" : 2363.58,
    "dma100" : null,
    "dma200" : 2459.65,
    "volume" : 1880323.00
  }, {
    "date" : "2025-06-10",
    "price" : 2533.36,
    "dma50" : 2370.24,
    "dma100" : null,
    "dma200" : 2460.38,
    "volume" : 2225605.00
  }, {
    "date" : "2025-06-11",
    "price" : 2502.43,
    "dma50" : 2375.42,
    "dma100" : null,
    "dma200" : 2460.80,
    "volume" : 829887.00
  }, {
    "date" : "2025-06-12",
    "price" : 2466.08,
    "dma50" : 2378.98,
    "dma100" : null,
    "dma200" : 2460.85,
    "volume" : 1020808.00
  }, {
    "date" : "2025-06-13",
    "price" : 2431.37,
    "dma50" : 2381.03,
    "dma100" : null,
    "dma200" : 2460.56,
    "volume" : 754139.00
  }, {
    "date" : "2025-06-16",
    "price" : 2466.37,
    "dma50" : 2384.38,
    "dma100" : null,
    "dma200" : 2460.62,
    "volume" : 1026606.00
  }, {
    "date" : "2025-06-17",
    "price" : 2412.56,
    "dma50" : 2385.48,
    "dma100" : null,
    "dma200" : 2460.14,
    "volume" : 763962.00
  }, {
    "date" : "2025-06-18",
    "price" : 2384.06,
    "dma50" : 2385.43,
    "dma100" : null,
    "dma200" : 2459.38,
    "volume" : 721869.00
  }, {
    "date" : "2025-06-19",
    "price" : 2346.74,
    "dma50" : 2383.91,
    "dma100" : null,
    "dma200" : 2458.26,
    "volume" : 725713.00
  }, {
    "date" : "2025-06-20",
    "price" : 2373.69,
    "dma50" : 2383.51,
    "dma100" : null,
    "dma200" : 2457.42,
    "volume" : 3117045.00
  }, {
    "date" : "2025-06-23",
    "price" : 2396.57,
    "dma50" : 2384.02,
    "dma100" : null,
    "dma200" : 2456.81,
    "volume" : 872935.00
  }, {
    "date" : "2025-06-24",
    "price" : 2429.14,
    "dma50" : 2385.79,
    "dma100" : null,
    "dma200" : 2456.54,
    "volume" : 1064805.00
  }, {
    "date" : "2025-06-25",
    "price" : 2450.08,
    "dma50" : 2388.31,
    "dma100" : null,
    "dma200" : 2456.47,
    "volume" : 983565.00
  }, {
    "date" : "2025-06-26",
    "price" : 2507.28,
    "dma50" : 2392.98,
    "dma100" : null,
    "dma200" : 2456.98,
    "volume" : 1422284.00
  }, {
    "date" : "2025-06-27",
    "price" : 2565.55,
    "dma50" : 2399.75,
    "dma100" : null,
    "dma200" : 2458.06,
    "volume" : 4324467.00
  }, {
    "date" : "2025-06-30",
    "price" : 2539.47,
    "dma50" : 2405.23,
    "dma100" : null,
    "dma200" : 2458.87,
    "volume" : 768686.00
  }, {
    "date" : "2025-07-01",
    "price" : 2541.80,
    "dma50" : 2410.58,
    "dma100" : null,
    "dma200" : 2459.69,
    "volume" : 778124.00
  }, {
    "date" : "2025-07-02",
    "price" : 2549.94,
    "dma50" : 2416.05,
    "dma100" : null,
    "dma200" : 2460.59,
    "volume" : 666041.00
  }, {
    "date" : "2025-07-03",
    "price" : 2531.52,
    "dma50" : 2420.57,
    "dma100" : null,
    "dma200" : 2461.30,
    "volume" : 541144.00
  }, {
    "date" : "2025-07-04",
    "price" : 2519.79,
    "dma50" : 2424.47,
    "dma100" : null,
    "dma200" : 2461.88,
    "volume" : 421263.00
  }, {
    "date" : "2025-07-07",
    "price" : 2497.49,
    "dma50" : 2427.33,
    "dma100" : null,
    "dma200" : 2462.23,
    "volume" : 452772.00
  }, {
    "date" : "2025-07-08",
    "price" : 2512.23,
    "dma50" : 2430.66,
    "dma100" : null,
    "dma200" : 2462.73,
    "volume" : 386612.00
  }, {
    "date" : "2025-07-09",
    "price" : 2504.18,
    "dma50" : 2433.54,
    "dma100" : null,
    "dma200" : 2463.14,
    "volume" : 436193.00
  }, {
    "date" : "2025-07-10",
    "price" : 2502.24,
    "dma50" : 2436.24,
    "dma100" : 2324.23,
    "dma200" : 2463.53,
    "volume" : 328191.00
  }, {
    "date" : "2025-07-11",
    "price" : 2480.62,
    "dma50" : 2437.98,
    "dma100" : 2326.22,
    "dma200" : 2463.70,
    "volume" : 409792.00
  }, {
    "date" : "2025-07-14",
    "price" : 2502.53,
    "dma50" : 2440.51,
    "dma100" : 2329.48,
    "dma200" : 2464.09,
    "volume" : 597538.00
  }, {
    "date" : "2025-07-15",
    "price" : 2518.92,
    "dma50" : 2443.58,
    "dma100" : 2333.80,
    "dma200" : 2464.63,
    "volume" : 428562.00
  }, {
    "date" : "2025-07-16",
    "price" : 2528.90,
    "dma50" : 2446.93,
    "dma100" : 2337.53,
    "dma200" : 2465.27,
    "volume" : 752066.00
  }, {
    "date" : "2025-07-17",
    "price" : 2536.75,
    "dma50" : 2450.45,
    "dma100" : 2341.37,
    "dma200" : 2465.99,
    "volume" : 845774.00
  }, {
    "date" : "2025-07-18",
    "price" : 2516.88,
    "dma50" : 2453.06,
    "dma100" : 2345.40,
    "dma200" : 2466.49,
    "volume" : 536565.00
  }, {
    "date" : "2025-07-21",
    "price" : 2539.57,
    "dma50" : 2456.45,
    "dma100" : 2349.67,
    "dma200" : 2467.22,
    "volume" : 425117.00
  }, {
    "date" : "2025-07-22",
    "price" : 2508.83,
    "dma50" : 2458.50,
    "dma100" : 2354.08,
    "dma200" : 2467.63,
    "volume" : 421996.00
  }, {
    "date" : "2025-07-23",
    "price" : 2534.72,
    "dma50" : 2461.49,
    "dma100" : 2358.92,
    "dma200" : 2468.30,
    "volume" : 365280.00
  }, {
    "date" : "2025-07-24",
    "price" : 2528.80,
    "dma50" : 2464.13,
    "dma100" : 2363.56,
    "dma200" : 2468.90,
    "volume" : 272483.00
  }, {
    "date" : "2025-07-25",
    "price" : 2472.28,
    "dma50" : 2464.45,
    "dma100" : 2367.82,
    "dma200" : 2468.94,
    "volume" : 457566.00
  }, {
    "date" : "2025-07-28",
    "price" : 2445.33,
    "dma50" : 2463.70,
    "dma100" : 2371.95,
    "dma200" : 2468.70,
    "volume" : 454328.00
  }, {
    "date" : "2025-07-29",
    "price" : 2470.15,
    "dma50" : 2463.95,
    "dma100" : 2376.13,
    "dma200" : 2468.72,
    "volume" : 471650.00
  }, {
    "date" : "2025-07-30",
    "price" : 2455.61,
    "dma50" : 2463.63,
    "dma100" : 2379.89,
    "dma200" : 2468.59,
    "volume" : 289708.00
  }, {
    "date" : "2025-07-31",
    "price" : 2356.53,
    "dma50" : 2459.43,
    "dma100" : 2381.68,
    "dma200" : 2467.47,
    "volume" : 1608653.00
  }, {
    "date" : "2025-08-01",
    "price" : 2279.16,
    "dma50" : 2452.36,
    "dma100" : 2382.63,
    "dma200" : 2465.60,
    "volume" : 1084922.00
  }, {
    "date" : "2025-08-04",
    "price" : 2291.47,
    "dma50" : 2446.05,
    "dma100" : 2383.76,
    "dma200" : 2463.86,
    "volume" : 654101.00
  }, {
    "date" : "2025-08-05",
    "price" : 2257.16,
    "dma50" : 2438.64,
    "dma100" : 2384.73,
    "dma200" : 2461.81,
    "volume" : 638686.00
  }, {
    "date" : "2025-08-06",
    "price" : 2230.11,
    "dma50" : 2430.46,
    "dma100" : 2385.21,
    "dma200" : 2459.50,
    "volume" : 715257.00
  }, {
    "date" : "2025-08-07",
    "price" : 2181.15,
    "dma50" : 2420.69,
    "dma100" : 2385.28,
    "dma200" : 2456.73,
    "volume" : 1714428.00
  }, {
    "date" : "2025-08-08",
    "price" : 2111.64,
    "dma50" : 2408.57,
    "dma100" : 2384.87,
    "dma200" : 2453.30,
    "volume" : 2709653.00
  }, {
    "date" : "2025-08-11",
    "price" : 2213.72,
    "dma50" : 2400.93,
    "dma100" : 2385.17,
    "dma200" : 2450.91,
    "volume" : 2665647.00
  }, {
    "date" : "2025-08-12",
    "price" : 2218.38,
    "dma50" : 2393.77,
    "dma100" : 2384.97,
    "dma200" : 2448.60,
    "volume" : 1167375.00
  }, {
    "date" : "2025-08-13",
    "price" : 2210.52,
    "dma50" : 2386.58,
    "dma100" : 2384.59,
    "dma200" : 2446.23,
    "volume" : 921990.00
  }, {
    "date" : "2025-08-14",
    "price" : 2211.98,
    "dma50" : 2379.73,
    "dma100" : 2384.04,
    "dma200" : 2443.90,
    "volume" : 1086861.00
  }, {
    "date" : "2025-08-18",
    "price" : 2262.39,
    "dma50" : 2375.13,
    "dma100" : 2383.75,
    "dma200" : 2442.09,
    "volume" : 1124357.00
  }, {
    "date" : "2025-08-19",
    "price" : 2315.52,
    "dma50" : 2372.79,
    "dma100" : 2383.94,
    "dma200" : 2440.84,
    "volume" : 1166705.00
  }, {
    "date" : "2025-08-20",
    "price" : 2314.26,
    "dma50" : 2370.50,
    "dma100" : 2384.59,
    "dma200" : 2439.58,
    "volume" : 839165.00
  }, {
    "date" : "2025-08-21",
    "price" : 2304.66,
    "dma50" : 2367.92,
    "dma100" : 2385.22,
    "dma200" : 2438.23,
    "volume" : 474563.00
  }, {
    "date" : "2025-08-22",
    "price" : 2253.96,
    "dma50" : 2363.45,
    "dma100" : 2384.84,
    "dma200" : 2436.40,
    "volume" : 661360.00
  }, {
    "date" : "2025-08-25",
    "price" : 2232.63,
    "dma50" : 2358.32,
    "dma100" : 2384.72,
    "dma200" : 2434.37,
    "volume" : 588181.00
  }, {
    "date" : "2025-08-26",
    "price" : 2202.67,
    "dma50" : 2352.21,
    "dma100" : 2384.11,
    "dma200" : 2432.07,
    "volume" : 1143935.00
  }, {
    "date" : "2025-08-28",
    "price" : 2205.77,
    "dma50" : 2346.47,
    "dma100" : 2383.19,
    "dma200" : 2429.82,
    "volume" : 1041796.00
  }, {
    "date" : "2025-08-29",
    "price" : 2176.20,
    "dma50" : 2339.79,
    "dma100" : 2381.58,
    "dma200" : 2427.29,
    "volume" : 859535.00
  }, {
    "date" : "2025-09-01",
    "price" : 2214.50,
    "dma50" : 2334.88,
    "dma100" : 2381.09,
    "dma200" : 2425.17,
    "volume" : 467124.00
  }, {
    "date" : "2025-09-02",
    "price" : 2204.80,
    "dma50" : 2329.78,
    "dma100" : 2381.69,
    "dma200" : 2422.98,
    "volume" : 519050.00
  }, {
    "date" : "2025-09-03",
    "price" : 2218.86,
    "dma50" : 2325.43,
    "dma100" : 2381.72,
    "dma200" : 2420.95,
    "volume" : 489780.00
  }, {
    "date" : "2025-09-04",
    "price" : 2209.26,
    "dma50" : 2320.87,
    "dma100" : 2382.12,
    "dma200" : 2418.84,
    "volume" : 436313.00
  }, {
    "date" : "2025-09-05",
    "price" : 2211.78,
    "dma50" : 2316.60,
    "dma100" : 2381.74,
    "dma200" : 2416.78,
    "volume" : 482943.00
  }, {
    "date" : "2025-09-08",
    "price" : 2240.38,
    "dma50" : 2313.61,
    "dma100" : 2380.70,
    "dma200" : 2415.03,
    "volume" : 599707.00
  }, {
    "date" : "2025-09-09",
    "price" : 2241.06,
    "dma50" : 2310.76,
    "dma100" : 2379.69,
    "dma200" : 2413.30,
    "volume" : 394822.00
  }, {
    "date" : "2025-09-10",
    "price" : 2268.79,
    "dma50" : 2309.12,
    "dma100" : 2378.93,
    "dma200" : 2411.86,
    "volume" : 447485.00
  }, {
    "date" : "2025-09-11",
    "price" : 2325.60,
    "dma50" : 2309.76,
    "dma100" : 2378.51,
    "dma200" : 2411.00,
    "volume" : 2257802.00
  }, {
    "date" : "2025-09-12",
    "price" : 2319.01,
    "dma50" : 2310.12,
    "dma100" : 2377.99,
    "dma200" : 2410.09,
    "volume" : 595584.00
  }, {
    "date" : "2025-09-15",
    "price" : 2310.67,
    "dma50" : 2310.15,
    "dma100" : 2377.31,
    "dma200" : 2409.10,
    "volume" : 327184.00
  }, {
    "date" : "2025-09-16",
    "price" : 2326.18,
    "dma50" : 2310.78,
    "dma100" : 2376.89,
    "dma200" : 2408.27,
    "volume" : 831736.00
  }, {
    "date" : "2025-09-17",
    "price" : 2328.70,
    "dma50" : 2311.48,
    "dma100" : 2377.35,
    "dma200" : 2407.48,
    "volume" : 559245.00
  }, {
    "date" : "2025-09-18",
    "price" : 2328.70,
    "dma50" : 2312.15,
    "dma100" : 2377.66,
    "dma200" : 2406.70,
    "volume" : 772832.00
  }, {
    "date" : "2025-09-19",
    "price" : 2446.98,
    "dma50" : 2317.44,
    "dma100" : 2379.54,
    "dma200" : 2407.10,
    "volume" : 8685229.00
  }, {
    "date" : "2025-09-22",
    "price" : 2549.26,
    "dma50" : 2326.53,
    "dma100" : 2382.72,
    "dma200" : 2408.51,
    "volume" : 7529988.00
  }, {
    "date" : "2025-09-23",
    "price" : 2594.73,
    "dma50" : 2337.05,
    "dma100" : 2386.43,
    "dma200" : 2410.36,
    "volume" : 6160156.00
  }, {
    "date" : "2025-09-24",
    "price" : 2539.86,
    "dma50" : 2345.00,
    "dma100" : 2388.02,
    "dma200" : 2411.65,
    "volume" : 1862795.00
  }, {
    "date" : "2025-09-25",
    "price" : 2497.78,
    "dma50" : 2350.99,
    "dma100" : 2390.18,
    "dma200" : 2412.51,
    "volume" : 1626096.00
  }, {
    "date" : "2025-09-26",
    "price" : 2466.08,
    "dma50" : 2355.51,
    "dma100" : 2392.02,
    "dma200" : 2413.04,
    "volume" : 1138953.00
  }, {
    "date" : "2025-09-29",
    "price" : 2432.92,
    "dma50" : 2358.54,
    "dma100" : 2394.20,
    "dma200" : 2413.24,
    "volume" : 1086428.00
  }, {
    "date" : "2025-09-30",
    "price" : 2429.43,
    "dma50" : 2361.32,
    "dma100" : 2396.67,
    "dma200" : 2413.40,
    "volume" : 755596.00
  }, {
    "date" : "2025-10-01",
    "price" : 2513.58,
    "dma50" : 2367.29,
    "dma100" : 2398.29,
    "dma200" : 2414.40,
    "volume" : 1728008.00
  }, {
    "date" : "2025-10-03",
    "price" : 2510.87,
    "dma50" : 2372.92,
    "dma100" : 2399.73,
    "dma200" : 2415.36,
    "volume" : 992693.00
  }, {
    "date" : "2025-10-06",
    "price" : 2494.97,
    "dma50" : 2377.71,
    "dma100" : 2400.82,
    "dma200" : 2416.15,
    "volume" : 703826.00
  }, {
    "date" : "2025-10-07",
    "price" : 2464.62,
    "dma50" : 2381.12,
    "dma100" : 2401.03,
    "dma200" : 2416.63,
    "volume" : 1191815.00
  }, {
    "date" : "2025-10-08",
    "price" : 2447.08,
    "dma50" : 2383.71,
    "dma100" : 2400.73,
    "dma200" : 2416.94,
    "volume" : 1150740.00
  }, {
    "date" : "2025-10-09",
    "price" : 2464.82,
    "dma50" : 2386.89,
    "dma100" : 2400.75,
    "dma200" : 2417.41,
    "volume" : 703136.00
  }, {
    "date" : "2025-10-10",
    "price" : 2473.06,
    "dma50" : 2390.27,
    "dma100" : 2401.23,
    "dma200" : 2417.97,
    "volume" : 733711.00
  }, {
    "date" : "2025-10-13",
    "price" : 2450.28,
    "dma50" : 2392.62,
    "dma100" : 2401.49,
    "dma200" : 2418.29,
    "volume" : 701454.00
  }, {
    "date" : "2025-10-14",
    "price" : 2440.19,
    "dma50" : 2394.48,
    "dma100" : 2401.77,
    "dma200" : 2418.51,
    "volume" : 716659.00
  }, {
    "date" : "2025-10-15",
    "price" : 2455.51,
    "dma50" : 2396.88,
    "dma100" : 2401.70,
    "dma200" : 2418.87,
    "volume" : 809337.00
  }, {
    "date" : "2025-10-16",
    "price" : 2479.55,
    "dma50" : 2400.12,
    "dma100" : 2401.80,
    "dma200" : 2419.48,
    "volume" : 1137571.00
  }, {
    "date" : "2025-10-17",
    "price" : 2471.61,
    "dma50" : 2402.92,
    "dma100" : 2401.89,
    "dma200" : 2420.00,
    "volume" : 723811.00
  }, {
    "date" : "2025-10-20",
    "price" : 2470.34,
    "dma50" : 2405.57,
    "dma100" : 2402.21,
    "dma200" : 2420.50,
    "volume" : 808842.00
  }, {
    "date" : "2025-10-21",
    "price" : 2472.09,
    "dma50" : 2408.18,
    "dma100" : 2402.30,
    "dma200" : 2421.01,
    "volume" : 119779.00
  }, {
    "date" : "2025-10-23",
    "price" : 2468.12,
    "dma50" : 2410.53,
    "dma100" : 2402.55,
    "dma200" : 2421.48,
    "volume" : 952614.00
  }, {
    "date" : "2025-10-24",
    "price" : 2427.78,
    "dma50" : 2411.20,
    "dma100" : 2402.41,
    "dma200" : 2421.54,
    "volume" : 532743.00
  }, {
    "date" : "2025-10-27",
    "price" : 2416.73,
    "dma50" : 2411.42,
    "dma100" : 2402.62,
    "dma200" : 2421.49,
    "volume" : 518781.00
  }, {
    "date" : "2025-10-28",
    "price" : 2418.28,
    "dma50" : 2411.69,
    "dma100" : 2402.67,
    "dma200" : 2421.46,
    "volume" : 678105.00
  }, {
    "date" : "2025-10-29",
    "price" : 2459.97,
    "dma50" : 2413.58,
    "dma100" : 2402.99,
    "dma200" : 2421.85,
    "volume" : 1657174.00
  }, {
    "date" : "2025-10-30",
    "price" : 2449.79,
    "dma50" : 2415.00,
    "dma100" : 2402.92,
    "dma200" : 2422.12,
    "volume" : 828460.00
  }, {
    "date" : "2025-10-31",
    "price" : 2405.29,
    "dma50" : 2414.62,
    "dma100" : 2401.94,
    "dma200" : 2421.96,
    "volume" : 918706.00
  }, {
    "date" : "2025-11-03",
    "price" : 2391.72,
    "dma50" : 2413.72,
    "dma100" : 2400.52,
    "dma200" : 2421.65,
    "volume" : 802605.00
  }, {
    "date" : "2025-11-04",
    "price" : 2345.96,
    "dma50" : 2411.07,
    "dma100" : 2398.95,
    "dma200" : 2420.90,
    "volume" : 2234438.00
  }, {
    "date" : "2025-11-06",
    "price" : 2243.68,
    "dma50" : 2404.50,
    "dma100" : 2396.73,
    "dma200" : 2419.14,
    "volume" : 2125354.00
  }, {
    "date" : "2025-11-07",
    "price" : 2297.10,
    "dma50" : 2400.29,
    "dma100" : 2395.39,
    "dma200" : 2417.92,
    "volume" : 2366358.00
  }, {
    "date" : "2025-11-10",
    "price" : 2298.36,
    "dma50" : 2396.29,
    "dma100" : 2393.71,
    "dma200" : 2416.73,
    "volume" : 624369.00
  }, {
    "date" : "2025-11-11",
    "price" : 2294.58,
    "dma50" : 2392.30,
    "dma100" : 2392.53,
    "dma200" : 2415.52,
    "volume" : 674367.00
  }, {
    "date" : "2025-11-12",
    "price" : 2408.69,
    "dma50" : 2392.95,
    "dma100" : 2392.77,
    "dma200" : 2415.45,
    "volume" : 7090668.00
  }, {
    "date" : "2025-11-13",
    "price" : 2412.27,
    "dma50" : 2393.70,
    "dma100" : 2393.43,
    "dma200" : 2415.42,
    "volume" : 2863949.00
  }, {
    "date" : "2025-11-14",
    "price" : 2440.00,
    "dma50" : 2395.52,
    "dma100" : 2394.09,
    "dma200" : 2415.66,
    "volume" : 4731886.00
  }, {
    "date" : "2025-11-17",
    "price" : 2462.00,
    "dma50" : 2398.13,
    "dma100" : 2394.75,
    "dma200" : 2416.12,
    "volume" : 2765628.00
  }, {
    "date" : "2025-11-18",
    "price" : 2436.80,
    "dma50" : 2399.64,
    "dma100" : 2394.82,
    "dma200" : 2416.33,
    "volume" : 1323310.00
  }, {
    "date" : "2025-11-19",
    "price" : 2433.10,
    "dma50" : 2400.96,
    "dma100" : 2394.65,
    "dma200" : 2416.50,
    "volume" : 808088.00
  }, {
    "date" : "2025-11-20",
    "price" : 2446.10,
    "dma50" : 2402.73,
    "dma100" : 2394.04,
    "dma200" : 2416.79,
    "volume" : 1581302.00
  }, {
    "date" : "2025-11-21",
    "price" : 2422.30,
    "dma50" : 2403.49,
    "dma100" : 2392.61,
    "dma200" : 2416.85,
    "volume" : 562438.00
  }, {
    "date" : "2025-11-24",
    "price" : 2399.20,
    "dma50" : 2403.33,
    "dma100" : 2391.21,
    "dma200" : 2416.67,
    "volume" : 713639.00
  }, {
    "date" : "2025-11-25",
    "price" : 2332.90,
    "dma50" : 2400.56,
    "dma100" : 2389.12,
    "dma200" : 2415.84,
    "volume" : 2272049.00
  }, {
    "date" : "2025-11-26",
    "price" : 2315.00,
    "dma50" : 2397.21,
    "dma100" : 2386.77,
    "dma200" : 2414.83,
    "volume" : 1084126.00
  }, {
    "date" : "2025-11-27",
    "price" : 2255.00,
    "dma50" : 2391.63,
    "dma100" : 2384.00,
    "dma200" : 2413.24,
    "volume" : 1575514.00
  }, {
    "date" : "2025-11-28",
    "price" : 2280.20,
    "dma50" : 2387.26,
    "dma100" : 2381.61,
    "dma200" : 2411.92,
    "volume" : 3158781.00
  }, {
    "date" : "2025-12-01",
    "price" : 2262.00,
    "dma50" : 2382.35,
    "dma100" : 2379.25,
    "dma200" : 2410.43,
    "volume" : 1374054.00
  }, {
    "date" : "2025-12-02",
    "price" : 2239.60,
    "dma50" : 2376.75,
    "dma100" : 2376.53,
    "dma200" : 2408.73,
    "volume" : 1107135.00
  }, {
    "date" : "2025-12-03",
    "price" : 2189.80,
    "dma50" : 2369.42,
    "dma100" : 2373.38,
    "dma200" : 2406.55,
    "volume" : 1718367.00
  }, {
    "date" : "2025-12-04",
    "price" : 2217.90,
    "dma50" : 2363.48,
    "dma100" : 2370.54,
    "dma200" : 2404.67,
    "volume" : 2565220.00
  }, {
    "date" : "2025-12-05",
    "price" : 2265.40,
    "dma50" : 2359.63,
    "dma100" : 2368.39,
    "dma200" : 2403.29,
    "volume" : 2540629.00
  }, {
    "date" : "2025-12-08",
    "price" : 2216.20,
    "dma50" : 2354.01,
    "dma100" : 2365.52,
    "dma200" : 2401.43,
    "volume" : 975517.00
  }, {
    "date" : "2025-12-09",
    "price" : 2245.20,
    "dma50" : 2349.74,
    "dma100" : 2362.79,
    "dma200" : 2399.87,
    "volume" : 1284033.00
  }, {
    "date" : "2025-12-10",
    "price" : 2211.60,
    "dma50" : 2344.32,
    "dma100" : 2359.61,
    "dma200" : 2398.00,
    "volume" : 1001690.00
  }, {
    "date" : "2025-12-11",
    "price" : 2277.70,
    "dma50" : 2341.71,
    "dma100" : 2357.02,
    "dma200" : 2396.80,
    "volume" : 1573851.00
  }, {
    "date" : "2025-12-12",
    "price" : 2282.40,
    "dma50" : 2339.38,
    "dma100" : 2354.68,
    "dma200" : 2395.66,
    "volume" : 960843.00
  }, {
    "date" : "2025-12-15",
    "price" : 2278.90,
    "dma50" : 2337.01,
    "dma100" : 2352.07,
    "dma200" : 2394.50,
    "volume" : 597096.00
  }, {
    "date" : "2025-12-16",
    "price" : 2247.90,
    "dma50" : 2333.52,
    "dma100" : 2349.46,
    "dma200" : 2393.04,
    "volume" : 698246.00
  }, {
    "date" : "2025-12-17",
    "price" : 2232.50,
    "dma50" : 2329.56,
    "dma100" : 2346.44,
    "dma200" : 2391.44,
    "volume" : 675126.00
  }, {
    "date" : "2025-12-18",
    "price" : 2229.30,
    "dma50" : 2325.62,
    "dma100" : 2343.44,
    "dma200" : 2389.83,
    "volume" : 523988.00
  }, {
    "date" : "2025-12-19",
    "price" : 2239.00,
    "dma50" : 2322.23,
    "dma100" : 2341.11,
    "dma200" : 2388.33,
    "volume" : 898178.00
  }, {
    "date" : "2025-12-22",
    "price" : 2263.50,
    "dma50" : 2319.92,
    "dma100" : 2339.29,
    "dma200" : 2387.09,
    "volume" : 651144.00
  }, {
    "date" : "2025-12-23",
    "price" : 2248.80,
    "dma50" : 2317.14,
    "dma100" : 2337.08,
    "dma200" : 2385.71,
    "volume" : 478659.00
  }, {
    "date" : "2025-12-24",
    "price" : 2222.70,
    "dma50" : 2313.43,
    "dma100" : 2334.75,
    "dma200" : 2384.09,
    "volume" : 855139.00
  }, {
    "date" : "2025-12-26",
    "price" : 2229.90,
    "dma50" : 2310.16,
    "dma100" : 2333.48,
    "dma200" : 2382.56,
    "volume" : 604621.00
  }, {
    "date" : "2025-12-29",
    "price" : 2203.20,
    "dma50" : 2305.96,
    "dma100" : 2332.73,
    "dma200" : 2380.77,
    "volume" : 745807.00
  }, {
    "date" : "2025-12-30",
    "price" : 2214.70,
    "dma50" : 2302.38,
    "dma100" : 2331.96,
    "dma200" : 2379.12,
    "volume" : 977415.00
  }, {
    "date" : "2025-12-31",
    "price" : 2239.70,
    "dma50" : 2299.92,
    "dma100" : 2331.78,
    "dma200" : 2377.73,
    "volume" : 861403.00
  }, {
    "date" : "2026-01-01",
    "price" : 2260.00,
    "dma50" : 2298.36,
    "dma100" : 2332.08,
    "dma200" : 2376.56,
    "volume" : 1082551.00
  }, {
    "date" : "2026-01-02",
    "price" : 2279.80,
    "dma50" : 2297.63,
    "dma100" : 2333.07,
    "dma200" : 2375.60,
    "volume" : 741092.00
  }, {
    "date" : "2026-01-05",
    "price" : 2279.50,
    "dma50" : 2296.92,
    "dma100" : 2334.75,
    "dma200" : 2374.64,
    "volume" : 760876.00
  }, {
    "date" : "2026-01-06",
    "price" : 2259.10,
    "dma50" : 2295.44,
    "dma100" : 2335.20,
    "dma200" : 2373.49,
    "volume" : 719517.00
  }, {
    "date" : "2026-01-07",
    "price" : 2274.10,
    "dma50" : 2294.60,
    "dma100" : 2335.76,
    "dma200" : 2372.50,
    "volume" : 548753.00
  }, {
    "date" : "2026-01-08",
    "price" : 2214.00,
    "dma50" : 2291.44,
    "dma100" : 2335.79,
    "dma200" : 2370.93,
    "volume" : 878964.00
  }, {
    "date" : "2026-01-09",
    "price" : 2153.70,
    "dma50" : 2286.04,
    "dma100" : 2335.21,
    "dma200" : 2368.76,
    "volume" : 1715488.00
  }, {
    "date" : "2026-01-12",
    "price" : 2171.60,
    "dma50" : 2281.55,
    "dma100" : 2334.30,
    "dma200" : 2366.80,
    "volume" : 1329675.00
  }, {
    "date" : "2026-01-13",
    "price" : 2158.50,
    "dma50" : 2276.72,
    "dma100" : 2332.73,
    "dma200" : 2364.73,
    "volume" : 841267.00
  }, {
    "date" : "2026-01-14",
    "price" : 2153.30,
    "dma50" : 2271.88,
    "dma100" : 2331.12,
    "dma200" : 2362.63,
    "volume" : 657347.00
  }, {
    "date" : "2026-01-16",
    "price" : 2157.30,
    "dma50" : 2267.39,
    "dma100" : 2329.65,
    "dma200" : 2360.58,
    "volume" : 853428.00
  }, {
    "date" : "2026-01-19",
    "price" : 2134.60,
    "dma50" : 2262.18,
    "dma100" : 2328.45,
    "dma200" : 2358.33,
    "volume" : 792435.00
  }, {
    "date" : "2026-01-20",
    "price" : 2055.10,
    "dma50" : 2254.06,
    "dma100" : 2326.68,
    "dma200" : 2355.32,
    "volume" : 1275442.00
  }, {
    "date" : "2026-01-21",
    "price" : 2032.20,
    "dma50" : 2245.36,
    "dma100" : 2324.97,
    "dma200" : 2352.10,
    "volume" : 1436422.00
  }, {
    "date" : "2026-01-22",
    "price" : 2086.40,
    "dma50" : 2239.13,
    "dma100" : 2323.78,
    "dma200" : 2349.46,
    "volume" : 1004035.00
  }, {
    "date" : "2026-01-23",
    "price" : 1864.20,
    "dma50" : 2224.43,
    "dma100" : 2320.66,
    "dma200" : 2344.63,
    "volume" : 8028644.00
  }, {
    "date" : "2026-01-27",
    "price" : 1959.50,
    "dma50" : 2214.04,
    "dma100" : 2318.11,
    "dma200" : 2340.80,
    "volume" : 5762975.00
  }, {
    "date" : "2026-01-28",
    "price" : 1994.70,
    "dma50" : 2205.43,
    "dma100" : 2316.01,
    "dma200" : 2337.35,
    "volume" : 2215349.00
  }, {
    "date" : "2026-01-29",
    "price" : 2019.20,
    "dma50" : 2198.13,
    "dma100" : 2314.01,
    "dma200" : 2334.19,
    "volume" : 1519454.00
  }, {
    "date" : "2026-01-30",
    "price" : 2020.40,
    "dma50" : 2191.16,
    "dma100" : 2312.12,
    "dma200" : 2331.07,
    "volume" : 1304706.00
  }, {
    "date" : "2026-02-01",
    "price" : 1942.80,
    "dma50" : 2181.42,
    "dma100" : 2309.44,
    "dma200" : 2327.20,
    "volume" : 1899104.00
  }, {
    "date" : "2026-02-02",
    "price" : 1995.40,
    "dma50" : 2174.13,
    "dma100" : 2306.99,
    "dma200" : 2323.90,
    "volume" : 1282364.00
  }, {
    "date" : "2026-02-03",
    "price" : 2202.60,
    "dma50" : 2175.24,
    "dma100" : 2306.60,
    "dma200" : 2322.69,
    "volume" : 7309259.00
  }, {
    "date" : "2026-02-04",
    "price" : 2228.20,
    "dma50" : 2177.32,
    "dma100" : 2306.19,
    "dma200" : 2321.75,
    "volume" : 2179049.00
  }, {
    "date" : "2026-02-05",
    "price" : 2236.60,
    "dma50" : 2179.64,
    "dma100" : 2305.30,
    "dma200" : 2320.91,
    "volume" : 1084354.00
  }, {
    "date" : "2026-02-06",
    "price" : 2226.40,
    "dma50" : 2181.48,
    "dma100" : 2304.38,
    "dma200" : 2319.97,
    "volume" : 987588.00
  }, {
    "date" : "2026-02-09",
    "price" : 2250.10,
    "dma50" : 2184.17,
    "dma100" : 2303.77,
    "dma200" : 2319.27,
    "volume" : 1768087.00
  }, {
    "date" : "2026-02-10",
    "price" : 2228.40,
    "dma50" : 2185.90,
    "dma100" : 2302.80,
    "dma200" : 2318.37,
    "volume" : 1790366.00
  } ],
  "latestTechnicalAttributes" : {
    "date" : "2026-02-10",
    "price" : 2228.40,
    "dma50" : 2185.90,
    "dma100" : 2302.80,
    "dma200" : 2318.37,
    "volume" : 1790366.00
  },
  "quarterlyResults" : [ {
    "date" : "2005-03-31",
    "sales" : 4032.34,
    "salesGrowthYoY" : null,
    "grossProfitMargin" : 6.02,
    "grossProfit" : 242.75,
    "operatingProfitMargin" : 0.98,
    "operatingProfit" : 39.52,
    "netProfitMargin" : 1.28,
    "netProfit" : 51.61
  }, {
    "date" : "2005-06-30",
    "sales" : 1665.40,
    "salesGrowthYoY" : null,
    "grossProfitMargin" : 5.92,
    "grossProfit" : 98.59,
    "operatingProfitMargin" : 2.49,
    "operatingProfit" : 41.47,
    "netProfitMargin" : 1.21,
    "netProfit" : 20.15
  }, {
    "date" : "2005-09-30",
    "sales" : 1860.87,
    "salesGrowthYoY" : null,
    "grossProfitMargin" : 5.21,
    "grossProfit" : 96.95,
    "operatingProfitMargin" : 2.91,
    "operatingProfit" : 54.15,
    "netProfitMargin" : 0.77,
    "netProfit" : 14.33
  }, {
    "date" : "2005-12-31",
    "sales" : 2555.38,
    "salesGrowthYoY" : null,
    "grossProfitMargin" : 6.51,
    "grossProfit" : 166.36,
    "operatingProfitMargin" : 3.26,
    "operatingProfit" : 83.31,
    "netProfitMargin" : 0.72,
    "netProfit" : 18.40
  }, {
    "date" : "2006-03-31",
    "sales" : 3256.23,
    "salesGrowthYoY" : -19.25,
    "grossProfitMargin" : 4.93,
    "grossProfit" : 160.53,
    "operatingProfitMargin" : 2.79,
    "operatingProfit" : 90.85,
    "netProfitMargin" : 2.01,
    "netProfit" : 65.45
  }, {
    "date" : "2006-06-30",
    "sales" : 1691.71,
    "salesGrowthYoY" : 1.58,
    "grossProfitMargin" : 6.66,
    "grossProfit" : 112.67,
    "operatingProfitMargin" : 4.29,
    "operatingProfit" : 72.57,
    "netProfitMargin" : 1.47,
    "netProfit" : 24.87
  }, {
    "date" : "2006-09-30",
    "sales" : 2408.71,
    "salesGrowthYoY" : 29.44,
    "grossProfitMargin" : 6.24,
    "grossProfit" : 150.30,
    "operatingProfitMargin" : 3.19,
    "operatingProfit" : 76.84,
    "netProfitMargin" : 0.94,
    "netProfit" : 22.64
  }, {
    "date" : "2006-12-31",
    "sales" : 2625.18,
    "salesGrowthYoY" : 2.73,
    "grossProfitMargin" : 7.09,
    "grossProfit" : 186.13,
    "operatingProfitMargin" : 3.20,
    "operatingProfit" : 84.01,
    "netProfitMargin" : 1.41,
    "netProfit" : 37.02
  }, {
    "date" : "2007-03-31",
    "sales" : 3426.07,
    "salesGrowthYoY" : 5.22,
    "grossProfitMargin" : 6.58,
    "grossProfit" : 225.44,
    "operatingProfitMargin" : 3.25,
    "operatingProfit" : 111.35,
    "netProfitMargin" : 1.93,
    "netProfit" : 66.12
  }, {
    "date" : "2007-06-30",
    "sales" : 1940.87,
    "salesGrowthYoY" : 14.73,
    "grossProfitMargin" : 8.15,
    "grossProfit" : 158.18,
    "operatingProfitMargin" : 4.23,
    "operatingProfit" : 82.10,
    "netProfitMargin" : 2.36,
    "netProfit" : 45.80
  }, {
    "date" : "2007-09-30",
    "sales" : 2569.09,
    "salesGrowthYoY" : 6.66,
    "grossProfitMargin" : 6.48,
    "grossProfit" : 166.48,
    "operatingProfitMargin" : 3.24,
    "operatingProfit" : 83.24,
    "netProfitMargin" : 1.48,
    "netProfit" : 38.02
  }, {
    "date" : "2007-12-31",
    "sales" : 3166.42,
    "salesGrowthYoY" : 20.62,
    "grossProfitMargin" : 8.18,
    "grossProfit" : 259.01,
    "operatingProfitMargin" : 4.55,
    "operatingProfit" : 144.07,
    "netProfitMargin" : 3.23,
    "netProfit" : 102.28
  }, {
    "date" : "2008-03-31",
    "sales" : 3919.06,
    "salesGrowthYoY" : 14.39,
    "grossProfitMargin" : 9.68,
    "grossProfit" : 379.37,
    "operatingProfitMargin" : 4.55,
    "operatingProfit" : 178.32,
    "netProfitMargin" : 2.74,
    "netProfit" : 107.38
  }, {
    "date" : "2008-06-30",
    "sales" : 2394.80,
    "salesGrowthYoY" : 23.39,
    "grossProfitMargin" : 11.16,
    "grossProfit" : 267.26,
    "operatingProfitMargin" : 6.87,
    "operatingProfit" : 164.52,
    "netProfitMargin" : 2.81,
    "netProfit" : 67.29
  }, {
    "date" : "2008-09-30",
    "sales" : 3115.23,
    "salesGrowthYoY" : 21.26,
    "grossProfitMargin" : 7.87,
    "grossProfit" : 245.17,
    "operatingProfitMargin" : 4.87,
    "operatingProfit" : 151.71,
    "netProfitMargin" : 2.02,
    "netProfit" : 62.93
  }, {
    "date" : "2008-12-31",
    "sales" : 3174.50,
    "salesGrowthYoY" : 0.26,
    "grossProfitMargin" : 7.63,
    "grossProfit" : 242.21,
    "operatingProfitMargin" : 4.59,
    "operatingProfit" : 145.71,
    "netProfitMargin" : 1.77,
    "netProfit" : 56.19
  }, {
    "date" : "2009-03-31",
    "sales" : 2890.52,
    "salesGrowthYoY" : -26.24,
    "grossProfitMargin" : 12.31,
    "grossProfit" : 355.82,
    "operatingProfitMargin" : 4.52,
    "operatingProfit" : 130.65,
    "netProfitMargin" : 4.96,
    "netProfit" : 143.37
  }, {
    "date" : "2009-06-30",
    "sales" : 2722.77,
    "salesGrowthYoY" : 13.70,
    "grossProfitMargin" : 14.05,
    "grossProfit" : 382.55,
    "operatingProfitMargin" : 9.19,
    "operatingProfit" : 250.22,
    "netProfitMargin" : 2.89,
    "netProfit" : 78.69
  }, {
    "date" : "2009-09-30",
    "sales" : 3077.87,
    "salesGrowthYoY" : -1.20,
    "grossProfitMargin" : 10.02,
    "grossProfit" : 308.40,
    "operatingProfitMargin" : 4.95,
    "operatingProfit" : 152.35,
    "netProfitMargin" : 2.46,
    "netProfit" : 75.72
  }, {
    "date" : "2009-12-31",
    "sales" : 2801.06,
    "salesGrowthYoY" : -11.76,
    "grossProfitMargin" : 6.24,
    "grossProfit" : 174.79,
    "operatingProfitMargin" : 3.17,
    "operatingProfit" : 88.79,
    "netProfitMargin" : 1.20,
    "netProfit" : 33.61
  }, {
    "date" : "2010-03-31",
    "sales" : 2983.08,
    "salesGrowthYoY" : 3.20,
    "grossProfitMargin" : 8.61,
    "grossProfit" : 256.84,
    "operatingProfitMargin" : 2.79,
    "operatingProfit" : 83.23,
    "netProfitMargin" : 2.11,
    "netProfit" : 62.94
  }, {
    "date" : "2010-06-30",
    "sales" : 834.24,
    "salesGrowthYoY" : -69.36,
    "grossProfitMargin" : 22.03,
    "grossProfit" : 183.78,
    "operatingProfitMargin" : 4.47,
    "operatingProfit" : 37.29,
    "netProfitMargin" : 10.22,
    "netProfit" : 85.26
  }, {
    "date" : "2010-09-30",
    "sales" : 646.68,
    "salesGrowthYoY" : -78.99,
    "grossProfitMargin" : 16.99,
    "grossProfit" : 109.87,
    "operatingProfitMargin" : -1.37,
    "operatingProfit" : -8.86,
    "netProfitMargin" : 26.08,
    "netProfit" : 168.65
  }, {
    "date" : "2010-12-31",
    "sales" : 665.98,
    "salesGrowthYoY" : -76.22,
    "grossProfitMargin" : 17.14,
    "grossProfit" : 114.15,
    "operatingProfitMargin" : -3.18,
    "operatingProfit" : -21.18,
    "netProfitMargin" : 1.55,
    "netProfit" : 10.32
  }, {
    "date" : "2011-03-31",
    "sales" : 779.95,
    "salesGrowthYoY" : -73.85,
    "grossProfitMargin" : 8.77,
    "grossProfit" : 68.40,
    "operatingProfitMargin" : -17.15,
    "operatingProfit" : -133.76,
    "netProfitMargin" : 5.95,
    "netProfit" : 46.41
  }, {
    "date" : "2011-06-30",
    "sales" : 1058.16,
    "salesGrowthYoY" : 26.84,
    "grossProfitMargin" : 22.16,
    "grossProfit" : 234.49,
    "operatingProfitMargin" : 1.14,
    "operatingProfit" : 12.06,
    "netProfitMargin" : 8.97,
    "netProfit" : 94.92
  }, {
    "date" : "2011-09-30",
    "sales" : 1616.01,
    "salesGrowthYoY" : 149.89,
    "grossProfitMargin" : 13.81,
    "grossProfit" : 223.17,
    "operatingProfitMargin" : 0.50,
    "operatingProfit" : 8.08,
    "netProfitMargin" : 2.85,
    "netProfit" : 46.06
  }, {
    "date" : "2011-12-31",
    "sales" : 1201.31,
    "salesGrowthYoY" : 80.38,
    "grossProfitMargin" : 18.56,
    "grossProfit" : 222.96,
    "operatingProfitMargin" : 6.81,
    "operatingProfit" : 81.81,
    "netProfitMargin" : 4.18,
    "netProfit" : 50.21
  }, {
    "date" : "2012-03-31",
    "sales" : 1406.79,
    "salesGrowthYoY" : 80.37,
    "grossProfitMargin" : 17.19,
    "grossProfit" : 241.83,
    "operatingProfitMargin" : 3.51,
    "operatingProfit" : 49.38,
    "netProfitMargin" : 12.26,
    "netProfit" : 172.47
  }, {
    "date" : "2012-06-30",
    "sales" : 2859.54,
    "salesGrowthYoY" : 170.24,
    "grossProfitMargin" : 20.21,
    "grossProfit" : 577.91,
    "operatingProfitMargin" : 4.25,
    "operatingProfit" : 121.53,
    "netProfitMargin" : 4.62,
    "netProfit" : 132.11
  }, {
    "date" : "2012-09-30",
    "sales" : 2307.95,
    "salesGrowthYoY" : 42.82,
    "grossProfitMargin" : 19.18,
    "grossProfit" : 442.66,
    "operatingProfitMargin" : 1.51,
    "operatingProfit" : 34.85,
    "netProfitMargin" : 6.15,
    "netProfit" : 141.94
  }, {
    "date" : "2012-12-31",
    "sales" : 3301.12,
    "salesGrowthYoY" : 174.79,
    "grossProfitMargin" : 13.13,
    "grossProfit" : 433.44,
    "operatingProfitMargin" : 0.10,
    "operatingProfit" : 3.30,
    "netProfitMargin" : 0.90,
    "netProfit" : 29.71
  }, {
    "date" : "2013-03-31",
    "sales" : 3422.25,
    "salesGrowthYoY" : 143.27,
    "grossProfitMargin" : 13.00,
    "grossProfit" : 444.89,
    "operatingProfitMargin" : -0.14,
    "operatingProfit" : -4.79,
    "netProfitMargin" : 0.77,
    "netProfit" : 26.35
  }, {
    "date" : "2013-06-30",
    "sales" : 2778.95,
    "salesGrowthYoY" : -2.82,
    "grossProfitMargin" : 16.86,
    "grossProfit" : 468.53,
    "operatingProfitMargin" : -7.63,
    "operatingProfit" : -212.03,
    "netProfitMargin" : -4.89,
    "netProfit" : -135.89
  }, {
    "date" : "2013-09-30",
    "sales" : 3192.22,
    "salesGrowthYoY" : 38.31,
    "grossProfitMargin" : 13.76,
    "grossProfit" : 439.25,
    "operatingProfitMargin" : -3.34,
    "operatingProfit" : -106.62,
    "netProfitMargin" : -3.20,
    "netProfit" : -102.15
  }, {
    "date" : "2013-12-31",
    "sales" : 3118.85,
    "salesGrowthYoY" : -5.52,
    "grossProfitMargin" : 12.99,
    "grossProfit" : 405.14,
    "operatingProfitMargin" : -1.36,
    "operatingProfit" : -42.42,
    "netProfitMargin" : -1.37,
    "netProfit" : -42.73
  }, {
    "date" : "2014-03-31",
    "sales" : 2699.29,
    "salesGrowthYoY" : -21.13,
    "grossProfitMargin" : 13.24,
    "grossProfit" : 357.39,
    "operatingProfitMargin" : -6.39,
    "operatingProfit" : -172.48,
    "netProfitMargin" : 3.79,
    "netProfit" : 102.30
  }, {
    "date" : "2014-06-30",
    "sales" : 4056.81,
    "salesGrowthYoY" : 45.98,
    "grossProfitMargin" : 15.68,
    "grossProfit" : 636.11,
    "operatingProfitMargin" : -0.16,
    "operatingProfit" : -6.49,
    "netProfitMargin" : 0.03,
    "netProfit" : 1.22
  }, {
    "date" : "2014-09-30",
    "sales" : 3328.88,
    "salesGrowthYoY" : 4.28,
    "grossProfitMargin" : 17.46,
    "grossProfit" : 581.22,
    "operatingProfitMargin" : 0.53,
    "operatingProfit" : 17.64,
    "netProfitMargin" : 6.38,
    "netProfit" : 212.38
  }, {
    "date" : "2014-12-31",
    "sales" : 4229.25,
    "salesGrowthYoY" : 35.60,
    "grossProfitMargin" : 18.20,
    "grossProfit" : 769.72,
    "operatingProfitMargin" : 2.22,
    "operatingProfit" : 93.89,
    "netProfitMargin" : 2.86,
    "netProfit" : 120.96
  }, {
    "date" : "2015-03-31",
    "sales" : 3312.75,
    "salesGrowthYoY" : 22.73,
    "grossProfitMargin" : 21.79,
    "grossProfit" : 721.85,
    "operatingProfitMargin" : -0.60,
    "operatingProfit" : -19.88,
    "netProfitMargin" : 0.32,
    "netProfit" : 10.60
  }, {
    "date" : "2015-06-30",
    "sales" : 2405.76,
    "salesGrowthYoY" : -40.70,
    "grossProfitMargin" : 23.10,
    "grossProfit" : 555.73,
    "operatingProfitMargin" : 4.54,
    "operatingProfit" : 109.22,
    "netProfitMargin" : 3.20,
    "netProfit" : 76.98
  }, {
    "date" : "2015-09-30",
    "sales" : 1979.94,
    "salesGrowthYoY" : -40.52,
    "grossProfitMargin" : 27.22,
    "grossProfit" : 538.94,
    "operatingProfitMargin" : 2.15,
    "operatingProfit" : 42.57,
    "netProfitMargin" : 10.95,
    "netProfit" : 216.80
  }, {
    "date" : "2015-12-31",
    "sales" : 1750.81,
    "salesGrowthYoY" : -58.60,
    "grossProfitMargin" : 22.88,
    "grossProfit" : 400.59,
    "operatingProfitMargin" : 7.27,
    "operatingProfit" : 127.28,
    "netProfitMargin" : 6.45,
    "netProfit" : 112.93
  }, {
    "date" : "2016-03-31",
    "sales" : 2012.36,
    "salesGrowthYoY" : -39.25,
    "grossProfitMargin" : 25.30,
    "grossProfit" : 509.13,
    "operatingProfitMargin" : 0.70,
    "operatingProfit" : 14.09,
    "netProfitMargin" : 3.62,
    "netProfit" : 72.85
  }, {
    "date" : "2016-06-30",
    "sales" : 2145.87,
    "salesGrowthYoY" : -10.80,
    "grossProfitMargin" : 28.52,
    "grossProfit" : 612.00,
    "operatingProfitMargin" : 11.35,
    "operatingProfit" : 243.56,
    "netProfitMargin" : 9.18,
    "netProfit" : 196.99
  }, {
    "date" : "2016-09-30",
    "sales" : 1797.73,
    "salesGrowthYoY" : -9.20,
    "grossProfitMargin" : 21.53,
    "grossProfit" : 387.05,
    "operatingProfitMargin" : 6.63,
    "operatingProfit" : 119.19,
    "netProfitMargin" : 4.49,
    "netProfit" : 80.72
  }, {
    "date" : "2016-12-31",
    "sales" : 1866.89,
    "salesGrowthYoY" : 6.63,
    "grossProfitMargin" : 23.14,
    "grossProfit" : 432.00,
    "operatingProfitMargin" : 4.99,
    "operatingProfit" : 93.16,
    "netProfitMargin" : -1.35,
    "netProfit" : -25.20
  }, {
    "date" : "2017-03-31",
    "sales" : 2436.08,
    "salesGrowthYoY" : 21.06,
    "grossProfitMargin" : 18.29,
    "grossProfit" : 445.56,
    "operatingProfitMargin" : 5.16,
    "operatingProfit" : 125.70,
    "netProfitMargin" : -1.27,
    "netProfit" : -30.94
  }, {
    "date" : "2017-06-30",
    "sales" : 2326.60,
    "salesGrowthYoY" : 8.42,
    "grossProfitMargin" : 16.20,
    "grossProfit" : 376.91,
    "operatingProfitMargin" : 3.61,
    "operatingProfit" : 83.99,
    "netProfitMargin" : 0.99,
    "netProfit" : 23.03
  }, {
    "date" : "2017-09-30",
    "sales" : 1951.70,
    "salesGrowthYoY" : 8.56,
    "grossProfitMargin" : 16.82,
    "grossProfit" : 328.28,
    "operatingProfitMargin" : 3.26,
    "operatingProfit" : 63.63,
    "netProfitMargin" : -0.84,
    "netProfit" : -16.39
  }, {
    "date" : "2017-12-31",
    "sales" : 2471.90,
    "salesGrowthYoY" : 32.41,
    "grossProfitMargin" : 18.42,
    "grossProfit" : 455.32,
    "operatingProfitMargin" : 7.63,
    "operatingProfit" : 188.61,
    "netProfitMargin" : 5.23,
    "netProfit" : 129.28
  }, {
    "date" : "2018-03-31",
    "sales" : 2788.57,
    "salesGrowthYoY" : 14.47,
    "grossProfitMargin" : 22.02,
    "grossProfit" : 614.04,
    "operatingProfitMargin" : 8.84,
    "operatingProfit" : 246.51,
    "netProfitMargin" : 6.33,
    "netProfit" : 176.52
  }, {
    "date" : "2018-06-30",
    "sales" : 2675.54,
    "salesGrowthYoY" : 15.00,
    "grossProfitMargin" : 19.13,
    "grossProfit" : 511.83,
    "operatingProfitMargin" : 2.91,
    "operatingProfit" : 77.86,
    "netProfitMargin" : -0.27,
    "netProfit" : -7.22
  }, {
    "date" : "2018-09-30",
    "sales" : 3078.16,
    "salesGrowthYoY" : 57.72,
    "grossProfitMargin" : 16.02,
    "grossProfit" : 493.12,
    "operatingProfitMargin" : 2.36,
    "operatingProfit" : 72.64,
    "netProfitMargin" : 0.01,
    "netProfit" : 0.31
  }, {
    "date" : "2018-12-31",
    "sales" : 4510.16,
    "salesGrowthYoY" : 82.46,
    "grossProfitMargin" : 16.76,
    "grossProfit" : 755.90,
    "operatingProfitMargin" : 5.78,
    "operatingProfit" : 260.69,
    "netProfitMargin" : 4.17,
    "netProfit" : 188.07
  }, {
    "date" : "2019-03-31",
    "sales" : 5277.44,
    "salesGrowthYoY" : 89.25,
    "grossProfitMargin" : 21.89,
    "grossProfit" : 1155.23,
    "operatingProfitMargin" : 10.17,
    "operatingProfit" : 536.72,
    "netProfitMargin" : 6.22,
    "netProfit" : 328.26
  }, {
    "date" : "2019-06-30",
    "sales" : 5436.36,
    "salesGrowthYoY" : 103.19,
    "grossProfitMargin" : 19.96,
    "grossProfit" : 1085.10,
    "operatingProfitMargin" : 7.65,
    "operatingProfit" : 415.88,
    "netProfitMargin" : 4.73,
    "netProfit" : 257.14
  }, {
    "date" : "2019-09-30",
    "sales" : 2946.11,
    "salesGrowthYoY" : -4.29,
    "grossProfitMargin" : 19.91,
    "grossProfit" : 586.57,
    "operatingProfitMargin" : 2.44,
    "operatingProfit" : 71.89,
    "netProfitMargin" : 3.48,
    "netProfit" : 102.52
  }, {
    "date" : "2019-12-31",
    "sales" : 3825.64,
    "salesGrowthYoY" : -15.18,
    "grossProfitMargin" : 25.80,
    "grossProfit" : 987.02,
    "operatingProfitMargin" : 9.72,
    "operatingProfit" : 371.85,
    "netProfitMargin" : 5.44,
    "netProfit" : 208.11
  }, {
    "date" : "2020-03-31",
    "sales" : 4000.59,
    "salesGrowthYoY" : -24.19,
    "grossProfitMargin" : 21.74,
    "grossProfit" : 869.73,
    "operatingProfitMargin" : -2.84,
    "operatingProfit" : -113.62,
    "netProfitMargin" : -2.01,
    "netProfit" : -80.41
  }, {
    "date" : "2020-06-30",
    "sales" : 1991.84,
    "salesGrowthYoY" : -63.36,
    "grossProfitMargin" : 17.67,
    "grossProfit" : 351.96,
    "operatingProfitMargin" : -2.27,
    "operatingProfit" : -45.21,
    "netProfitMargin" : -4.08,
    "netProfit" : -81.27
  }, {
    "date" : "2020-09-30",
    "sales" : 2576.25,
    "salesGrowthYoY" : -12.55,
    "grossProfitMargin" : 24.37,
    "grossProfit" : 627.83,
    "operatingProfitMargin" : 10.70,
    "operatingProfit" : 275.66,
    "netProfitMargin" : 8.00,
    "netProfit" : 206.10
  }, {
    "date" : "2020-12-31",
    "sales" : 4078.92,
    "salesGrowthYoY" : 6.62,
    "grossProfitMargin" : 19.97,
    "grossProfit" : 814.56,
    "operatingProfitMargin" : 8.21,
    "operatingProfit" : 334.88,
    "netProfitMargin" : 4.15,
    "netProfit" : 169.28
  }, {
    "date" : "2021-03-31",
    "sales" : 4711.73,
    "salesGrowthYoY" : 17.78,
    "grossProfitMargin" : 21.33,
    "grossProfit" : 1005.01,
    "operatingProfitMargin" : 9.30,
    "operatingProfit" : 438.19,
    "netProfitMargin" : 4.63,
    "netProfit" : 218.15
  }, {
    "date" : "2021-06-30",
    "sales" : 4989.53,
    "salesGrowthYoY" : 150.50,
    "grossProfitMargin" : 20.59,
    "grossProfit" : 1027.34,
    "operatingProfitMargin" : 8.89,
    "operatingProfit" : 443.57,
    "netProfitMargin" : 5.15,
    "netProfit" : 256.96
  }, {
    "date" : "2021-09-30",
    "sales" : 4966.74,
    "salesGrowthYoY" : 92.79,
    "grossProfitMargin" : 20.09,
    "grossProfit" : 997.82,
    "operatingProfitMargin" : 9.08,
    "operatingProfit" : 450.98,
    "netProfitMargin" : 5.51,
    "netProfit" : 273.67
  }, {
    "date" : "2021-12-31",
    "sales" : 8059.90,
    "salesGrowthYoY" : 97.60,
    "grossProfitMargin" : 8.07,
    "grossProfit" : 650.43,
    "operatingProfitMargin" : 0.13,
    "operatingProfit" : 10.48,
    "netProfitMargin" : -0.45,
    "netProfit" : -36.27
  }, {
    "date" : "2022-03-31",
    "sales" : 8807.88,
    "salesGrowthYoY" : 86.94,
    "grossProfitMargin" : 14.58,
    "grossProfit" : 1284.19,
    "operatingProfitMargin" : 4.55,
    "operatingProfit" : 400.76,
    "netProfitMargin" : 2.57,
    "netProfit" : 226.36
  }, {
    "date" : "2022-06-30",
    "sales" : 20318.47,
    "salesGrowthYoY" : 307.22,
    "grossProfitMargin" : 12.71,
    "grossProfit" : 2582.48,
    "operatingProfitMargin" : 2.76,
    "operatingProfit" : 560.79,
    "netProfitMargin" : 2.18,
    "netProfit" : 442.94
  }, {
    "date" : "2022-09-30",
    "sales" : 22136.67,
    "salesGrowthYoY" : 345.70,
    "grossProfitMargin" : 12.96,
    "grossProfit" : 2868.91,
    "operatingProfitMargin" : 2.39,
    "operatingProfit" : 529.07,
    "netProfitMargin" : 2.12,
    "netProfit" : 469.30
  }, {
    "date" : "2022-12-31",
    "sales" : 12142.15,
    "salesGrowthYoY" : 50.65,
    "grossProfitMargin" : 13.75,
    "grossProfit" : 1669.55,
    "operatingProfitMargin" : 2.00,
    "operatingProfit" : 242.84,
    "netProfitMargin" : 2.22,
    "netProfit" : 269.56
  }, {
    "date" : "2023-03-31",
    "sales" : 10325.21,
    "salesGrowthYoY" : 17.23,
    "grossProfitMargin" : 21.71,
    "grossProfit" : 2241.60,
    "operatingProfitMargin" : 4.85,
    "operatingProfit" : 500.77,
    "netProfitMargin" : 4.90,
    "netProfit" : 505.94
  }, {
    "date" : "2023-06-30",
    "sales" : 11293.12,
    "salesGrowthYoY" : -44.42,
    "grossProfitMargin" : 17.83,
    "grossProfit" : 2013.56,
    "operatingProfitMargin" : 5.17,
    "operatingProfit" : 583.85,
    "netProfitMargin" : 5.20,
    "netProfit" : 587.24
  }, {
    "date" : "2023-09-30",
    "sales" : 6341.92,
    "salesGrowthYoY" : -71.35,
    "grossProfitMargin" : 29.50,
    "grossProfit" : 1870.87,
    "operatingProfitMargin" : 9.45,
    "operatingProfit" : 599.31,
    "netProfitMargin" : 12.01,
    "netProfit" : 761.66
  }, {
    "date" : "2023-12-31",
    "sales" : 7960.79,
    "salesGrowthYoY" : -34.44,
    "grossProfitMargin" : 28.94,
    "grossProfit" : 2303.85,
    "operatingProfitMargin" : 9.92,
    "operatingProfit" : 789.71,
    "netProfitMargin" : 9.01,
    "netProfit" : 717.27
  }, {
    "date" : "2024-03-31",
    "sales" : 9210.18,
    "salesGrowthYoY" : -10.80,
    "grossProfitMargin" : 29.90,
    "grossProfit" : 2753.84,
    "operatingProfitMargin" : 10.15,
    "operatingProfit" : 934.83,
    "netProfitMargin" : 8.42,
    "netProfit" : 775.50
  }, {
    "date" : "2024-06-30",
    "sales" : 7800.75,
    "salesGrowthYoY" : -30.92,
    "grossProfitMargin" : 28.61,
    "grossProfit" : 2231.79,
    "operatingProfitMargin" : 9.11,
    "operatingProfit" : 710.65,
    "netProfitMargin" : 7.77,
    "netProfit" : 606.12
  }, {
    "date" : "2024-09-30",
    "sales" : 6586.92,
    "salesGrowthYoY" : 3.86,
    "grossProfitMargin" : 31.55,
    "grossProfit" : 2078.17,
    "operatingProfitMargin" : 11.21,
    "operatingProfit" : 738.39,
    "netProfitMargin" : 9.62,
    "netProfit" : 633.66
  }, {
    "date" : "2024-12-31",
    "sales" : 6156.76,
    "salesGrowthYoY" : -22.66,
    "grossProfitMargin" : 29.41,
    "grossProfit" : 1810.70,
    "operatingProfitMargin" : 10.15,
    "operatingProfit" : 624.91,
    "netProfitMargin" : 8.74,
    "netProfit" : 538.10
  }, {
    "date" : "2025-03-31",
    "sales" : 6164.55,
    "salesGrowthYoY" : -33.07,
    "grossProfitMargin" : 34.41,
    "grossProfit" : 2121.22,
    "operatingProfitMargin" : 8.42,
    "operatingProfit" : 519.06,
    "netProfitMargin" : 9.75,
    "netProfit" : 601.04
  }, {
    "date" : "2025-06-30",
    "sales" : 5875.60,
    "salesGrowthYoY" : -24.68,
    "grossProfitMargin" : 34.15,
    "grossProfit" : 2006.52,
    "operatingProfitMargin" : 9.86,
    "operatingProfit" : 579.33,
    "netProfitMargin" : 8.58,
    "netProfit" : 504.13
  }, {
    "date" : "2025-09-30",
    "sales" : 5066.43,
    "salesGrowthYoY" : -23.08,
    "grossProfitMargin" : 39.01,
    "grossProfit" : 1976.41,
    "operatingProfitMargin" : 13.15,
    "operatingProfit" : 666.24,
    "netProfitMargin" : 13.15,
    "netProfit" : 666.24
  }, {
    "date" : "2025-12-31",
    "sales" : 5304.07,
    "salesGrowthYoY" : -13.85,
    "grossProfitMargin" : 33.87,
    "grossProfit" : 1796.49,
    "operatingProfitMargin" : 8.94,
    "operatingProfit" : 474.18,
    "netProfitMargin" : 10.61,
    "netProfit" : 562.76
  } ],
  "latestQuarterlyResult" : {
    "date" : "2025-12-31",
    "sales" : 5304.07,
    "salesGrowthYoY" : -13.85,
    "grossProfitMargin" : 33.87,
    "grossProfit" : 1796.49,
    "operatingProfitMargin" : 8.94,
    "operatingProfit" : 474.18,
    "netProfitMargin" : 10.61,
    "netProfit" : 562.76
  },
  "companyScore" : {
    "priceHigherThanDma50" : 5.00,
    "priceHigherThanDma100" : 0.00,
    "priceHigherThanDma200" : 0.00,
    "dma50HigherThanDma100" : 0.00,
    "dma50HigherThanDma200" : 0.00,
    "dma100HigherThanDma200" : 0.00,
    "pricePercentageAboveDma50" : 4.90,
    "pricePercentageAboveDma100" : 5.16,
    "pricePercentageAboveDma200" : 5.19,
    "weeklyVolumeHigherThanYearlyVolume" : 5.00,
    "salesGrowthPercentile" : 5.75,
    "operatingProfitMarginPercentile" : 17.22,
    "netProfitMarginPercentile" : 9.40,
    "totalTechnicalScore" : 25.26,
    "totalFundamentalScore" : 32.38,
    "totalScore" : 57.63
  }
}