{
  "metadata" : {
    "screenerCompanyId" : "75",
    "companyCode" : "ADOR",
    "companyName" : "Ador Welding",
    "screenerCompanyLink" : "https://www.screener.in/company/ADOR/consolidated/",
    "screenerTechnicalHistoryLink" : "https://www.screener.in/api/company/75/chart/?q=Price-DMA50-DMA200-Volume&days=365",
    "screenerQuarterlyResultsLink" : "https://www.screener.in/api/company/75/chart/?q=GPM-OPM-NPM-Quarter+Sales&days=10000",
    "attributes" : {
      "companyCode" : "ADOR",
      "companyName" : "Ador Welding",
      "marketCap" : 1792.00,
      "peRatio" : 32.30,
      "description" : "Ador Welding Ltd is a leading player in the field of Welding Products, Technologies and Services. It is also engaged in providing customized solutions for multi-disciplinary projects and contracts related to refineries, oil and gas, petrochemicals and other sectors.[1]"
    },
    "companyScore" : {
      "priceHigherThanDma50" : 0.00,
      "priceHigherThanDma100" : 5.00,
      "priceHigherThanDma200" : 0.00,
      "dma50HigherThanDma100" : 5.00,
      "dma50HigherThanDma200" : 5.00,
      "dma100HigherThanDma200" : 0.00,
      "pricePercentageAboveDma50" : 5.13,
      "pricePercentageAboveDma100" : 4.99,
      "pricePercentageAboveDma200" : 5.08,
      "weeklyVolumeHigherThanYearlyVolume" : 0.00,
      "salesGrowthPercentile" : 7.85,
      "operatingProfitMarginPercentile" : 13.49,
      "netProfitMarginPercentile" : 8.19,
      "totalTechnicalScore" : 30.20,
      "totalFundamentalScore" : 29.53,
      "totalScore" : 59.73
    }
  },
  "attributes" : {
    "companyCode" : "ADOR",
    "companyName" : "Ador Welding",
    "marketCap" : 1792.00,
    "peRatio" : 32.30,
    "description" : "Ador Welding Ltd is a leading player in the field of Welding Products, Technologies and Services. It is also engaged in providing customized solutions for multi-disciplinary projects and contracts related to refineries, oil and gas, petrochemicals and other sectors.[1]"
  },
  "technicalHistory" : [ {
    "date" : "2024-12-26",
    "price" : 1135.70,
    "dma50" : 1211.73,
    "dma100" : null,
    "dma200" : 1297.85,
    "volume" : 7184.00
  }, {
    "date" : "2024-12-27",
    "price" : 1130.40,
    "dma50" : 1208.54,
    "dma100" : null,
    "dma200" : 1296.19,
    "volume" : 7001.00
  }, {
    "date" : "2024-12-30",
    "price" : 1115.70,
    "dma50" : 1204.90,
    "dma100" : null,
    "dma200" : 1294.39,
    "volume" : 6881.00
  }, {
    "date" : "2024-12-31",
    "price" : 1106.10,
    "dma50" : 1201.02,
    "dma100" : null,
    "dma200" : 1292.52,
    "volume" : 8630.00
  }, {
    "date" : "2025-01-01",
    "price" : 1139.40,
    "dma50" : 1198.61,
    "dma100" : null,
    "dma200" : 1290.99,
    "volume" : 17162.00
  }, {
    "date" : "2025-01-02",
    "price" : 1147.70,
    "dma50" : 1196.61,
    "dma100" : null,
    "dma200" : 1289.57,
    "volume" : 11016.00
  }, {
    "date" : "2025-01-03",
    "price" : 1128.15,
    "dma50" : 1193.93,
    "dma100" : null,
    "dma200" : 1287.96,
    "volume" : 8175.00
  }, {
    "date" : "2025-01-06",
    "price" : 1095.10,
    "dma50" : 1190.05,
    "dma100" : null,
    "dma200" : 1286.04,
    "volume" : 12882.00
  }, {
    "date" : "2025-01-07",
    "price" : 1128.80,
    "dma50" : 1187.65,
    "dma100" : null,
    "dma200" : 1284.48,
    "volume" : 18851.00
  }, {
    "date" : "2025-01-08",
    "price" : 1110.50,
    "dma50" : 1184.62,
    "dma100" : null,
    "dma200" : 1282.75,
    "volume" : 5786.00
  }, {
    "date" : "2025-01-09",
    "price" : 1100.00,
    "dma50" : 1181.30,
    "dma100" : null,
    "dma200" : 1280.93,
    "volume" : 22423.00
  }, {
    "date" : "2025-01-10",
    "price" : 1084.40,
    "dma50" : 1177.50,
    "dma100" : null,
    "dma200" : 1278.97,
    "volume" : 11430.00
  }, {
    "date" : "2025-01-13",
    "price" : 1052.60,
    "dma50" : 1172.61,
    "dma100" : null,
    "dma200" : 1276.72,
    "volume" : 21025.00
  }, {
    "date" : "2025-01-14",
    "price" : 1052.80,
    "dma50" : 1167.91,
    "dma100" : null,
    "dma200" : 1274.49,
    "volume" : 7248.00
  }, {
    "date" : "2025-01-15",
    "price" : 1131.95,
    "dma50" : 1166.50,
    "dma100" : null,
    "dma200" : 1273.07,
    "volume" : 41987.00
  }, {
    "date" : "2025-01-16",
    "price" : 1123.70,
    "dma50" : 1164.82,
    "dma100" : null,
    "dma200" : 1271.59,
    "volume" : 11238.00
  }, {
    "date" : "2025-01-17",
    "price" : 1114.30,
    "dma50" : 1162.84,
    "dma100" : null,
    "dma200" : 1270.02,
    "volume" : 7311.00
  }, {
    "date" : "2025-01-20",
    "price" : 1104.20,
    "dma50" : 1160.54,
    "dma100" : null,
    "dma200" : 1268.37,
    "volume" : 10459.00
  }, {
    "date" : "2025-01-21",
    "price" : 1094.05,
    "dma50" : 1157.93,
    "dma100" : null,
    "dma200" : 1266.64,
    "volume" : 9238.00
  }, {
    "date" : "2025-01-22",
    "price" : 1065.20,
    "dma50" : 1154.29,
    "dma100" : null,
    "dma200" : 1264.63,
    "volume" : 7004.00
  }, {
    "date" : "2025-01-23",
    "price" : 1122.20,
    "dma50" : 1153.04,
    "dma100" : null,
    "dma200" : 1263.22,
    "volume" : 17879.00
  }, {
    "date" : "2025-01-24",
    "price" : 1109.65,
    "dma50" : 1151.33,
    "dma100" : null,
    "dma200" : 1261.69,
    "volume" : 12312.00
  }, {
    "date" : "2025-01-27",
    "price" : 1006.85,
    "dma50" : 1145.67,
    "dma100" : null,
    "dma200" : 1259.15,
    "volume" : 77600.00
  }, {
    "date" : "2025-01-28",
    "price" : 998.20,
    "dma50" : 1139.89,
    "dma100" : null,
    "dma200" : 1256.56,
    "volume" : 62987.00
  }, {
    "date" : "2025-01-29",
    "price" : 997.40,
    "dma50" : 1134.30,
    "dma100" : null,
    "dma200" : 1253.98,
    "volume" : 46414.00
  }, {
    "date" : "2025-01-30",
    "price" : 977.45,
    "dma50" : 1128.15,
    "dma100" : null,
    "dma200" : 1251.23,
    "volume" : 15906.00
  }, {
    "date" : "2025-01-31",
    "price" : 996.90,
    "dma50" : 1123.00,
    "dma100" : null,
    "dma200" : 1248.70,
    "volume" : 11515.00
  }, {
    "date" : "2025-02-01",
    "price" : 994.40,
    "dma50" : 1117.96,
    "dma100" : null,
    "dma200" : 1246.17,
    "volume" : 10098.00
  }, {
    "date" : "2025-02-03",
    "price" : 995.75,
    "dma50" : 1113.16,
    "dma100" : null,
    "dma200" : 1243.67,
    "volume" : 17680.00
  }, {
    "date" : "2025-02-04",
    "price" : 989.55,
    "dma50" : 1108.32,
    "dma100" : null,
    "dma200" : 1241.14,
    "volume" : 22182.00
  }, {
    "date" : "2025-02-05",
    "price" : 984.30,
    "dma50" : 1103.45,
    "dma100" : null,
    "dma200" : 1238.59,
    "volume" : 12312.00
  }, {
    "date" : "2025-02-06",
    "price" : 979.35,
    "dma50" : 1098.59,
    "dma100" : null,
    "dma200" : 1236.01,
    "volume" : 7004.00
  }, {
    "date" : "2025-02-07",
    "price" : 975.10,
    "dma50" : 1093.74,
    "dma100" : null,
    "dma200" : 1233.41,
    "volume" : 8317.00
  }, {
    "date" : "2025-02-10",
    "price" : 936.95,
    "dma50" : 1087.60,
    "dma100" : null,
    "dma200" : 1230.46,
    "volume" : 57631.00
  }, {
    "date" : "2025-02-11",
    "price" : 895.45,
    "dma50" : 1080.06,
    "dma100" : null,
    "dma200" : 1227.13,
    "volume" : 32371.00
  }, {
    "date" : "2025-02-12",
    "price" : 912.25,
    "dma50" : 1073.48,
    "dma100" : null,
    "dma200" : 1224.00,
    "volume" : 26954.00
  }, {
    "date" : "2025-02-13",
    "price" : 905.75,
    "dma50" : 1066.90,
    "dma100" : null,
    "dma200" : 1220.83,
    "volume" : 31379.00
  }, {
    "date" : "2025-02-14",
    "price" : 881.55,
    "dma50" : 1059.63,
    "dma100" : null,
    "dma200" : 1217.45,
    "volume" : 25882.00
  }, {
    "date" : "2025-02-17",
    "price" : 896.00,
    "dma50" : 1053.22,
    "dma100" : null,
    "dma200" : 1214.26,
    "volume" : 19908.00
  }, {
    "date" : "2025-02-18",
    "price" : 864.45,
    "dma50" : 1045.81,
    "dma100" : null,
    "dma200" : 1210.78,
    "volume" : 43320.00
  }, {
    "date" : "2025-02-19",
    "price" : 860.90,
    "dma50" : 1038.56,
    "dma100" : null,
    "dma200" : 1207.29,
    "volume" : 35920.00
  }, {
    "date" : "2025-02-20",
    "price" : 866.35,
    "dma50" : 1031.81,
    "dma100" : null,
    "dma200" : 1203.90,
    "volume" : 15179.00
  }, {
    "date" : "2025-02-21",
    "price" : 883.75,
    "dma50" : 1026.00,
    "dma100" : null,
    "dma200" : 1200.72,
    "volume" : 43636.00
  }, {
    "date" : "2025-02-24",
    "price" : 896.35,
    "dma50" : 1020.92,
    "dma100" : null,
    "dma200" : 1197.69,
    "volume" : 22925.00
  }, {
    "date" : "2025-02-25",
    "price" : 884.00,
    "dma50" : 1015.55,
    "dma100" : null,
    "dma200" : 1194.57,
    "volume" : 29244.00
  }, {
    "date" : "2025-02-27",
    "price" : 857.75,
    "dma50" : 1009.36,
    "dma100" : null,
    "dma200" : 1191.21,
    "volume" : 28695.00
  }, {
    "date" : "2025-02-28",
    "price" : 860.15,
    "dma50" : 1003.51,
    "dma100" : null,
    "dma200" : 1187.92,
    "volume" : 25307.00
  }, {
    "date" : "2025-03-03",
    "price" : 864.35,
    "dma50" : 998.05,
    "dma100" : null,
    "dma200" : 1184.70,
    "volume" : 26046.00
  }, {
    "date" : "2025-03-04",
    "price" : 858.60,
    "dma50" : 992.58,
    "dma100" : null,
    "dma200" : 1181.46,
    "volume" : 25660.00
  }, {
    "date" : "2025-03-05",
    "price" : 890.75,
    "dma50" : 988.59,
    "dma100" : null,
    "dma200" : 1178.56,
    "volume" : 18886.00
  }, {
    "date" : "2025-03-06",
    "price" : 903.50,
    "dma50" : 985.25,
    "dma100" : null,
    "dma200" : 1175.83,
    "volume" : 18481.00
  }, {
    "date" : "2025-03-07",
    "price" : 907.75,
    "dma50" : 982.21,
    "dma100" : null,
    "dma200" : 1173.16,
    "volume" : 16048.00
  }, {
    "date" : "2025-03-10",
    "price" : 875.40,
    "dma50" : 978.02,
    "dma100" : null,
    "dma200" : 1170.20,
    "volume" : 20525.00
  }, {
    "date" : "2025-03-11",
    "price" : 873.10,
    "dma50" : 973.91,
    "dma100" : null,
    "dma200" : 1167.24,
    "volume" : 27371.00
  }, {
    "date" : "2025-03-12",
    "price" : 911.30,
    "dma50" : 971.45,
    "dma100" : null,
    "dma200" : 1164.69,
    "volume" : 59536.00
  }, {
    "date" : "2025-03-13",
    "price" : 885.05,
    "dma50" : 968.07,
    "dma100" : null,
    "dma200" : 1161.91,
    "volume" : 40353.00
  }, {
    "date" : "2025-03-17",
    "price" : 847.45,
    "dma50" : 963.34,
    "dma100" : null,
    "dma200" : 1158.78,
    "volume" : 33675.00
  }, {
    "date" : "2025-03-18",
    "price" : 859.10,
    "dma50" : 959.25,
    "dma100" : null,
    "dma200" : 1155.80,
    "volume" : 19573.00
  }, {
    "date" : "2025-03-19",
    "price" : 864.20,
    "dma50" : 955.52,
    "dma100" : null,
    "dma200" : 1152.90,
    "volume" : 37261.00
  }, {
    "date" : "2025-03-20",
    "price" : 895.10,
    "dma50" : 953.15,
    "dma100" : null,
    "dma200" : 1150.33,
    "volume" : 39809.00
  }, {
    "date" : "2025-03-21",
    "price" : 888.40,
    "dma50" : 950.61,
    "dma100" : null,
    "dma200" : 1147.73,
    "volume" : 23343.00
  }, {
    "date" : "2025-03-24",
    "price" : 885.25,
    "dma50" : 948.05,
    "dma100" : null,
    "dma200" : 1145.12,
    "volume" : 34962.00
  }, {
    "date" : "2025-03-25",
    "price" : 875.00,
    "dma50" : 945.18,
    "dma100" : null,
    "dma200" : 1142.43,
    "volume" : 19883.00
  }, {
    "date" : "2025-03-26",
    "price" : 856.50,
    "dma50" : 941.71,
    "dma100" : null,
    "dma200" : 1139.58,
    "volume" : 24141.00
  }, {
    "date" : "2025-03-27",
    "price" : 837.45,
    "dma50" : 937.62,
    "dma100" : null,
    "dma200" : 1136.58,
    "volume" : 37428.00
  }, {
    "date" : "2025-03-28",
    "price" : 836.65,
    "dma50" : 933.66,
    "dma100" : null,
    "dma200" : 1133.59,
    "volume" : 37695.00
  }, {
    "date" : "2025-04-01",
    "price" : 850.05,
    "dma50" : 930.38,
    "dma100" : null,
    "dma200" : 1130.77,
    "volume" : 13792.00
  }, {
    "date" : "2025-04-02",
    "price" : 869.05,
    "dma50" : 927.97,
    "dma100" : null,
    "dma200" : 1128.17,
    "volume" : 11708.00
  }, {
    "date" : "2025-04-03",
    "price" : 878.00,
    "dma50" : 926.02,
    "dma100" : null,
    "dma200" : 1125.68,
    "volume" : 9149.00
  }, {
    "date" : "2025-04-04",
    "price" : 850.25,
    "dma50" : 923.04,
    "dma100" : null,
    "dma200" : 1122.94,
    "volume" : 24034.00
  }, {
    "date" : "2025-04-07",
    "price" : 854.85,
    "dma50" : 920.37,
    "dma100" : null,
    "dma200" : 1120.27,
    "volume" : 34809.00
  }, {
    "date" : "2025-04-08",
    "price" : 852.50,
    "dma50" : 917.71,
    "dma100" : null,
    "dma200" : 1117.60,
    "volume" : 14020.00
  }, {
    "date" : "2025-04-09",
    "price" : 852.45,
    "dma50" : 915.15,
    "dma100" : null,
    "dma200" : 1114.97,
    "volume" : 11725.00
  }, {
    "date" : "2025-04-11",
    "price" : 874.45,
    "dma50" : 913.55,
    "dma100" : null,
    "dma200" : 1112.57,
    "volume" : 6465.00
  }, {
    "date" : "2025-04-15",
    "price" : 881.85,
    "dma50" : 912.31,
    "dma100" : null,
    "dma200" : 1110.28,
    "volume" : 7374.00
  }, {
    "date" : "2025-04-16",
    "price" : 891.55,
    "dma50" : 911.50,
    "dma100" : null,
    "dma200" : 1108.10,
    "volume" : 9059.00
  }, {
    "date" : "2025-04-17",
    "price" : 885.10,
    "dma50" : 910.46,
    "dma100" : null,
    "dma200" : 1105.88,
    "volume" : 10454.00
  }, {
    "date" : "2025-04-21",
    "price" : 926.35,
    "dma50" : 911.08,
    "dma100" : null,
    "dma200" : 1104.10,
    "volume" : 38724.00
  }, {
    "date" : "2025-04-22",
    "price" : 921.15,
    "dma50" : 911.48,
    "dma100" : null,
    "dma200" : 1102.28,
    "volume" : 8506.00
  }, {
    "date" : "2025-04-23",
    "price" : 908.15,
    "dma50" : 911.35,
    "dma100" : null,
    "dma200" : 1100.34,
    "volume" : 7945.00
  }, {
    "date" : "2025-04-24",
    "price" : 903.95,
    "dma50" : 911.06,
    "dma100" : null,
    "dma200" : 1098.39,
    "volume" : 6806.00
  }, {
    "date" : "2025-04-25",
    "price" : 900.45,
    "dma50" : 910.64,
    "dma100" : null,
    "dma200" : 1096.42,
    "volume" : 10862.00
  }, {
    "date" : "2025-04-28",
    "price" : 900.95,
    "dma50" : 910.26,
    "dma100" : null,
    "dma200" : 1094.48,
    "volume" : 8285.00
  }, {
    "date" : "2025-04-29",
    "price" : 889.15,
    "dma50" : 909.43,
    "dma100" : null,
    "dma200" : 1092.43,
    "volume" : 11520.00
  }, {
    "date" : "2025-04-30",
    "price" : 876.90,
    "dma50" : 908.16,
    "dma100" : null,
    "dma200" : 1090.29,
    "volume" : 5194.00
  }, {
    "date" : "2025-05-02",
    "price" : 871.50,
    "dma50" : 906.72,
    "dma100" : null,
    "dma200" : 1088.11,
    "volume" : 5066.00
  }, {
    "date" : "2025-05-05",
    "price" : 876.05,
    "dma50" : 905.52,
    "dma100" : null,
    "dma200" : 1086.00,
    "volume" : 4694.00
  }, {
    "date" : "2025-05-06",
    "price" : 861.50,
    "dma50" : 903.79,
    "dma100" : null,
    "dma200" : 1083.77,
    "volume" : 8987.00
  }, {
    "date" : "2025-05-07",
    "price" : 881.30,
    "dma50" : 902.91,
    "dma100" : null,
    "dma200" : 1081.75,
    "volume" : 17312.00
  }, {
    "date" : "2025-05-08",
    "price" : 858.10,
    "dma50" : 901.15,
    "dma100" : null,
    "dma200" : 1079.53,
    "volume" : 7965.00
  }, {
    "date" : "2025-05-09",
    "price" : 844.35,
    "dma50" : 898.92,
    "dma100" : null,
    "dma200" : 1077.19,
    "volume" : 100745.00
  }, {
    "date" : "2025-05-12",
    "price" : 896.00,
    "dma50" : 898.81,
    "dma100" : null,
    "dma200" : 1075.38,
    "volume" : 16087.00
  }, {
    "date" : "2025-05-13",
    "price" : 928.50,
    "dma50" : 899.97,
    "dma100" : null,
    "dma200" : 1073.92,
    "volume" : 18277.00
  }, {
    "date" : "2025-05-14",
    "price" : 940.65,
    "dma50" : 901.57,
    "dma100" : null,
    "dma200" : 1072.60,
    "volume" : 9489.00
  }, {
    "date" : "2025-05-15",
    "price" : 965.35,
    "dma50" : 904.07,
    "dma100" : null,
    "dma200" : 1071.53,
    "volume" : 18009.00
  }, {
    "date" : "2025-05-16",
    "price" : 1013.65,
    "dma50" : 908.37,
    "dma100" : null,
    "dma200" : 1070.95,
    "volume" : 24566.00
  }, {
    "date" : "2025-05-19",
    "price" : 994.00,
    "dma50" : 911.73,
    "dma100" : null,
    "dma200" : 1070.19,
    "volume" : 19762.00
  }, {
    "date" : "2025-05-20",
    "price" : 957.40,
    "dma50" : 913.52,
    "dma100" : null,
    "dma200" : 1069.07,
    "volume" : 16194.00
  }, {
    "date" : "2025-05-21",
    "price" : 954.85,
    "dma50" : 915.14,
    "dma100" : null,
    "dma200" : 1067.93,
    "volume" : 7838.00
  }, {
    "date" : "2025-05-22",
    "price" : 950.85,
    "dma50" : 916.54,
    "dma100" : null,
    "dma200" : 1066.76,
    "volume" : 13076.00
  }, {
    "date" : "2025-05-23",
    "price" : 987.30,
    "dma50" : 919.31,
    "dma100" : 947.17,
    "dma200" : 1065.97,
    "volume" : 17373.00
  }, {
    "date" : "2025-05-26",
    "price" : 995.20,
    "dma50" : 922.29,
    "dma100" : 945.82,
    "dma200" : 1065.27,
    "volume" : 12331.00
  }, {
    "date" : "2025-05-27",
    "price" : 979.45,
    "dma50" : 924.53,
    "dma100" : 944.46,
    "dma200" : 1064.41,
    "volume" : 11388.00
  }, {
    "date" : "2025-05-28",
    "price" : 972.05,
    "dma50" : 926.39,
    "dma100" : 943.12,
    "dma200" : 1063.50,
    "volume" : 12360.00
  }, {
    "date" : "2025-05-29",
    "price" : 975.65,
    "dma50" : 928.33,
    "dma100" : 941.48,
    "dma200" : 1062.62,
    "volume" : 6897.00
  }, {
    "date" : "2025-05-30",
    "price" : 981.10,
    "dma50" : 930.40,
    "dma100" : 939.81,
    "dma200" : 1061.81,
    "volume" : 11424.00
  }, {
    "date" : "2025-06-02",
    "price" : 983.45,
    "dma50" : 932.48,
    "dma100" : 938.37,
    "dma200" : 1061.03,
    "volume" : 12123.00
  }, {
    "date" : "2025-06-03",
    "price" : 980.40,
    "dma50" : 934.36,
    "dma100" : 937.22,
    "dma200" : 1060.23,
    "volume" : 6220.00
  }, {
    "date" : "2025-06-04",
    "price" : 968.55,
    "dma50" : 935.70,
    "dma100" : 935.62,
    "dma200" : 1059.32,
    "volume" : 5304.00
  }, {
    "date" : "2025-06-05",
    "price" : 987.85,
    "dma50" : 937.74,
    "dma100" : 934.39,
    "dma200" : 1058.61,
    "volume" : 13512.00
  }, {
    "date" : "2025-06-06",
    "price" : 990.50,
    "dma50" : 939.81,
    "dma100" : 933.30,
    "dma200" : 1057.93,
    "volume" : 6302.00
  }, {
    "date" : "2025-06-09",
    "price" : 1013.00,
    "dma50" : 942.68,
    "dma100" : 932.58,
    "dma200" : 1057.48,
    "volume" : 21821.00
  }, {
    "date" : "2025-06-10",
    "price" : 1049.00,
    "dma50" : 946.85,
    "dma100" : 932.55,
    "dma200" : 1057.40,
    "volume" : 50716.00
  }, {
    "date" : "2025-06-11",
    "price" : 1033.30,
    "dma50" : 950.24,
    "dma100" : 932.35,
    "dma200" : 1057.16,
    "volume" : 48115.00
  }, {
    "date" : "2025-06-12",
    "price" : 1026.60,
    "dma50" : 953.23,
    "dma100" : 931.30,
    "dma200" : 1056.85,
    "volume" : 12509.00
  }, {
    "date" : "2025-06-13",
    "price" : 1020.55,
    "dma50" : 955.87,
    "dma100" : 930.27,
    "dma200" : 1056.49,
    "volume" : 6948.00
  }, {
    "date" : "2025-06-16",
    "price" : 1006.85,
    "dma50" : 957.87,
    "dma100" : 929.19,
    "dma200" : 1056.00,
    "volume" : 5959.00
  }, {
    "date" : "2025-06-17",
    "price" : 990.30,
    "dma50" : 959.15,
    "dma100" : 928.05,
    "dma200" : 1055.34,
    "volume" : 5968.00
  }, {
    "date" : "2025-06-18",
    "price" : 998.65,
    "dma50" : 960.69,
    "dma100" : 927.10,
    "dma200" : 1054.78,
    "volume" : 7387.00
  }, {
    "date" : "2025-06-19",
    "price" : 980.35,
    "dma50" : 961.47,
    "dma100" : 926.25,
    "dma200" : 1054.04,
    "volume" : 27056.00
  }, {
    "date" : "2025-06-20",
    "price" : 1001.65,
    "dma50" : 963.04,
    "dma100" : 925.04,
    "dma200" : 1053.52,
    "volume" : 13654.00
  }, {
    "date" : "2025-06-23",
    "price" : 1002.50,
    "dma50" : 964.59,
    "dma100" : 923.97,
    "dma200" : 1053.01,
    "volume" : 10678.00
  }, {
    "date" : "2025-06-24",
    "price" : 1007.70,
    "dma50" : 966.28,
    "dma100" : 923.98,
    "dma200" : 1052.56,
    "volume" : 10040.00
  }, {
    "date" : "2025-06-25",
    "price" : 1020.35,
    "dma50" : 968.40,
    "dma100" : 924.20,
    "dma200" : 1052.24,
    "volume" : 32655.00
  }, {
    "date" : "2025-06-26",
    "price" : 1007.50,
    "dma50" : 969.93,
    "dma100" : 924.30,
    "dma200" : 1051.79,
    "volume" : 14793.00
  }, {
    "date" : "2025-06-27",
    "price" : 1023.60,
    "dma50" : 972.04,
    "dma100" : 924.77,
    "dma200" : 1051.51,
    "volume" : 8573.00
  }, {
    "date" : "2025-06-30",
    "price" : 1020.45,
    "dma50" : 973.94,
    "dma100" : 925.00,
    "dma200" : 1051.20,
    "volume" : 16105.00
  }, {
    "date" : "2025-07-01",
    "price" : 1050.50,
    "dma50" : 976.94,
    "dma100" : 925.56,
    "dma200" : 1051.20,
    "volume" : 29419.00
  }, {
    "date" : "2025-07-02",
    "price" : 1057.20,
    "dma50" : 980.09,
    "dma100" : 926.18,
    "dma200" : 1051.26,
    "volume" : 23515.00
  }, {
    "date" : "2025-07-03",
    "price" : 1101.70,
    "dma50" : 984.86,
    "dma100" : 927.30,
    "dma200" : 1051.76,
    "volume" : 56913.00
  }, {
    "date" : "2025-07-04",
    "price" : 1102.30,
    "dma50" : 989.46,
    "dma100" : 928.48,
    "dma200" : 1052.26,
    "volume" : 54253.00
  }, {
    "date" : "2025-07-07",
    "price" : 1115.90,
    "dma50" : 994.42,
    "dma100" : 929.84,
    "dma200" : 1052.89,
    "volume" : 73503.00
  }, {
    "date" : "2025-07-08",
    "price" : 1078.60,
    "dma50" : 997.72,
    "dma100" : 930.88,
    "dma200" : 1053.15,
    "volume" : 22310.00
  }, {
    "date" : "2025-07-09",
    "price" : 1109.90,
    "dma50" : 1002.12,
    "dma100" : 932.61,
    "dma200" : 1053.72,
    "volume" : 72832.00
  }, {
    "date" : "2025-07-10",
    "price" : 1099.60,
    "dma50" : 1005.94,
    "dma100" : 934.65,
    "dma200" : 1054.17,
    "volume" : 20573.00
  }, {
    "date" : "2025-07-11",
    "price" : 1103.30,
    "dma50" : 1009.76,
    "dma100" : 936.56,
    "dma200" : 1054.66,
    "volume" : 13797.00
  }, {
    "date" : "2025-07-14",
    "price" : 1082.60,
    "dma50" : 1012.62,
    "dma100" : 938.33,
    "dma200" : 1054.94,
    "volume" : 6950.00
  }, {
    "date" : "2025-07-15",
    "price" : 1081.70,
    "dma50" : 1015.33,
    "dma100" : 940.33,
    "dma200" : 1055.20,
    "volume" : 4543.00
  }, {
    "date" : "2025-07-16",
    "price" : 1084.80,
    "dma50" : 1018.05,
    "dma100" : 942.22,
    "dma200" : 1055.50,
    "volume" : 5275.00
  }, {
    "date" : "2025-07-17",
    "price" : 1086.40,
    "dma50" : 1020.73,
    "dma100" : 944.44,
    "dma200" : 1055.81,
    "volume" : 6130.00
  }, {
    "date" : "2025-07-18",
    "price" : 1111.70,
    "dma50" : 1024.30,
    "dma100" : 946.95,
    "dma200" : 1056.36,
    "volume" : 16358.00
  }, {
    "date" : "2025-07-21",
    "price" : 1104.40,
    "dma50" : 1027.44,
    "dma100" : 949.33,
    "dma200" : 1056.84,
    "volume" : 6283.00
  }, {
    "date" : "2025-07-22",
    "price" : 1095.70,
    "dma50" : 1030.12,
    "dma100" : 951.45,
    "dma200" : 1057.23,
    "volume" : 12502.00
  }, {
    "date" : "2025-07-23",
    "price" : 1079.70,
    "dma50" : 1032.06,
    "dma100" : 953.28,
    "dma200" : 1057.45,
    "volume" : 5727.00
  }, {
    "date" : "2025-07-24",
    "price" : 1062.10,
    "dma50" : 1033.24,
    "dma100" : 955.06,
    "dma200" : 1057.50,
    "volume" : 10765.00
  }, {
    "date" : "2025-07-25",
    "price" : 1044.10,
    "dma50" : 1033.66,
    "dma100" : 956.92,
    "dma200" : 1057.36,
    "volume" : 8658.00
  }, {
    "date" : "2025-07-28",
    "price" : 1012.60,
    "dma50" : 1032.84,
    "dma100" : 958.45,
    "dma200" : 1056.92,
    "volume" : 5035.00
  }, {
    "date" : "2025-07-29",
    "price" : 998.70,
    "dma50" : 1031.50,
    "dma100" : 959.79,
    "dma200" : 1056.34,
    "volume" : 8784.00
  }, {
    "date" : "2025-07-30",
    "price" : 1011.60,
    "dma50" : 1030.72,
    "dma100" : 961.32,
    "dma200" : 1055.89,
    "volume" : 5171.00
  }, {
    "date" : "2025-07-31",
    "price" : 999.20,
    "dma50" : 1029.48,
    "dma100" : 962.41,
    "dma200" : 1055.33,
    "volume" : 7601.00
  }, {
    "date" : "2025-08-01",
    "price" : 977.85,
    "dma50" : 1027.46,
    "dma100" : 963.15,
    "dma200" : 1054.56,
    "volume" : 6716.00
  }, {
    "date" : "2025-08-04",
    "price" : 986.25,
    "dma50" : 1025.84,
    "dma100" : 963.93,
    "dma200" : 1053.88,
    "volume" : 4249.00
  }, {
    "date" : "2025-08-05",
    "price" : 980.70,
    "dma50" : 1024.07,
    "dma100" : 964.99,
    "dma200" : 1053.15,
    "volume" : 7128.00
  }, {
    "date" : "2025-08-06",
    "price" : 974.90,
    "dma50" : 1022.14,
    "dma100" : 966.01,
    "dma200" : 1052.37,
    "volume" : 4607.00
  }, {
    "date" : "2025-08-07",
    "price" : 999.95,
    "dma50" : 1021.27,
    "dma100" : 966.89,
    "dma200" : 1051.85,
    "volume" : 63865.00
  }, {
    "date" : "2025-08-08",
    "price" : 1013.15,
    "dma50" : 1020.96,
    "dma100" : 968.17,
    "dma200" : 1051.47,
    "volume" : 10451.00
  }, {
    "date" : "2025-08-11",
    "price" : 1001.55,
    "dma50" : 1020.19,
    "dma100" : 969.71,
    "dma200" : 1050.97,
    "volume" : 9289.00
  }, {
    "date" : "2025-08-12",
    "price" : 988.30,
    "dma50" : 1018.94,
    "dma100" : 971.01,
    "dma200" : 1050.35,
    "volume" : 3716.00
  }, {
    "date" : "2025-08-13",
    "price" : 918.50,
    "dma50" : 1015.00,
    "dma100" : 971.55,
    "dma200" : 1049.03,
    "volume" : 79469.00
  }, {
    "date" : "2025-08-14",
    "price" : 906.75,
    "dma50" : 1010.76,
    "dma100" : 971.67,
    "dma200" : 1047.62,
    "volume" : 34064.00
  }, {
    "date" : "2025-08-18",
    "price" : 908.05,
    "dma50" : 1006.73,
    "dma100" : 971.86,
    "dma200" : 1046.23,
    "volume" : 10513.00
  }, {
    "date" : "2025-08-19",
    "price" : 915.05,
    "dma50" : 1003.14,
    "dma100" : 972.16,
    "dma200" : 1044.92,
    "volume" : 13373.00
  }, {
    "date" : "2025-08-20",
    "price" : 927.10,
    "dma50" : 1000.15,
    "dma100" : 972.68,
    "dma200" : 1043.75,
    "volume" : 12797.00
  }, {
    "date" : "2025-08-21",
    "price" : 907.20,
    "dma50" : 996.51,
    "dma100" : 973.19,
    "dma200" : 1042.39,
    "volume" : 38956.00
  }, {
    "date" : "2025-08-22",
    "price" : 915.55,
    "dma50" : 993.33,
    "dma100" : 973.97,
    "dma200" : 1041.13,
    "volume" : 14917.00
  }, {
    "date" : "2025-08-25",
    "price" : 914.55,
    "dma50" : 990.24,
    "dma100" : 974.75,
    "dma200" : 1039.87,
    "volume" : 9027.00
  }, {
    "date" : "2025-08-26",
    "price" : 909.30,
    "dma50" : 987.07,
    "dma100" : 975.34,
    "dma200" : 1038.57,
    "volume" : 5769.00
  }, {
    "date" : "2025-08-28",
    "price" : 910.95,
    "dma50" : 984.09,
    "dma100" : 975.76,
    "dma200" : 1037.30,
    "volume" : 6607.00
  }, {
    "date" : "2025-08-29",
    "price" : 911.90,
    "dma50" : 981.25,
    "dma100" : 976.10,
    "dma200" : 1036.05,
    "volume" : 5406.00
  }, {
    "date" : "2025-09-01",
    "price" : 967.45,
    "dma50" : 980.71,
    "dma100" : 977.27,
    "dma200" : 1035.37,
    "volume" : 26292.00
  }, {
    "date" : "2025-09-02",
    "price" : 981.15,
    "dma50" : 980.73,
    "dma100" : 978.53,
    "dma200" : 1034.83,
    "volume" : 11808.00
  }, {
    "date" : "2025-09-03",
    "price" : 960.40,
    "dma50" : 979.93,
    "dma100" : 979.61,
    "dma200" : 1034.09,
    "volume" : 5710.00
  }, {
    "date" : "2025-09-04",
    "price" : 946.50,
    "dma50" : 978.62,
    "dma100" : 980.55,
    "dma200" : 1033.22,
    "volume" : 3250.00
  }, {
    "date" : "2025-09-05",
    "price" : 955.40,
    "dma50" : 977.71,
    "dma100" : 981.36,
    "dma200" : 1032.45,
    "volume" : 4955.00
  }, {
    "date" : "2025-09-08",
    "price" : 945.65,
    "dma50" : 976.45,
    "dma100" : 982.00,
    "dma200" : 1031.58,
    "volume" : 15301.00
  }, {
    "date" : "2025-09-09",
    "price" : 948.20,
    "dma50" : 975.35,
    "dma100" : 982.57,
    "dma200" : 1030.75,
    "volume" : 2421.00
  }, {
    "date" : "2025-09-10",
    "price" : 962.20,
    "dma50" : 974.83,
    "dma100" : 983.34,
    "dma200" : 1030.07,
    "volume" : 6146.00
  }, {
    "date" : "2025-09-11",
    "price" : 975.45,
    "dma50" : 974.85,
    "dma100" : 983.83,
    "dma200" : 1029.53,
    "volume" : 17651.00
  }, {
    "date" : "2025-09-12",
    "price" : 983.25,
    "dma50" : 975.18,
    "dma100" : 984.45,
    "dma200" : 1029.07,
    "volume" : 9679.00
  }, {
    "date" : "2025-09-15",
    "price" : 986.60,
    "dma50" : 975.63,
    "dma100" : 985.23,
    "dma200" : 1028.64,
    "volume" : 5127.00
  }, {
    "date" : "2025-09-16",
    "price" : 986.95,
    "dma50" : 976.08,
    "dma100" : 986.06,
    "dma200" : 1028.23,
    "volume" : 2208.00
  }, {
    "date" : "2025-09-17",
    "price" : 1003.00,
    "dma50" : 977.13,
    "dma100" : 987.09,
    "dma200" : 1027.98,
    "volume" : 9210.00
  }, {
    "date" : "2025-09-18",
    "price" : 995.45,
    "dma50" : 977.85,
    "dma100" : 988.03,
    "dma200" : 1027.65,
    "volume" : 4155.00
  }, {
    "date" : "2025-09-19",
    "price" : 1031.55,
    "dma50" : 979.96,
    "dma100" : 989.46,
    "dma200" : 1027.69,
    "volume" : 24882.00
  }, {
    "date" : "2025-09-22",
    "price" : 1013.95,
    "dma50" : 981.29,
    "dma100" : 990.83,
    "dma200" : 1027.56,
    "volume" : 8284.00
  }, {
    "date" : "2025-09-23",
    "price" : 1015.45,
    "dma50" : 982.63,
    "dma100" : 992.27,
    "dma200" : 1027.44,
    "volume" : 10487.00
  }, {
    "date" : "2025-09-24",
    "price" : 1008.35,
    "dma50" : 983.64,
    "dma100" : 993.59,
    "dma200" : 1027.25,
    "volume" : 10521.00
  }, {
    "date" : "2025-09-25",
    "price" : 1014.70,
    "dma50" : 984.86,
    "dma100" : 995.12,
    "dma200" : 1027.12,
    "volume" : 8772.00
  }, {
    "date" : "2025-09-26",
    "price" : 980.05,
    "dma50" : 984.67,
    "dma100" : 996.11,
    "dma200" : 1026.65,
    "volume" : 8181.00
  }, {
    "date" : "2025-09-29",
    "price" : 979.45,
    "dma50" : 984.46,
    "dma100" : 997.32,
    "dma200" : 1026.18,
    "volume" : 3896.00
  }, {
    "date" : "2025-09-30",
    "price" : 964.45,
    "dma50" : 983.68,
    "dma100" : 998.53,
    "dma200" : 1025.57,
    "volume" : 4191.00
  }, {
    "date" : "2025-10-01",
    "price" : 985.55,
    "dma50" : 983.75,
    "dma100" : 999.42,
    "dma200" : 1025.17,
    "volume" : 6076.00
  }, {
    "date" : "2025-10-03",
    "price" : 1023.75,
    "dma50" : 985.32,
    "dma100" : 1000.37,
    "dma200" : 1025.16,
    "volume" : 10466.00
  }, {
    "date" : "2025-10-06",
    "price" : 1012.35,
    "dma50" : 986.38,
    "dma100" : 1001.09,
    "dma200" : 1025.03,
    "volume" : 4245.00
  }, {
    "date" : "2025-10-07",
    "price" : 1010.60,
    "dma50" : 987.33,
    "dma100" : 1001.54,
    "dma200" : 1024.89,
    "volume" : 5043.00
  }, {
    "date" : "2025-10-08",
    "price" : 1011.75,
    "dma50" : 988.29,
    "dma100" : 1001.52,
    "dma200" : 1024.75,
    "volume" : 5689.00
  }, {
    "date" : "2025-10-09",
    "price" : 1010.95,
    "dma50" : 989.18,
    "dma100" : 1001.69,
    "dma200" : 1024.62,
    "volume" : 3325.00
  }, {
    "date" : "2025-10-10",
    "price" : 1028.50,
    "dma50" : 990.72,
    "dma100" : 1002.40,
    "dma200" : 1024.66,
    "volume" : 33623.00
  }, {
    "date" : "2025-10-13",
    "price" : 1041.25,
    "dma50" : 992.70,
    "dma100" : 1003.27,
    "dma200" : 1024.82,
    "volume" : 14130.00
  }, {
    "date" : "2025-10-14",
    "price" : 1060.65,
    "dma50" : 995.36,
    "dma100" : 1004.37,
    "dma200" : 1025.18,
    "volume" : 22949.00
  }, {
    "date" : "2025-10-15",
    "price" : 1193.10,
    "dma50" : 1003.12,
    "dma100" : 1006.42,
    "dma200" : 1026.85,
    "volume" : 827938.00
  }, {
    "date" : "2025-10-16",
    "price" : 1168.15,
    "dma50" : 1009.59,
    "dma100" : 1008.15,
    "dma200" : 1028.25,
    "volume" : 454527.00
  }, {
    "date" : "2025-10-17",
    "price" : 1153.45,
    "dma50" : 1015.23,
    "dma100" : 1009.89,
    "dma200" : 1029.50,
    "volume" : 72067.00
  }, {
    "date" : "2025-10-20",
    "price" : 1145.00,
    "dma50" : 1020.32,
    "dma100" : 1011.62,
    "dma200" : 1030.65,
    "volume" : 29718.00
  }, {
    "date" : "2025-10-21",
    "price" : 1168.35,
    "dma50" : 1026.13,
    "dma100" : 1013.55,
    "dma200" : 1032.02,
    "volume" : 21319.00
  }, {
    "date" : "2025-10-23",
    "price" : 1145.10,
    "dma50" : 1030.79,
    "dma100" : 1015.19,
    "dma200" : 1033.14,
    "volume" : 21877.00
  }, {
    "date" : "2025-10-24",
    "price" : 1132.50,
    "dma50" : 1034.78,
    "dma100" : 1016.68,
    "dma200" : 1034.13,
    "volume" : 23485.00
  }, {
    "date" : "2025-10-27",
    "price" : 1113.95,
    "dma50" : 1037.88,
    "dma100" : 1018.02,
    "dma200" : 1034.93,
    "volume" : 31240.00
  }, {
    "date" : "2025-10-28",
    "price" : 1142.15,
    "dma50" : 1041.97,
    "dma100" : 1019.75,
    "dma200" : 1035.99,
    "volume" : 25610.00
  }, {
    "date" : "2025-10-29",
    "price" : 1136.50,
    "dma50" : 1045.68,
    "dma100" : 1021.24,
    "dma200" : 1036.99,
    "volume" : 14299.00
  }, {
    "date" : "2025-10-30",
    "price" : 1127.35,
    "dma50" : 1048.88,
    "dma100" : 1022.61,
    "dma200" : 1037.89,
    "volume" : 16507.00
  }, {
    "date" : "2025-10-31",
    "price" : 1071.70,
    "dma50" : 1049.78,
    "dma100" : 1023.19,
    "dma200" : 1038.23,
    "volume" : 104274.00
  }, {
    "date" : "2025-11-03",
    "price" : 1085.20,
    "dma50" : 1051.17,
    "dma100" : 1023.56,
    "dma200" : 1038.70,
    "volume" : 16771.00
  }, {
    "date" : "2025-11-04",
    "price" : 1079.80,
    "dma50" : 1052.29,
    "dma100" : 1024.02,
    "dma200" : 1039.11,
    "volume" : 15947.00
  }, {
    "date" : "2025-11-06",
    "price" : 1030.20,
    "dma50" : 1051.42,
    "dma100" : 1024.06,
    "dma200" : 1039.02,
    "volume" : 20491.00
  }, {
    "date" : "2025-11-07",
    "price" : 1028.70,
    "dma50" : 1050.53,
    "dma100" : 1024.14,
    "dma200" : 1038.92,
    "volume" : 14720.00
  }, {
    "date" : "2025-11-10",
    "price" : 1025.80,
    "dma50" : 1049.56,
    "dma100" : 1024.33,
    "dma200" : 1038.78,
    "volume" : 13495.00
  }, {
    "date" : "2025-11-11",
    "price" : 1046.80,
    "dma50" : 1049.45,
    "dma100" : 1024.89,
    "dma200" : 1038.86,
    "volume" : 12789.00
  }, {
    "date" : "2025-11-12",
    "price" : 1018.70,
    "dma50" : 1048.25,
    "dma100" : 1025.09,
    "dma200" : 1038.66,
    "volume" : 17698.00
  }, {
    "date" : "2025-11-13",
    "price" : 1024.50,
    "dma50" : 1047.32,
    "dma100" : 1025.54,
    "dma200" : 1038.52,
    "volume" : 6240.00
  }, {
    "date" : "2025-11-14",
    "price" : 1074.40,
    "dma50" : 1048.38,
    "dma100" : 1026.26,
    "dma200" : 1038.88,
    "volume" : 26529.00
  }, {
    "date" : "2025-11-17",
    "price" : 1090.30,
    "dma50" : 1050.02,
    "dma100" : 1027.14,
    "dma200" : 1039.39,
    "volume" : 18754.00
  }, {
    "date" : "2025-11-18",
    "price" : 1100.20,
    "dma50" : 1051.99,
    "dma100" : 1028.07,
    "dma200" : 1040.00,
    "volume" : 31344.00
  }, {
    "date" : "2025-11-19",
    "price" : 1092.40,
    "dma50" : 1053.58,
    "dma100" : 1028.79,
    "dma200" : 1040.52,
    "volume" : 19237.00
  }, {
    "date" : "2025-11-20",
    "price" : 1110.10,
    "dma50" : 1055.79,
    "dma100" : 1029.81,
    "dma200" : 1041.21,
    "volume" : 21031.00
  }, {
    "date" : "2025-11-21",
    "price" : 1083.60,
    "dma50" : 1056.88,
    "dma100" : 1030.41,
    "dma200" : 1041.63,
    "volume" : 6576.00
  }, {
    "date" : "2025-11-24",
    "price" : 1076.50,
    "dma50" : 1057.65,
    "dma100" : 1030.97,
    "dma200" : 1041.98,
    "volume" : 25659.00
  }, {
    "date" : "2025-11-25",
    "price" : 1091.10,
    "dma50" : 1058.96,
    "dma100" : 1031.38,
    "dma200" : 1042.47,
    "volume" : 8301.00
  }, {
    "date" : "2025-11-26",
    "price" : 1093.60,
    "dma50" : 1060.32,
    "dma100" : 1031.74,
    "dma200" : 1042.98,
    "volume" : 18391.00
  }, {
    "date" : "2025-11-27",
    "price" : 1094.20,
    "dma50" : 1061.65,
    "dma100" : 1031.67,
    "dma200" : 1043.49,
    "volume" : 12063.00
  }, {
    "date" : "2025-11-28",
    "price" : 1083.70,
    "dma50" : 1062.52,
    "dma100" : 1031.48,
    "dma200" : 1043.89,
    "volume" : 6864.00
  }, {
    "date" : "2025-12-01",
    "price" : 1076.00,
    "dma50" : 1063.04,
    "dma100" : 1031.08,
    "dma200" : 1044.21,
    "volume" : 9690.00
  }, {
    "date" : "2025-12-02",
    "price" : 1070.00,
    "dma50" : 1063.32,
    "dma100" : 1031.00,
    "dma200" : 1044.46,
    "volume" : 10670.00
  }, {
    "date" : "2025-12-03",
    "price" : 1068.10,
    "dma50" : 1063.50,
    "dma100" : 1030.58,
    "dma200" : 1044.70,
    "volume" : 3882.00
  }, {
    "date" : "2025-12-04",
    "price" : 1071.70,
    "dma50" : 1063.83,
    "dma100" : 1030.30,
    "dma200" : 1044.97,
    "volume" : 58625.00
  }, {
    "date" : "2025-12-05",
    "price" : 1065.00,
    "dma50" : 1063.87,
    "dma100" : 1029.92,
    "dma200" : 1045.17,
    "volume" : 11014.00
  }, {
    "date" : "2025-12-08",
    "price" : 1049.00,
    "dma50" : 1063.29,
    "dma100" : 1029.58,
    "dma200" : 1045.20,
    "volume" : 10791.00
  }, {
    "date" : "2025-12-09",
    "price" : 1064.10,
    "dma50" : 1063.32,
    "dma100" : 1029.40,
    "dma200" : 1045.39,
    "volume" : 7608.00
  }, {
    "date" : "2025-12-10",
    "price" : 1070.70,
    "dma50" : 1063.61,
    "dma100" : 1029.26,
    "dma200" : 1045.64,
    "volume" : 21170.00
  }, {
    "date" : "2025-12-11",
    "price" : 1079.80,
    "dma50" : 1064.24,
    "dma100" : 1029.20,
    "dma200" : 1045.98,
    "volume" : 57077.00
  }, {
    "date" : "2025-12-12",
    "price" : 1073.60,
    "dma50" : 1064.61,
    "dma100" : 1028.82,
    "dma200" : 1046.26,
    "volume" : 12374.00
  }, {
    "date" : "2025-12-15",
    "price" : 1058.30,
    "dma50" : 1064.36,
    "dma100" : 1028.36,
    "dma200" : 1046.38,
    "volume" : 7695.00
  }, {
    "date" : "2025-12-16",
    "price" : 1040.00,
    "dma50" : 1063.41,
    "dma100" : 1027.80,
    "dma200" : 1046.31,
    "volume" : 6859.00
  }, {
    "date" : "2025-12-17",
    "price" : 1026.60,
    "dma50" : 1061.97,
    "dma100" : 1027.27,
    "dma200" : 1046.12,
    "volume" : 8891.00
  }, {
    "date" : "2025-12-18",
    "price" : 1048.90,
    "dma50" : 1061.45,
    "dma100" : 1027.14,
    "dma200" : 1046.15,
    "volume" : 15010.00
  }, {
    "date" : "2025-12-19",
    "price" : 1029.40,
    "dma50" : 1060.20,
    "dma100" : 1026.99,
    "dma200" : 1045.98,
    "volume" : 7723.00
  }, {
    "date" : "2025-12-22",
    "price" : 1041.70,
    "dma50" : 1059.47,
    "dma100" : 1027.28,
    "dma200" : 1045.94,
    "volume" : 16507.00
  }, {
    "date" : "2025-12-23",
    "price" : 1037.20,
    "dma50" : 1058.60,
    "dma100" : 1027.66,
    "dma200" : 1045.85,
    "volume" : 8985.00
  }, {
    "date" : "2025-12-24",
    "price" : 1029.80,
    "dma50" : 1057.47,
    "dma100" : 1027.85,
    "dma200" : 1045.69,
    "volume" : 4559.00
  } ],
  "latestTechnicalAttributes" : {
    "date" : "2025-12-24",
    "price" : 1029.80,
    "dma50" : 1057.47,
    "dma100" : 1027.85,
    "dma200" : 1045.69,
    "volume" : 4559.00
  },
  "quarterlyResults" : [ {
    "date" : "2005-03-31",
    "sales" : 66.65,
    "salesGrowthYoY" : null,
    "grossProfitMargin" : 48.40,
    "grossProfit" : 32.26,
    "operatingProfitMargin" : 19.55,
    "operatingProfit" : 13.03,
    "netProfitMargin" : 8.42,
    "netProfit" : 5.61
  }, {
    "date" : "2005-06-30",
    "sales" : 50.04,
    "salesGrowthYoY" : null,
    "grossProfitMargin" : 43.57,
    "grossProfit" : 21.80,
    "operatingProfitMargin" : 11.13,
    "operatingProfit" : 5.57,
    "netProfitMargin" : 10.21,
    "netProfit" : 5.11
  }, {
    "date" : "2005-09-30",
    "sales" : 62.11,
    "salesGrowthYoY" : null,
    "grossProfitMargin" : 49.81,
    "grossProfit" : 30.94,
    "operatingProfitMargin" : 23.55,
    "operatingProfit" : 14.63,
    "netProfitMargin" : 17.53,
    "netProfit" : 10.89
  }, {
    "date" : "2005-12-31",
    "sales" : 48.18,
    "salesGrowthYoY" : null,
    "grossProfitMargin" : 44.69,
    "grossProfit" : 21.53,
    "operatingProfitMargin" : 16.71,
    "operatingProfit" : 8.05,
    "netProfitMargin" : 13.57,
    "netProfit" : 6.54
  }, {
    "date" : "2006-03-31",
    "sales" : 79.87,
    "salesGrowthYoY" : 19.83,
    "grossProfitMargin" : 47.11,
    "grossProfit" : 37.63,
    "operatingProfitMargin" : 21.41,
    "operatingProfit" : 17.10,
    "netProfitMargin" : 16.99,
    "netProfit" : 13.57
  }, {
    "date" : "2006-06-30",
    "sales" : 43.34,
    "salesGrowthYoY" : -13.39,
    "grossProfitMargin" : 43.72,
    "grossProfit" : 18.95,
    "operatingProfitMargin" : 8.86,
    "operatingProfit" : 3.84,
    "netProfitMargin" : 5.88,
    "netProfit" : 2.55
  }, {
    "date" : "2006-09-30",
    "sales" : 70.95,
    "salesGrowthYoY" : 14.23,
    "grossProfitMargin" : 42.34,
    "grossProfit" : 30.04,
    "operatingProfitMargin" : 19.80,
    "operatingProfit" : 14.05,
    "netProfitMargin" : 15.66,
    "netProfit" : 11.11
  }, {
    "date" : "2006-12-31",
    "sales" : 59.15,
    "salesGrowthYoY" : 22.77,
    "grossProfitMargin" : 45.16,
    "grossProfit" : 26.71,
    "operatingProfitMargin" : 19.76,
    "operatingProfit" : 11.69,
    "netProfitMargin" : 12.60,
    "netProfit" : 7.45
  }, {
    "date" : "2007-03-31",
    "sales" : 83.27,
    "salesGrowthYoY" : 4.26,
    "grossProfitMargin" : 41.07,
    "grossProfit" : 34.20,
    "operatingProfitMargin" : 17.17,
    "operatingProfit" : 14.30,
    "netProfitMargin" : 14.07,
    "netProfit" : 11.72
  }, {
    "date" : "2007-06-30",
    "sales" : 45.84,
    "salesGrowthYoY" : 5.77,
    "grossProfitMargin" : 47.38,
    "grossProfit" : 21.72,
    "operatingProfitMargin" : 13.48,
    "operatingProfit" : 6.18,
    "netProfitMargin" : 8.14,
    "netProfit" : 3.73
  }, {
    "date" : "2007-09-30",
    "sales" : 68.87,
    "salesGrowthYoY" : -2.93,
    "grossProfitMargin" : 47.12,
    "grossProfit" : 32.45,
    "operatingProfitMargin" : 20.10,
    "operatingProfit" : 13.84,
    "netProfitMargin" : 12.73,
    "netProfit" : 8.77
  }, {
    "date" : "2007-12-31",
    "sales" : 61.51,
    "salesGrowthYoY" : 3.99,
    "grossProfitMargin" : 39.18,
    "grossProfit" : 24.10,
    "operatingProfitMargin" : 11.71,
    "operatingProfit" : 7.20,
    "netProfitMargin" : 2.39,
    "netProfit" : 1.47
  }, {
    "date" : "2008-03-31",
    "sales" : 84.33,
    "salesGrowthYoY" : 1.27,
    "grossProfitMargin" : 44.25,
    "grossProfit" : 37.32,
    "operatingProfitMargin" : 17.63,
    "operatingProfit" : 14.87,
    "netProfitMargin" : 10.54,
    "netProfit" : 8.89
  }, {
    "date" : "2008-06-30",
    "sales" : 43.28,
    "salesGrowthYoY" : -5.58,
    "grossProfitMargin" : 58.27,
    "grossProfit" : 25.22,
    "operatingProfitMargin" : 21.56,
    "operatingProfit" : 9.33,
    "netProfitMargin" : 8.78,
    "netProfit" : 3.80
  }, {
    "date" : "2008-09-30",
    "sales" : 59.32,
    "salesGrowthYoY" : -13.87,
    "grossProfitMargin" : 44.35,
    "grossProfit" : 26.31,
    "operatingProfitMargin" : 20.73,
    "operatingProfit" : 12.30,
    "netProfitMargin" : 9.31,
    "netProfit" : 5.52
  }, {
    "date" : "2008-12-31",
    "sales" : 52.12,
    "salesGrowthYoY" : -15.27,
    "grossProfitMargin" : 48.81,
    "grossProfit" : 25.44,
    "operatingProfitMargin" : 17.67,
    "operatingProfit" : 9.21,
    "netProfitMargin" : 5.16,
    "netProfit" : 2.69
  }, {
    "date" : "2009-03-31",
    "sales" : 71.36,
    "salesGrowthYoY" : -15.38,
    "grossProfitMargin" : 34.81,
    "grossProfit" : 24.84,
    "operatingProfitMargin" : 9.23,
    "operatingProfit" : 6.59,
    "netProfitMargin" : 0.22,
    "netProfit" : 0.16
  }, {
    "date" : "2009-06-30",
    "sales" : 48.93,
    "salesGrowthYoY" : 13.05,
    "grossProfitMargin" : 47.76,
    "grossProfit" : 23.37,
    "operatingProfitMargin" : 15.08,
    "operatingProfit" : 7.38,
    "netProfitMargin" : 6.36,
    "netProfit" : 3.11
  }, {
    "date" : "2009-09-30",
    "sales" : 64.11,
    "salesGrowthYoY" : 8.07,
    "grossProfitMargin" : 42.38,
    "grossProfit" : 27.17,
    "operatingProfitMargin" : 18.02,
    "operatingProfit" : 11.55,
    "netProfitMargin" : 9.45,
    "netProfit" : 6.06
  }, {
    "date" : "2009-12-31",
    "sales" : 64.85,
    "salesGrowthYoY" : 24.42,
    "grossProfitMargin" : 42.87,
    "grossProfit" : 27.80,
    "operatingProfitMargin" : 17.87,
    "operatingProfit" : 11.59,
    "netProfitMargin" : 8.71,
    "netProfit" : 5.65
  }, {
    "date" : "2010-03-31",
    "sales" : 83.62,
    "salesGrowthYoY" : 17.18,
    "grossProfitMargin" : 41.41,
    "grossProfit" : 34.63,
    "operatingProfitMargin" : 18.46,
    "operatingProfit" : 15.44,
    "netProfitMargin" : 12.90,
    "netProfit" : 10.79
  }, {
    "date" : "2010-06-30",
    "sales" : 58.25,
    "salesGrowthYoY" : 19.05,
    "grossProfitMargin" : 42.85,
    "grossProfit" : 24.96,
    "operatingProfitMargin" : 15.31,
    "operatingProfit" : 8.92,
    "netProfitMargin" : 7.71,
    "netProfit" : 4.49
  }, {
    "date" : "2010-09-30",
    "sales" : 75.22,
    "salesGrowthYoY" : 17.33,
    "grossProfitMargin" : 41.47,
    "grossProfit" : 31.19,
    "operatingProfitMargin" : 17.96,
    "operatingProfit" : 13.51,
    "netProfitMargin" : 10.53,
    "netProfit" : 7.92
  }, {
    "date" : "2010-12-31",
    "sales" : 70.42,
    "salesGrowthYoY" : 8.59,
    "grossProfitMargin" : 40.36,
    "grossProfit" : 28.42,
    "operatingProfitMargin" : 15.73,
    "operatingProfit" : 11.08,
    "netProfitMargin" : 8.04,
    "netProfit" : 5.66
  }, {
    "date" : "2011-03-31",
    "sales" : 91.55,
    "salesGrowthYoY" : 9.48,
    "grossProfitMargin" : 38.07,
    "grossProfit" : 34.85,
    "operatingProfitMargin" : 14.70,
    "operatingProfit" : 13.46,
    "netProfitMargin" : 8.32,
    "netProfit" : 7.62
  }, {
    "date" : "2011-06-30",
    "sales" : 74.12,
    "salesGrowthYoY" : 27.24,
    "grossProfitMargin" : 36.21,
    "grossProfit" : 26.84,
    "operatingProfitMargin" : 10.75,
    "operatingProfit" : 7.97,
    "netProfitMargin" : 5.28,
    "netProfit" : 3.91
  }, {
    "date" : "2011-09-30",
    "sales" : 77.31,
    "salesGrowthYoY" : 2.78,
    "grossProfitMargin" : 37.93,
    "grossProfit" : 29.32,
    "operatingProfitMargin" : 11.28,
    "operatingProfit" : 8.72,
    "netProfitMargin" : 6.23,
    "netProfit" : 4.82
  }, {
    "date" : "2011-12-31",
    "sales" : 78.21,
    "salesGrowthYoY" : 11.06,
    "grossProfitMargin" : 34.06,
    "grossProfit" : 26.64,
    "operatingProfitMargin" : 8.34,
    "operatingProfit" : 6.52,
    "netProfitMargin" : 3.81,
    "netProfit" : 2.98
  }, {
    "date" : "2012-03-31",
    "sales" : 111.26,
    "salesGrowthYoY" : 21.53,
    "grossProfitMargin" : 35.77,
    "grossProfit" : 39.80,
    "operatingProfitMargin" : 13.24,
    "operatingProfit" : 14.73,
    "netProfitMargin" : 8.25,
    "netProfit" : 9.18
  }, {
    "date" : "2012-06-30",
    "sales" : 84.37,
    "salesGrowthYoY" : 13.83,
    "grossProfitMargin" : 35.45,
    "grossProfit" : 29.91,
    "operatingProfitMargin" : 9.24,
    "operatingProfit" : 7.80,
    "netProfitMargin" : 5.36,
    "netProfit" : 4.52
  }, {
    "date" : "2012-09-30",
    "sales" : 86.38,
    "salesGrowthYoY" : 11.73,
    "grossProfitMargin" : 36.07,
    "grossProfit" : 31.16,
    "operatingProfitMargin" : 10.58,
    "operatingProfit" : 9.14,
    "netProfitMargin" : 4.78,
    "netProfit" : 4.13
  }, {
    "date" : "2012-12-31",
    "sales" : 74.93,
    "salesGrowthYoY" : -4.19,
    "grossProfitMargin" : 32.88,
    "grossProfit" : 24.64,
    "operatingProfitMargin" : 5.22,
    "operatingProfit" : 3.91,
    "netProfitMargin" : 2.03,
    "netProfit" : 1.52
  }, {
    "date" : "2013-03-31",
    "sales" : 118.50,
    "salesGrowthYoY" : 6.51,
    "grossProfitMargin" : 34.83,
    "grossProfit" : 41.27,
    "operatingProfitMargin" : 12.95,
    "operatingProfit" : 15.35,
    "netProfitMargin" : 7.52,
    "netProfit" : 8.91
  }, {
    "date" : "2013-06-30",
    "sales" : 68.60,
    "salesGrowthYoY" : -18.69,
    "grossProfitMargin" : 35.31,
    "grossProfit" : 24.22,
    "operatingProfitMargin" : 5.23,
    "operatingProfit" : 3.59,
    "netProfitMargin" : 2.36,
    "netProfit" : 1.62
  }, {
    "date" : "2013-09-30",
    "sales" : 91.60,
    "salesGrowthYoY" : 6.04,
    "grossProfitMargin" : 32.40,
    "grossProfit" : 29.68,
    "operatingProfitMargin" : 9.44,
    "operatingProfit" : 8.65,
    "netProfitMargin" : 5.09,
    "netProfit" : 4.66
  }, {
    "date" : "2013-12-31",
    "sales" : 85.40,
    "salesGrowthYoY" : 13.97,
    "grossProfitMargin" : 31.19,
    "grossProfit" : 26.64,
    "operatingProfitMargin" : 7.72,
    "operatingProfit" : 6.59,
    "netProfitMargin" : 3.36,
    "netProfit" : 2.87
  }, {
    "date" : "2014-03-31",
    "sales" : 123.23,
    "salesGrowthYoY" : 3.99,
    "grossProfitMargin" : 35.36,
    "grossProfit" : 43.57,
    "operatingProfitMargin" : 15.05,
    "operatingProfit" : 18.55,
    "netProfitMargin" : 3.18,
    "netProfit" : 3.92
  }, {
    "date" : "2014-06-30",
    "sales" : 74.12,
    "salesGrowthYoY" : 8.05,
    "grossProfitMargin" : 28.94,
    "grossProfit" : 21.45,
    "operatingProfitMargin" : 1.11,
    "operatingProfit" : 0.82,
    "netProfitMargin" : 0.00,
    "netProfit" : 0.00
  }, {
    "date" : "2014-09-30",
    "sales" : 87.70,
    "salesGrowthYoY" : -4.26,
    "grossProfitMargin" : 30.60,
    "grossProfit" : 26.84,
    "operatingProfitMargin" : 5.99,
    "operatingProfit" : 5.25,
    "netProfitMargin" : 2.62,
    "netProfit" : 2.30
  }, {
    "date" : "2014-12-31",
    "sales" : 86.95,
    "salesGrowthYoY" : 1.81,
    "grossProfitMargin" : 29.97,
    "grossProfit" : 26.06,
    "operatingProfitMargin" : 4.50,
    "operatingProfit" : 3.91,
    "netProfitMargin" : 0.72,
    "netProfit" : 0.63
  }, {
    "date" : "2015-03-31",
    "sales" : 136.07,
    "salesGrowthYoY" : 10.42,
    "grossProfitMargin" : 33.67,
    "grossProfit" : 45.81,
    "operatingProfitMargin" : 13.91,
    "operatingProfit" : 18.93,
    "netProfitMargin" : 6.80,
    "netProfit" : 9.25
  }, {
    "date" : "2015-06-30",
    "sales" : 80.60,
    "salesGrowthYoY" : 8.74,
    "grossProfitMargin" : 39.35,
    "grossProfit" : 31.72,
    "operatingProfitMargin" : 11.85,
    "operatingProfit" : 9.55,
    "netProfitMargin" : 6.95,
    "netProfit" : 5.60
  }, {
    "date" : "2015-09-30",
    "sales" : 91.17,
    "salesGrowthYoY" : 3.96,
    "grossProfitMargin" : 33.96,
    "grossProfit" : 30.96,
    "operatingProfitMargin" : 8.41,
    "operatingProfit" : 7.67,
    "netProfitMargin" : 4.82,
    "netProfit" : 4.39
  }, {
    "date" : "2015-12-31",
    "sales" : 83.86,
    "salesGrowthYoY" : -3.55,
    "grossProfitMargin" : 37.62,
    "grossProfit" : 31.55,
    "operatingProfitMargin" : 11.01,
    "operatingProfit" : 9.23,
    "netProfitMargin" : 6.08,
    "netProfit" : 5.10
  }, {
    "date" : "2016-03-31",
    "sales" : 151.20,
    "salesGrowthYoY" : 11.12,
    "grossProfitMargin" : 29.25,
    "grossProfit" : 44.23,
    "operatingProfitMargin" : 9.52,
    "operatingProfit" : 14.39,
    "netProfitMargin" : 5.87,
    "netProfit" : 8.88
  }, {
    "date" : "2016-06-30",
    "sales" : 77.94,
    "salesGrowthYoY" : -3.30,
    "grossProfitMargin" : 33.45,
    "grossProfit" : 26.07,
    "operatingProfitMargin" : 3.44,
    "operatingProfit" : 2.68,
    "netProfitMargin" : 1.53,
    "netProfit" : 1.19
  }, {
    "date" : "2016-09-30",
    "sales" : 101.25,
    "salesGrowthYoY" : 11.06,
    "grossProfitMargin" : 33.56,
    "grossProfit" : 33.98,
    "operatingProfitMargin" : 9.78,
    "operatingProfit" : 9.90,
    "netProfitMargin" : 5.27,
    "netProfit" : 5.34
  }, {
    "date" : "2016-12-31",
    "sales" : 102.63,
    "salesGrowthYoY" : 22.38,
    "grossProfitMargin" : 31.87,
    "grossProfit" : 32.71,
    "operatingProfitMargin" : 7.36,
    "operatingProfit" : 7.55,
    "netProfitMargin" : 4.03,
    "netProfit" : 4.14
  }, {
    "date" : "2017-03-31",
    "sales" : 159.63,
    "salesGrowthYoY" : 5.58,
    "grossProfitMargin" : 23.32,
    "grossProfit" : 37.23,
    "operatingProfitMargin" : 6.23,
    "operatingProfit" : 9.94,
    "netProfitMargin" : 4.67,
    "netProfit" : 7.45
  }, {
    "date" : "2017-06-30",
    "sales" : 87.13,
    "salesGrowthYoY" : 11.79,
    "grossProfitMargin" : 27.11,
    "grossProfit" : 23.62,
    "operatingProfitMargin" : 0.46,
    "operatingProfit" : 0.40,
    "netProfitMargin" : -0.08,
    "netProfit" : -0.07
  }, {
    "date" : "2017-09-30",
    "sales" : 121.67,
    "salesGrowthYoY" : 20.17,
    "grossProfitMargin" : 26.76,
    "grossProfit" : 32.56,
    "operatingProfitMargin" : 8.33,
    "operatingProfit" : 10.14,
    "netProfitMargin" : 4.51,
    "netProfit" : 5.49
  }, {
    "date" : "2017-12-31",
    "sales" : 103.74,
    "salesGrowthYoY" : 1.08,
    "grossProfitMargin" : 29.35,
    "grossProfit" : 30.45,
    "operatingProfitMargin" : 6.50,
    "operatingProfit" : 6.74,
    "netProfitMargin" : 3.57,
    "netProfit" : 3.70
  }, {
    "date" : "2018-03-31",
    "sales" : 145.20,
    "salesGrowthYoY" : -9.04,
    "grossProfitMargin" : 30.23,
    "grossProfit" : 43.89,
    "operatingProfitMargin" : 11.47,
    "operatingProfit" : 16.65,
    "netProfitMargin" : 6.50,
    "netProfit" : 9.44
  }, {
    "date" : "2018-06-30",
    "sales" : 102.63,
    "salesGrowthYoY" : 17.79,
    "grossProfitMargin" : 33.06,
    "grossProfit" : 33.93,
    "operatingProfitMargin" : 7.33,
    "operatingProfit" : 7.52,
    "netProfitMargin" : 4.02,
    "netProfit" : 4.13
  }, {
    "date" : "2018-09-30",
    "sales" : 125.34,
    "salesGrowthYoY" : 3.02,
    "grossProfitMargin" : 29.08,
    "grossProfit" : 36.45,
    "operatingProfitMargin" : 7.89,
    "operatingProfit" : 9.89,
    "netProfitMargin" : 5.38,
    "netProfit" : 6.74
  }, {
    "date" : "2018-12-31",
    "sales" : 134.17,
    "salesGrowthYoY" : 29.33,
    "grossProfitMargin" : 30.24,
    "grossProfit" : 40.57,
    "operatingProfitMargin" : 8.89,
    "operatingProfit" : 11.93,
    "netProfitMargin" : 4.14,
    "netProfit" : 5.55
  }, {
    "date" : "2019-03-31",
    "sales" : 150.01,
    "salesGrowthYoY" : 3.31,
    "grossProfitMargin" : 25.94,
    "grossProfit" : 38.91,
    "operatingProfitMargin" : 9.11,
    "operatingProfit" : 13.67,
    "netProfitMargin" : 4.95,
    "netProfit" : 7.43
  }, {
    "date" : "2019-06-30",
    "sales" : 129.60,
    "salesGrowthYoY" : 26.28,
    "grossProfitMargin" : 28.77,
    "grossProfit" : 37.29,
    "operatingProfitMargin" : 7.11,
    "operatingProfit" : 9.21,
    "netProfitMargin" : 3.33,
    "netProfit" : 4.32
  }, {
    "date" : "2019-09-30",
    "sales" : 128.64,
    "salesGrowthYoY" : 2.63,
    "grossProfitMargin" : 30.88,
    "grossProfit" : 39.72,
    "operatingProfitMargin" : 7.90,
    "operatingProfit" : 10.16,
    "netProfitMargin" : 7.24,
    "netProfit" : 9.31
  }, {
    "date" : "2019-12-31",
    "sales" : 127.72,
    "salesGrowthYoY" : -4.81,
    "grossProfitMargin" : 32.27,
    "grossProfit" : 41.22,
    "operatingProfitMargin" : 9.07,
    "operatingProfit" : 11.58,
    "netProfitMargin" : 5.10,
    "netProfit" : 6.51
  }, {
    "date" : "2020-03-31",
    "sales" : 139.78,
    "salesGrowthYoY" : -6.82,
    "grossProfitMargin" : 28.71,
    "grossProfit" : 40.13,
    "operatingProfitMargin" : 7.33,
    "operatingProfit" : 10.25,
    "netProfitMargin" : 4.38,
    "netProfit" : 6.12
  }, {
    "date" : "2020-06-30",
    "sales" : 54.86,
    "salesGrowthYoY" : -57.67,
    "grossProfitMargin" : 32.66,
    "grossProfit" : 17.92,
    "operatingProfitMargin" : 4.63,
    "operatingProfit" : 2.54,
    "netProfitMargin" : -0.38,
    "netProfit" : -0.21
  }, {
    "date" : "2020-09-30",
    "sales" : 95.78,
    "salesGrowthYoY" : -25.54,
    "grossProfitMargin" : 20.39,
    "grossProfit" : 19.53,
    "operatingProfitMargin" : -5.26,
    "operatingProfit" : -5.04,
    "netProfitMargin" : -6.68,
    "netProfit" : -6.40
  }, {
    "date" : "2020-12-31",
    "sales" : 135.05,
    "salesGrowthYoY" : 5.74,
    "grossProfitMargin" : 28.89,
    "grossProfit" : 39.02,
    "operatingProfitMargin" : 5.34,
    "operatingProfit" : 7.21,
    "netProfitMargin" : 3.08,
    "netProfit" : 4.16
  }, {
    "date" : "2021-03-31",
    "sales" : 161.59,
    "salesGrowthYoY" : 15.60,
    "grossProfitMargin" : 29.10,
    "grossProfit" : 47.02,
    "operatingProfitMargin" : 9.66,
    "operatingProfit" : 15.61,
    "netProfitMargin" : 8.90,
    "netProfit" : 14.38
  }, {
    "date" : "2021-06-30",
    "sales" : 127.88,
    "salesGrowthYoY" : 133.10,
    "grossProfitMargin" : 29.13,
    "grossProfit" : 37.25,
    "operatingProfitMargin" : 8.70,
    "operatingProfit" : 11.13,
    "netProfitMargin" : 5.28,
    "netProfit" : 6.75
  }, {
    "date" : "2021-09-30",
    "sales" : 159.51,
    "salesGrowthYoY" : 66.54,
    "grossProfitMargin" : 27.40,
    "grossProfit" : 43.71,
    "operatingProfitMargin" : 8.17,
    "operatingProfit" : 13.03,
    "netProfitMargin" : 5.65,
    "netProfit" : 9.01
  }, {
    "date" : "2021-12-31",
    "sales" : 174.28,
    "salesGrowthYoY" : 29.05,
    "grossProfitMargin" : 30.25,
    "grossProfit" : 52.72,
    "operatingProfitMargin" : 9.42,
    "operatingProfit" : 16.42,
    "netProfitMargin" : 6.01,
    "netProfit" : 10.47
  }, {
    "date" : "2022-03-31",
    "sales" : 199.81,
    "salesGrowthYoY" : 23.65,
    "grossProfitMargin" : 29.00,
    "grossProfit" : 57.94,
    "operatingProfitMargin" : 8.85,
    "operatingProfit" : 17.68,
    "netProfitMargin" : 6.01,
    "netProfit" : 12.01
  }, {
    "date" : "2022-06-30",
    "sales" : 157.88,
    "salesGrowthYoY" : 23.46,
    "grossProfitMargin" : 33.93,
    "grossProfit" : 53.57,
    "operatingProfitMargin" : 10.29,
    "operatingProfit" : 16.25,
    "netProfitMargin" : 7.15,
    "netProfit" : 11.29
  }, {
    "date" : "2022-09-30",
    "sales" : 184.87,
    "salesGrowthYoY" : 15.90,
    "grossProfitMargin" : 29.52,
    "grossProfit" : 54.57,
    "operatingProfitMargin" : 8.19,
    "operatingProfit" : 15.14,
    "netProfitMargin" : 5.40,
    "netProfit" : 9.98
  }, {
    "date" : "2022-12-31",
    "sales" : 198.53,
    "salesGrowthYoY" : 13.91,
    "grossProfitMargin" : 33.40,
    "grossProfit" : 66.31,
    "operatingProfitMargin" : 12.10,
    "operatingProfit" : 24.02,
    "netProfitMargin" : 8.32,
    "netProfit" : 16.52
  }, {
    "date" : "2023-03-31",
    "sales" : 235.48,
    "salesGrowthYoY" : 17.85,
    "grossProfitMargin" : 33.63,
    "grossProfit" : 79.19,
    "operatingProfitMargin" : 13.50,
    "operatingProfit" : 31.79,
    "netProfitMargin" : 9.37,
    "netProfit" : 22.06
  }, {
    "date" : "2023-06-30",
    "sales" : 189.63,
    "salesGrowthYoY" : 20.11,
    "grossProfitMargin" : 31.50,
    "grossProfit" : 59.73,
    "operatingProfitMargin" : 8.47,
    "operatingProfit" : 16.06,
    "netProfitMargin" : 5.93,
    "netProfit" : 11.25
  }, {
    "date" : "2023-09-30",
    "sales" : 275.56,
    "salesGrowthYoY" : 49.06,
    "grossProfitMargin" : 36.22,
    "grossProfit" : 99.81,
    "operatingProfitMargin" : 13.09,
    "operatingProfit" : 36.07,
    "netProfitMargin" : 9.68,
    "netProfit" : 26.67
  }, {
    "date" : "2023-12-31",
    "sales" : 259.96,
    "salesGrowthYoY" : 30.94,
    "grossProfitMargin" : 37.27,
    "grossProfit" : 96.89,
    "operatingProfitMargin" : 10.63,
    "operatingProfit" : 27.63,
    "netProfitMargin" : 7.68,
    "netProfit" : 19.96
  }, {
    "date" : "2024-03-31",
    "sales" : 295.73,
    "salesGrowthYoY" : 25.59,
    "grossProfitMargin" : 35.16,
    "grossProfit" : 103.98,
    "operatingProfitMargin" : 11.03,
    "operatingProfit" : 32.62,
    "netProfitMargin" : 8.61,
    "netProfit" : 25.46
  }, {
    "date" : "2024-06-30",
    "sales" : 268.15,
    "salesGrowthYoY" : 41.41,
    "grossProfitMargin" : 36.92,
    "grossProfit" : 99.00,
    "operatingProfitMargin" : 10.33,
    "operatingProfit" : 27.70,
    "netProfitMargin" : 7.75,
    "netProfit" : 20.78
  }, {
    "date" : "2024-09-30",
    "sales" : 267.76,
    "salesGrowthYoY" : -2.83,
    "grossProfitMargin" : 34.67,
    "grossProfit" : 92.83,
    "operatingProfitMargin" : 7.70,
    "operatingProfit" : 20.62,
    "netProfitMargin" : 8.13,
    "netProfit" : 21.77
  }, {
    "date" : "2024-12-31",
    "sales" : 272.93,
    "salesGrowthYoY" : 4.99,
    "grossProfitMargin" : 35.63,
    "grossProfit" : 97.24,
    "operatingProfitMargin" : 8.86,
    "operatingProfit" : 24.18,
    "netProfitMargin" : 6.16,
    "netProfit" : 16.81
  }, {
    "date" : "2025-03-31",
    "sales" : 307.99,
    "salesGrowthYoY" : 4.15,
    "grossProfitMargin" : 33.95,
    "grossProfit" : 104.56,
    "operatingProfitMargin" : 10.10,
    "operatingProfit" : 31.11,
    "netProfitMargin" : 7.46,
    "netProfit" : 22.98
  }, {
    "date" : "2025-06-30",
    "sales" : 250.54,
    "salesGrowthYoY" : -6.57,
    "grossProfitMargin" : 38.78,
    "grossProfit" : 97.16,
    "operatingProfitMargin" : -1.75,
    "operatingProfit" : -4.38,
    "netProfitMargin" : -1.38,
    "netProfit" : -3.46
  }, {
    "date" : "2025-09-30",
    "sales" : 280.00,
    "salesGrowthYoY" : 4.57,
    "grossProfitMargin" : 38.49,
    "grossProfit" : 107.77,
    "operatingProfitMargin" : 12.47,
    "operatingProfit" : 34.92,
    "netProfitMargin" : 9.15,
    "netProfit" : 25.62
  } ],
  "latestQuarterlyResult" : {
    "date" : "2025-09-30",
    "sales" : 280.00,
    "salesGrowthYoY" : 4.57,
    "grossProfitMargin" : 38.49,
    "grossProfit" : 107.77,
    "operatingProfitMargin" : 12.47,
    "operatingProfit" : 34.92,
    "netProfitMargin" : 9.15,
    "netProfit" : 25.62
  },
  "companyScore" : {
    "priceHigherThanDma50" : 0.00,
    "priceHigherThanDma100" : 5.00,
    "priceHigherThanDma200" : 0.00,
    "dma50HigherThanDma100" : 5.00,
    "dma50HigherThanDma200" : 5.00,
    "dma100HigherThanDma200" : 0.00,
    "pricePercentageAboveDma50" : 5.13,
    "pricePercentageAboveDma100" : 4.99,
    "pricePercentageAboveDma200" : 5.08,
    "weeklyVolumeHigherThanYearlyVolume" : 0.00,
    "salesGrowthPercentile" : 7.85,
    "operatingProfitMarginPercentile" : 13.49,
    "netProfitMarginPercentile" : 8.19,
    "totalTechnicalScore" : 30.20,
    "totalFundamentalScore" : 29.53,
    "totalScore" : 59.73
  }
}