{
  "metadata" : {
    "screenerCompanyId" : "96",
    "companyCode" : "AHLUCONT",
    "companyName" : "Ahluwalia Contr.",
    "screenerCompanyLink" : "https://www.screener.in/company/AHLUCONT/consolidated/",
    "screenerTechnicalHistoryLink" : "https://www.screener.in/api/company/96/chart/?q=Price-DMA50-DMA200-Volume&days=365",
    "screenerQuarterlyResultsLink" : "https://www.screener.in/api/company/96/chart/?q=GPM-OPM-NPM-Quarter+Sales&days=10000",
    "attributes" : {
      "companyCode" : "AHLUCONT",
      "companyName" : "Ahluwalia Contr.",
      "marketCap" : 6089.00,
      "peRatio" : 23.20,
      "description" : "Company is engaged in engineering and contract construction, delivering state of-the-art infrastructure and buildings projects for clients in India. Company has experiences in working on residential, commercial, institutional, corporate offices, power plants, hospitals, hotels, IT parks, Metro stations and depots, and automated car parking lots for Government as well as private clients. [1]"
    },
    "companyScore" : {
      "priceHigherThanDma50" : 0.00,
      "priceHigherThanDma100" : 0.00,
      "priceHigherThanDma200" : 0.00,
      "dma50HigherThanDma100" : 0.00,
      "dma50HigherThanDma200" : 0.00,
      "dma100HigherThanDma200" : 5.00,
      "pricePercentageAboveDma50" : 5.23,
      "pricePercentageAboveDma100" : 5.25,
      "pricePercentageAboveDma200" : 5.24,
      "weeklyVolumeHigherThanYearlyVolume" : 5.00,
      "salesGrowthPercentile" : 11.14,
      "operatingProfitMarginPercentile" : 14.58,
      "netProfitMarginPercentile" : 9.15,
      "totalTechnicalScore" : 25.72,
      "totalFundamentalScore" : 34.87,
      "totalScore" : 60.59
    }
  },
  "attributes" : {
    "companyCode" : "AHLUCONT",
    "companyName" : "Ahluwalia Contr.",
    "marketCap" : 6089.00,
    "peRatio" : 23.20,
    "description" : "Company is engaged in engineering and contract construction, delivering state of-the-art infrastructure and buildings projects for clients in India. Company has experiences in working on residential, commercial, institutional, corporate offices, power plants, hospitals, hotels, IT parks, Metro stations and depots, and automated car parking lots for Government as well as private clients. [1]"
  },
  "technicalHistory" : [ {
    "date" : "2025-01-20",
    "price" : 836.50,
    "dma50" : 999.68,
    "dma100" : null,
    "dma200" : 1069.58,
    "volume" : 85972.00
  }, {
    "date" : "2025-01-21",
    "price" : 817.10,
    "dma50" : 992.52,
    "dma100" : null,
    "dma200" : 1067.07,
    "volume" : 131325.00
  }, {
    "date" : "2025-01-22",
    "price" : 799.45,
    "dma50" : 984.95,
    "dma100" : null,
    "dma200" : 1064.40,
    "volume" : 100805.00
  }, {
    "date" : "2025-01-23",
    "price" : 809.40,
    "dma50" : 978.07,
    "dma100" : null,
    "dma200" : 1061.87,
    "volume" : 41683.00
  }, {
    "date" : "2025-01-24",
    "price" : 785.60,
    "dma50" : 970.52,
    "dma100" : null,
    "dma200" : 1059.12,
    "volume" : 89051.00
  }, {
    "date" : "2025-01-27",
    "price" : 783.50,
    "dma50" : 963.18,
    "dma100" : null,
    "dma200" : 1056.38,
    "volume" : 85306.00
  }, {
    "date" : "2025-01-28",
    "price" : 779.65,
    "dma50" : 955.99,
    "dma100" : null,
    "dma200" : 1053.62,
    "volume" : 115055.00
  }, {
    "date" : "2025-01-29",
    "price" : 821.40,
    "dma50" : 950.71,
    "dma100" : null,
    "dma200" : 1051.31,
    "volume" : 215652.00
  }, {
    "date" : "2025-01-30",
    "price" : 826.60,
    "dma50" : 945.84,
    "dma100" : null,
    "dma200" : 1049.08,
    "volume" : 98848.00
  }, {
    "date" : "2025-01-31",
    "price" : 856.25,
    "dma50" : 942.33,
    "dma100" : null,
    "dma200" : 1047.16,
    "volume" : 85092.00
  }, {
    "date" : "2025-02-01",
    "price" : 826.00,
    "dma50" : 937.77,
    "dma100" : null,
    "dma200" : 1044.96,
    "volume" : 64589.00
  }, {
    "date" : "2025-02-03",
    "price" : 796.95,
    "dma50" : 932.24,
    "dma100" : null,
    "dma200" : 1042.49,
    "volume" : 100879.00
  }, {
    "date" : "2025-02-04",
    "price" : 783.95,
    "dma50" : 926.43,
    "dma100" : null,
    "dma200" : 1039.92,
    "volume" : 80231.00
  }, {
    "date" : "2025-02-05",
    "price" : 774.00,
    "dma50" : 920.45,
    "dma100" : null,
    "dma200" : 1037.27,
    "volume" : 76940.00
  }, {
    "date" : "2025-02-06",
    "price" : 774.85,
    "dma50" : 914.74,
    "dma100" : null,
    "dma200" : 1034.66,
    "volume" : 39694.00
  }, {
    "date" : "2025-02-07",
    "price" : 749.85,
    "dma50" : 908.27,
    "dma100" : null,
    "dma200" : 1031.83,
    "volume" : 71933.00
  }, {
    "date" : "2025-02-10",
    "price" : 750.20,
    "dma50" : 902.08,
    "dma100" : null,
    "dma200" : 1029.02,
    "volume" : 136445.00
  }, {
    "date" : "2025-02-11",
    "price" : 728.25,
    "dma50" : 895.26,
    "dma100" : null,
    "dma200" : 1026.03,
    "volume" : 68858.00
  }, {
    "date" : "2025-02-12",
    "price" : 705.65,
    "dma50" : 887.82,
    "dma100" : null,
    "dma200" : 1022.84,
    "volume" : 240015.00
  }, {
    "date" : "2025-02-13",
    "price" : 689.50,
    "dma50" : 880.05,
    "dma100" : null,
    "dma200" : 1019.53,
    "volume" : 111771.00
  }, {
    "date" : "2025-02-14",
    "price" : 668.95,
    "dma50" : 871.77,
    "dma100" : null,
    "dma200" : 1016.04,
    "volume" : 108976.00
  }, {
    "date" : "2025-02-17",
    "price" : 661.40,
    "dma50" : 863.52,
    "dma100" : null,
    "dma200" : 1012.51,
    "volume" : 115419.00
  }, {
    "date" : "2025-02-18",
    "price" : 634.20,
    "dma50" : 854.53,
    "dma100" : null,
    "dma200" : 1008.74,
    "volume" : 318959.00
  }, {
    "date" : "2025-02-19",
    "price" : 646.45,
    "dma50" : 846.37,
    "dma100" : null,
    "dma200" : 1005.14,
    "volume" : 219993.00
  }, {
    "date" : "2025-02-20",
    "price" : 672.80,
    "dma50" : 839.56,
    "dma100" : null,
    "dma200" : 1001.83,
    "volume" : 135731.00
  }, {
    "date" : "2025-02-21",
    "price" : 649.85,
    "dma50" : 832.12,
    "dma100" : null,
    "dma200" : 998.33,
    "volume" : 166436.00
  }, {
    "date" : "2025-02-24",
    "price" : 648.55,
    "dma50" : 824.92,
    "dma100" : null,
    "dma200" : 994.85,
    "volume" : 210528.00
  }, {
    "date" : "2025-02-25",
    "price" : 654.95,
    "dma50" : 818.25,
    "dma100" : null,
    "dma200" : 991.47,
    "volume" : 140091.00
  }, {
    "date" : "2025-02-27",
    "price" : 649.40,
    "dma50" : 811.63,
    "dma100" : null,
    "dma200" : 988.06,
    "volume" : 210662.00
  }, {
    "date" : "2025-02-28",
    "price" : 646.15,
    "dma50" : 805.14,
    "dma100" : null,
    "dma200" : 984.66,
    "volume" : 211889.00
  }, {
    "date" : "2025-03-03",
    "price" : 664.65,
    "dma50" : 799.63,
    "dma100" : null,
    "dma200" : 981.48,
    "volume" : 163568.00
  }, {
    "date" : "2025-03-04",
    "price" : 672.25,
    "dma50" : 794.64,
    "dma100" : null,
    "dma200" : 978.40,
    "volume" : 104309.00
  }, {
    "date" : "2025-03-05",
    "price" : 687.45,
    "dma50" : 790.44,
    "dma100" : null,
    "dma200" : 975.51,
    "volume" : 91619.00
  }, {
    "date" : "2025-03-06",
    "price" : 706.35,
    "dma50" : 787.14,
    "dma100" : null,
    "dma200" : 972.83,
    "volume" : 116200.00
  }, {
    "date" : "2025-03-07",
    "price" : 715.30,
    "dma50" : 784.32,
    "dma100" : null,
    "dma200" : 970.27,
    "volume" : 77641.00
  }, {
    "date" : "2025-03-10",
    "price" : 729.35,
    "dma50" : 782.16,
    "dma100" : null,
    "dma200" : 967.87,
    "volume" : 141433.00
  }, {
    "date" : "2025-03-11",
    "price" : 715.00,
    "dma50" : 779.53,
    "dma100" : null,
    "dma200" : 965.35,
    "volume" : 80140.00
  }, {
    "date" : "2025-03-12",
    "price" : 730.65,
    "dma50" : 777.61,
    "dma100" : null,
    "dma200" : 963.02,
    "volume" : 74060.00
  }, {
    "date" : "2025-03-13",
    "price" : 733.05,
    "dma50" : 775.87,
    "dma100" : null,
    "dma200" : 960.73,
    "volume" : 106848.00
  }, {
    "date" : "2025-03-17",
    "price" : 733.15,
    "dma50" : 774.19,
    "dma100" : null,
    "dma200" : 958.46,
    "volume" : 458146.00
  }, {
    "date" : "2025-03-18",
    "price" : 741.95,
    "dma50" : 772.93,
    "dma100" : null,
    "dma200" : 956.31,
    "volume" : 71233.00
  }, {
    "date" : "2025-03-19",
    "price" : 773.10,
    "dma50" : 772.93,
    "dma100" : null,
    "dma200" : 954.49,
    "volume" : 93683.00
  }, {
    "date" : "2025-03-20",
    "price" : 811.50,
    "dma50" : 774.45,
    "dma100" : null,
    "dma200" : 953.06,
    "volume" : 206282.00
  }, {
    "date" : "2025-03-21",
    "price" : 819.00,
    "dma50" : 776.19,
    "dma100" : null,
    "dma200" : 951.73,
    "volume" : 94531.00
  }, {
    "date" : "2025-03-24",
    "price" : 823.05,
    "dma50" : 778.03,
    "dma100" : null,
    "dma200" : 950.45,
    "volume" : 134993.00
  }, {
    "date" : "2025-03-25",
    "price" : 835.90,
    "dma50" : 780.30,
    "dma100" : null,
    "dma200" : 949.31,
    "volume" : 122225.00
  }, {
    "date" : "2025-03-26",
    "price" : 814.15,
    "dma50" : 781.63,
    "dma100" : null,
    "dma200" : 947.96,
    "volume" : 83668.00
  }, {
    "date" : "2025-03-27",
    "price" : 809.75,
    "dma50" : 782.73,
    "dma100" : null,
    "dma200" : 946.59,
    "volume" : 135898.00
  }, {
    "date" : "2025-03-28",
    "price" : 819.20,
    "dma50" : 784.16,
    "dma100" : null,
    "dma200" : 945.32,
    "volume" : 99999.00
  }, {
    "date" : "2025-04-01",
    "price" : 830.00,
    "dma50" : 785.96,
    "dma100" : null,
    "dma200" : 944.17,
    "volume" : 54946.00
  }, {
    "date" : "2025-04-02",
    "price" : 824.05,
    "dma50" : 787.45,
    "dma100" : null,
    "dma200" : 942.98,
    "volume" : 31071.00
  }, {
    "date" : "2025-04-03",
    "price" : 838.95,
    "dma50" : 789.47,
    "dma100" : null,
    "dma200" : 941.94,
    "volume" : 86133.00
  }, {
    "date" : "2025-04-04",
    "price" : 831.40,
    "dma50" : 791.12,
    "dma100" : null,
    "dma200" : 940.84,
    "volume" : 142899.00
  }, {
    "date" : "2025-04-07",
    "price" : 798.35,
    "dma50" : 791.40,
    "dma100" : null,
    "dma200" : 939.43,
    "volume" : 120503.00
  }, {
    "date" : "2025-04-08",
    "price" : 823.45,
    "dma50" : 792.66,
    "dma100" : null,
    "dma200" : 938.27,
    "volume" : 42557.00
  }, {
    "date" : "2025-04-09",
    "price" : 827.45,
    "dma50" : 794.02,
    "dma100" : null,
    "dma200" : 937.17,
    "volume" : 30359.00
  }, {
    "date" : "2025-04-11",
    "price" : 862.55,
    "dma50" : 796.71,
    "dma100" : null,
    "dma200" : 936.43,
    "volume" : 73797.00
  }, {
    "date" : "2025-04-15",
    "price" : 905.95,
    "dma50" : 800.99,
    "dma100" : null,
    "dma200" : 936.12,
    "volume" : 377620.00
  }, {
    "date" : "2025-04-16",
    "price" : 904.20,
    "dma50" : 805.04,
    "dma100" : null,
    "dma200" : 935.81,
    "volume" : 41342.00
  }, {
    "date" : "2025-04-17",
    "price" : 923.20,
    "dma50" : 809.67,
    "dma100" : null,
    "dma200" : 935.68,
    "volume" : 47925.00
  }, {
    "date" : "2025-04-21",
    "price" : 918.45,
    "dma50" : 813.94,
    "dma100" : null,
    "dma200" : 935.51,
    "volume" : 43853.00
  }, {
    "date" : "2025-04-22",
    "price" : 902.15,
    "dma50" : 817.40,
    "dma100" : null,
    "dma200" : 935.18,
    "volume" : 36574.00
  }, {
    "date" : "2025-04-23",
    "price" : 892.10,
    "dma50" : 820.33,
    "dma100" : null,
    "dma200" : 934.75,
    "volume" : 39296.00
  }, {
    "date" : "2025-04-24",
    "price" : 887.00,
    "dma50" : 822.94,
    "dma100" : null,
    "dma200" : 934.27,
    "volume" : 32345.00
  }, {
    "date" : "2025-04-25",
    "price" : 858.45,
    "dma50" : 824.33,
    "dma100" : null,
    "dma200" : 933.52,
    "volume" : 66221.00
  }, {
    "date" : "2025-04-28",
    "price" : 870.25,
    "dma50" : 826.14,
    "dma100" : null,
    "dma200" : 932.89,
    "volume" : 58879.00
  }, {
    "date" : "2025-04-29",
    "price" : 875.80,
    "dma50" : 828.08,
    "dma100" : null,
    "dma200" : 932.32,
    "volume" : 43349.00
  }, {
    "date" : "2025-04-30",
    "price" : 848.40,
    "dma50" : 828.88,
    "dma100" : null,
    "dma200" : 931.49,
    "volume" : 65671.00
  }, {
    "date" : "2025-05-02",
    "price" : 845.25,
    "dma50" : 829.52,
    "dma100" : null,
    "dma200" : 930.63,
    "volume" : 41798.00
  }, {
    "date" : "2025-05-05",
    "price" : 851.45,
    "dma50" : 830.38,
    "dma100" : null,
    "dma200" : 929.84,
    "volume" : 27618.00
  }, {
    "date" : "2025-05-06",
    "price" : 847.50,
    "dma50" : 831.05,
    "dma100" : null,
    "dma200" : 929.02,
    "volume" : 57312.00
  }, {
    "date" : "2025-05-07",
    "price" : 853.55,
    "dma50" : 831.94,
    "dma100" : null,
    "dma200" : 928.27,
    "volume" : 33755.00
  }, {
    "date" : "2025-05-08",
    "price" : 852.80,
    "dma50" : 832.75,
    "dma100" : null,
    "dma200" : 927.52,
    "volume" : 46838.00
  }, {
    "date" : "2025-05-09",
    "price" : 855.85,
    "dma50" : 833.66,
    "dma100" : null,
    "dma200" : 926.81,
    "volume" : 37238.00
  }, {
    "date" : "2025-05-12",
    "price" : 892.75,
    "dma50" : 835.98,
    "dma100" : null,
    "dma200" : 926.47,
    "volume" : 56198.00
  }, {
    "date" : "2025-05-13",
    "price" : 901.55,
    "dma50" : 838.55,
    "dma100" : null,
    "dma200" : 926.22,
    "volume" : 54643.00
  }, {
    "date" : "2025-05-14",
    "price" : 904.55,
    "dma50" : 841.14,
    "dma100" : null,
    "dma200" : 926.00,
    "volume" : 49697.00
  }, {
    "date" : "2025-05-15",
    "price" : 934.45,
    "dma50" : 844.80,
    "dma100" : null,
    "dma200" : 926.09,
    "volume" : 81639.00
  }, {
    "date" : "2025-05-16",
    "price" : 929.60,
    "dma50" : 848.12,
    "dma100" : null,
    "dma200" : 926.12,
    "volume" : 40715.00
  }, {
    "date" : "2025-05-19",
    "price" : 929.65,
    "dma50" : 851.32,
    "dma100" : null,
    "dma200" : 926.16,
    "volume" : 41201.00
  }, {
    "date" : "2025-05-20",
    "price" : 927.05,
    "dma50" : 854.29,
    "dma100" : null,
    "dma200" : 926.17,
    "volume" : 47964.00
  }, {
    "date" : "2025-05-21",
    "price" : 929.30,
    "dma50" : 857.23,
    "dma100" : null,
    "dma200" : 926.20,
    "volume" : 28629.00
  }, {
    "date" : "2025-05-22",
    "price" : 934.75,
    "dma50" : 860.27,
    "dma100" : null,
    "dma200" : 926.28,
    "volume" : 28771.00
  }, {
    "date" : "2025-05-23",
    "price" : 936.45,
    "dma50" : 863.26,
    "dma100" : null,
    "dma200" : 926.38,
    "volume" : 16677.00
  }, {
    "date" : "2025-05-26",
    "price" : 933.80,
    "dma50" : 866.02,
    "dma100" : null,
    "dma200" : 926.46,
    "volume" : 31179.00
  }, {
    "date" : "2025-05-27",
    "price" : 934.75,
    "dma50" : 868.72,
    "dma100" : null,
    "dma200" : 926.54,
    "volume" : 23349.00
  }, {
    "date" : "2025-05-28",
    "price" : 931.10,
    "dma50" : 871.17,
    "dma100" : null,
    "dma200" : 926.59,
    "volume" : 19254.00
  }, {
    "date" : "2025-05-29",
    "price" : 966.80,
    "dma50" : 874.92,
    "dma100" : null,
    "dma200" : 926.99,
    "volume" : 82100.00
  }, {
    "date" : "2025-05-30",
    "price" : 973.00,
    "dma50" : 878.76,
    "dma100" : null,
    "dma200" : 927.44,
    "volume" : 48464.00
  }, {
    "date" : "2025-06-02",
    "price" : 937.35,
    "dma50" : 881.06,
    "dma100" : null,
    "dma200" : 927.54,
    "volume" : 158340.00
  }, {
    "date" : "2025-06-03",
    "price" : 938.20,
    "dma50" : 883.30,
    "dma100" : null,
    "dma200" : 927.65,
    "volume" : 81240.00
  }, {
    "date" : "2025-06-04",
    "price" : 928.15,
    "dma50" : 885.06,
    "dma100" : null,
    "dma200" : 927.65,
    "volume" : 52390.00
  }, {
    "date" : "2025-06-05",
    "price" : 932.00,
    "dma50" : 886.90,
    "dma100" : null,
    "dma200" : 927.70,
    "volume" : 41904.00
  }, {
    "date" : "2025-06-06",
    "price" : 911.05,
    "dma50" : 887.85,
    "dma100" : null,
    "dma200" : 927.53,
    "volume" : 64527.00
  }, {
    "date" : "2025-06-09",
    "price" : 939.20,
    "dma50" : 889.86,
    "dma100" : null,
    "dma200" : 927.65,
    "volume" : 49454.00
  }, {
    "date" : "2025-06-10",
    "price" : 953.40,
    "dma50" : 892.35,
    "dma100" : null,
    "dma200" : 927.90,
    "volume" : 83380.00
  }, {
    "date" : "2025-06-11",
    "price" : 939.05,
    "dma50" : 894.18,
    "dma100" : null,
    "dma200" : 928.01,
    "volume" : 33360.00
  }, {
    "date" : "2025-06-12",
    "price" : 924.55,
    "dma50" : 895.37,
    "dma100" : null,
    "dma200" : 927.98,
    "volume" : 33971.00
  }, {
    "date" : "2025-06-13",
    "price" : 920.70,
    "dma50" : 896.37,
    "dma100" : null,
    "dma200" : 927.91,
    "volume" : 27984.00
  }, {
    "date" : "2025-06-16",
    "price" : 932.30,
    "dma50" : 897.78,
    "dma100" : null,
    "dma200" : 927.95,
    "volume" : 36398.00
  }, {
    "date" : "2025-06-17",
    "price" : 917.95,
    "dma50" : 898.57,
    "dma100" : 823.88,
    "dma200" : 927.85,
    "volume" : 33131.00
  }, {
    "date" : "2025-06-18",
    "price" : 915.65,
    "dma50" : 899.24,
    "dma100" : 824.86,
    "dma200" : 927.73,
    "volume" : 40387.00
  }, {
    "date" : "2025-06-19",
    "price" : 895.05,
    "dma50" : 899.07,
    "dma100" : 825.82,
    "dma200" : 927.41,
    "volume" : 44908.00
  }, {
    "date" : "2025-06-20",
    "price" : 908.35,
    "dma50" : 899.44,
    "dma100" : 826.81,
    "dma200" : 927.22,
    "volume" : 21256.00
  }, {
    "date" : "2025-06-23",
    "price" : 943.10,
    "dma50" : 901.15,
    "dma100" : 828.38,
    "dma200" : 927.37,
    "volume" : 121239.00
  }, {
    "date" : "2025-06-24",
    "price" : 949.15,
    "dma50" : 903.03,
    "dma100" : 830.04,
    "dma200" : 927.59,
    "volume" : 47789.00
  }, {
    "date" : "2025-06-25",
    "price" : 949.70,
    "dma50" : 904.86,
    "dma100" : 831.74,
    "dma200" : 927.81,
    "volume" : 25072.00
  }, {
    "date" : "2025-06-26",
    "price" : 942.40,
    "dma50" : 906.33,
    "dma100" : 832.95,
    "dma200" : 927.96,
    "volume" : 15023.00
  }, {
    "date" : "2025-06-27",
    "price" : 986.75,
    "dma50" : 909.49,
    "dma100" : 834.55,
    "dma200" : 928.54,
    "volume" : 316319.00
  }, {
    "date" : "2025-06-30",
    "price" : 1016.00,
    "dma50" : 913.66,
    "dma100" : 836.15,
    "dma200" : 929.41,
    "volume" : 265828.00
  }, {
    "date" : "2025-07-01",
    "price" : 1014.50,
    "dma50" : 917.62,
    "dma100" : 838.03,
    "dma200" : 930.26,
    "volume" : 63648.00
  }, {
    "date" : "2025-07-02",
    "price" : 978.10,
    "dma50" : 919.99,
    "dma100" : 839.85,
    "dma200" : 930.73,
    "volume" : 55209.00
  }, {
    "date" : "2025-07-03",
    "price" : 982.50,
    "dma50" : 922.44,
    "dma100" : 841.83,
    "dma200" : 931.25,
    "volume" : 25731.00
  }, {
    "date" : "2025-07-04",
    "price" : 988.40,
    "dma50" : 925.03,
    "dma100" : 843.97,
    "dma200" : 931.82,
    "volume" : 16291.00
  }, {
    "date" : "2025-07-07",
    "price" : 963.10,
    "dma50" : 926.52,
    "dma100" : 845.86,
    "dma200" : 932.13,
    "volume" : 33914.00
  }, {
    "date" : "2025-07-08",
    "price" : 946.20,
    "dma50" : 927.29,
    "dma100" : 847.82,
    "dma200" : 932.27,
    "volume" : 64957.00
  }, {
    "date" : "2025-07-09",
    "price" : 998.40,
    "dma50" : 930.08,
    "dma100" : 850.30,
    "dma200" : 932.93,
    "volume" : 186540.00
  }, {
    "date" : "2025-07-10",
    "price" : 1001.00,
    "dma50" : 932.86,
    "dma100" : 853.03,
    "dma200" : 933.60,
    "volume" : 24825.00
  }, {
    "date" : "2025-07-11",
    "price" : 983.70,
    "dma50" : 934.86,
    "dma100" : 855.81,
    "dma200" : 934.10,
    "volume" : 15574.00
  }, {
    "date" : "2025-07-14",
    "price" : 1037.70,
    "dma50" : 938.89,
    "dma100" : 859.29,
    "dma200" : 935.13,
    "volume" : 371675.00
  }, {
    "date" : "2025-07-15",
    "price" : 1116.90,
    "dma50" : 945.87,
    "dma100" : 863.77,
    "dma200" : 936.94,
    "volume" : 624588.00
  }, {
    "date" : "2025-07-16",
    "price" : 1099.60,
    "dma50" : 951.90,
    "dma100" : 868.15,
    "dma200" : 938.56,
    "volume" : 193460.00
  }, {
    "date" : "2025-07-17",
    "price" : 1098.00,
    "dma50" : 957.63,
    "dma100" : 872.79,
    "dma200" : 940.15,
    "volume" : 61754.00
  }, {
    "date" : "2025-07-18",
    "price" : 1088.70,
    "dma50" : 962.77,
    "dma100" : 877.21,
    "dma200" : 941.62,
    "volume" : 48850.00
  }, {
    "date" : "2025-07-21",
    "price" : 1080.30,
    "dma50" : 967.38,
    "dma100" : 881.29,
    "dma200" : 943.00,
    "volume" : 60929.00
  }, {
    "date" : "2025-07-22",
    "price" : 1098.70,
    "dma50" : 972.53,
    "dma100" : 885.78,
    "dma200" : 944.55,
    "volume" : 47113.00
  }, {
    "date" : "2025-07-23",
    "price" : 1064.10,
    "dma50" : 976.12,
    "dma100" : 889.93,
    "dma200" : 945.74,
    "volume" : 71400.00
  }, {
    "date" : "2025-07-24",
    "price" : 1041.20,
    "dma50" : 978.67,
    "dma100" : 893.80,
    "dma200" : 946.69,
    "volume" : 60622.00
  }, {
    "date" : "2025-07-25",
    "price" : 1010.60,
    "dma50" : 979.92,
    "dma100" : 897.41,
    "dma200" : 947.33,
    "volume" : 142692.00
  }, {
    "date" : "2025-07-28",
    "price" : 1006.80,
    "dma50" : 980.98,
    "dma100" : 901.01,
    "dma200" : 947.92,
    "volume" : 194646.00
  }, {
    "date" : "2025-07-29",
    "price" : 1009.70,
    "dma50" : 982.10,
    "dma100" : 904.47,
    "dma200" : 948.54,
    "volume" : 37642.00
  }, {
    "date" : "2025-07-30",
    "price" : 1012.10,
    "dma50" : 983.28,
    "dma100" : 907.86,
    "dma200" : 949.17,
    "volume" : 68286.00
  }, {
    "date" : "2025-07-31",
    "price" : 1022.70,
    "dma50" : 984.83,
    "dma100" : 911.22,
    "dma200" : 949.90,
    "volume" : 52334.00
  }, {
    "date" : "2025-08-01",
    "price" : 1016.60,
    "dma50" : 986.07,
    "dma100" : 914.32,
    "dma200" : 950.56,
    "volume" : 58768.00
  }, {
    "date" : "2025-08-04",
    "price" : 998.90,
    "dma50" : 986.57,
    "dma100" : 917.15,
    "dma200" : 951.04,
    "volume" : 29211.00
  }, {
    "date" : "2025-08-05",
    "price" : 972.70,
    "dma50" : 986.03,
    "dma100" : 919.59,
    "dma200" : 951.26,
    "volume" : 39374.00
  }, {
    "date" : "2025-08-06",
    "price" : 963.50,
    "dma50" : 985.15,
    "dma100" : 922.07,
    "dma200" : 951.38,
    "volume" : 25695.00
  }, {
    "date" : "2025-08-07",
    "price" : 964.90,
    "dma50" : 984.35,
    "dma100" : 924.42,
    "dma200" : 951.52,
    "volume" : 33220.00
  }, {
    "date" : "2025-08-08",
    "price" : 958.90,
    "dma50" : 983.35,
    "dma100" : 926.67,
    "dma200" : 951.59,
    "volume" : 23313.00
  }, {
    "date" : "2025-08-11",
    "price" : 953.70,
    "dma50" : 982.19,
    "dma100" : 928.88,
    "dma200" : 951.61,
    "volume" : 20532.00
  }, {
    "date" : "2025-08-12",
    "price" : 942.10,
    "dma50" : 980.62,
    "dma100" : 930.88,
    "dma200" : 951.52,
    "volume" : 24471.00
  }, {
    "date" : "2025-08-13",
    "price" : 950.20,
    "dma50" : 979.43,
    "dma100" : 932.65,
    "dma200" : 951.50,
    "volume" : 43587.00
  }, {
    "date" : "2025-08-14",
    "price" : 949.90,
    "dma50" : 978.27,
    "dma100" : 934.04,
    "dma200" : 951.49,
    "volume" : 25375.00
  }, {
    "date" : "2025-08-18",
    "price" : 953.00,
    "dma50" : 977.28,
    "dma100" : 935.38,
    "dma200" : 951.50,
    "volume" : 78652.00
  }, {
    "date" : "2025-08-19",
    "price" : 925.40,
    "dma50" : 975.24,
    "dma100" : 936.40,
    "dma200" : 951.24,
    "volume" : 69086.00
  }, {
    "date" : "2025-08-20",
    "price" : 930.30,
    "dma50" : 973.48,
    "dma100" : 937.34,
    "dma200" : 951.03,
    "volume" : 47986.00
  }, {
    "date" : "2025-08-21",
    "price" : 940.30,
    "dma50" : 972.18,
    "dma100" : 938.61,
    "dma200" : 950.93,
    "volume" : 29148.00
  }, {
    "date" : "2025-08-22",
    "price" : 932.00,
    "dma50" : 970.60,
    "dma100" : 939.83,
    "dma200" : 950.74,
    "volume" : 14384.00
  }, {
    "date" : "2025-08-25",
    "price" : 958.90,
    "dma50" : 970.15,
    "dma100" : 941.22,
    "dma200" : 950.82,
    "volume" : 40340.00
  }, {
    "date" : "2025-08-26",
    "price" : 924.30,
    "dma50" : 968.35,
    "dma100" : 942.17,
    "dma200" : 950.56,
    "volume" : 36368.00
  }, {
    "date" : "2025-08-28",
    "price" : 939.60,
    "dma50" : 967.22,
    "dma100" : 943.32,
    "dma200" : 950.45,
    "volume" : 55509.00
  }, {
    "date" : "2025-08-29",
    "price" : 920.40,
    "dma50" : 965.38,
    "dma100" : 944.14,
    "dma200" : 950.15,
    "volume" : 40639.00
  }, {
    "date" : "2025-09-01",
    "price" : 936.30,
    "dma50" : 964.24,
    "dma100" : 945.19,
    "dma200" : 950.01,
    "volume" : 30504.00
  }, {
    "date" : "2025-09-02",
    "price" : 940.30,
    "dma50" : 963.30,
    "dma100" : 946.61,
    "dma200" : 949.91,
    "volume" : 34452.00
  }, {
    "date" : "2025-09-03",
    "price" : 965.35,
    "dma50" : 963.38,
    "dma100" : 948.03,
    "dma200" : 950.07,
    "volume" : 29202.00
  }, {
    "date" : "2025-09-04",
    "price" : 946.05,
    "dma50" : 962.70,
    "dma100" : 949.21,
    "dma200" : 950.03,
    "volume" : 30156.00
  }, {
    "date" : "2025-09-05",
    "price" : 934.15,
    "dma50" : 961.59,
    "dma100" : 949.93,
    "dma200" : 949.87,
    "volume" : 23919.00
  }, {
    "date" : "2025-09-08",
    "price" : 927.75,
    "dma50" : 960.26,
    "dma100" : 950.15,
    "dma200" : 949.65,
    "volume" : 32621.00
  }, {
    "date" : "2025-09-09",
    "price" : 944.65,
    "dma50" : 959.65,
    "dma100" : 950.55,
    "dma200" : 949.60,
    "volume" : 65303.00
  }, {
    "date" : "2025-09-10",
    "price" : 945.70,
    "dma50" : 959.10,
    "dma100" : 950.77,
    "dma200" : 949.56,
    "volume" : 40265.00
  }, {
    "date" : "2025-09-11",
    "price" : 931.60,
    "dma50" : 958.02,
    "dma100" : 950.91,
    "dma200" : 949.38,
    "volume" : 25334.00
  }, {
    "date" : "2025-09-12",
    "price" : 931.70,
    "dma50" : 956.99,
    "dma100" : 951.20,
    "dma200" : 949.21,
    "volume" : 18075.00
  }, {
    "date" : "2025-09-15",
    "price" : 933.45,
    "dma50" : 956.07,
    "dma100" : 951.62,
    "dma200" : 949.05,
    "volume" : 30881.00
  }, {
    "date" : "2025-09-16",
    "price" : 953.60,
    "dma50" : 955.97,
    "dma100" : 952.28,
    "dma200" : 949.09,
    "volume" : 142217.00
  }, {
    "date" : "2025-09-17",
    "price" : 979.70,
    "dma50" : 956.90,
    "dma100" : 953.49,
    "dma200" : 949.40,
    "volume" : 80092.00
  }, {
    "date" : "2025-09-18",
    "price" : 986.25,
    "dma50" : 958.05,
    "dma100" : 954.65,
    "dma200" : 949.77,
    "volume" : 46037.00
  }, {
    "date" : "2025-09-19",
    "price" : 988.35,
    "dma50" : 959.24,
    "dma100" : 955.78,
    "dma200" : 950.15,
    "volume" : 31328.00
  }, {
    "date" : "2025-09-22",
    "price" : 1003.80,
    "dma50" : 960.99,
    "dma100" : 957.33,
    "dma200" : 950.68,
    "volume" : 94198.00
  }, {
    "date" : "2025-09-23",
    "price" : 1012.80,
    "dma50" : 963.02,
    "dma100" : 959.01,
    "dma200" : 951.30,
    "volume" : 61188.00
  }, {
    "date" : "2025-09-24",
    "price" : 1015.30,
    "dma50" : 965.07,
    "dma100" : 960.65,
    "dma200" : 951.94,
    "volume" : 72600.00
  }, {
    "date" : "2025-09-25",
    "price" : 994.55,
    "dma50" : 966.22,
    "dma100" : 962.12,
    "dma200" : 952.36,
    "volume" : 64403.00
  }, {
    "date" : "2025-09-26",
    "price" : 972.00,
    "dma50" : 966.45,
    "dma100" : 963.30,
    "dma200" : 952.56,
    "volume" : 56460.00
  }, {
    "date" : "2025-09-29",
    "price" : 974.50,
    "dma50" : 966.77,
    "dma100" : 964.52,
    "dma200" : 952.78,
    "volume" : 20133.00
  }, {
    "date" : "2025-09-30",
    "price" : 995.20,
    "dma50" : 967.88,
    "dma100" : 965.91,
    "dma200" : 953.20,
    "volume" : 96421.00
  }, {
    "date" : "2025-10-01",
    "price" : 980.30,
    "dma50" : 968.37,
    "dma100" : 966.79,
    "dma200" : 953.47,
    "volume" : 122522.00
  }, {
    "date" : "2025-10-03",
    "price" : 1002.40,
    "dma50" : 969.70,
    "dma100" : 967.80,
    "dma200" : 953.95,
    "volume" : 53391.00
  }, {
    "date" : "2025-10-06",
    "price" : 997.20,
    "dma50" : 970.78,
    "dma100" : 968.72,
    "dma200" : 954.39,
    "volume" : 30327.00
  }, {
    "date" : "2025-10-07",
    "price" : 978.10,
    "dma50" : 971.07,
    "dma100" : 969.16,
    "dma200" : 954.62,
    "volume" : 19870.00
  }, {
    "date" : "2025-10-08",
    "price" : 965.65,
    "dma50" : 970.86,
    "dma100" : 969.52,
    "dma200" : 954.73,
    "volume" : 26588.00
  }, {
    "date" : "2025-10-09",
    "price" : 963.25,
    "dma50" : 970.56,
    "dma100" : 969.86,
    "dma200" : 954.82,
    "volume" : 22426.00
  }, {
    "date" : "2025-10-10",
    "price" : 973.60,
    "dma50" : 970.68,
    "dma100" : 970.32,
    "dma200" : 955.00,
    "volume" : 12325.00
  }, {
    "date" : "2025-10-13",
    "price" : 969.70,
    "dma50" : 970.64,
    "dma100" : 970.73,
    "dma200" : 955.15,
    "volume" : 21725.00
  }, {
    "date" : "2025-10-14",
    "price" : 947.00,
    "dma50" : 969.71,
    "dma100" : 970.85,
    "dma200" : 955.07,
    "volume" : 36278.00
  }, {
    "date" : "2025-10-15",
    "price" : 938.25,
    "dma50" : 968.48,
    "dma100" : 970.87,
    "dma200" : 954.90,
    "volume" : 42840.00
  }, {
    "date" : "2025-10-16",
    "price" : 953.75,
    "dma50" : 967.90,
    "dma100" : 971.07,
    "dma200" : 954.89,
    "volume" : 37464.00
  }, {
    "date" : "2025-10-17",
    "price" : 942.00,
    "dma50" : 966.88,
    "dma100" : 971.14,
    "dma200" : 954.76,
    "volume" : 19314.00
  }, {
    "date" : "2025-10-20",
    "price" : 937.20,
    "dma50" : 965.72,
    "dma100" : 971.20,
    "dma200" : 954.59,
    "volume" : 91575.00
  }, {
    "date" : "2025-10-21",
    "price" : 942.65,
    "dma50" : 964.82,
    "dma100" : 970.96,
    "dma200" : 954.47,
    "volume" : 5256.00
  }, {
    "date" : "2025-10-23",
    "price" : 918.25,
    "dma50" : 962.99,
    "dma100" : 970.41,
    "dma200" : 954.11,
    "volume" : 134574.00
  }, {
    "date" : "2025-10-24",
    "price" : 924.60,
    "dma50" : 961.48,
    "dma100" : 970.28,
    "dma200" : 953.81,
    "volume" : 10746.00
  }, {
    "date" : "2025-10-27",
    "price" : 919.60,
    "dma50" : 959.84,
    "dma100" : 970.10,
    "dma200" : 953.47,
    "volume" : 17299.00
  }, {
    "date" : "2025-10-28",
    "price" : 916.65,
    "dma50" : 958.15,
    "dma100" : 969.98,
    "dma200" : 953.11,
    "volume" : 45346.00
  }, {
    "date" : "2025-10-29",
    "price" : 913.90,
    "dma50" : 956.41,
    "dma100" : 969.80,
    "dma200" : 952.72,
    "volume" : 110942.00
  }, {
    "date" : "2025-10-30",
    "price" : 941.30,
    "dma50" : 955.82,
    "dma100" : 970.10,
    "dma200" : 952.60,
    "volume" : 69267.00
  }, {
    "date" : "2025-10-31",
    "price" : 950.55,
    "dma50" : 955.61,
    "dma100" : 970.22,
    "dma200" : 952.58,
    "volume" : 30578.00
  }, {
    "date" : "2025-11-03",
    "price" : 938.10,
    "dma50" : 954.93,
    "dma100" : 970.06,
    "dma200" : 952.44,
    "volume" : 16165.00
  }, {
    "date" : "2025-11-04",
    "price" : 916.80,
    "dma50" : 953.43,
    "dma100" : 969.84,
    "dma200" : 952.08,
    "volume" : 31501.00
  }, {
    "date" : "2025-11-06",
    "price" : 904.60,
    "dma50" : 951.52,
    "dma100" : 969.64,
    "dma200" : 951.61,
    "volume" : 33197.00
  }, {
    "date" : "2025-11-07",
    "price" : 889.55,
    "dma50" : 949.09,
    "dma100" : 969.33,
    "dma200" : 950.99,
    "volume" : 29064.00
  }, {
    "date" : "2025-11-10",
    "price" : 877.90,
    "dma50" : 946.29,
    "dma100" : 968.79,
    "dma200" : 950.27,
    "volume" : 24398.00
  }, {
    "date" : "2025-11-11",
    "price" : 878.80,
    "dma50" : 943.65,
    "dma100" : 968.39,
    "dma200" : 949.56,
    "volume" : 18161.00
  }, {
    "date" : "2025-11-12",
    "price" : 884.85,
    "dma50" : 941.34,
    "dma100" : 968.09,
    "dma200" : 948.91,
    "volume" : 15914.00
  }, {
    "date" : "2025-11-13",
    "price" : 881.70,
    "dma50" : 939.00,
    "dma100" : 967.95,
    "dma200" : 948.24,
    "volume" : 21810.00
  }, {
    "date" : "2025-11-14",
    "price" : 882.90,
    "dma50" : 936.80,
    "dma100" : 967.70,
    "dma200" : 947.59,
    "volume" : 18316.00
  }, {
    "date" : "2025-11-17",
    "price" : 981.60,
    "dma50" : 938.56,
    "dma100" : 968.08,
    "dma200" : 947.93,
    "volume" : 2896896.00
  }, {
    "date" : "2025-11-18",
    "price" : 1053.70,
    "dma50" : 943.08,
    "dma100" : 969.13,
    "dma200" : 948.98,
    "volume" : 3109677.00
  }, {
    "date" : "2025-11-19",
    "price" : 1032.15,
    "dma50" : 946.57,
    "dma100" : 969.95,
    "dma200" : 949.81,
    "volume" : 247106.00
  }, {
    "date" : "2025-11-20",
    "price" : 1010.20,
    "dma50" : 949.06,
    "dma100" : 970.63,
    "dma200" : 950.41,
    "volume" : 105610.00
  }, {
    "date" : "2025-11-21",
    "price" : 988.55,
    "dma50" : 950.61,
    "dma100" : 970.65,
    "dma200" : 950.79,
    "volume" : 72764.00
  }, {
    "date" : "2025-11-24",
    "price" : 993.25,
    "dma50" : 952.28,
    "dma100" : 970.42,
    "dma200" : 951.21,
    "volume" : 52781.00
  }, {
    "date" : "2025-11-25",
    "price" : 973.85,
    "dma50" : 953.13,
    "dma100" : 970.02,
    "dma200" : 951.44,
    "volume" : 374908.00
  }, {
    "date" : "2025-11-26",
    "price" : 1007.65,
    "dma50" : 955.27,
    "dma100" : 970.31,
    "dma200" : 952.00,
    "volume" : 129663.00
  }, {
    "date" : "2025-11-27",
    "price" : 988.85,
    "dma50" : 956.58,
    "dma100" : 970.37,
    "dma200" : 952.36,
    "volume" : 40571.00
  }, {
    "date" : "2025-11-28",
    "price" : 995.25,
    "dma50" : 958.10,
    "dma100" : 970.44,
    "dma200" : 952.79,
    "volume" : 59477.00
  }, {
    "date" : "2025-12-01",
    "price" : 985.80,
    "dma50" : 959.19,
    "dma100" : 970.67,
    "dma200" : 953.12,
    "volume" : 40160.00
  }, {
    "date" : "2025-12-02",
    "price" : 990.85,
    "dma50" : 960.43,
    "dma100" : 971.12,
    "dma200" : 953.50,
    "volume" : 41021.00
  }, {
    "date" : "2025-12-03",
    "price" : 1008.50,
    "dma50" : 962.31,
    "dma100" : 971.22,
    "dma200" : 954.04,
    "volume" : 117080.00
  }, {
    "date" : "2025-12-04",
    "price" : 998.30,
    "dma50" : 963.73,
    "dma100" : 971.19,
    "dma200" : 954.48,
    "volume" : 26385.00
  }, {
    "date" : "2025-12-05",
    "price" : 993.10,
    "dma50" : 964.88,
    "dma100" : 971.28,
    "dma200" : 954.87,
    "volume" : 55601.00
  }, {
    "date" : "2025-12-08",
    "price" : 957.25,
    "dma50" : 964.58,
    "dma100" : 970.48,
    "dma200" : 954.89,
    "volume" : 43560.00
  }, {
    "date" : "2025-12-09",
    "price" : 970.90,
    "dma50" : 964.83,
    "dma100" : 969.02,
    "dma200" : 955.05,
    "volume" : 56417.00
  }, {
    "date" : "2025-12-10",
    "price" : 987.10,
    "dma50" : 965.70,
    "dma100" : 967.90,
    "dma200" : 955.37,
    "volume" : 53959.00
  }, {
    "date" : "2025-12-11",
    "price" : 969.20,
    "dma50" : 965.84,
    "dma100" : 966.61,
    "dma200" : 955.51,
    "volume" : 25088.00
  }, {
    "date" : "2025-12-12",
    "price" : 958.70,
    "dma50" : 965.56,
    "dma100" : 965.31,
    "dma200" : 955.54,
    "volume" : 23780.00
  }, {
    "date" : "2025-12-15",
    "price" : 970.10,
    "dma50" : 965.74,
    "dma100" : 964.21,
    "dma200" : 955.68,
    "volume" : 67608.00
  }, {
    "date" : "2025-12-16",
    "price" : 952.45,
    "dma50" : 965.21,
    "dma100" : 962.74,
    "dma200" : 955.65,
    "volume" : 57977.00
  }, {
    "date" : "2025-12-17",
    "price" : 958.75,
    "dma50" : 964.96,
    "dma100" : 961.69,
    "dma200" : 955.68,
    "volume" : 1839801.00
  }, {
    "date" : "2025-12-18",
    "price" : 952.85,
    "dma50" : 964.49,
    "dma100" : 960.81,
    "dma200" : 955.65,
    "volume" : 163982.00
  }, {
    "date" : "2025-12-19",
    "price" : 975.15,
    "dma50" : 964.90,
    "dma100" : 960.45,
    "dma200" : 955.85,
    "volume" : 75174.00
  }, {
    "date" : "2025-12-22",
    "price" : 994.05,
    "dma50" : 966.05,
    "dma100" : 960.32,
    "dma200" : 956.23,
    "volume" : 74705.00
  }, {
    "date" : "2025-12-23",
    "price" : 985.15,
    "dma50" : 966.80,
    "dma100" : 960.08,
    "dma200" : 956.52,
    "volume" : 25620.00
  }, {
    "date" : "2025-12-24",
    "price" : 974.70,
    "dma50" : 967.11,
    "dma100" : 959.70,
    "dma200" : 956.70,
    "volume" : 23292.00
  }, {
    "date" : "2025-12-26",
    "price" : 1007.10,
    "dma50" : 968.67,
    "dma100" : 959.55,
    "dma200" : 957.20,
    "volume" : 111507.00
  }, {
    "date" : "2025-12-29",
    "price" : 1008.10,
    "dma50" : 970.22,
    "dma100" : 959.46,
    "dma200" : 957.70,
    "volume" : 65020.00
  }, {
    "date" : "2025-12-30",
    "price" : 970.45,
    "dma50" : 970.23,
    "dma100" : 959.18,
    "dma200" : 957.83,
    "volume" : 57674.00
  }, {
    "date" : "2025-12-31",
    "price" : 980.60,
    "dma50" : 970.64,
    "dma100" : 959.26,
    "dma200" : 958.06,
    "volume" : 39713.00
  }, {
    "date" : "2026-01-01",
    "price" : 959.20,
    "dma50" : 970.19,
    "dma100" : 959.21,
    "dma200" : 958.07,
    "volume" : 37303.00
  }, {
    "date" : "2026-01-02",
    "price" : 960.45,
    "dma50" : 969.81,
    "dma100" : 959.17,
    "dma200" : 958.09,
    "volume" : 72617.00
  }, {
    "date" : "2026-01-05",
    "price" : 948.20,
    "dma50" : 968.96,
    "dma100" : 959.06,
    "dma200" : 957.99,
    "volume" : 90116.00
  }, {
    "date" : "2026-01-06",
    "price" : 938.30,
    "dma50" : 967.76,
    "dma100" : 958.91,
    "dma200" : 957.80,
    "volume" : 77283.00
  }, {
    "date" : "2026-01-07",
    "price" : 911.95,
    "dma50" : 965.57,
    "dma100" : 958.61,
    "dma200" : 957.34,
    "volume" : 176725.00
  }, {
    "date" : "2026-01-08",
    "price" : 922.25,
    "dma50" : 963.87,
    "dma100" : 958.33,
    "dma200" : 956.99,
    "volume" : 69876.00
  }, {
    "date" : "2026-01-09",
    "price" : 919.65,
    "dma50" : 962.13,
    "dma100" : 958.03,
    "dma200" : 956.62,
    "volume" : 64122.00
  }, {
    "date" : "2026-01-12",
    "price" : 896.20,
    "dma50" : 959.55,
    "dma100" : 957.46,
    "dma200" : 956.02,
    "volume" : 67220.00
  }, {
    "date" : "2026-01-13",
    "price" : 898.30,
    "dma50" : 957.15,
    "dma100" : 957.19,
    "dma200" : 955.45,
    "volume" : 173541.00
  }, {
    "date" : "2026-01-14",
    "price" : 895.60,
    "dma50" : 954.73,
    "dma100" : 956.84,
    "dma200" : 954.85,
    "volume" : 61562.00
  }, {
    "date" : "2026-01-16",
    "price" : 909.00,
    "dma50" : 952.94,
    "dma100" : 956.53,
    "dma200" : 954.39,
    "volume" : 644681.00
  } ],
  "latestTechnicalAttributes" : {
    "date" : "2026-01-16",
    "price" : 909.00,
    "dma50" : 952.94,
    "dma100" : 956.53,
    "dma200" : 954.39,
    "volume" : 644681.00
  },
  "quarterlyResults" : [ {
    "date" : "2005-03-31",
    "sales" : 101.70,
    "salesGrowthYoY" : null,
    "grossProfitMargin" : 37.50,
    "grossProfit" : 38.14,
    "operatingProfitMargin" : 4.29,
    "operatingProfit" : 4.36,
    "netProfitMargin" : 1.05,
    "netProfit" : 1.07
  }, {
    "date" : "2005-06-30",
    "sales" : 70.04,
    "salesGrowthYoY" : null,
    "grossProfitMargin" : 47.40,
    "grossProfit" : 33.20,
    "operatingProfitMargin" : 5.63,
    "operatingProfit" : 3.94,
    "netProfitMargin" : 2.46,
    "netProfit" : 1.72
  }, {
    "date" : "2005-09-30",
    "sales" : 96.56,
    "salesGrowthYoY" : null,
    "grossProfitMargin" : 40.58,
    "grossProfit" : 39.18,
    "operatingProfitMargin" : 8.24,
    "operatingProfit" : 7.96,
    "netProfitMargin" : 3.64,
    "netProfit" : 3.51
  }, {
    "date" : "2005-12-31",
    "sales" : 109.48,
    "salesGrowthYoY" : null,
    "grossProfitMargin" : 41.40,
    "grossProfit" : 45.32,
    "operatingProfitMargin" : 8.70,
    "operatingProfit" : 9.52,
    "netProfitMargin" : 4.06,
    "netProfit" : 4.44
  }, {
    "date" : "2006-03-31",
    "sales" : 135.70,
    "salesGrowthYoY" : 33.43,
    "grossProfitMargin" : 44.12,
    "grossProfit" : 59.87,
    "operatingProfitMargin" : 10.69,
    "operatingProfit" : 14.51,
    "netProfitMargin" : 6.11,
    "netProfit" : 8.29
  }, {
    "date" : "2006-06-30",
    "sales" : 119.32,
    "salesGrowthYoY" : 70.36,
    "grossProfitMargin" : 49.13,
    "grossProfit" : 58.62,
    "operatingProfitMargin" : 11.04,
    "operatingProfit" : 13.17,
    "netProfitMargin" : 4.79,
    "netProfit" : 5.72
  }, {
    "date" : "2006-09-30",
    "sales" : 154.82,
    "salesGrowthYoY" : 60.34,
    "grossProfitMargin" : 44.98,
    "grossProfit" : 69.64,
    "operatingProfitMargin" : 9.95,
    "operatingProfit" : 15.40,
    "netProfitMargin" : 4.44,
    "netProfit" : 6.87
  }, {
    "date" : "2006-12-31",
    "sales" : 187.28,
    "salesGrowthYoY" : 71.06,
    "grossProfitMargin" : 43.22,
    "grossProfit" : 80.94,
    "operatingProfitMargin" : 8.66,
    "operatingProfit" : 16.22,
    "netProfitMargin" : 4.97,
    "netProfit" : 9.31
  }, {
    "date" : "2007-03-31",
    "sales" : 206.99,
    "salesGrowthYoY" : 52.54,
    "grossProfitMargin" : 46.92,
    "grossProfit" : 97.12,
    "operatingProfitMargin" : 10.61,
    "operatingProfit" : 21.96,
    "netProfitMargin" : 4.60,
    "netProfit" : 9.52
  }, {
    "date" : "2007-06-30",
    "sales" : 170.57,
    "salesGrowthYoY" : 42.95,
    "grossProfitMargin" : 51.24,
    "grossProfit" : 87.40,
    "operatingProfitMargin" : 11.48,
    "operatingProfit" : 19.58,
    "netProfitMargin" : 4.95,
    "netProfit" : 8.44
  }, {
    "date" : "2007-09-30",
    "sales" : 188.05,
    "salesGrowthYoY" : 21.46,
    "grossProfitMargin" : 53.07,
    "grossProfit" : 99.80,
    "operatingProfitMargin" : 13.18,
    "operatingProfit" : 24.78,
    "netProfitMargin" : 6.49,
    "netProfit" : 12.20
  }, {
    "date" : "2007-12-31",
    "sales" : 222.26,
    "salesGrowthYoY" : 18.68,
    "grossProfitMargin" : 49.61,
    "grossProfit" : 110.26,
    "operatingProfitMargin" : 10.10,
    "operatingProfit" : 22.45,
    "netProfitMargin" : 4.94,
    "netProfit" : 10.98
  }, {
    "date" : "2008-03-31",
    "sales" : 299.21,
    "salesGrowthYoY" : 44.55,
    "grossProfitMargin" : 48.57,
    "grossProfit" : 145.33,
    "operatingProfitMargin" : 12.10,
    "operatingProfit" : 36.20,
    "netProfitMargin" : 6.69,
    "netProfit" : 20.02
  }, {
    "date" : "2008-06-30",
    "sales" : 253.97,
    "salesGrowthYoY" : 48.89,
    "grossProfitMargin" : 49.85,
    "grossProfit" : 126.60,
    "operatingProfitMargin" : 11.24,
    "operatingProfit" : 28.55,
    "netProfitMargin" : 5.07,
    "netProfit" : 12.88
  }, {
    "date" : "2008-09-30",
    "sales" : 301.75,
    "salesGrowthYoY" : 60.46,
    "grossProfitMargin" : 49.71,
    "grossProfit" : 150.00,
    "operatingProfitMargin" : 11.86,
    "operatingProfit" : 35.79,
    "netProfitMargin" : 4.81,
    "netProfit" : 14.51
  }, {
    "date" : "2008-12-31",
    "sales" : 296.35,
    "salesGrowthYoY" : 33.33,
    "grossProfitMargin" : 49.76,
    "grossProfit" : 147.46,
    "operatingProfitMargin" : 12.08,
    "operatingProfit" : 35.80,
    "netProfitMargin" : 4.32,
    "netProfit" : 12.80
  }, {
    "date" : "2009-03-31",
    "sales" : 312.01,
    "salesGrowthYoY" : 4.28,
    "grossProfitMargin" : 47.81,
    "grossProfit" : 149.17,
    "operatingProfitMargin" : 13.12,
    "operatingProfit" : 40.94,
    "netProfitMargin" : 5.62,
    "netProfit" : 17.53
  }, {
    "date" : "2009-06-30",
    "sales" : 311.72,
    "salesGrowthYoY" : 22.74,
    "grossProfitMargin" : 44.08,
    "grossProfit" : 137.41,
    "operatingProfitMargin" : 13.70,
    "operatingProfit" : 42.71,
    "netProfitMargin" : 6.22,
    "netProfit" : 19.39
  }, {
    "date" : "2009-09-30",
    "sales" : 340.77,
    "salesGrowthYoY" : 12.93,
    "grossProfitMargin" : 50.00,
    "grossProfit" : 170.38,
    "operatingProfitMargin" : 12.99,
    "operatingProfit" : 44.27,
    "netProfitMargin" : 6.72,
    "netProfit" : 22.90
  }, {
    "date" : "2009-12-31",
    "sales" : 455.25,
    "salesGrowthYoY" : 53.62,
    "grossProfitMargin" : 47.32,
    "grossProfit" : 215.42,
    "operatingProfitMargin" : 11.13,
    "operatingProfit" : 50.67,
    "netProfitMargin" : 5.80,
    "netProfit" : 26.40
  }, {
    "date" : "2010-03-31",
    "sales" : 459.96,
    "salesGrowthYoY" : 47.42,
    "grossProfitMargin" : 52.21,
    "grossProfit" : 240.15,
    "operatingProfitMargin" : 6.77,
    "operatingProfit" : 31.14,
    "netProfitMargin" : 2.84,
    "netProfit" : 13.06
  }, {
    "date" : "2010-06-30",
    "sales" : 393.58,
    "salesGrowthYoY" : 26.26,
    "grossProfitMargin" : 37.05,
    "grossProfit" : 145.82,
    "operatingProfitMargin" : 11.74,
    "operatingProfit" : 46.21,
    "netProfitMargin" : 6.18,
    "netProfit" : 24.32
  }, {
    "date" : "2010-09-30",
    "sales" : 341.20,
    "salesGrowthYoY" : 0.13,
    "grossProfitMargin" : 41.94,
    "grossProfit" : 143.10,
    "operatingProfitMargin" : 11.78,
    "operatingProfit" : 40.19,
    "netProfitMargin" : 5.89,
    "netProfit" : 20.10
  }, {
    "date" : "2010-12-31",
    "sales" : 379.57,
    "salesGrowthYoY" : -16.62,
    "grossProfitMargin" : 58.22,
    "grossProfit" : 220.99,
    "operatingProfitMargin" : 8.84,
    "operatingProfit" : 33.55,
    "netProfitMargin" : 3.73,
    "netProfit" : 14.16
  }, {
    "date" : "2011-03-31",
    "sales" : 575.19,
    "salesGrowthYoY" : 25.05,
    "grossProfitMargin" : 37.40,
    "grossProfit" : 215.12,
    "operatingProfitMargin" : 5.59,
    "operatingProfit" : 32.15,
    "netProfitMargin" : 2.12,
    "netProfit" : 12.19
  }, {
    "date" : "2011-06-30",
    "sales" : 310.13,
    "salesGrowthYoY" : -21.20,
    "grossProfitMargin" : 56.98,
    "grossProfit" : 176.71,
    "operatingProfitMargin" : 9.61,
    "operatingProfit" : 29.80,
    "netProfitMargin" : 3.42,
    "netProfit" : 10.61
  }, {
    "date" : "2011-09-30",
    "sales" : 303.94,
    "salesGrowthYoY" : -10.92,
    "grossProfitMargin" : 54.86,
    "grossProfit" : 166.74,
    "operatingProfitMargin" : 1.99,
    "operatingProfit" : 6.05,
    "netProfitMargin" : -2.20,
    "netProfit" : -6.69
  }, {
    "date" : "2011-12-31",
    "sales" : 356.95,
    "salesGrowthYoY" : -5.96,
    "grossProfitMargin" : 40.51,
    "grossProfit" : 144.60,
    "operatingProfitMargin" : -1.99,
    "operatingProfit" : -7.10,
    "netProfitMargin" : -4.70,
    "netProfit" : -16.78
  }, {
    "date" : "2012-03-31",
    "sales" : 392.59,
    "salesGrowthYoY" : -31.75,
    "grossProfitMargin" : 39.14,
    "grossProfit" : 153.66,
    "operatingProfitMargin" : -2.77,
    "operatingProfit" : -10.87,
    "netProfitMargin" : -7.07,
    "netProfit" : -27.76
  }, {
    "date" : "2012-06-30",
    "sales" : 344.70,
    "salesGrowthYoY" : 11.15,
    "grossProfitMargin" : 21.65,
    "grossProfit" : 74.63,
    "operatingProfitMargin" : -6.26,
    "operatingProfit" : -21.58,
    "netProfitMargin" : -11.16,
    "netProfit" : -38.47
  }, {
    "date" : "2012-09-30",
    "sales" : 352.00,
    "salesGrowthYoY" : 15.81,
    "grossProfitMargin" : 27.44,
    "grossProfit" : 96.59,
    "operatingProfitMargin" : -2.16,
    "operatingProfit" : -7.60,
    "netProfitMargin" : -6.93,
    "netProfit" : -24.39
  }, {
    "date" : "2012-12-31",
    "sales" : 317.67,
    "salesGrowthYoY" : -11.00,
    "grossProfitMargin" : 23.54,
    "grossProfit" : 74.78,
    "operatingProfitMargin" : -4.28,
    "operatingProfit" : -13.60,
    "netProfitMargin" : -7.74,
    "netProfit" : -24.59
  }, {
    "date" : "2013-03-31",
    "sales" : 373.85,
    "salesGrowthYoY" : -4.77,
    "grossProfitMargin" : 27.86,
    "grossProfit" : 104.15,
    "operatingProfitMargin" : 3.75,
    "operatingProfit" : 14.02,
    "netProfitMargin" : 1.46,
    "netProfit" : 5.46
  }, {
    "date" : "2013-06-30",
    "sales" : 220.21,
    "salesGrowthYoY" : -36.12,
    "grossProfitMargin" : 41.22,
    "grossProfit" : 90.77,
    "operatingProfitMargin" : 5.74,
    "operatingProfit" : 12.64,
    "netProfitMargin" : 0.39,
    "netProfit" : 0.86
  }, {
    "date" : "2013-09-30",
    "sales" : 249.55,
    "salesGrowthYoY" : -29.11,
    "grossProfitMargin" : 30.43,
    "grossProfit" : 75.94,
    "operatingProfitMargin" : -1.27,
    "operatingProfit" : -3.17,
    "netProfitMargin" : -5.07,
    "netProfit" : -12.65
  }, {
    "date" : "2013-12-31",
    "sales" : 240.75,
    "salesGrowthYoY" : -24.21,
    "grossProfitMargin" : 31.97,
    "grossProfit" : 76.97,
    "operatingProfitMargin" : 5.55,
    "operatingProfit" : 13.36,
    "netProfitMargin" : 1.02,
    "netProfit" : 2.46
  }, {
    "date" : "2014-03-31",
    "sales" : 249.83,
    "salesGrowthYoY" : -33.17,
    "grossProfitMargin" : 31.30,
    "grossProfit" : 78.20,
    "operatingProfitMargin" : 7.55,
    "operatingProfit" : 18.86,
    "netProfitMargin" : 6.92,
    "netProfit" : 17.29
  }, {
    "date" : "2014-06-30",
    "sales" : 238.88,
    "salesGrowthYoY" : 8.48,
    "grossProfitMargin" : 27.34,
    "grossProfit" : 65.31,
    "operatingProfitMargin" : 13.73,
    "operatingProfit" : 32.80,
    "netProfitMargin" : 7.07,
    "netProfit" : 16.89
  }, {
    "date" : "2014-09-30",
    "sales" : 239.76,
    "salesGrowthYoY" : -3.92,
    "grossProfitMargin" : 27.08,
    "grossProfit" : 64.93,
    "operatingProfitMargin" : 11.91,
    "operatingProfit" : 28.56,
    "netProfitMargin" : 6.77,
    "netProfit" : 16.23
  }, {
    "date" : "2014-12-31",
    "sales" : 267.16,
    "salesGrowthYoY" : 10.97,
    "grossProfitMargin" : 29.88,
    "grossProfit" : 79.83,
    "operatingProfitMargin" : 9.43,
    "operatingProfit" : 25.19,
    "netProfitMargin" : 5.08,
    "netProfit" : 13.57
  }, {
    "date" : "2015-03-31",
    "sales" : 314.12,
    "salesGrowthYoY" : 25.73,
    "grossProfitMargin" : 20.37,
    "grossProfit" : 63.99,
    "operatingProfitMargin" : 9.01,
    "operatingProfit" : 28.30,
    "netProfitMargin" : 5.55,
    "netProfit" : 17.43
  }, {
    "date" : "2015-06-30",
    "sales" : 265.04,
    "salesGrowthYoY" : 10.95,
    "grossProfitMargin" : 28.14,
    "grossProfit" : 74.58,
    "operatingProfitMargin" : 12.41,
    "operatingProfit" : 32.89,
    "netProfitMargin" : 7.10,
    "netProfit" : 18.82
  }, {
    "date" : "2015-09-30",
    "sales" : 280.90,
    "salesGrowthYoY" : 17.16,
    "grossProfitMargin" : 55.55,
    "grossProfit" : 156.04,
    "operatingProfitMargin" : 12.47,
    "operatingProfit" : 35.03,
    "netProfitMargin" : 6.79,
    "netProfit" : 19.07
  }, {
    "date" : "2015-12-31",
    "sales" : 319.95,
    "salesGrowthYoY" : 19.76,
    "grossProfitMargin" : 30.83,
    "grossProfit" : 98.64,
    "operatingProfitMargin" : 12.37,
    "operatingProfit" : 39.58,
    "netProfitMargin" : 6.20,
    "netProfit" : 19.84
  }, {
    "date" : "2016-03-31",
    "sales" : 383.69,
    "salesGrowthYoY" : 22.15,
    "grossProfitMargin" : 46.29,
    "grossProfit" : 177.61,
    "operatingProfitMargin" : 13.91,
    "operatingProfit" : 53.37,
    "netProfitMargin" : 6.96,
    "netProfit" : 26.70
  }, {
    "date" : "2016-06-30",
    "sales" : 306.26,
    "salesGrowthYoY" : 15.55,
    "grossProfitMargin" : 34.14,
    "grossProfit" : 104.56,
    "operatingProfitMargin" : 14.15,
    "operatingProfit" : 43.34,
    "netProfitMargin" : 7.12,
    "netProfit" : 21.81
  }, {
    "date" : "2016-09-30",
    "sales" : 290.36,
    "salesGrowthYoY" : 3.37,
    "grossProfitMargin" : 35.27,
    "grossProfit" : 102.41,
    "operatingProfitMargin" : 13.88,
    "operatingProfit" : 40.30,
    "netProfitMargin" : 6.88,
    "netProfit" : 19.98
  }, {
    "date" : "2016-12-31",
    "sales" : 358.10,
    "salesGrowthYoY" : 11.92,
    "grossProfitMargin" : 29.89,
    "grossProfit" : 107.04,
    "operatingProfitMargin" : 13.17,
    "operatingProfit" : 47.16,
    "netProfitMargin" : 6.81,
    "netProfit" : 24.39
  }, {
    "date" : "2017-03-31",
    "sales" : 471.86,
    "salesGrowthYoY" : 22.98,
    "grossProfitMargin" : 18.22,
    "grossProfit" : 85.97,
    "operatingProfitMargin" : 9.09,
    "operatingProfit" : 42.89,
    "netProfitMargin" : 4.27,
    "netProfit" : 20.15
  }, {
    "date" : "2017-06-30",
    "sales" : 504.20,
    "salesGrowthYoY" : 64.63,
    "grossProfitMargin" : 18.97,
    "grossProfit" : 95.65,
    "operatingProfitMargin" : 10.63,
    "operatingProfit" : 53.60,
    "netProfitMargin" : 5.85,
    "netProfit" : 29.50
  }, {
    "date" : "2017-09-30",
    "sales" : 334.55,
    "salesGrowthYoY" : 15.22,
    "grossProfitMargin" : 26.64,
    "grossProfit" : 89.12,
    "operatingProfitMargin" : 14.89,
    "operatingProfit" : 49.81,
    "netProfitMargin" : 7.70,
    "netProfit" : 25.76
  }, {
    "date" : "2017-12-31",
    "sales" : 361.07,
    "salesGrowthYoY" : 0.83,
    "grossProfitMargin" : 28.65,
    "grossProfit" : 103.45,
    "operatingProfitMargin" : 17.30,
    "operatingProfit" : 62.47,
    "netProfitMargin" : 8.08,
    "netProfit" : 29.17
  }, {
    "date" : "2018-03-31",
    "sales" : 446.77,
    "salesGrowthYoY" : -5.32,
    "grossProfitMargin" : 21.82,
    "grossProfit" : 97.49,
    "operatingProfitMargin" : 11.95,
    "operatingProfit" : 53.39,
    "netProfitMargin" : 6.94,
    "netProfit" : 31.01
  }, {
    "date" : "2018-06-30",
    "sales" : 407.04,
    "salesGrowthYoY" : -19.27,
    "grossProfitMargin" : 24.91,
    "grossProfit" : 101.39,
    "operatingProfitMargin" : 12.91,
    "operatingProfit" : 52.55,
    "netProfitMargin" : 6.92,
    "netProfit" : 28.17
  }, {
    "date" : "2018-09-30",
    "sales" : 439.20,
    "salesGrowthYoY" : 31.28,
    "grossProfitMargin" : 24.07,
    "grossProfit" : 105.72,
    "operatingProfitMargin" : 13.08,
    "operatingProfit" : 57.45,
    "netProfitMargin" : 7.09,
    "netProfit" : 31.14
  }, {
    "date" : "2018-12-31",
    "sales" : 418.54,
    "salesGrowthYoY" : 15.92,
    "grossProfitMargin" : 47.99,
    "grossProfit" : 200.86,
    "operatingProfitMargin" : 11.85,
    "operatingProfit" : 49.60,
    "netProfitMargin" : 6.44,
    "netProfit" : 26.95
  }, {
    "date" : "2019-03-31",
    "sales" : 480.15,
    "salesGrowthYoY" : 7.47,
    "grossProfitMargin" : 47.34,
    "grossProfit" : 227.30,
    "operatingProfitMargin" : 11.82,
    "operatingProfit" : 56.75,
    "netProfitMargin" : 6.46,
    "netProfit" : 31.02
  }, {
    "date" : "2019-06-30",
    "sales" : 404.02,
    "salesGrowthYoY" : -0.74,
    "grossProfitMargin" : 50.54,
    "grossProfit" : 204.19,
    "operatingProfitMargin" : 11.78,
    "operatingProfit" : 47.59,
    "netProfitMargin" : 5.97,
    "netProfit" : 24.12
  }, {
    "date" : "2019-09-30",
    "sales" : 433.69,
    "salesGrowthYoY" : -1.25,
    "grossProfitMargin" : 45.98,
    "grossProfit" : 199.41,
    "operatingProfitMargin" : 8.97,
    "operatingProfit" : 38.90,
    "netProfitMargin" : 3.02,
    "netProfit" : 13.10
  }, {
    "date" : "2019-12-31",
    "sales" : 498.00,
    "salesGrowthYoY" : 18.99,
    "grossProfitMargin" : 46.25,
    "grossProfit" : 230.32,
    "operatingProfitMargin" : 8.75,
    "operatingProfit" : 43.58,
    "netProfitMargin" : 4.24,
    "netProfit" : 21.12
  }, {
    "date" : "2020-03-31",
    "sales" : 549.22,
    "salesGrowthYoY" : 14.39,
    "grossProfitMargin" : 45.68,
    "grossProfit" : 250.88,
    "operatingProfitMargin" : 4.18,
    "operatingProfit" : 22.96,
    "netProfitMargin" : 1.11,
    "netProfit" : 6.10
  }, {
    "date" : "2020-06-30",
    "sales" : 249.85,
    "salesGrowthYoY" : -38.16,
    "grossProfitMargin" : 45.06,
    "grossProfit" : 112.58,
    "operatingProfitMargin" : 7.42,
    "operatingProfit" : 18.54,
    "netProfitMargin" : 2.99,
    "netProfit" : 7.47
  }, {
    "date" : "2020-09-30",
    "sales" : 434.51,
    "salesGrowthYoY" : 0.19,
    "grossProfitMargin" : 45.05,
    "grossProfit" : 195.75,
    "operatingProfitMargin" : 7.87,
    "operatingProfit" : 34.20,
    "netProfitMargin" : 4.13,
    "netProfit" : 17.95
  }, {
    "date" : "2020-12-31",
    "sales" : 536.13,
    "salesGrowthYoY" : 7.66,
    "grossProfitMargin" : 46.92,
    "grossProfit" : 251.55,
    "operatingProfitMargin" : 5.91,
    "operatingProfit" : 31.69,
    "netProfitMargin" : 2.75,
    "netProfit" : 14.74
  }, {
    "date" : "2021-03-31",
    "sales" : 761.70,
    "salesGrowthYoY" : 38.69,
    "grossProfitMargin" : 51.45,
    "grossProfit" : 391.89,
    "operatingProfitMargin" : 9.17,
    "operatingProfit" : 69.85,
    "netProfitMargin" : 4.87,
    "netProfit" : 37.09
  }, {
    "date" : "2021-06-30",
    "sales" : 580.10,
    "salesGrowthYoY" : 132.18,
    "grossProfitMargin" : 51.50,
    "grossProfit" : 298.75,
    "operatingProfitMargin" : 10.41,
    "operatingProfit" : 60.39,
    "netProfitMargin" : 6.00,
    "netProfit" : 34.81
  }, {
    "date" : "2021-09-30",
    "sales" : 698.01,
    "salesGrowthYoY" : 60.64,
    "grossProfitMargin" : 48.89,
    "grossProfit" : 341.26,
    "operatingProfitMargin" : 9.05,
    "operatingProfit" : 63.17,
    "netProfitMargin" : 5.13,
    "netProfit" : 35.81
  }, {
    "date" : "2021-12-31",
    "sales" : 683.50,
    "salesGrowthYoY" : 27.49,
    "grossProfitMargin" : 50.53,
    "grossProfit" : 345.37,
    "operatingProfitMargin" : 10.16,
    "operatingProfit" : 69.44,
    "netProfitMargin" : 6.19,
    "netProfit" : 42.31
  }, {
    "date" : "2022-03-31",
    "sales" : 730.86,
    "salesGrowthYoY" : -4.05,
    "grossProfitMargin" : 45.79,
    "grossProfit" : 334.66,
    "operatingProfitMargin" : 8.70,
    "operatingProfit" : 63.58,
    "netProfitMargin" : 5.79,
    "netProfit" : 42.32
  }, {
    "date" : "2022-06-30",
    "sales" : 609.25,
    "salesGrowthYoY" : 5.02,
    "grossProfitMargin" : 48.85,
    "grossProfit" : 297.62,
    "operatingProfitMargin" : 9.94,
    "operatingProfit" : 60.56,
    "netProfitMargin" : 6.20,
    "netProfit" : 37.77
  }, {
    "date" : "2022-09-30",
    "sales" : 622.84,
    "salesGrowthYoY" : -10.77,
    "grossProfitMargin" : 45.01,
    "grossProfit" : 280.34,
    "operatingProfitMargin" : 9.92,
    "operatingProfit" : 61.79,
    "netProfitMargin" : 6.28,
    "netProfit" : 39.11
  }, {
    "date" : "2022-12-31",
    "sales" : 743.25,
    "salesGrowthYoY" : 8.74,
    "grossProfitMargin" : 44.85,
    "grossProfit" : 333.35,
    "operatingProfitMargin" : 9.61,
    "operatingProfit" : 71.43,
    "netProfitMargin" : 6.05,
    "netProfit" : 44.97
  }, {
    "date" : "2023-03-31",
    "sales" : 863.05,
    "salesGrowthYoY" : 18.09,
    "grossProfitMargin" : 47.75,
    "grossProfit" : 412.11,
    "operatingProfitMargin" : 12.77,
    "operatingProfit" : 110.21,
    "netProfitMargin" : 8.37,
    "netProfit" : 72.24
  }, {
    "date" : "2023-06-30",
    "sales" : 763.61,
    "salesGrowthYoY" : 25.34,
    "grossProfitMargin" : 46.98,
    "grossProfit" : 358.74,
    "operatingProfitMargin" : 10.82,
    "operatingProfit" : 82.62,
    "netProfitMargin" : 6.51,
    "netProfit" : 49.71
  }, {
    "date" : "2023-09-30",
    "sales" : 901.55,
    "salesGrowthYoY" : 44.75,
    "grossProfitMargin" : 46.35,
    "grossProfit" : 417.87,
    "operatingProfitMargin" : 9.96,
    "operatingProfit" : 89.79,
    "netProfitMargin" : 6.13,
    "netProfit" : 55.27
  }, {
    "date" : "2023-12-31",
    "sales" : 1026.48,
    "salesGrowthYoY" : 38.11,
    "grossProfitMargin" : 45.74,
    "grossProfit" : 469.51,
    "operatingProfitMargin" : 10.90,
    "operatingProfit" : 111.89,
    "netProfitMargin" : 6.88,
    "netProfit" : 70.62
  }, {
    "date" : "2024-03-31",
    "sales" : 1163.66,
    "salesGrowthYoY" : 34.83,
    "grossProfitMargin" : 46.15,
    "grossProfit" : 537.03,
    "operatingProfitMargin" : 8.96,
    "operatingProfit" : 104.26,
    "netProfitMargin" : 4.98,
    "netProfit" : 57.95
  }, {
    "date" : "2024-06-30",
    "sales" : 919.35,
    "salesGrowthYoY" : 20.40,
    "grossProfitMargin" : 48.78,
    "grossProfit" : 448.46,
    "operatingProfitMargin" : 6.58,
    "operatingProfit" : 60.49,
    "netProfitMargin" : 3.33,
    "netProfit" : 30.61
  }, {
    "date" : "2024-09-30",
    "sales" : 1011.48,
    "salesGrowthYoY" : 12.19,
    "grossProfitMargin" : 49.53,
    "grossProfit" : 500.99,
    "operatingProfitMargin" : 7.25,
    "operatingProfit" : 73.33,
    "netProfitMargin" : 3.79,
    "netProfit" : 38.34
  }, {
    "date" : "2024-12-31",
    "sales" : 951.96,
    "salesGrowthYoY" : -7.26,
    "grossProfitMargin" : 48.51,
    "grossProfit" : 461.80,
    "operatingProfitMargin" : 8.86,
    "operatingProfit" : 84.34,
    "netProfitMargin" : 5.19,
    "netProfit" : 49.41
  }, {
    "date" : "2025-03-31",
    "sales" : 1215.84,
    "salesGrowthYoY" : 4.48,
    "grossProfitMargin" : 48.53,
    "grossProfit" : 590.05,
    "operatingProfitMargin" : 10.17,
    "operatingProfit" : 123.65,
    "netProfitMargin" : 6.84,
    "netProfit" : 83.16
  }, {
    "date" : "2025-06-30",
    "sales" : 1004.88,
    "salesGrowthYoY" : 9.30,
    "grossProfitMargin" : 50.16,
    "grossProfit" : 504.05,
    "operatingProfitMargin" : 8.59,
    "operatingProfit" : 86.32,
    "netProfitMargin" : 5.09,
    "netProfit" : 51.15
  }, {
    "date" : "2025-09-30",
    "sales" : 1177.30,
    "salesGrowthYoY" : 16.39,
    "grossProfitMargin" : 53.16,
    "grossProfit" : 625.85,
    "operatingProfitMargin" : 10.92,
    "operatingProfit" : 128.56,
    "netProfitMargin" : 6.71,
    "netProfit" : 79.00
  } ],
  "latestQuarterlyResult" : {
    "date" : "2025-09-30",
    "sales" : 1177.30,
    "salesGrowthYoY" : 16.39,
    "grossProfitMargin" : 53.16,
    "grossProfit" : 625.85,
    "operatingProfitMargin" : 10.92,
    "operatingProfit" : 128.56,
    "netProfitMargin" : 6.71,
    "netProfit" : 79.00
  },
  "companyScore" : {
    "priceHigherThanDma50" : 0.00,
    "priceHigherThanDma100" : 0.00,
    "priceHigherThanDma200" : 0.00,
    "dma50HigherThanDma100" : 0.00,
    "dma50HigherThanDma200" : 0.00,
    "dma100HigherThanDma200" : 5.00,
    "pricePercentageAboveDma50" : 5.23,
    "pricePercentageAboveDma100" : 5.25,
    "pricePercentageAboveDma200" : 5.24,
    "weeklyVolumeHigherThanYearlyVolume" : 5.00,
    "salesGrowthPercentile" : 11.14,
    "operatingProfitMarginPercentile" : 14.58,
    "netProfitMarginPercentile" : 9.15,
    "totalTechnicalScore" : 25.72,
    "totalFundamentalScore" : 34.87,
    "totalScore" : 60.59
  }
}