{
  "metadata" : {
    "screenerCompanyId" : "138",
    "companyCode" : "ALLDIGI",
    "companyName" : "Alldigi Tech",
    "screenerCompanyLink" : "https://www.screener.in/company/ALLDIGI",
    "screenerTechnicalHistoryLink" : "https://www.screener.in/api/company/138/chart/?q=Price-DMA50-DMA200-Volume&days=365",
    "screenerQuarterlyResultsLink" : "https://www.screener.in/api/company/138/chart/?q=GPM-OPM-NPM-Quarter+Sales&days=10000",
    "attributes" : {
      "companyCode" : "ALLDIGI",
      "companyName" : "Alldigi Tech",
      "marketCap" : 1280.00,
      "peRatio" : 23.90,
      "description" : "Incorporated in 1998, Allsec Tech is a global leader in outsourcing solutions offering future-ready, resilient business transformation services to industry heavy-weights, Fortune 100 companies, and growth-focused organizations. The services provided by the Company include data verification, processing of orders received through telephone calls, telemarketing, monitoring quality of calls of other call centers, customer services and HR and payroll processing. The Company has delivery centers at Chennai, Bengaluru and NCR. With 4,000+ FTEs spread across 5 contact centers in the US, Philippines, and India, the company manages over 1 Million customer contacts per day, via multiple touchpoints. [1]"
    },
    "companyScore" : {
      "priceHigherThanDma50" : 0.00,
      "priceHigherThanDma100" : 0.00,
      "priceHigherThanDma200" : 0.00,
      "dma50HigherThanDma100" : 0.00,
      "dma50HigherThanDma200" : 0.00,
      "dma100HigherThanDma200" : 5.00,
      "pricePercentageAboveDma50" : 5.27,
      "pricePercentageAboveDma100" : 5.51,
      "pricePercentageAboveDma200" : 5.49,
      "weeklyVolumeHigherThanYearlyVolume" : 0.00,
      "salesGrowthPercentile" : 8.86,
      "operatingProfitMarginPercentile" : 18.61,
      "netProfitMarginPercentile" : 6.14,
      "totalTechnicalScore" : 21.27,
      "totalFundamentalScore" : 33.62,
      "totalScore" : 54.88
    }
  },
  "attributes" : {
    "companyCode" : "ALLDIGI",
    "companyName" : "Alldigi Tech",
    "marketCap" : 1280.00,
    "peRatio" : 23.90,
    "description" : "Incorporated in 1998, Allsec Tech is a global leader in outsourcing solutions offering future-ready, resilient business transformation services to industry heavy-weights, Fortune 100 companies, and growth-focused organizations. The services provided by the Company include data verification, processing of orders received through telephone calls, telemarketing, monitoring quality of calls of other call centers, customer services and HR and payroll processing. The Company has delivery centers at Chennai, Bengaluru and NCR. With 4,000+ FTEs spread across 5 contact centers in the US, Philippines, and India, the company manages over 1 Million customer contacts per day, via multiple touchpoints. [1]"
  },
  "technicalHistory" : [ {
    "date" : "2024-12-02",
    "price" : 1037.40,
    "dma50" : 1000.10,
    "dma100" : null,
    "dma200" : 956.92,
    "volume" : 19223.00
  }, {
    "date" : "2024-12-03",
    "price" : 1021.50,
    "dma50" : 1000.94,
    "dma100" : null,
    "dma200" : 957.56,
    "volume" : 11722.00
  }, {
    "date" : "2024-12-04",
    "price" : 999.65,
    "dma50" : 1000.89,
    "dma100" : null,
    "dma200" : 957.98,
    "volume" : 17307.00
  }, {
    "date" : "2024-12-05",
    "price" : 993.25,
    "dma50" : 1000.59,
    "dma100" : null,
    "dma200" : 958.33,
    "volume" : 24569.00
  }, {
    "date" : "2024-12-06",
    "price" : 992.75,
    "dma50" : 1000.28,
    "dma100" : null,
    "dma200" : 958.67,
    "volume" : 19229.00
  }, {
    "date" : "2024-12-09",
    "price" : 970.10,
    "dma50" : 999.10,
    "dma100" : null,
    "dma200" : 958.79,
    "volume" : 23767.00
  }, {
    "date" : "2024-12-10",
    "price" : 990.45,
    "dma50" : 998.76,
    "dma100" : null,
    "dma200" : 959.10,
    "volume" : 21595.00
  }, {
    "date" : "2024-12-11",
    "price" : 989.75,
    "dma50" : 998.40,
    "dma100" : null,
    "dma200" : 959.41,
    "volume" : 27418.00
  }, {
    "date" : "2024-12-12",
    "price" : 984.85,
    "dma50" : 997.87,
    "dma100" : null,
    "dma200" : 959.66,
    "volume" : 8877.00
  }, {
    "date" : "2024-12-13",
    "price" : 992.35,
    "dma50" : 997.66,
    "dma100" : null,
    "dma200" : 959.99,
    "volume" : 9822.00
  }, {
    "date" : "2024-12-16",
    "price" : 983.25,
    "dma50" : 997.09,
    "dma100" : null,
    "dma200" : 960.22,
    "volume" : 7602.00
  }, {
    "date" : "2024-12-17",
    "price" : 967.95,
    "dma50" : 995.95,
    "dma100" : null,
    "dma200" : 960.29,
    "volume" : 13685.00
  }, {
    "date" : "2024-12-18",
    "price" : 993.65,
    "dma50" : 995.86,
    "dma100" : null,
    "dma200" : 960.63,
    "volume" : 15364.00
  }, {
    "date" : "2024-12-19",
    "price" : 977.15,
    "dma50" : 995.12,
    "dma100" : null,
    "dma200" : 960.79,
    "volume" : 5264.00
  }, {
    "date" : "2024-12-20",
    "price" : 947.90,
    "dma50" : 993.27,
    "dma100" : null,
    "dma200" : 960.66,
    "volume" : 7862.00
  }, {
    "date" : "2024-12-23",
    "price" : 933.15,
    "dma50" : 990.91,
    "dma100" : null,
    "dma200" : 960.39,
    "volume" : 10198.00
  }, {
    "date" : "2024-12-24",
    "price" : 972.55,
    "dma50" : 990.19,
    "dma100" : null,
    "dma200" : 960.51,
    "volume" : 10164.00
  }, {
    "date" : "2024-12-26",
    "price" : 973.65,
    "dma50" : 989.55,
    "dma100" : null,
    "dma200" : 960.64,
    "volume" : 6069.00
  }, {
    "date" : "2024-12-27",
    "price" : 973.25,
    "dma50" : 988.91,
    "dma100" : null,
    "dma200" : 960.77,
    "volume" : 9296.00
  }, {
    "date" : "2024-12-30",
    "price" : 944.60,
    "dma50" : 987.17,
    "dma100" : null,
    "dma200" : 960.60,
    "volume" : 6701.00
  }, {
    "date" : "2024-12-31",
    "price" : 951.80,
    "dma50" : 985.78,
    "dma100" : null,
    "dma200" : 960.52,
    "volume" : 6950.00
  }, {
    "date" : "2025-01-01",
    "price" : 973.15,
    "dma50" : 985.29,
    "dma100" : null,
    "dma200" : 960.64,
    "volume" : 3796.00
  }, {
    "date" : "2025-01-02",
    "price" : 993.25,
    "dma50" : 985.60,
    "dma100" : null,
    "dma200" : 960.97,
    "volume" : 28923.00
  }, {
    "date" : "2025-01-03",
    "price" : 978.85,
    "dma50" : 985.33,
    "dma100" : null,
    "dma200" : 961.15,
    "volume" : 8707.00
  }, {
    "date" : "2025-01-06",
    "price" : 962.60,
    "dma50" : 984.44,
    "dma100" : null,
    "dma200" : 961.16,
    "volume" : 18367.00
  }, {
    "date" : "2025-01-07",
    "price" : 1030.45,
    "dma50" : 986.25,
    "dma100" : null,
    "dma200" : 961.85,
    "volume" : 23523.00
  }, {
    "date" : "2025-01-08",
    "price" : 1031.80,
    "dma50" : 988.03,
    "dma100" : null,
    "dma200" : 962.54,
    "volume" : 13873.00
  }, {
    "date" : "2025-01-09",
    "price" : 1045.45,
    "dma50" : 990.28,
    "dma100" : null,
    "dma200" : 963.37,
    "volume" : 53260.00
  }, {
    "date" : "2025-01-10",
    "price" : 1027.35,
    "dma50" : 991.74,
    "dma100" : null,
    "dma200" : 964.01,
    "volume" : 19017.00
  }, {
    "date" : "2025-01-13",
    "price" : 967.20,
    "dma50" : 990.78,
    "dma100" : null,
    "dma200" : 964.04,
    "volume" : 35685.00
  }, {
    "date" : "2025-01-14",
    "price" : 987.10,
    "dma50" : 990.63,
    "dma100" : null,
    "dma200" : 964.27,
    "volume" : 12711.00
  }, {
    "date" : "2025-01-15",
    "price" : 983.00,
    "dma50" : 990.33,
    "dma100" : null,
    "dma200" : 964.45,
    "volume" : 6663.00
  }, {
    "date" : "2025-01-16",
    "price" : 1050.35,
    "dma50" : 992.69,
    "dma100" : null,
    "dma200" : 965.31,
    "volume" : 24750.00
  }, {
    "date" : "2025-01-17",
    "price" : 1059.85,
    "dma50" : 995.32,
    "dma100" : null,
    "dma200" : 966.25,
    "volume" : 14705.00
  }, {
    "date" : "2025-01-20",
    "price" : 1049.80,
    "dma50" : 997.46,
    "dma100" : null,
    "dma200" : 967.08,
    "volume" : 13792.00
  }, {
    "date" : "2025-01-21",
    "price" : 1059.25,
    "dma50" : 999.88,
    "dma100" : null,
    "dma200" : 968.00,
    "volume" : 41764.00
  }, {
    "date" : "2025-01-22",
    "price" : 1069.45,
    "dma50" : 1002.61,
    "dma100" : null,
    "dma200" : 969.01,
    "volume" : 41595.00
  }, {
    "date" : "2025-01-23",
    "price" : 986.85,
    "dma50" : 1001.99,
    "dma100" : null,
    "dma200" : 969.19,
    "volume" : 61478.00
  }, {
    "date" : "2025-01-24",
    "price" : 962.95,
    "dma50" : 1000.46,
    "dma100" : null,
    "dma200" : 969.12,
    "volume" : 24379.00
  }, {
    "date" : "2025-01-27",
    "price" : 887.90,
    "dma50" : 996.05,
    "dma100" : null,
    "dma200" : 968.31,
    "volume" : 90336.00
  }, {
    "date" : "2025-01-28",
    "price" : 923.80,
    "dma50" : 993.21,
    "dma100" : null,
    "dma200" : 967.87,
    "volume" : 50978.00
  }, {
    "date" : "2025-01-29",
    "price" : 908.95,
    "dma50" : 989.91,
    "dma100" : null,
    "dma200" : 967.29,
    "volume" : 21131.00
  }, {
    "date" : "2025-01-30",
    "price" : 927.40,
    "dma50" : 987.46,
    "dma100" : null,
    "dma200" : 966.89,
    "volume" : 14199.00
  }, {
    "date" : "2025-01-31",
    "price" : 958.70,
    "dma50" : 986.33,
    "dma100" : null,
    "dma200" : 966.81,
    "volume" : 8404.00
  }, {
    "date" : "2025-02-01",
    "price" : 936.00,
    "dma50" : 984.35,
    "dma100" : null,
    "dma200" : 966.50,
    "volume" : 5507.00
  }, {
    "date" : "2025-02-03",
    "price" : 962.35,
    "dma50" : 983.49,
    "dma100" : null,
    "dma200" : 966.46,
    "volume" : 18044.00
  }, {
    "date" : "2025-02-04",
    "price" : 973.55,
    "dma50" : 983.10,
    "dma100" : null,
    "dma200" : 966.53,
    "volume" : 11789.00
  }, {
    "date" : "2025-02-05",
    "price" : 986.75,
    "dma50" : 983.25,
    "dma100" : null,
    "dma200" : 966.73,
    "volume" : 7636.00
  }, {
    "date" : "2025-02-06",
    "price" : 968.40,
    "dma50" : 982.66,
    "dma100" : null,
    "dma200" : 966.75,
    "volume" : 11281.00
  }, {
    "date" : "2025-02-07",
    "price" : 966.10,
    "dma50" : 982.01,
    "dma100" : null,
    "dma200" : 966.74,
    "volume" : 13767.00
  }, {
    "date" : "2025-02-10",
    "price" : 950.90,
    "dma50" : 980.79,
    "dma100" : null,
    "dma200" : 966.58,
    "volume" : 6757.00
  }, {
    "date" : "2025-02-11",
    "price" : 950.80,
    "dma50" : 979.62,
    "dma100" : null,
    "dma200" : 966.43,
    "volume" : 18856.00
  }, {
    "date" : "2025-02-12",
    "price" : 955.60,
    "dma50" : 978.68,
    "dma100" : null,
    "dma200" : 966.32,
    "volume" : 14038.00
  }, {
    "date" : "2025-02-13",
    "price" : 965.75,
    "dma50" : 978.17,
    "dma100" : null,
    "dma200" : 966.31,
    "volume" : 7204.00
  }, {
    "date" : "2025-02-14",
    "price" : 954.95,
    "dma50" : 977.26,
    "dma100" : null,
    "dma200" : 966.20,
    "volume" : 9659.00
  }, {
    "date" : "2025-02-17",
    "price" : 948.00,
    "dma50" : 976.11,
    "dma100" : null,
    "dma200" : 966.02,
    "volume" : 16951.00
  }, {
    "date" : "2025-02-18",
    "price" : 904.50,
    "dma50" : 973.30,
    "dma100" : null,
    "dma200" : 965.41,
    "volume" : 25228.00
  }, {
    "date" : "2025-02-19",
    "price" : 905.70,
    "dma50" : 970.65,
    "dma100" : null,
    "dma200" : 964.81,
    "volume" : 13374.00
  }, {
    "date" : "2025-02-20",
    "price" : 927.70,
    "dma50" : 968.97,
    "dma100" : null,
    "dma200" : 964.44,
    "volume" : 28265.00
  }, {
    "date" : "2025-02-21",
    "price" : 944.50,
    "dma50" : 968.01,
    "dma100" : null,
    "dma200" : 964.25,
    "volume" : 15467.00
  }, {
    "date" : "2025-02-24",
    "price" : 951.95,
    "dma50" : 967.38,
    "dma100" : null,
    "dma200" : 964.12,
    "volume" : 29212.00
  }, {
    "date" : "2025-02-25",
    "price" : 947.45,
    "dma50" : 966.60,
    "dma100" : null,
    "dma200" : 963.96,
    "volume" : 21601.00
  }, {
    "date" : "2025-02-27",
    "price" : 938.05,
    "dma50" : 965.48,
    "dma100" : null,
    "dma200" : 963.70,
    "volume" : 7402.00
  }, {
    "date" : "2025-02-28",
    "price" : 891.10,
    "dma50" : 962.56,
    "dma100" : null,
    "dma200" : 962.98,
    "volume" : 16352.00
  }, {
    "date" : "2025-03-03",
    "price" : 909.80,
    "dma50" : 960.49,
    "dma100" : null,
    "dma200" : 962.45,
    "volume" : 26267.00
  }, {
    "date" : "2025-03-04",
    "price" : 936.80,
    "dma50" : 959.56,
    "dma100" : null,
    "dma200" : 962.19,
    "volume" : 21466.00
  }, {
    "date" : "2025-03-05",
    "price" : 946.20,
    "dma50" : 959.04,
    "dma100" : null,
    "dma200" : 962.03,
    "volume" : 14415.00
  }, {
    "date" : "2025-03-06",
    "price" : 950.60,
    "dma50" : 958.71,
    "dma100" : null,
    "dma200" : 961.92,
    "volume" : 8202.00
  }, {
    "date" : "2025-03-07",
    "price" : 948.25,
    "dma50" : 958.30,
    "dma100" : null,
    "dma200" : 961.78,
    "volume" : 9620.00
  }, {
    "date" : "2025-03-10",
    "price" : 903.65,
    "dma50" : 956.15,
    "dma100" : null,
    "dma200" : 961.21,
    "volume" : 14352.00
  }, {
    "date" : "2025-03-11",
    "price" : 921.50,
    "dma50" : 954.79,
    "dma100" : null,
    "dma200" : 960.81,
    "volume" : 8473.00
  }, {
    "date" : "2025-03-12",
    "price" : 912.20,
    "dma50" : 953.12,
    "dma100" : null,
    "dma200" : 960.33,
    "volume" : 12421.00
  }, {
    "date" : "2025-03-13",
    "price" : 908.30,
    "dma50" : 951.37,
    "dma100" : null,
    "dma200" : 959.81,
    "volume" : 9657.00
  }, {
    "date" : "2025-03-17",
    "price" : 906.35,
    "dma50" : 949.60,
    "dma100" : null,
    "dma200" : 959.28,
    "volume" : 17143.00
  }, {
    "date" : "2025-03-18",
    "price" : 943.80,
    "dma50" : 949.37,
    "dma100" : null,
    "dma200" : 959.12,
    "volume" : 26103.00
  }, {
    "date" : "2025-03-19",
    "price" : 952.15,
    "dma50" : 949.48,
    "dma100" : null,
    "dma200" : 959.05,
    "volume" : 14610.00
  }, {
    "date" : "2025-03-20",
    "price" : 951.00,
    "dma50" : 949.54,
    "dma100" : null,
    "dma200" : 958.97,
    "volume" : 5978.00
  }, {
    "date" : "2025-03-21",
    "price" : 951.00,
    "dma50" : 949.60,
    "dma100" : null,
    "dma200" : 958.89,
    "volume" : 11731.00
  }, {
    "date" : "2025-03-24",
    "price" : 974.30,
    "dma50" : 950.57,
    "dma100" : null,
    "dma200" : 959.05,
    "volume" : 11157.00
  }, {
    "date" : "2025-03-25",
    "price" : 955.60,
    "dma50" : 950.77,
    "dma100" : null,
    "dma200" : 959.01,
    "volume" : 8896.00
  }, {
    "date" : "2025-03-26",
    "price" : 929.20,
    "dma50" : 949.92,
    "dma100" : null,
    "dma200" : 958.72,
    "volume" : 23009.00
  }, {
    "date" : "2025-03-27",
    "price" : 949.90,
    "dma50" : 949.92,
    "dma100" : null,
    "dma200" : 958.63,
    "volume" : 9114.00
  }, {
    "date" : "2025-03-28",
    "price" : 940.60,
    "dma50" : 949.55,
    "dma100" : null,
    "dma200" : 958.45,
    "volume" : 7715.00
  }, {
    "date" : "2025-04-01",
    "price" : 972.90,
    "dma50" : 950.47,
    "dma100" : null,
    "dma200" : 958.59,
    "volume" : 11367.00
  }, {
    "date" : "2025-04-02",
    "price" : 984.40,
    "dma50" : 951.80,
    "dma100" : null,
    "dma200" : 958.85,
    "volume" : 7787.00
  }, {
    "date" : "2025-04-03",
    "price" : 958.20,
    "dma50" : 952.05,
    "dma100" : null,
    "dma200" : 958.84,
    "volume" : 15739.00
  }, {
    "date" : "2025-04-04",
    "price" : 970.70,
    "dma50" : 952.78,
    "dma100" : null,
    "dma200" : 958.96,
    "volume" : 9510.00
  }, {
    "date" : "2025-04-07",
    "price" : 901.00,
    "dma50" : 950.75,
    "dma100" : null,
    "dma200" : 958.38,
    "volume" : 20144.00
  }, {
    "date" : "2025-04-08",
    "price" : 930.70,
    "dma50" : 949.96,
    "dma100" : null,
    "dma200" : 958.11,
    "volume" : 7187.00
  }, {
    "date" : "2025-04-09",
    "price" : 944.75,
    "dma50" : 949.76,
    "dma100" : null,
    "dma200" : 957.98,
    "volume" : 5047.00
  }, {
    "date" : "2025-04-11",
    "price" : 937.65,
    "dma50" : 949.29,
    "dma100" : null,
    "dma200" : 957.77,
    "volume" : 4757.00
  }, {
    "date" : "2025-04-15",
    "price" : 956.30,
    "dma50" : 949.56,
    "dma100" : null,
    "dma200" : 957.76,
    "volume" : 3868.00
  }, {
    "date" : "2025-04-16",
    "price" : 960.35,
    "dma50" : 949.98,
    "dma100" : null,
    "dma200" : 957.78,
    "volume" : 6690.00
  }, {
    "date" : "2025-04-17",
    "price" : 957.35,
    "dma50" : 950.27,
    "dma100" : null,
    "dma200" : 957.78,
    "volume" : 8749.00
  }, {
    "date" : "2025-04-21",
    "price" : 958.85,
    "dma50" : 950.61,
    "dma100" : null,
    "dma200" : 957.79,
    "volume" : 9419.00
  }, {
    "date" : "2025-04-22",
    "price" : 963.20,
    "dma50" : 951.10,
    "dma100" : null,
    "dma200" : 957.85,
    "volume" : 7531.00
  }, {
    "date" : "2025-04-23",
    "price" : 973.80,
    "dma50" : 951.99,
    "dma100" : null,
    "dma200" : 958.00,
    "volume" : 5313.00
  }, {
    "date" : "2025-04-24",
    "price" : 966.85,
    "dma50" : 952.58,
    "dma100" : null,
    "dma200" : 958.09,
    "volume" : 15225.00
  }, {
    "date" : "2025-04-25",
    "price" : 961.55,
    "dma50" : 952.93,
    "dma100" : null,
    "dma200" : 958.13,
    "volume" : 27036.00
  }, {
    "date" : "2025-04-28",
    "price" : 961.80,
    "dma50" : 953.28,
    "dma100" : null,
    "dma200" : 958.16,
    "volume" : 6682.00
  }, {
    "date" : "2025-04-29",
    "price" : 962.75,
    "dma50" : 953.65,
    "dma100" : 963.23,
    "dma200" : 958.21,
    "volume" : 3185.00
  }, {
    "date" : "2025-04-30",
    "price" : 952.30,
    "dma50" : 953.59,
    "dma100" : 962.54,
    "dma200" : 958.15,
    "volume" : 9563.00
  }, {
    "date" : "2025-05-02",
    "price" : 968.60,
    "dma50" : 954.18,
    "dma100" : 962.23,
    "dma200" : 958.25,
    "volume" : 7707.00
  }, {
    "date" : "2025-05-05",
    "price" : 962.85,
    "dma50" : 954.52,
    "dma100" : 961.93,
    "dma200" : 958.30,
    "volume" : 7134.00
  }, {
    "date" : "2025-05-06",
    "price" : 959.15,
    "dma50" : 954.70,
    "dma100" : 961.59,
    "dma200" : 958.31,
    "volume" : 5918.00
  }, {
    "date" : "2025-05-07",
    "price" : 933.30,
    "dma50" : 953.86,
    "dma100" : 961.22,
    "dma200" : 958.06,
    "volume" : 12779.00
  }, {
    "date" : "2025-05-08",
    "price" : 929.80,
    "dma50" : 952.92,
    "dma100" : 960.62,
    "dma200" : 957.78,
    "volume" : 8906.00
  }, {
    "date" : "2025-05-09",
    "price" : 937.70,
    "dma50" : 952.32,
    "dma100" : 960.10,
    "dma200" : 957.58,
    "volume" : 9391.00
  }, {
    "date" : "2025-05-12",
    "price" : 967.25,
    "dma50" : 952.91,
    "dma100" : 959.92,
    "dma200" : 957.67,
    "volume" : 8495.00
  }, {
    "date" : "2025-05-13",
    "price" : 961.10,
    "dma50" : 953.23,
    "dma100" : 959.61,
    "dma200" : 957.71,
    "volume" : 3966.00
  }, {
    "date" : "2025-05-14",
    "price" : 962.45,
    "dma50" : 953.59,
    "dma100" : 959.40,
    "dma200" : 957.76,
    "volume" : 24754.00
  }, {
    "date" : "2025-05-15",
    "price" : 959.50,
    "dma50" : 953.82,
    "dma100" : 959.32,
    "dma200" : 957.77,
    "volume" : 27089.00
  }, {
    "date" : "2025-05-16",
    "price" : 960.70,
    "dma50" : 954.09,
    "dma100" : 958.99,
    "dma200" : 957.80,
    "volume" : 13783.00
  }, {
    "date" : "2025-05-19",
    "price" : 969.90,
    "dma50" : 954.71,
    "dma100" : 958.91,
    "dma200" : 957.92,
    "volume" : 12057.00
  }, {
    "date" : "2025-05-20",
    "price" : 966.85,
    "dma50" : 955.19,
    "dma100" : 959.10,
    "dma200" : 958.01,
    "volume" : 15419.00
  }, {
    "date" : "2025-05-21",
    "price" : 962.95,
    "dma50" : 955.49,
    "dma100" : 959.40,
    "dma200" : 958.06,
    "volume" : 5708.00
  }, {
    "date" : "2025-05-22",
    "price" : 938.35,
    "dma50" : 954.82,
    "dma100" : 959.06,
    "dma200" : 957.86,
    "volume" : 23803.00
  }, {
    "date" : "2025-05-23",
    "price" : 937.55,
    "dma50" : 954.14,
    "dma100" : 958.70,
    "dma200" : 957.66,
    "volume" : 8166.00
  }, {
    "date" : "2025-05-26",
    "price" : 943.80,
    "dma50" : 953.74,
    "dma100" : 958.40,
    "dma200" : 957.52,
    "volume" : 6088.00
  }, {
    "date" : "2025-05-27",
    "price" : 936.80,
    "dma50" : 953.07,
    "dma100" : 958.33,
    "dma200" : 957.32,
    "volume" : 5308.00
  }, {
    "date" : "2025-05-28",
    "price" : 918.85,
    "dma50" : 951.73,
    "dma100" : 958.00,
    "dma200" : 956.94,
    "volume" : 16856.00
  }, {
    "date" : "2025-05-29",
    "price" : 909.40,
    "dma50" : 950.07,
    "dma100" : 957.36,
    "dma200" : 956.46,
    "volume" : 40855.00
  }, {
    "date" : "2025-05-30",
    "price" : 922.60,
    "dma50" : 948.99,
    "dma100" : 956.65,
    "dma200" : 956.13,
    "volume" : 12910.00
  }, {
    "date" : "2025-06-02",
    "price" : 905.40,
    "dma50" : 947.28,
    "dma100" : 955.92,
    "dma200" : 955.62,
    "volume" : 10508.00
  }, {
    "date" : "2025-06-03",
    "price" : 914.15,
    "dma50" : 945.99,
    "dma100" : 955.43,
    "dma200" : 955.21,
    "volume" : 6154.00
  }, {
    "date" : "2025-06-04",
    "price" : 910.35,
    "dma50" : 944.59,
    "dma100" : 954.23,
    "dma200" : 954.76,
    "volume" : 6076.00
  }, {
    "date" : "2025-06-05",
    "price" : 911.95,
    "dma50" : 943.31,
    "dma100" : 953.03,
    "dma200" : 954.34,
    "volume" : 7339.00
  }, {
    "date" : "2025-06-06",
    "price" : 904.75,
    "dma50" : 941.80,
    "dma100" : 951.63,
    "dma200" : 953.84,
    "volume" : 7277.00
  }, {
    "date" : "2025-06-09",
    "price" : 913.30,
    "dma50" : 940.68,
    "dma100" : 950.49,
    "dma200" : 953.44,
    "volume" : 9599.00
  }, {
    "date" : "2025-06-10",
    "price" : 910.70,
    "dma50" : 939.50,
    "dma100" : 949.92,
    "dma200" : 953.01,
    "volume" : 13301.00
  }, {
    "date" : "2025-06-11",
    "price" : 920.65,
    "dma50" : 938.76,
    "dma100" : 949.26,
    "dma200" : 952.69,
    "volume" : 24961.00
  }, {
    "date" : "2025-06-12",
    "price" : 902.65,
    "dma50" : 937.35,
    "dma100" : 948.45,
    "dma200" : 952.19,
    "volume" : 11731.00
  }, {
    "date" : "2025-06-13",
    "price" : 910.15,
    "dma50" : 936.28,
    "dma100" : 947.05,
    "dma200" : 951.78,
    "volume" : 9819.00
  }, {
    "date" : "2025-06-16",
    "price" : 914.70,
    "dma50" : 935.43,
    "dma100" : 945.60,
    "dma200" : 951.41,
    "volume" : 6540.00
  }, {
    "date" : "2025-06-17",
    "price" : 915.70,
    "dma50" : 934.66,
    "dma100" : 944.26,
    "dma200" : 951.05,
    "volume" : 4837.00
  }, {
    "date" : "2025-06-18",
    "price" : 908.35,
    "dma50" : 933.63,
    "dma100" : 942.75,
    "dma200" : 950.63,
    "volume" : 4088.00
  }, {
    "date" : "2025-06-19",
    "price" : 901.50,
    "dma50" : 932.37,
    "dma100" : 941.07,
    "dma200" : 950.14,
    "volume" : 4209.00
  }, {
    "date" : "2025-06-20",
    "price" : 905.20,
    "dma50" : 931.30,
    "dma100" : 940.25,
    "dma200" : 949.69,
    "volume" : 5114.00
  }, {
    "date" : "2025-06-23",
    "price" : 916.75,
    "dma50" : 930.73,
    "dma100" : 939.79,
    "dma200" : 949.36,
    "volume" : 9484.00
  }, {
    "date" : "2025-06-24",
    "price" : 917.40,
    "dma50" : 930.21,
    "dma100" : 940.09,
    "dma200" : 949.04,
    "volume" : 3263.00
  }, {
    "date" : "2025-06-25",
    "price" : 921.40,
    "dma50" : 929.86,
    "dma100" : 940.06,
    "dma200" : 948.77,
    "volume" : 3171.00
  }, {
    "date" : "2025-06-26",
    "price" : 923.00,
    "dma50" : 929.60,
    "dma100" : 940.20,
    "dma200" : 948.51,
    "volume" : 5647.00
  }, {
    "date" : "2025-06-27",
    "price" : 916.90,
    "dma50" : 929.10,
    "dma100" : 940.10,
    "dma200" : 948.20,
    "volume" : 7895.00
  }, {
    "date" : "2025-06-30",
    "price" : 926.05,
    "dma50" : 928.98,
    "dma100" : 939.77,
    "dma200" : 947.98,
    "volume" : 4428.00
  }, {
    "date" : "2025-07-01",
    "price" : 918.95,
    "dma50" : 928.58,
    "dma100" : 939.60,
    "dma200" : 947.69,
    "volume" : 3648.00
  }, {
    "date" : "2025-07-02",
    "price" : 924.55,
    "dma50" : 928.43,
    "dma100" : 939.22,
    "dma200" : 947.46,
    "volume" : 4146.00
  }, {
    "date" : "2025-07-03",
    "price" : 921.95,
    "dma50" : 928.17,
    "dma100" : 938.71,
    "dma200" : 947.21,
    "volume" : 5801.00
  }, {
    "date" : "2025-07-04",
    "price" : 928.65,
    "dma50" : 928.19,
    "dma100" : 938.13,
    "dma200" : 947.02,
    "volume" : 5996.00
  }, {
    "date" : "2025-07-07",
    "price" : 928.10,
    "dma50" : 928.19,
    "dma100" : 937.72,
    "dma200" : 946.83,
    "volume" : 7088.00
  }, {
    "date" : "2025-07-08",
    "price" : 953.05,
    "dma50" : 929.16,
    "dma100" : 937.59,
    "dma200" : 946.89,
    "volume" : 28374.00
  }, {
    "date" : "2025-07-09",
    "price" : 946.30,
    "dma50" : 929.83,
    "dma100" : 937.55,
    "dma200" : 946.89,
    "volume" : 9275.00
  }, {
    "date" : "2025-07-10",
    "price" : 945.40,
    "dma50" : 930.45,
    "dma100" : 937.49,
    "dma200" : 946.87,
    "volume" : 9398.00
  }, {
    "date" : "2025-07-11",
    "price" : 949.75,
    "dma50" : 931.20,
    "dma100" : 937.43,
    "dma200" : 946.90,
    "volume" : 3698.00
  }, {
    "date" : "2025-07-14",
    "price" : 950.85,
    "dma50" : 931.97,
    "dma100" : 937.28,
    "dma200" : 946.94,
    "volume" : 5963.00
  }, {
    "date" : "2025-07-15",
    "price" : 962.35,
    "dma50" : 933.16,
    "dma100" : 937.36,
    "dma200" : 947.09,
    "volume" : 8281.00
  }, {
    "date" : "2025-07-16",
    "price" : 957.30,
    "dma50" : 934.11,
    "dma100" : 937.45,
    "dma200" : 947.20,
    "volume" : 9859.00
  }, {
    "date" : "2025-07-17",
    "price" : 957.35,
    "dma50" : 935.02,
    "dma100" : 937.98,
    "dma200" : 947.30,
    "volume" : 3911.00
  }, {
    "date" : "2025-07-18",
    "price" : 954.20,
    "dma50" : 935.77,
    "dma100" : 938.47,
    "dma200" : 947.37,
    "volume" : 7698.00
  }, {
    "date" : "2025-07-21",
    "price" : 956.80,
    "dma50" : 936.60,
    "dma100" : 938.76,
    "dma200" : 947.46,
    "volume" : 5502.00
  }, {
    "date" : "2025-07-22",
    "price" : 961.30,
    "dma50" : 937.57,
    "dma100" : 938.92,
    "dma200" : 947.60,
    "volume" : 9290.00
  }, {
    "date" : "2025-07-23",
    "price" : 970.45,
    "dma50" : 938.86,
    "dma100" : 939.11,
    "dma200" : 947.82,
    "volume" : 4153.00
  }, {
    "date" : "2025-07-24",
    "price" : 979.40,
    "dma50" : 940.45,
    "dma100" : 939.43,
    "dma200" : 948.14,
    "volume" : 10105.00
  }, {
    "date" : "2025-07-25",
    "price" : 994.95,
    "dma50" : 942.58,
    "dma100" : 940.00,
    "dma200" : 948.60,
    "volume" : 17004.00
  }, {
    "date" : "2025-07-28",
    "price" : 990.05,
    "dma50" : 944.45,
    "dma100" : 940.99,
    "dma200" : 949.02,
    "volume" : 57986.00
  }, {
    "date" : "2025-07-29",
    "price" : 1013.75,
    "dma50" : 947.16,
    "dma100" : 942.03,
    "dma200" : 949.66,
    "volume" : 21141.00
  }, {
    "date" : "2025-07-30",
    "price" : 1047.10,
    "dma50" : 951.08,
    "dma100" : 943.13,
    "dma200" : 950.63,
    "volume" : 43659.00
  }, {
    "date" : "2025-07-31",
    "price" : 995.25,
    "dma50" : 952.81,
    "dma100" : 943.62,
    "dma200" : 951.07,
    "volume" : 93521.00
  }, {
    "date" : "2025-08-01",
    "price" : 1029.10,
    "dma50" : 955.81,
    "dma100" : 944.41,
    "dma200" : 951.85,
    "volume" : 26544.00
  }, {
    "date" : "2025-08-04",
    "price" : 1060.30,
    "dma50" : 959.90,
    "dma100" : 945.53,
    "dma200" : 952.93,
    "volume" : 37239.00
  }, {
    "date" : "2025-08-05",
    "price" : 1069.40,
    "dma50" : 964.20,
    "dma100" : 947.18,
    "dma200" : 954.09,
    "volume" : 25541.00
  }, {
    "date" : "2025-08-06",
    "price" : 1066.40,
    "dma50" : 968.21,
    "dma100" : 948.63,
    "dma200" : 955.21,
    "volume" : 22200.00
  }, {
    "date" : "2025-08-07",
    "price" : 1070.60,
    "dma50" : 972.22,
    "dma100" : 950.22,
    "dma200" : 956.35,
    "volume" : 30796.00
  }, {
    "date" : "2025-08-08",
    "price" : 1047.30,
    "dma50" : 975.17,
    "dma100" : 951.61,
    "dma200" : 957.26,
    "volume" : 25488.00
  }, {
    "date" : "2025-08-11",
    "price" : 1045.05,
    "dma50" : 977.91,
    "dma100" : 952.99,
    "dma200" : 958.13,
    "volume" : 30864.00
  }, {
    "date" : "2025-08-12",
    "price" : 1022.85,
    "dma50" : 979.67,
    "dma100" : 953.78,
    "dma200" : 958.78,
    "volume" : 12243.00
  }, {
    "date" : "2025-08-13",
    "price" : 1031.50,
    "dma50" : 981.70,
    "dma100" : 954.58,
    "dma200" : 959.50,
    "volume" : 14550.00
  }, {
    "date" : "2025-08-14",
    "price" : 1019.35,
    "dma50" : 983.18,
    "dma100" : 955.26,
    "dma200" : 960.10,
    "volume" : 6453.00
  }, {
    "date" : "2025-08-18",
    "price" : 1008.30,
    "dma50" : 984.16,
    "dma100" : 955.83,
    "dma200" : 960.58,
    "volume" : 9497.00
  }, {
    "date" : "2025-08-19",
    "price" : 951.40,
    "dma50" : 982.88,
    "dma100" : 955.61,
    "dma200" : 960.48,
    "volume" : 38312.00
  }, {
    "date" : "2025-08-20",
    "price" : 957.90,
    "dma50" : 981.90,
    "dma100" : 955.63,
    "dma200" : 960.46,
    "volume" : 23481.00
  }, {
    "date" : "2025-08-21",
    "price" : 961.00,
    "dma50" : 981.08,
    "dma100" : 955.95,
    "dma200" : 960.46,
    "volume" : 5295.00
  }, {
    "date" : "2025-08-22",
    "price" : 962.25,
    "dma50" : 980.34,
    "dma100" : 956.07,
    "dma200" : 960.48,
    "volume" : 10287.00
  }, {
    "date" : "2025-08-25",
    "price" : 963.75,
    "dma50" : 979.69,
    "dma100" : 956.30,
    "dma200" : 960.51,
    "volume" : 6110.00
  }, {
    "date" : "2025-08-26",
    "price" : 953.90,
    "dma50" : 978.68,
    "dma100" : 956.11,
    "dma200" : 960.45,
    "volume" : 4682.00
  }, {
    "date" : "2025-08-28",
    "price" : 948.70,
    "dma50" : 977.50,
    "dma100" : 955.75,
    "dma200" : 960.33,
    "volume" : 6455.00
  }, {
    "date" : "2025-08-29",
    "price" : 970.75,
    "dma50" : 977.24,
    "dma100" : 955.88,
    "dma200" : 960.44,
    "volume" : 9307.00
  }, {
    "date" : "2025-09-01",
    "price" : 957.95,
    "dma50" : 976.48,
    "dma100" : 955.75,
    "dma200" : 960.41,
    "volume" : 8968.00
  }, {
    "date" : "2025-09-02",
    "price" : 949.40,
    "dma50" : 975.42,
    "dma100" : 956.24,
    "dma200" : 960.30,
    "volume" : 7276.00
  }, {
    "date" : "2025-09-03",
    "price" : 966.40,
    "dma50" : 975.07,
    "dma100" : 956.59,
    "dma200" : 960.36,
    "volume" : 11742.00
  }, {
    "date" : "2025-09-04",
    "price" : 961.20,
    "dma50" : 974.52,
    "dma100" : 956.76,
    "dma200" : 960.37,
    "volume" : 3383.00
  }, {
    "date" : "2025-09-05",
    "price" : 940.15,
    "dma50" : 973.17,
    "dma100" : 956.78,
    "dma200" : 960.17,
    "volume" : 9217.00
  }, {
    "date" : "2025-09-08",
    "price" : 933.45,
    "dma50" : 971.62,
    "dma100" : 956.55,
    "dma200" : 959.90,
    "volume" : 5296.00
  }, {
    "date" : "2025-09-09",
    "price" : 925.85,
    "dma50" : 969.82,
    "dma100" : 956.21,
    "dma200" : 959.56,
    "volume" : 5871.00
  }, {
    "date" : "2025-09-10",
    "price" : 981.00,
    "dma50" : 970.26,
    "dma100" : 956.45,
    "dma200" : 959.78,
    "volume" : 18622.00
  }, {
    "date" : "2025-09-11",
    "price" : 963.60,
    "dma50" : 970.00,
    "dma100" : 956.49,
    "dma200" : 959.82,
    "volume" : 8117.00
  }, {
    "date" : "2025-09-12",
    "price" : 942.00,
    "dma50" : 968.90,
    "dma100" : 956.28,
    "dma200" : 959.64,
    "volume" : 12118.00
  }, {
    "date" : "2025-09-15",
    "price" : 938.40,
    "dma50" : 967.70,
    "dma100" : 955.93,
    "dma200" : 959.43,
    "volume" : 4642.00
  }, {
    "date" : "2025-09-16",
    "price" : 943.75,
    "dma50" : 966.77,
    "dma100" : 955.70,
    "dma200" : 959.27,
    "volume" : 9892.00
  }, {
    "date" : "2025-09-17",
    "price" : 938.20,
    "dma50" : 965.65,
    "dma100" : 955.46,
    "dma200" : 959.06,
    "volume" : 3375.00
  }, {
    "date" : "2025-09-18",
    "price" : 922.30,
    "dma50" : 963.95,
    "dma100" : 955.07,
    "dma200" : 958.70,
    "volume" : 16508.00
  }, {
    "date" : "2025-09-19",
    "price" : 923.90,
    "dma50" : 962.37,
    "dma100" : 954.68,
    "dma200" : 958.35,
    "volume" : 4624.00
  }, {
    "date" : "2025-09-22",
    "price" : 923.35,
    "dma50" : 960.84,
    "dma100" : 954.39,
    "dma200" : 958.00,
    "volume" : 4235.00
  }, {
    "date" : "2025-09-23",
    "price" : 924.45,
    "dma50" : 959.42,
    "dma100" : 953.95,
    "dma200" : 957.67,
    "volume" : 2486.00
  }, {
    "date" : "2025-09-24",
    "price" : 918.35,
    "dma50" : 957.81,
    "dma100" : 953.50,
    "dma200" : 957.28,
    "volume" : 6172.00
  }, {
    "date" : "2025-09-25",
    "price" : 941.40,
    "dma50" : 957.16,
    "dma100" : 953.33,
    "dma200" : 957.12,
    "volume" : 11289.00
  }, {
    "date" : "2025-09-26",
    "price" : 923.65,
    "dma50" : 955.85,
    "dma100" : 953.23,
    "dma200" : 956.79,
    "volume" : 6554.00
  }, {
    "date" : "2025-09-29",
    "price" : 925.05,
    "dma50" : 954.64,
    "dma100" : 953.18,
    "dma200" : 956.47,
    "volume" : 5040.00
  }, {
    "date" : "2025-09-30",
    "price" : 936.85,
    "dma50" : 953.94,
    "dma100" : 953.17,
    "dma200" : 956.27,
    "volume" : 3147.00
  }, {
    "date" : "2025-10-01",
    "price" : 933.50,
    "dma50" : 953.14,
    "dma100" : 952.84,
    "dma200" : 956.05,
    "volume" : 3733.00
  }, {
    "date" : "2025-10-03",
    "price" : 915.55,
    "dma50" : 951.67,
    "dma100" : 952.38,
    "dma200" : 955.64,
    "volume" : 10158.00
  }, {
    "date" : "2025-10-06",
    "price" : 899.55,
    "dma50" : 949.62,
    "dma100" : 951.75,
    "dma200" : 955.09,
    "volume" : 11616.00
  }, {
    "date" : "2025-10-07",
    "price" : 890.25,
    "dma50" : 947.30,
    "dma100" : 951.06,
    "dma200" : 954.44,
    "volume" : 5023.00
  }, {
    "date" : "2025-10-08",
    "price" : 896.10,
    "dma50" : 945.29,
    "dma100" : 950.41,
    "dma200" : 953.86,
    "volume" : 5729.00
  }, {
    "date" : "2025-10-09",
    "price" : 886.15,
    "dma50" : 942.97,
    "dma100" : 949.57,
    "dma200" : 953.19,
    "volume" : 14039.00
  }, {
    "date" : "2025-10-10",
    "price" : 887.75,
    "dma50" : 940.80,
    "dma100" : 948.78,
    "dma200" : 952.54,
    "volume" : 51712.00
  }, {
    "date" : "2025-10-13",
    "price" : 870.20,
    "dma50" : 938.03,
    "dma100" : 947.86,
    "dma200" : 951.72,
    "volume" : 11180.00
  }, {
    "date" : "2025-10-14",
    "price" : 892.45,
    "dma50" : 936.25,
    "dma100" : 947.40,
    "dma200" : 951.13,
    "volume" : 8593.00
  }, {
    "date" : "2025-10-15",
    "price" : 894.20,
    "dma50" : 934.60,
    "dma100" : 946.96,
    "dma200" : 950.56,
    "volume" : 2621.00
  }, {
    "date" : "2025-10-16",
    "price" : 883.20,
    "dma50" : 932.58,
    "dma100" : 946.36,
    "dma200" : 949.89,
    "volume" : 4051.00
  }, {
    "date" : "2025-10-17",
    "price" : 867.20,
    "dma50" : 930.02,
    "dma100" : 945.66,
    "dma200" : 949.07,
    "volume" : 26635.00
  }, {
    "date" : "2025-10-20",
    "price" : 876.50,
    "dma50" : 927.92,
    "dma100" : 945.24,
    "dma200" : 948.35,
    "volume" : 4989.00
  }, {
    "date" : "2025-10-21",
    "price" : 896.65,
    "dma50" : 926.69,
    "dma100" : 945.11,
    "dma200" : 947.83,
    "volume" : 2624.00
  }, {
    "date" : "2025-10-23",
    "price" : 898.60,
    "dma50" : 925.59,
    "dma100" : 944.87,
    "dma200" : 947.34,
    "volume" : 4657.00
  }, {
    "date" : "2025-10-24",
    "price" : 889.15,
    "dma50" : 924.16,
    "dma100" : 944.71,
    "dma200" : 946.76,
    "volume" : 3904.00
  }, {
    "date" : "2025-10-27",
    "price" : 907.60,
    "dma50" : 923.51,
    "dma100" : 944.64,
    "dma200" : 946.37,
    "volume" : 33121.00
  }, {
    "date" : "2025-10-28",
    "price" : 911.10,
    "dma50" : 923.03,
    "dma100" : 944.65,
    "dma200" : 946.02,
    "volume" : 3334.00
  }, {
    "date" : "2025-10-29",
    "price" : 887.10,
    "dma50" : 921.62,
    "dma100" : 944.40,
    "dma200" : 945.44,
    "volume" : 8723.00
  }, {
    "date" : "2025-10-30",
    "price" : 878.35,
    "dma50" : 919.92,
    "dma100" : 944.14,
    "dma200" : 944.77,
    "volume" : 8423.00
  }, {
    "date" : "2025-10-31",
    "price" : 882.90,
    "dma50" : 918.47,
    "dma100" : 943.83,
    "dma200" : 944.15,
    "volume" : 22464.00
  }, {
    "date" : "2025-11-03",
    "price" : 892.50,
    "dma50" : 917.45,
    "dma100" : 943.65,
    "dma200" : 943.64,
    "volume" : 12794.00
  }, {
    "date" : "2025-11-04",
    "price" : 882.45,
    "dma50" : 916.08,
    "dma100" : 943.27,
    "dma200" : 943.03,
    "volume" : 4458.00
  }, {
    "date" : "2025-11-06",
    "price" : 884.30,
    "dma50" : 914.83,
    "dma100" : 943.09,
    "dma200" : 942.44,
    "volume" : 6594.00
  }, {
    "date" : "2025-11-07",
    "price" : 875.45,
    "dma50" : 913.29,
    "dma100" : 942.74,
    "dma200" : 941.78,
    "volume" : 6930.00
  }, {
    "date" : "2025-11-10",
    "price" : 892.50,
    "dma50" : 912.47,
    "dma100" : 942.52,
    "dma200" : 941.29,
    "volume" : 6433.00
  }, {
    "date" : "2025-11-11",
    "price" : 887.85,
    "dma50" : 911.51,
    "dma100" : 942.24,
    "dma200" : 940.76,
    "volume" : 5019.00
  }, {
    "date" : "2025-11-12",
    "price" : 899.30,
    "dma50" : 911.03,
    "dma100" : 942.15,
    "dma200" : 940.34,
    "volume" : 5068.00
  }, {
    "date" : "2025-11-13",
    "price" : 895.10,
    "dma50" : 910.40,
    "dma100" : 942.08,
    "dma200" : 939.89,
    "volume" : 1817.00
  }, {
    "date" : "2025-11-14",
    "price" : 869.80,
    "dma50" : 908.81,
    "dma100" : 941.73,
    "dma200" : 939.20,
    "volume" : 10266.00
  }, {
    "date" : "2025-11-17",
    "price" : 876.80,
    "dma50" : 907.56,
    "dma100" : 941.33,
    "dma200" : 938.58,
    "volume" : 3476.00
  }, {
    "date" : "2025-11-18",
    "price" : 874.55,
    "dma50" : 906.26,
    "dma100" : 940.90,
    "dma200" : 937.94,
    "volume" : 2441.00
  }, {
    "date" : "2025-11-19",
    "price" : 870.00,
    "dma50" : 904.84,
    "dma100" : 940.39,
    "dma200" : 937.26,
    "volume" : 5750.00
  }, {
    "date" : "2025-11-20",
    "price" : 874.70,
    "dma50" : 903.66,
    "dma100" : 939.91,
    "dma200" : 936.64,
    "volume" : 2918.00
  }, {
    "date" : "2025-11-21",
    "price" : 855.75,
    "dma50" : 901.78,
    "dma100" : 939.29,
    "dma200" : 935.83,
    "volume" : 4920.00
  }, {
    "date" : "2025-11-24",
    "price" : 832.95,
    "dma50" : 899.08,
    "dma100" : 938.36,
    "dma200" : 934.81,
    "volume" : 9413.00
  }, {
    "date" : "2025-11-25",
    "price" : 825.85,
    "dma50" : 896.21,
    "dma100" : 937.43,
    "dma200" : 933.73,
    "volume" : 8108.00
  }, {
    "date" : "2025-11-26",
    "price" : 828.30,
    "dma50" : 893.54,
    "dma100" : 936.47,
    "dma200" : 932.68,
    "volume" : 3730.00
  }, {
    "date" : "2025-11-27",
    "price" : 837.30,
    "dma50" : 891.34,
    "dma100" : 935.62,
    "dma200" : 931.73,
    "volume" : 4400.00
  }, {
    "date" : "2025-11-28",
    "price" : 847.85,
    "dma50" : 889.63,
    "dma100" : 934.82,
    "dma200" : 930.89,
    "volume" : 5148.00
  }, {
    "date" : "2025-12-01",
    "price" : 839.25,
    "dma50" : 887.66,
    "dma100" : 933.93,
    "dma200" : 929.98,
    "volume" : 3884.00
  } ],
  "latestTechnicalAttributes" : {
    "date" : "2025-12-01",
    "price" : 839.25,
    "dma50" : 887.66,
    "dma100" : 933.93,
    "dma200" : 929.98,
    "volume" : 3884.00
  },
  "quarterlyResults" : [ {
    "date" : "2005-03-31",
    "sales" : 16.11,
    "salesGrowthYoY" : null,
    "grossProfitMargin" : 100.00,
    "grossProfit" : 16.11,
    "operatingProfitMargin" : 27.13,
    "operatingProfit" : 4.37,
    "netProfitMargin" : 22.91,
    "netProfit" : 3.69
  }, {
    "date" : "2005-06-30",
    "sales" : 18.28,
    "salesGrowthYoY" : null,
    "grossProfitMargin" : 100.00,
    "grossProfit" : 18.28,
    "operatingProfitMargin" : 28.50,
    "operatingProfit" : 5.21,
    "netProfitMargin" : 21.66,
    "netProfit" : 3.96
  }, {
    "date" : "2005-09-30",
    "sales" : 23.96,
    "salesGrowthYoY" : null,
    "grossProfitMargin" : 100.00,
    "grossProfit" : 23.96,
    "operatingProfitMargin" : 29.13,
    "operatingProfit" : 6.98,
    "netProfitMargin" : 24.29,
    "netProfit" : 5.82
  }, {
    "date" : "2005-12-31",
    "sales" : 24.08,
    "salesGrowthYoY" : null,
    "grossProfitMargin" : 100.00,
    "grossProfit" : 24.08,
    "operatingProfitMargin" : 29.78,
    "operatingProfit" : 7.17,
    "netProfitMargin" : 23.01,
    "netProfit" : 5.54
  }, {
    "date" : "2006-03-31",
    "sales" : 25.93,
    "salesGrowthYoY" : 60.96,
    "grossProfitMargin" : 100.00,
    "grossProfit" : 25.93,
    "operatingProfitMargin" : 28.31,
    "operatingProfit" : 7.34,
    "netProfitMargin" : 24.37,
    "netProfit" : 6.32
  }, {
    "date" : "2006-06-30",
    "sales" : 27.66,
    "salesGrowthYoY" : 51.31,
    "grossProfitMargin" : 100.00,
    "grossProfit" : 27.66,
    "operatingProfitMargin" : 27.62,
    "operatingProfit" : 7.64,
    "netProfitMargin" : 24.51,
    "netProfit" : 6.78
  }, {
    "date" : "2006-09-30",
    "sales" : 30.83,
    "salesGrowthYoY" : 28.67,
    "grossProfitMargin" : 100.00,
    "grossProfit" : 30.83,
    "operatingProfitMargin" : 28.87,
    "operatingProfit" : 8.90,
    "netProfitMargin" : 24.04,
    "netProfit" : 7.41
  }, {
    "date" : "2006-12-31",
    "sales" : 27.23,
    "salesGrowthYoY" : 13.08,
    "grossProfitMargin" : 100.00,
    "grossProfit" : 27.23,
    "operatingProfitMargin" : 29.34,
    "operatingProfit" : 7.99,
    "netProfitMargin" : 25.56,
    "netProfit" : 6.96
  }, {
    "date" : "2007-03-31",
    "sales" : 27.56,
    "salesGrowthYoY" : 6.29,
    "grossProfitMargin" : 100.00,
    "grossProfit" : 27.56,
    "operatingProfitMargin" : 29.10,
    "operatingProfit" : 8.02,
    "netProfitMargin" : 25.36,
    "netProfit" : 6.99
  }, {
    "date" : "2007-06-30",
    "sales" : 25.90,
    "salesGrowthYoY" : -6.36,
    "grossProfitMargin" : 100.00,
    "grossProfit" : 25.90,
    "operatingProfitMargin" : 20.19,
    "operatingProfit" : 5.23,
    "netProfitMargin" : 17.64,
    "netProfit" : 4.57
  }, {
    "date" : "2007-09-30",
    "sales" : 28.15,
    "salesGrowthYoY" : -8.69,
    "grossProfitMargin" : 100.00,
    "grossProfit" : 28.15,
    "operatingProfitMargin" : -2.66,
    "operatingProfit" : -0.75,
    "netProfitMargin" : -6.29,
    "netProfit" : -1.77
  }, {
    "date" : "2007-12-31",
    "sales" : 23.01,
    "salesGrowthYoY" : -15.50,
    "grossProfitMargin" : 100.00,
    "grossProfit" : 23.01,
    "operatingProfitMargin" : -13.78,
    "operatingProfit" : -3.17,
    "netProfitMargin" : -29.38,
    "netProfit" : -6.76
  }, {
    "date" : "2008-03-31",
    "sales" : 19.68,
    "salesGrowthYoY" : -28.59,
    "grossProfitMargin" : 100.00,
    "grossProfit" : 19.68,
    "operatingProfitMargin" : -38.41,
    "operatingProfit" : -7.56,
    "netProfitMargin" : -41.26,
    "netProfit" : -8.12
  }, {
    "date" : "2008-06-30",
    "sales" : 19.26,
    "salesGrowthYoY" : -25.64,
    "grossProfitMargin" : 100.00,
    "grossProfit" : 19.26,
    "operatingProfitMargin" : -29.13,
    "operatingProfit" : -5.61,
    "netProfitMargin" : -31.57,
    "netProfit" : -6.08
  }, {
    "date" : "2008-09-30",
    "sales" : 23.30,
    "salesGrowthYoY" : -17.23,
    "grossProfitMargin" : 100.00,
    "grossProfit" : 23.30,
    "operatingProfitMargin" : -15.49,
    "operatingProfit" : -3.61,
    "netProfitMargin" : -13.26,
    "netProfit" : -3.09
  }, {
    "date" : "2008-12-31",
    "sales" : 25.88,
    "salesGrowthYoY" : 12.47,
    "grossProfitMargin" : 100.00,
    "grossProfit" : 25.88,
    "operatingProfitMargin" : -8.66,
    "operatingProfit" : -2.24,
    "netProfitMargin" : 5.80,
    "netProfit" : 1.50
  }, {
    "date" : "2009-03-31",
    "sales" : 28.05,
    "salesGrowthYoY" : 42.53,
    "grossProfitMargin" : 100.00,
    "grossProfit" : 28.05,
    "operatingProfitMargin" : -0.36,
    "operatingProfit" : -0.10,
    "netProfitMargin" : 1.53,
    "netProfit" : 0.43
  }, {
    "date" : "2009-06-30",
    "sales" : 25.95,
    "salesGrowthYoY" : 34.74,
    "grossProfitMargin" : 100.00,
    "grossProfit" : 25.95,
    "operatingProfitMargin" : -14.10,
    "operatingProfit" : -3.66,
    "netProfitMargin" : -14.07,
    "netProfit" : -3.65
  }, {
    "date" : "2009-09-30",
    "sales" : 31.57,
    "salesGrowthYoY" : 35.49,
    "grossProfitMargin" : 100.00,
    "grossProfit" : 31.57,
    "operatingProfitMargin" : -3.29,
    "operatingProfit" : -1.04,
    "netProfitMargin" : -7.95,
    "netProfit" : -2.51
  }, {
    "date" : "2009-12-31",
    "sales" : 31.25,
    "salesGrowthYoY" : 20.75,
    "grossProfitMargin" : 100.00,
    "grossProfit" : 31.25,
    "operatingProfitMargin" : -3.71,
    "operatingProfit" : -1.16,
    "netProfitMargin" : -2.21,
    "netProfit" : -0.69
  }, {
    "date" : "2010-03-31",
    "sales" : 33.31,
    "salesGrowthYoY" : 18.75,
    "grossProfitMargin" : 100.00,
    "grossProfit" : 33.31,
    "operatingProfitMargin" : -3.45,
    "operatingProfit" : -1.15,
    "netProfitMargin" : 0.12,
    "netProfit" : 0.04
  }, {
    "date" : "2010-06-30",
    "sales" : 34.04,
    "salesGrowthYoY" : 31.18,
    "grossProfitMargin" : 100.00,
    "grossProfit" : 34.04,
    "operatingProfitMargin" : -0.62,
    "operatingProfit" : -0.21,
    "netProfitMargin" : -3.35,
    "netProfit" : -1.14
  }, {
    "date" : "2010-09-30",
    "sales" : 37.32,
    "salesGrowthYoY" : 18.21,
    "grossProfitMargin" : 100.00,
    "grossProfit" : 37.32,
    "operatingProfitMargin" : 7.56,
    "operatingProfit" : 2.82,
    "netProfitMargin" : 1.58,
    "netProfit" : 0.59
  }, {
    "date" : "2010-12-31",
    "sales" : 36.52,
    "salesGrowthYoY" : 16.86,
    "grossProfitMargin" : 100.00,
    "grossProfit" : 36.52,
    "operatingProfitMargin" : 6.41,
    "operatingProfit" : 2.34,
    "netProfitMargin" : 1.70,
    "netProfit" : 0.62
  }, {
    "date" : "2011-03-31",
    "sales" : 33.67,
    "salesGrowthYoY" : 1.08,
    "grossProfitMargin" : 100.00,
    "grossProfit" : 33.67,
    "operatingProfitMargin" : -4.93,
    "operatingProfit" : -1.66,
    "netProfitMargin" : -11.88,
    "netProfit" : -4.00
  }, {
    "date" : "2011-06-30",
    "sales" : 30.44,
    "salesGrowthYoY" : -10.58,
    "grossProfitMargin" : 100.00,
    "grossProfit" : 30.44,
    "operatingProfitMargin" : -12.88,
    "operatingProfit" : -3.92,
    "netProfitMargin" : -19.25,
    "netProfit" : -5.86
  }, {
    "date" : "2011-09-30",
    "sales" : 31.61,
    "salesGrowthYoY" : -15.30,
    "grossProfitMargin" : 100.00,
    "grossProfit" : 31.61,
    "operatingProfitMargin" : -9.90,
    "operatingProfit" : -3.13,
    "netProfitMargin" : -13.35,
    "netProfit" : -4.22
  }, {
    "date" : "2011-12-31",
    "sales" : 31.42,
    "salesGrowthYoY" : -13.96,
    "grossProfitMargin" : 100.00,
    "grossProfit" : 31.42,
    "operatingProfitMargin" : -6.56,
    "operatingProfit" : -2.06,
    "netProfitMargin" : -11.39,
    "netProfit" : -3.58
  }, {
    "date" : "2012-03-31",
    "sales" : 31.24,
    "salesGrowthYoY" : -7.22,
    "grossProfitMargin" : 100.00,
    "grossProfit" : 31.24,
    "operatingProfitMargin" : 2.53,
    "operatingProfit" : 0.79,
    "netProfitMargin" : -3.36,
    "netProfit" : -1.05
  }, {
    "date" : "2012-06-30",
    "sales" : 30.80,
    "salesGrowthYoY" : 1.18,
    "grossProfitMargin" : 100.00,
    "grossProfit" : 30.80,
    "operatingProfitMargin" : 5.71,
    "operatingProfit" : 1.76,
    "netProfitMargin" : 3.80,
    "netProfit" : 1.17
  }, {
    "date" : "2012-09-30",
    "sales" : 27.71,
    "salesGrowthYoY" : -12.34,
    "grossProfitMargin" : 100.00,
    "grossProfit" : 27.71,
    "operatingProfitMargin" : 3.72,
    "operatingProfit" : 1.03,
    "netProfitMargin" : -3.14,
    "netProfit" : -0.87
  }, {
    "date" : "2012-12-31",
    "sales" : 24.26,
    "salesGrowthYoY" : -22.79,
    "grossProfitMargin" : 100.00,
    "grossProfit" : 24.26,
    "operatingProfitMargin" : -13.52,
    "operatingProfit" : -3.28,
    "netProfitMargin" : -17.64,
    "netProfit" : -4.28
  }, {
    "date" : "2013-03-31",
    "sales" : 24.71,
    "salesGrowthYoY" : -20.90,
    "grossProfitMargin" : 100.00,
    "grossProfit" : 24.71,
    "operatingProfitMargin" : 9.55,
    "operatingProfit" : 2.36,
    "netProfitMargin" : 2.63,
    "netProfit" : 0.65
  }, {
    "date" : "2013-06-30",
    "sales" : 26.44,
    "salesGrowthYoY" : -14.16,
    "grossProfitMargin" : 100.00,
    "grossProfit" : 26.44,
    "operatingProfitMargin" : 8.43,
    "operatingProfit" : 2.23,
    "netProfitMargin" : 9.30,
    "netProfit" : 2.46
  }, {
    "date" : "2013-09-30",
    "sales" : 28.40,
    "salesGrowthYoY" : 2.49,
    "grossProfitMargin" : 100.00,
    "grossProfit" : 28.40,
    "operatingProfitMargin" : 13.63,
    "operatingProfit" : 3.87,
    "netProfitMargin" : 5.74,
    "netProfit" : 1.63
  }, {
    "date" : "2013-12-31",
    "sales" : 26.96,
    "salesGrowthYoY" : 11.13,
    "grossProfitMargin" : 100.00,
    "grossProfit" : 26.96,
    "operatingProfitMargin" : 14.43,
    "operatingProfit" : 3.89,
    "netProfitMargin" : 10.24,
    "netProfit" : 2.76
  }, {
    "date" : "2014-03-31",
    "sales" : 24.94,
    "salesGrowthYoY" : 0.93,
    "grossProfitMargin" : 100.00,
    "grossProfit" : 24.94,
    "operatingProfitMargin" : 3.73,
    "operatingProfit" : 0.93,
    "netProfitMargin" : -5.69,
    "netProfit" : -1.42
  }, {
    "date" : "2014-06-30",
    "sales" : 24.27,
    "salesGrowthYoY" : -8.21,
    "grossProfitMargin" : 100.00,
    "grossProfit" : 24.27,
    "operatingProfitMargin" : 4.90,
    "operatingProfit" : 1.19,
    "netProfitMargin" : -1.03,
    "netProfit" : -0.25
  }, {
    "date" : "2014-09-30",
    "sales" : 23.68,
    "salesGrowthYoY" : -16.62,
    "grossProfitMargin" : 100.00,
    "grossProfit" : 23.68,
    "operatingProfitMargin" : -0.76,
    "operatingProfit" : -0.18,
    "netProfitMargin" : -5.07,
    "netProfit" : -1.20
  }, {
    "date" : "2014-12-31",
    "sales" : 24.69,
    "salesGrowthYoY" : -8.42,
    "grossProfitMargin" : 100.00,
    "grossProfit" : 24.69,
    "operatingProfitMargin" : 3.40,
    "operatingProfit" : 0.84,
    "netProfitMargin" : 0.24,
    "netProfit" : 0.06
  }, {
    "date" : "2015-03-31",
    "sales" : 24.83,
    "salesGrowthYoY" : -0.44,
    "grossProfitMargin" : 100.00,
    "grossProfit" : 24.83,
    "operatingProfitMargin" : 2.62,
    "operatingProfit" : 0.65,
    "netProfitMargin" : -1.41,
    "netProfit" : -0.35
  }, {
    "date" : "2015-06-30",
    "sales" : 25.78,
    "salesGrowthYoY" : 6.22,
    "grossProfitMargin" : 100.00,
    "grossProfit" : 25.78,
    "operatingProfitMargin" : 5.78,
    "operatingProfit" : 1.49,
    "netProfitMargin" : 3.14,
    "netProfit" : 0.81
  }, {
    "date" : "2015-09-30",
    "sales" : 27.41,
    "salesGrowthYoY" : 15.75,
    "grossProfitMargin" : 100.00,
    "grossProfit" : 27.41,
    "operatingProfitMargin" : 12.08,
    "operatingProfit" : 3.31,
    "netProfitMargin" : 16.82,
    "netProfit" : 4.61
  }, {
    "date" : "2015-12-31",
    "sales" : 27.40,
    "salesGrowthYoY" : 10.98,
    "grossProfitMargin" : 100.00,
    "grossProfit" : 27.40,
    "operatingProfitMargin" : 13.91,
    "operatingProfit" : 3.81,
    "netProfitMargin" : 10.84,
    "netProfit" : 2.97
  }, {
    "date" : "2016-03-31",
    "sales" : 27.77,
    "salesGrowthYoY" : 11.84,
    "grossProfitMargin" : 100.00,
    "grossProfit" : 27.77,
    "operatingProfitMargin" : 14.26,
    "operatingProfit" : 3.96,
    "netProfitMargin" : 3.93,
    "netProfit" : 1.09
  }, {
    "date" : "2016-06-30",
    "sales" : 26.44,
    "salesGrowthYoY" : 2.56,
    "grossProfitMargin" : 100.00,
    "grossProfit" : 26.44,
    "operatingProfitMargin" : 11.35,
    "operatingProfit" : 3.00,
    "netProfitMargin" : 14.56,
    "netProfit" : 3.85
  }, {
    "date" : "2016-09-30",
    "sales" : 28.28,
    "salesGrowthYoY" : 3.17,
    "grossProfitMargin" : 100.00,
    "grossProfit" : 28.28,
    "operatingProfitMargin" : 20.40,
    "operatingProfit" : 5.77,
    "netProfitMargin" : 19.84,
    "netProfit" : 5.61
  }, {
    "date" : "2016-12-31",
    "sales" : 30.49,
    "salesGrowthYoY" : 11.28,
    "grossProfitMargin" : 100.00,
    "grossProfit" : 30.49,
    "operatingProfitMargin" : 15.28,
    "operatingProfit" : 4.66,
    "netProfitMargin" : 20.56,
    "netProfit" : 6.27
  }, {
    "date" : "2017-03-31",
    "sales" : 31.00,
    "salesGrowthYoY" : 11.63,
    "grossProfitMargin" : 100.00,
    "grossProfit" : 31.00,
    "operatingProfitMargin" : 14.84,
    "operatingProfit" : 4.60,
    "netProfitMargin" : 21.97,
    "netProfit" : 6.81
  }, {
    "date" : "2017-06-30",
    "sales" : 30.21,
    "salesGrowthYoY" : 14.26,
    "grossProfitMargin" : 100.00,
    "grossProfit" : 30.21,
    "operatingProfitMargin" : 14.40,
    "operatingProfit" : 4.35,
    "netProfitMargin" : 20.75,
    "netProfit" : 6.27
  }, {
    "date" : "2017-09-30",
    "sales" : 31.26,
    "salesGrowthYoY" : 10.54,
    "grossProfitMargin" : 100.00,
    "grossProfit" : 31.26,
    "operatingProfitMargin" : 19.19,
    "operatingProfit" : 6.00,
    "netProfitMargin" : 23.22,
    "netProfit" : 7.26
  }, {
    "date" : "2017-12-31",
    "sales" : 33.48,
    "salesGrowthYoY" : 9.81,
    "grossProfitMargin" : 100.00,
    "grossProfit" : 33.48,
    "operatingProfitMargin" : 18.91,
    "operatingProfit" : 6.33,
    "netProfitMargin" : 20.97,
    "netProfit" : 7.02
  }, {
    "date" : "2018-03-31",
    "sales" : 33.84,
    "salesGrowthYoY" : 9.16,
    "grossProfitMargin" : 100.00,
    "grossProfit" : 33.84,
    "operatingProfitMargin" : 17.23,
    "operatingProfit" : 5.83,
    "netProfitMargin" : 23.88,
    "netProfit" : 8.08
  }, {
    "date" : "2018-06-30",
    "sales" : 34.28,
    "salesGrowthYoY" : 13.47,
    "grossProfitMargin" : 100.00,
    "grossProfit" : 34.28,
    "operatingProfitMargin" : 19.28,
    "operatingProfit" : 6.61,
    "netProfitMargin" : 15.58,
    "netProfit" : 5.34
  }, {
    "date" : "2018-09-30",
    "sales" : 37.77,
    "salesGrowthYoY" : 20.83,
    "grossProfitMargin" : 100.00,
    "grossProfit" : 37.77,
    "operatingProfitMargin" : 19.59,
    "operatingProfit" : 7.40,
    "netProfitMargin" : 15.54,
    "netProfit" : 5.87
  }, {
    "date" : "2018-12-31",
    "sales" : 39.63,
    "salesGrowthYoY" : 18.37,
    "grossProfitMargin" : 100.00,
    "grossProfit" : 39.63,
    "operatingProfitMargin" : 20.21,
    "operatingProfit" : 8.01,
    "netProfitMargin" : 15.82,
    "netProfit" : 6.27
  }, {
    "date" : "2019-03-31",
    "sales" : 41.49,
    "salesGrowthYoY" : 22.61,
    "grossProfitMargin" : 100.00,
    "grossProfit" : 41.49,
    "operatingProfitMargin" : 19.40,
    "operatingProfit" : 8.05,
    "netProfitMargin" : 3.86,
    "netProfit" : 1.60
  }, {
    "date" : "2019-06-30",
    "sales" : 47.66,
    "salesGrowthYoY" : 39.03,
    "grossProfitMargin" : 100.00,
    "grossProfit" : 47.66,
    "operatingProfitMargin" : 21.02,
    "operatingProfit" : 10.02,
    "netProfitMargin" : 11.35,
    "netProfit" : 5.41
  }, {
    "date" : "2019-09-30",
    "sales" : 55.89,
    "salesGrowthYoY" : 47.97,
    "grossProfitMargin" : 100.00,
    "grossProfit" : 55.89,
    "operatingProfitMargin" : 23.58,
    "operatingProfit" : 13.18,
    "netProfitMargin" : 13.76,
    "netProfit" : 7.69
  }, {
    "date" : "2019-12-31",
    "sales" : 49.47,
    "salesGrowthYoY" : 24.83,
    "grossProfitMargin" : 100.00,
    "grossProfit" : 49.47,
    "operatingProfitMargin" : 18.56,
    "operatingProfit" : 9.18,
    "netProfitMargin" : 7.40,
    "netProfit" : 3.66
  }, {
    "date" : "2020-03-31",
    "sales" : 48.31,
    "salesGrowthYoY" : 16.44,
    "grossProfitMargin" : 100.00,
    "grossProfit" : 48.31,
    "operatingProfitMargin" : 18.17,
    "operatingProfit" : 8.78,
    "netProfitMargin" : 6.77,
    "netProfit" : 3.27
  }, {
    "date" : "2020-06-30",
    "sales" : 41.97,
    "salesGrowthYoY" : -11.94,
    "grossProfitMargin" : 100.00,
    "grossProfit" : 41.97,
    "operatingProfitMargin" : 18.94,
    "operatingProfit" : 7.95,
    "netProfitMargin" : 8.22,
    "netProfit" : 3.45
  }, {
    "date" : "2020-09-30",
    "sales" : 45.17,
    "salesGrowthYoY" : -19.18,
    "grossProfitMargin" : 100.00,
    "grossProfit" : 45.17,
    "operatingProfitMargin" : 17.78,
    "operatingProfit" : 8.03,
    "netProfitMargin" : 6.42,
    "netProfit" : 2.90
  }, {
    "date" : "2020-12-31",
    "sales" : 49.27,
    "salesGrowthYoY" : -0.40,
    "grossProfitMargin" : 100.00,
    "grossProfit" : 49.27,
    "operatingProfitMargin" : 20.07,
    "operatingProfit" : 9.89,
    "netProfitMargin" : 8.48,
    "netProfit" : 4.18
  }, {
    "date" : "2021-03-31",
    "sales" : 52.24,
    "salesGrowthYoY" : 8.13,
    "grossProfitMargin" : 100.00,
    "grossProfit" : 52.24,
    "operatingProfitMargin" : 20.85,
    "operatingProfit" : 10.89,
    "netProfitMargin" : 10.41,
    "netProfit" : 5.44
  }, {
    "date" : "2021-06-30",
    "sales" : 49.74,
    "salesGrowthYoY" : 18.51,
    "grossProfitMargin" : 100.00,
    "grossProfit" : 49.74,
    "operatingProfitMargin" : 15.18,
    "operatingProfit" : 7.55,
    "netProfitMargin" : 158.77,
    "netProfit" : 78.97
  }, {
    "date" : "2021-09-30",
    "sales" : 53.97,
    "salesGrowthYoY" : 19.48,
    "grossProfitMargin" : 100.00,
    "grossProfit" : 53.97,
    "operatingProfitMargin" : 16.32,
    "operatingProfit" : 8.81,
    "netProfitMargin" : 8.06,
    "netProfit" : 4.35
  }, {
    "date" : "2021-12-31",
    "sales" : 57.86,
    "salesGrowthYoY" : 17.43,
    "grossProfitMargin" : 100.00,
    "grossProfit" : 57.86,
    "operatingProfitMargin" : 20.13,
    "operatingProfit" : 11.65,
    "netProfitMargin" : 8.76,
    "netProfit" : 5.07
  }, {
    "date" : "2022-03-31",
    "sales" : 59.65,
    "salesGrowthYoY" : 14.18,
    "grossProfitMargin" : 100.00,
    "grossProfit" : 59.65,
    "operatingProfitMargin" : 22.45,
    "operatingProfit" : 13.39,
    "netProfitMargin" : 15.32,
    "netProfit" : 9.14
  }, {
    "date" : "2022-06-30",
    "sales" : 62.95,
    "salesGrowthYoY" : 26.56,
    "grossProfitMargin" : 100.00,
    "grossProfit" : 62.95,
    "operatingProfitMargin" : 18.25,
    "operatingProfit" : 11.49,
    "netProfitMargin" : 8.56,
    "netProfit" : 5.39
  }, {
    "date" : "2022-09-30",
    "sales" : 66.99,
    "salesGrowthYoY" : 24.12,
    "grossProfitMargin" : 100.00,
    "grossProfit" : 66.99,
    "operatingProfitMargin" : 17.26,
    "operatingProfit" : 11.56,
    "netProfitMargin" : 7.64,
    "netProfit" : 5.12
  }, {
    "date" : "2022-12-31",
    "sales" : 72.21,
    "salesGrowthYoY" : 24.80,
    "grossProfitMargin" : 100.00,
    "grossProfit" : 72.21,
    "operatingProfitMargin" : 16.62,
    "operatingProfit" : 12.00,
    "netProfitMargin" : 41.84,
    "netProfit" : 30.21
  }, {
    "date" : "2023-03-31",
    "sales" : 76.92,
    "salesGrowthYoY" : 28.95,
    "grossProfitMargin" : 100.00,
    "grossProfit" : 76.92,
    "operatingProfitMargin" : 18.71,
    "operatingProfit" : 14.39,
    "netProfitMargin" : 7.27,
    "netProfit" : 5.59
  }, {
    "date" : "2023-06-30",
    "sales" : 74.95,
    "salesGrowthYoY" : 19.06,
    "grossProfitMargin" : 100.00,
    "grossProfit" : 74.95,
    "operatingProfitMargin" : 16.18,
    "operatingProfit" : 12.13,
    "netProfitMargin" : 6.99,
    "netProfit" : 5.24
  }, {
    "date" : "2023-09-30",
    "sales" : 75.43,
    "salesGrowthYoY" : 12.60,
    "grossProfitMargin" : 100.00,
    "grossProfit" : 75.43,
    "operatingProfitMargin" : 19.10,
    "operatingProfit" : 14.41,
    "netProfitMargin" : 9.56,
    "netProfit" : 7.21
  }, {
    "date" : "2023-12-31",
    "sales" : 79.47,
    "salesGrowthYoY" : 10.05,
    "grossProfitMargin" : 100.00,
    "grossProfit" : 79.47,
    "operatingProfitMargin" : 21.64,
    "operatingProfit" : 17.20,
    "netProfitMargin" : 53.22,
    "netProfit" : 42.29
  }, {
    "date" : "2024-03-31",
    "sales" : 84.20,
    "salesGrowthYoY" : 9.46,
    "grossProfitMargin" : 100.00,
    "grossProfit" : 84.20,
    "operatingProfitMargin" : 25.45,
    "operatingProfit" : 21.43,
    "netProfitMargin" : 13.81,
    "netProfit" : 11.63
  }, {
    "date" : "2024-06-30",
    "sales" : 78.83,
    "salesGrowthYoY" : 5.18,
    "grossProfitMargin" : 100.00,
    "grossProfit" : 78.83,
    "operatingProfitMargin" : 23.25,
    "operatingProfit" : 18.33,
    "netProfitMargin" : 12.30,
    "netProfit" : 9.70
  }, {
    "date" : "2024-09-30",
    "sales" : 81.06,
    "salesGrowthYoY" : 7.46,
    "grossProfitMargin" : 100.00,
    "grossProfit" : 81.06,
    "operatingProfitMargin" : 23.91,
    "operatingProfit" : 19.38,
    "netProfitMargin" : 31.15,
    "netProfit" : 25.25
  }, {
    "date" : "2024-12-31",
    "sales" : 82.47,
    "salesGrowthYoY" : 3.78,
    "grossProfitMargin" : 100.00,
    "grossProfit" : 82.47,
    "operatingProfitMargin" : 22.44,
    "operatingProfit" : 18.51,
    "netProfitMargin" : 11.79,
    "netProfit" : 9.72
  }, {
    "date" : "2025-03-31",
    "sales" : 83.83,
    "salesGrowthYoY" : -0.44,
    "grossProfitMargin" : 100.00,
    "grossProfit" : 83.83,
    "operatingProfitMargin" : 22.88,
    "operatingProfit" : 19.18,
    "netProfitMargin" : 13.77,
    "netProfit" : 11.54
  }, {
    "date" : "2025-06-30",
    "sales" : 83.38,
    "salesGrowthYoY" : 5.77,
    "grossProfitMargin" : 100.00,
    "grossProfit" : 83.38,
    "operatingProfitMargin" : 27.00,
    "operatingProfit" : 22.51,
    "netProfitMargin" : 26.01,
    "netProfit" : 21.69
  }, {
    "date" : "2025-09-30",
    "sales" : 87.26,
    "salesGrowthYoY" : 7.65,
    "grossProfitMargin" : 100.00,
    "grossProfit" : 87.26,
    "operatingProfitMargin" : 25.04,
    "operatingProfit" : 21.85,
    "netProfitMargin" : 12.07,
    "netProfit" : 10.53
  } ],
  "latestQuarterlyResult" : {
    "date" : "2025-09-30",
    "sales" : 87.26,
    "salesGrowthYoY" : 7.65,
    "grossProfitMargin" : 100.00,
    "grossProfit" : 87.26,
    "operatingProfitMargin" : 25.04,
    "operatingProfit" : 21.85,
    "netProfitMargin" : 12.07,
    "netProfit" : 10.53
  },
  "companyScore" : {
    "priceHigherThanDma50" : 0.00,
    "priceHigherThanDma100" : 0.00,
    "priceHigherThanDma200" : 0.00,
    "dma50HigherThanDma100" : 0.00,
    "dma50HigherThanDma200" : 0.00,
    "dma100HigherThanDma200" : 5.00,
    "pricePercentageAboveDma50" : 5.27,
    "pricePercentageAboveDma100" : 5.51,
    "pricePercentageAboveDma200" : 5.49,
    "weeklyVolumeHigherThanYearlyVolume" : 0.00,
    "salesGrowthPercentile" : 8.86,
    "operatingProfitMarginPercentile" : 18.61,
    "netProfitMarginPercentile" : 6.14,
    "totalTechnicalScore" : 21.27,
    "totalFundamentalScore" : 33.62,
    "totalScore" : 54.88
  }
}