{
  "metadata" : {
    "screenerCompanyId" : "142",
    "companyCode" : "ALOKINDS",
    "companyName" : "Alok Industries",
    "screenerCompanyLink" : "https://www.screener.in/company/ALOKINDS",
    "screenerTechnicalHistoryLink" : "https://www.screener.in/api/company/142/chart/?q=Price-DMA50-DMA200-Volume&days=365",
    "screenerQuarterlyResultsLink" : "https://www.screener.in/api/company/142/chart/?q=GPM-OPM-NPM-Quarter+Sales&days=10000",
    "attributes" : {
      "companyCode" : "ALOKINDS",
      "companyName" : "Alok Industries",
      "marketCap" : 8401.00,
      "peRatio" : 0.00,
      "description" : "Alok Industries is a textile company with a presence in the cotton and polyester segments. The Company is engaged in manufacturing of textile, including mending and packing activities; leather and other apparel products."
    },
    "companyScore" : {
      "priceHigherThanDma50" : 0.00,
      "priceHigherThanDma100" : 0.00,
      "priceHigherThanDma200" : 0.00,
      "dma50HigherThanDma100" : 0.00,
      "dma50HigherThanDma200" : 0.00,
      "dma100HigherThanDma200" : 0.00,
      "pricePercentageAboveDma50" : 5.15,
      "pricePercentageAboveDma100" : 5.37,
      "pricePercentageAboveDma200" : 5.47,
      "weeklyVolumeHigherThanYearlyVolume" : 0.00,
      "salesGrowthPercentile" : 9.11,
      "operatingProfitMarginPercentile" : 18.62,
      "netProfitMarginPercentile" : 9.61,
      "totalTechnicalScore" : 16.00,
      "totalFundamentalScore" : 37.35,
      "totalScore" : 53.35
    }
  },
  "attributes" : {
    "companyCode" : "ALOKINDS",
    "companyName" : "Alok Industries",
    "marketCap" : 8401.00,
    "peRatio" : 0.00,
    "description" : "Alok Industries is a textile company with a presence in the cotton and polyester segments. The Company is engaged in manufacturing of textile, including mending and packing activities; leather and other apparel products."
  },
  "technicalHistory" : [ {
    "date" : "2024-12-02",
    "price" : 21.66,
    "dma50" : 22.71,
    "dma100" : null,
    "dma200" : 24.59,
    "volume" : 7216257.00
  }, {
    "date" : "2024-12-03",
    "price" : 21.96,
    "dma50" : 22.68,
    "dma100" : null,
    "dma200" : 24.57,
    "volume" : 8437687.00
  }, {
    "date" : "2024-12-04",
    "price" : 23.13,
    "dma50" : 22.70,
    "dma100" : null,
    "dma200" : 24.55,
    "volume" : 27377300.00
  }, {
    "date" : "2024-12-05",
    "price" : 22.94,
    "dma50" : 22.71,
    "dma100" : null,
    "dma200" : 24.54,
    "volume" : 10118171.00
  }, {
    "date" : "2024-12-06",
    "price" : 22.87,
    "dma50" : 22.71,
    "dma100" : null,
    "dma200" : 24.52,
    "volume" : 7754398.00
  }, {
    "date" : "2024-12-09",
    "price" : 23.95,
    "dma50" : 22.76,
    "dma100" : null,
    "dma200" : 24.51,
    "volume" : 33121180.00
  }, {
    "date" : "2024-12-10",
    "price" : 23.64,
    "dma50" : 22.80,
    "dma100" : null,
    "dma200" : 24.51,
    "volume" : 10851215.00
  }, {
    "date" : "2024-12-11",
    "price" : 23.05,
    "dma50" : 22.81,
    "dma100" : null,
    "dma200" : 24.49,
    "volume" : 11181466.00
  }, {
    "date" : "2024-12-12",
    "price" : 22.59,
    "dma50" : 22.80,
    "dma100" : null,
    "dma200" : 24.47,
    "volume" : 7813656.00
  }, {
    "date" : "2024-12-13",
    "price" : 22.78,
    "dma50" : 22.80,
    "dma100" : null,
    "dma200" : 24.46,
    "volume" : 9341157.00
  }, {
    "date" : "2024-12-16",
    "price" : 23.34,
    "dma50" : 22.82,
    "dma100" : null,
    "dma200" : 24.44,
    "volume" : 10602751.00
  }, {
    "date" : "2024-12-17",
    "price" : 22.68,
    "dma50" : 22.81,
    "dma100" : null,
    "dma200" : 24.43,
    "volume" : 9135653.00
  }, {
    "date" : "2024-12-18",
    "price" : 22.25,
    "dma50" : 22.79,
    "dma100" : null,
    "dma200" : 24.41,
    "volume" : 5539787.00
  }, {
    "date" : "2024-12-19",
    "price" : 21.83,
    "dma50" : 22.75,
    "dma100" : null,
    "dma200" : 24.38,
    "volume" : 7114356.00
  }, {
    "date" : "2024-12-20",
    "price" : 21.17,
    "dma50" : 22.69,
    "dma100" : null,
    "dma200" : 24.35,
    "volume" : 6955593.00
  }, {
    "date" : "2024-12-23",
    "price" : 21.01,
    "dma50" : 22.62,
    "dma100" : null,
    "dma200" : 24.31,
    "volume" : 7464415.00
  }, {
    "date" : "2024-12-24",
    "price" : 21.72,
    "dma50" : 22.59,
    "dma100" : null,
    "dma200" : 24.29,
    "volume" : 8050543.00
  }, {
    "date" : "2024-12-26",
    "price" : 21.37,
    "dma50" : 22.54,
    "dma100" : null,
    "dma200" : 24.26,
    "volume" : 4605201.00
  }, {
    "date" : "2024-12-27",
    "price" : 21.21,
    "dma50" : 22.49,
    "dma100" : null,
    "dma200" : 24.23,
    "volume" : 3465386.00
  }, {
    "date" : "2024-12-30",
    "price" : 20.81,
    "dma50" : 22.42,
    "dma100" : null,
    "dma200" : 24.20,
    "volume" : 5475468.00
  }, {
    "date" : "2024-12-31",
    "price" : 21.02,
    "dma50" : 22.37,
    "dma100" : null,
    "dma200" : 24.16,
    "volume" : 4350783.00
  }, {
    "date" : "2025-01-01",
    "price" : 21.18,
    "dma50" : 22.32,
    "dma100" : null,
    "dma200" : 24.13,
    "volume" : 5577825.00
  }, {
    "date" : "2025-01-02",
    "price" : 21.18,
    "dma50" : 22.28,
    "dma100" : null,
    "dma200" : 24.10,
    "volume" : 4367951.00
  }, {
    "date" : "2025-01-03",
    "price" : 20.96,
    "dma50" : 22.23,
    "dma100" : null,
    "dma200" : 24.07,
    "volume" : 6719009.00
  }, {
    "date" : "2025-01-06",
    "price" : 19.93,
    "dma50" : 22.14,
    "dma100" : null,
    "dma200" : 24.03,
    "volume" : 9243326.00
  }, {
    "date" : "2025-01-07",
    "price" : 20.19,
    "dma50" : 22.06,
    "dma100" : null,
    "dma200" : 23.99,
    "volume" : 7350374.00
  }, {
    "date" : "2025-01-08",
    "price" : 20.11,
    "dma50" : 21.98,
    "dma100" : null,
    "dma200" : 23.96,
    "volume" : 5063877.00
  }, {
    "date" : "2025-01-09",
    "price" : 19.87,
    "dma50" : 21.90,
    "dma100" : null,
    "dma200" : 23.91,
    "volume" : 5665412.00
  }, {
    "date" : "2025-01-10",
    "price" : 19.49,
    "dma50" : 21.81,
    "dma100" : null,
    "dma200" : 23.87,
    "volume" : 8040076.00
  }, {
    "date" : "2025-01-13",
    "price" : 18.47,
    "dma50" : 21.67,
    "dma100" : null,
    "dma200" : 23.82,
    "volume" : 8792442.00
  }, {
    "date" : "2025-01-14",
    "price" : 19.31,
    "dma50" : 21.58,
    "dma100" : null,
    "dma200" : 23.77,
    "volume" : 7852202.00
  }, {
    "date" : "2025-01-15",
    "price" : 20.88,
    "dma50" : 21.55,
    "dma100" : null,
    "dma200" : 23.74,
    "volume" : 35450853.00
  }, {
    "date" : "2025-01-16",
    "price" : 20.36,
    "dma50" : 21.51,
    "dma100" : null,
    "dma200" : 23.71,
    "volume" : 17241628.00
  }, {
    "date" : "2025-01-17",
    "price" : 20.00,
    "dma50" : 21.45,
    "dma100" : null,
    "dma200" : 23.67,
    "volume" : 9567611.00
  }, {
    "date" : "2025-01-20",
    "price" : 20.10,
    "dma50" : 21.40,
    "dma100" : null,
    "dma200" : 23.64,
    "volume" : 5303909.00
  }, {
    "date" : "2025-01-21",
    "price" : 19.77,
    "dma50" : 21.33,
    "dma100" : null,
    "dma200" : 23.60,
    "volume" : 5711721.00
  }, {
    "date" : "2025-01-22",
    "price" : 19.34,
    "dma50" : 21.25,
    "dma100" : null,
    "dma200" : 23.56,
    "volume" : 5313094.00
  }, {
    "date" : "2025-01-23",
    "price" : 19.36,
    "dma50" : 21.18,
    "dma100" : null,
    "dma200" : 23.51,
    "volume" : 4046517.00
  }, {
    "date" : "2025-01-24",
    "price" : 19.00,
    "dma50" : 21.09,
    "dma100" : null,
    "dma200" : 23.47,
    "volume" : 4413361.00
  }, {
    "date" : "2025-01-27",
    "price" : 18.15,
    "dma50" : 20.98,
    "dma100" : null,
    "dma200" : 23.42,
    "volume" : 7069064.00
  }, {
    "date" : "2025-01-28",
    "price" : 18.15,
    "dma50" : 20.87,
    "dma100" : null,
    "dma200" : 23.36,
    "volume" : 8011442.00
  }, {
    "date" : "2025-01-29",
    "price" : 18.43,
    "dma50" : 20.77,
    "dma100" : null,
    "dma200" : 23.32,
    "volume" : 5083530.00
  }, {
    "date" : "2025-01-30",
    "price" : 18.30,
    "dma50" : 20.67,
    "dma100" : null,
    "dma200" : 23.27,
    "volume" : 4168762.00
  }, {
    "date" : "2025-01-31",
    "price" : 18.69,
    "dma50" : 20.60,
    "dma100" : null,
    "dma200" : 23.22,
    "volume" : 4901094.00
  }, {
    "date" : "2025-02-01",
    "price" : 18.70,
    "dma50" : 20.52,
    "dma100" : null,
    "dma200" : 23.17,
    "volume" : 7102795.00
  }, {
    "date" : "2025-02-03",
    "price" : 18.56,
    "dma50" : 20.45,
    "dma100" : null,
    "dma200" : 23.13,
    "volume" : 4814894.00
  }, {
    "date" : "2025-02-04",
    "price" : 18.53,
    "dma50" : 20.37,
    "dma100" : null,
    "dma200" : 23.08,
    "volume" : 3169238.00
  }, {
    "date" : "2025-02-05",
    "price" : 18.82,
    "dma50" : 20.31,
    "dma100" : null,
    "dma200" : 23.04,
    "volume" : 4035791.00
  }, {
    "date" : "2025-02-06",
    "price" : 18.74,
    "dma50" : 20.25,
    "dma100" : null,
    "dma200" : 23.00,
    "volume" : 3505950.00
  }, {
    "date" : "2025-02-07",
    "price" : 18.46,
    "dma50" : 20.18,
    "dma100" : null,
    "dma200" : 22.95,
    "volume" : 3065279.00
  }, {
    "date" : "2025-02-10",
    "price" : 18.14,
    "dma50" : 20.10,
    "dma100" : null,
    "dma200" : 22.90,
    "volume" : 3951430.00
  }, {
    "date" : "2025-02-11",
    "price" : 17.49,
    "dma50" : 20.00,
    "dma100" : null,
    "dma200" : 22.85,
    "volume" : 5623678.00
  }, {
    "date" : "2025-02-12",
    "price" : 17.27,
    "dma50" : 19.89,
    "dma100" : null,
    "dma200" : 22.80,
    "volume" : 6763813.00
  }, {
    "date" : "2025-02-13",
    "price" : 16.96,
    "dma50" : 19.77,
    "dma100" : null,
    "dma200" : 22.74,
    "volume" : 5617712.00
  }, {
    "date" : "2025-02-14",
    "price" : 16.34,
    "dma50" : 19.64,
    "dma100" : null,
    "dma200" : 22.67,
    "volume" : 6616912.00
  }, {
    "date" : "2025-02-17",
    "price" : 16.66,
    "dma50" : 19.52,
    "dma100" : null,
    "dma200" : 22.61,
    "volume" : 8548884.00
  }, {
    "date" : "2025-02-18",
    "price" : 16.14,
    "dma50" : 19.39,
    "dma100" : null,
    "dma200" : 22.55,
    "volume" : 5626133.00
  }, {
    "date" : "2025-02-19",
    "price" : 16.84,
    "dma50" : 19.29,
    "dma100" : null,
    "dma200" : 22.49,
    "volume" : 5602659.00
  }, {
    "date" : "2025-02-20",
    "price" : 17.06,
    "dma50" : 19.20,
    "dma100" : null,
    "dma200" : 22.44,
    "volume" : 3112318.00
  }, {
    "date" : "2025-02-21",
    "price" : 16.74,
    "dma50" : 19.11,
    "dma100" : null,
    "dma200" : 22.38,
    "volume" : 4323879.00
  }, {
    "date" : "2025-02-24",
    "price" : 16.38,
    "dma50" : 19.00,
    "dma100" : null,
    "dma200" : 22.32,
    "volume" : 3185426.00
  }, {
    "date" : "2025-02-25",
    "price" : 16.14,
    "dma50" : 18.89,
    "dma100" : null,
    "dma200" : 22.26,
    "volume" : 2958928.00
  }, {
    "date" : "2025-02-27",
    "price" : 15.80,
    "dma50" : 18.77,
    "dma100" : null,
    "dma200" : 22.20,
    "volume" : 3831578.00
  }, {
    "date" : "2025-02-28",
    "price" : 15.36,
    "dma50" : 18.63,
    "dma100" : null,
    "dma200" : 22.13,
    "volume" : 5178739.00
  }, {
    "date" : "2025-03-03",
    "price" : 14.88,
    "dma50" : 18.49,
    "dma100" : null,
    "dma200" : 22.06,
    "volume" : 8143209.00
  }, {
    "date" : "2025-03-04",
    "price" : 16.49,
    "dma50" : 18.41,
    "dma100" : null,
    "dma200" : 22.00,
    "volume" : 28139188.00
  }, {
    "date" : "2025-03-05",
    "price" : 16.78,
    "dma50" : 18.34,
    "dma100" : null,
    "dma200" : 21.95,
    "volume" : 14005218.00
  }, {
    "date" : "2025-03-06",
    "price" : 17.06,
    "dma50" : 18.29,
    "dma100" : null,
    "dma200" : 21.90,
    "volume" : 7528753.00
  }, {
    "date" : "2025-03-07",
    "price" : 17.36,
    "dma50" : 18.26,
    "dma100" : null,
    "dma200" : 21.86,
    "volume" : 9972910.00
  }, {
    "date" : "2025-03-10",
    "price" : 16.89,
    "dma50" : 18.20,
    "dma100" : null,
    "dma200" : 21.81,
    "volume" : 7246310.00
  }, {
    "date" : "2025-03-11",
    "price" : 16.14,
    "dma50" : 18.12,
    "dma100" : null,
    "dma200" : 21.75,
    "volume" : 8673249.00
  }, {
    "date" : "2025-03-12",
    "price" : 16.19,
    "dma50" : 18.05,
    "dma100" : null,
    "dma200" : 21.69,
    "volume" : 7026380.00
  }, {
    "date" : "2025-03-13",
    "price" : 15.91,
    "dma50" : 17.96,
    "dma100" : null,
    "dma200" : 21.64,
    "volume" : 5639357.00
  }, {
    "date" : "2025-03-17",
    "price" : 15.53,
    "dma50" : 17.87,
    "dma100" : null,
    "dma200" : 21.58,
    "volume" : 6982740.00
  }, {
    "date" : "2025-03-18",
    "price" : 16.08,
    "dma50" : 17.80,
    "dma100" : null,
    "dma200" : 21.52,
    "volume" : 7735610.00
  }, {
    "date" : "2025-03-19",
    "price" : 16.31,
    "dma50" : 17.74,
    "dma100" : null,
    "dma200" : 21.47,
    "volume" : 8233144.00
  }, {
    "date" : "2025-03-20",
    "price" : 16.26,
    "dma50" : 17.68,
    "dma100" : null,
    "dma200" : 21.42,
    "volume" : 6881491.00
  }, {
    "date" : "2025-03-21",
    "price" : 16.92,
    "dma50" : 17.65,
    "dma100" : null,
    "dma200" : 21.37,
    "volume" : 9197805.00
  }, {
    "date" : "2025-03-24",
    "price" : 16.72,
    "dma50" : 17.61,
    "dma100" : null,
    "dma200" : 21.33,
    "volume" : 9722877.00
  }, {
    "date" : "2025-03-25",
    "price" : 16.12,
    "dma50" : 17.56,
    "dma100" : null,
    "dma200" : 21.27,
    "volume" : 7539746.00
  }, {
    "date" : "2025-03-26",
    "price" : 15.39,
    "dma50" : 17.47,
    "dma100" : null,
    "dma200" : 21.22,
    "volume" : 10506747.00
  }, {
    "date" : "2025-03-27",
    "price" : 15.47,
    "dma50" : 17.39,
    "dma100" : null,
    "dma200" : 21.16,
    "volume" : 15403616.00
  }, {
    "date" : "2025-03-28",
    "price" : 15.05,
    "dma50" : 17.30,
    "dma100" : null,
    "dma200" : 21.10,
    "volume" : 12979995.00
  }, {
    "date" : "2025-04-01",
    "price" : 15.55,
    "dma50" : 17.23,
    "dma100" : null,
    "dma200" : 21.04,
    "volume" : 9001214.00
  }, {
    "date" : "2025-04-02",
    "price" : 15.47,
    "dma50" : 17.16,
    "dma100" : null,
    "dma200" : 20.99,
    "volume" : 7211837.00
  }, {
    "date" : "2025-04-03",
    "price" : 15.88,
    "dma50" : 17.11,
    "dma100" : null,
    "dma200" : 20.94,
    "volume" : 12424734.00
  }, {
    "date" : "2025-04-04",
    "price" : 15.35,
    "dma50" : 17.04,
    "dma100" : null,
    "dma200" : 20.88,
    "volume" : 8891753.00
  }, {
    "date" : "2025-04-07",
    "price" : 14.95,
    "dma50" : 16.96,
    "dma100" : null,
    "dma200" : 20.82,
    "volume" : 9294298.00
  }, {
    "date" : "2025-04-08",
    "price" : 15.23,
    "dma50" : 16.89,
    "dma100" : null,
    "dma200" : 20.77,
    "volume" : 4686604.00
  }, {
    "date" : "2025-04-09",
    "price" : 15.35,
    "dma50" : 16.83,
    "dma100" : null,
    "dma200" : 20.71,
    "volume" : 4969453.00
  }, {
    "date" : "2025-04-11",
    "price" : 15.62,
    "dma50" : 16.79,
    "dma100" : null,
    "dma200" : 20.66,
    "volume" : 5085748.00
  }, {
    "date" : "2025-04-15",
    "price" : 16.05,
    "dma50" : 16.76,
    "dma100" : null,
    "dma200" : 20.62,
    "volume" : 4383024.00
  }, {
    "date" : "2025-04-16",
    "price" : 16.24,
    "dma50" : 16.74,
    "dma100" : null,
    "dma200" : 20.57,
    "volume" : 5027189.00
  }, {
    "date" : "2025-04-17",
    "price" : 16.12,
    "dma50" : 16.71,
    "dma100" : null,
    "dma200" : 20.53,
    "volume" : 3952837.00
  }, {
    "date" : "2025-04-21",
    "price" : 16.47,
    "dma50" : 16.70,
    "dma100" : null,
    "dma200" : 20.49,
    "volume" : 9072527.00
  }, {
    "date" : "2025-04-22",
    "price" : 19.49,
    "dma50" : 16.81,
    "dma100" : null,
    "dma200" : 20.48,
    "volume" : 181593097.00
  }, {
    "date" : "2025-04-23",
    "price" : 18.62,
    "dma50" : 16.88,
    "dma100" : null,
    "dma200" : 20.46,
    "volume" : 34323617.00
  }, {
    "date" : "2025-04-24",
    "price" : 18.43,
    "dma50" : 16.94,
    "dma100" : null,
    "dma200" : 20.44,
    "volume" : 15302332.00
  }, {
    "date" : "2025-04-25",
    "price" : 17.35,
    "dma50" : 16.96,
    "dma100" : null,
    "dma200" : 20.41,
    "volume" : 17985727.00
  }, {
    "date" : "2025-04-28",
    "price" : 17.27,
    "dma50" : 16.97,
    "dma100" : null,
    "dma200" : 20.38,
    "volume" : 10385749.00
  }, {
    "date" : "2025-04-29",
    "price" : 17.15,
    "dma50" : 16.98,
    "dma100" : 18.46,
    "dma200" : 20.34,
    "volume" : 9989092.00
  }, {
    "date" : "2025-04-30",
    "price" : 16.58,
    "dma50" : 16.96,
    "dma100" : 18.40,
    "dma200" : 20.31,
    "volume" : 8129489.00
  }, {
    "date" : "2025-05-02",
    "price" : 16.45,
    "dma50" : 16.94,
    "dma100" : 18.34,
    "dma200" : 20.27,
    "volume" : 8505968.00
  }, {
    "date" : "2025-05-05",
    "price" : 16.74,
    "dma50" : 16.93,
    "dma100" : 18.28,
    "dma200" : 20.23,
    "volume" : 6554988.00
  }, {
    "date" : "2025-05-06",
    "price" : 16.23,
    "dma50" : 16.91,
    "dma100" : 18.21,
    "dma200" : 20.19,
    "volume" : 6600710.00
  }, {
    "date" : "2025-05-07",
    "price" : 16.30,
    "dma50" : 16.88,
    "dma100" : 18.13,
    "dma200" : 20.16,
    "volume" : 12118386.00
  }, {
    "date" : "2025-05-08",
    "price" : 16.49,
    "dma50" : 16.87,
    "dma100" : 18.06,
    "dma200" : 20.12,
    "volume" : 17997924.00
  }, {
    "date" : "2025-05-09",
    "price" : 15.98,
    "dma50" : 16.83,
    "dma100" : 17.99,
    "dma200" : 20.08,
    "volume" : 9306903.00
  }, {
    "date" : "2025-05-12",
    "price" : 17.19,
    "dma50" : 16.85,
    "dma100" : 17.94,
    "dma200" : 20.05,
    "volume" : 12905578.00
  }, {
    "date" : "2025-05-13",
    "price" : 17.43,
    "dma50" : 16.87,
    "dma100" : 17.88,
    "dma200" : 20.02,
    "volume" : 8724351.00
  }, {
    "date" : "2025-05-14",
    "price" : 17.48,
    "dma50" : 16.89,
    "dma100" : 17.82,
    "dma200" : 20.00,
    "volume" : 5697867.00
  }, {
    "date" : "2025-05-15",
    "price" : 17.89,
    "dma50" : 16.93,
    "dma100" : 17.78,
    "dma200" : 19.98,
    "volume" : 7683474.00
  }, {
    "date" : "2025-05-16",
    "price" : 18.46,
    "dma50" : 16.99,
    "dma100" : 17.74,
    "dma200" : 19.96,
    "volume" : 11351253.00
  }, {
    "date" : "2025-05-19",
    "price" : 19.12,
    "dma50" : 17.08,
    "dma100" : 17.71,
    "dma200" : 19.95,
    "volume" : 19013655.00
  }, {
    "date" : "2025-05-20",
    "price" : 18.64,
    "dma50" : 17.14,
    "dma100" : 17.69,
    "dma200" : 19.94,
    "volume" : 9393888.00
  }, {
    "date" : "2025-05-21",
    "price" : 18.97,
    "dma50" : 17.21,
    "dma100" : 17.67,
    "dma200" : 19.93,
    "volume" : 10894304.00
  }, {
    "date" : "2025-05-22",
    "price" : 18.91,
    "dma50" : 17.28,
    "dma100" : 17.64,
    "dma200" : 19.92,
    "volume" : 5852378.00
  }, {
    "date" : "2025-05-23",
    "price" : 18.78,
    "dma50" : 17.34,
    "dma100" : 17.61,
    "dma200" : 19.91,
    "volume" : 5230691.00
  }, {
    "date" : "2025-05-26",
    "price" : 18.71,
    "dma50" : 17.39,
    "dma100" : 17.59,
    "dma200" : 19.90,
    "volume" : 6627143.00
  }, {
    "date" : "2025-05-27",
    "price" : 18.75,
    "dma50" : 17.44,
    "dma100" : 17.57,
    "dma200" : 19.89,
    "volume" : 3454062.00
  }, {
    "date" : "2025-05-28",
    "price" : 20.19,
    "dma50" : 17.55,
    "dma100" : 17.56,
    "dma200" : 19.89,
    "volume" : 41261227.00
  }, {
    "date" : "2025-05-29",
    "price" : 20.02,
    "dma50" : 17.65,
    "dma100" : 17.55,
    "dma200" : 19.89,
    "volume" : 12068287.00
  }, {
    "date" : "2025-05-30",
    "price" : 19.64,
    "dma50" : 17.73,
    "dma100" : 17.53,
    "dma200" : 19.89,
    "volume" : 9188107.00
  }, {
    "date" : "2025-06-02",
    "price" : 19.64,
    "dma50" : 17.80,
    "dma100" : 17.52,
    "dma200" : 19.89,
    "volume" : 5439203.00
  }, {
    "date" : "2025-06-03",
    "price" : 19.18,
    "dma50" : 17.85,
    "dma100" : 17.51,
    "dma200" : 19.88,
    "volume" : 5820563.00
  }, {
    "date" : "2025-06-04",
    "price" : 19.20,
    "dma50" : 17.91,
    "dma100" : 17.50,
    "dma200" : 19.87,
    "volume" : 6047970.00
  }, {
    "date" : "2025-06-05",
    "price" : 19.44,
    "dma50" : 17.97,
    "dma100" : 17.49,
    "dma200" : 19.87,
    "volume" : 5813416.00
  }, {
    "date" : "2025-06-06",
    "price" : 19.31,
    "dma50" : 18.02,
    "dma100" : 17.49,
    "dma200" : 19.86,
    "volume" : 4486795.00
  }, {
    "date" : "2025-06-09",
    "price" : 19.53,
    "dma50" : 18.08,
    "dma100" : 17.49,
    "dma200" : 19.86,
    "volume" : 7033606.00
  }, {
    "date" : "2025-06-10",
    "price" : 20.86,
    "dma50" : 18.19,
    "dma100" : 17.51,
    "dma200" : 19.87,
    "volume" : 61069975.00
  }, {
    "date" : "2025-06-11",
    "price" : 21.56,
    "dma50" : 18.32,
    "dma100" : 17.53,
    "dma200" : 19.88,
    "volume" : 40478444.00
  }, {
    "date" : "2025-06-12",
    "price" : 20.65,
    "dma50" : 18.41,
    "dma100" : 17.53,
    "dma200" : 19.89,
    "volume" : 15546653.00
  }, {
    "date" : "2025-06-13",
    "price" : 20.22,
    "dma50" : 18.48,
    "dma100" : 17.53,
    "dma200" : 19.90,
    "volume" : 13105551.00
  }, {
    "date" : "2025-06-16",
    "price" : 20.09,
    "dma50" : 18.55,
    "dma100" : 17.53,
    "dma200" : 19.90,
    "volume" : 10555357.00
  }, {
    "date" : "2025-06-17",
    "price" : 19.72,
    "dma50" : 18.59,
    "dma100" : 17.53,
    "dma200" : 19.90,
    "volume" : 7789357.00
  }, {
    "date" : "2025-06-18",
    "price" : 19.54,
    "dma50" : 18.63,
    "dma100" : 17.53,
    "dma200" : 19.89,
    "volume" : 6170776.00
  }, {
    "date" : "2025-06-19",
    "price" : 18.88,
    "dma50" : 18.64,
    "dma100" : 17.52,
    "dma200" : 19.88,
    "volume" : 8175955.00
  }, {
    "date" : "2025-06-20",
    "price" : 19.03,
    "dma50" : 18.65,
    "dma100" : 17.52,
    "dma200" : 19.87,
    "volume" : 5883835.00
  }, {
    "date" : "2025-06-23",
    "price" : 19.22,
    "dma50" : 18.68,
    "dma100" : 17.52,
    "dma200" : 19.87,
    "volume" : 6999614.00
  }, {
    "date" : "2025-06-24",
    "price" : 19.48,
    "dma50" : 18.71,
    "dma100" : 17.53,
    "dma200" : 19.86,
    "volume" : 6381003.00
  }, {
    "date" : "2025-06-25",
    "price" : 19.55,
    "dma50" : 18.74,
    "dma100" : 17.55,
    "dma200" : 19.86,
    "volume" : 15984168.00
  }, {
    "date" : "2025-06-26",
    "price" : 20.37,
    "dma50" : 18.80,
    "dma100" : 17.57,
    "dma200" : 19.87,
    "volume" : 116633053.00
  }, {
    "date" : "2025-06-27",
    "price" : 20.49,
    "dma50" : 18.87,
    "dma100" : 17.59,
    "dma200" : 19.87,
    "volume" : 14850244.00
  }, {
    "date" : "2025-06-30",
    "price" : 20.42,
    "dma50" : 18.93,
    "dma100" : 17.61,
    "dma200" : 19.88,
    "volume" : 8517548.00
  }, {
    "date" : "2025-07-01",
    "price" : 20.23,
    "dma50" : 18.98,
    "dma100" : 17.62,
    "dma200" : 19.88,
    "volume" : 8222583.00
  }, {
    "date" : "2025-07-02",
    "price" : 20.57,
    "dma50" : 19.04,
    "dma100" : 17.64,
    "dma200" : 19.89,
    "volume" : 10242126.00
  }, {
    "date" : "2025-07-03",
    "price" : 20.23,
    "dma50" : 19.09,
    "dma100" : 17.66,
    "dma200" : 19.89,
    "volume" : 8842423.00
  }, {
    "date" : "2025-07-04",
    "price" : 20.14,
    "dma50" : 19.13,
    "dma100" : 17.67,
    "dma200" : 19.89,
    "volume" : 5681784.00
  }, {
    "date" : "2025-07-07",
    "price" : 20.12,
    "dma50" : 19.17,
    "dma100" : 17.69,
    "dma200" : 19.90,
    "volume" : 5752069.00
  }, {
    "date" : "2025-07-08",
    "price" : 22.13,
    "dma50" : 19.29,
    "dma100" : 17.72,
    "dma200" : 19.92,
    "volume" : 477584106.00
  }, {
    "date" : "2025-07-09",
    "price" : 21.83,
    "dma50" : 19.39,
    "dma100" : 17.76,
    "dma200" : 19.94,
    "volume" : 51190875.00
  }, {
    "date" : "2025-07-10",
    "price" : 21.39,
    "dma50" : 19.47,
    "dma100" : 17.80,
    "dma200" : 19.95,
    "volume" : 29617942.00
  }, {
    "date" : "2025-07-11",
    "price" : 20.79,
    "dma50" : 19.52,
    "dma100" : 17.83,
    "dma200" : 19.96,
    "volume" : 18291087.00
  }, {
    "date" : "2025-07-14",
    "price" : 20.82,
    "dma50" : 19.57,
    "dma100" : 17.87,
    "dma200" : 19.97,
    "volume" : 19881849.00
  }, {
    "date" : "2025-07-15",
    "price" : 20.76,
    "dma50" : 19.62,
    "dma100" : 17.92,
    "dma200" : 19.98,
    "volume" : 14291495.00
  }, {
    "date" : "2025-07-16",
    "price" : 20.79,
    "dma50" : 19.66,
    "dma100" : 17.96,
    "dma200" : 19.98,
    "volume" : 12666600.00
  }, {
    "date" : "2025-07-17",
    "price" : 22.04,
    "dma50" : 19.75,
    "dma100" : 18.02,
    "dma200" : 20.00,
    "volume" : 306528743.00
  }, {
    "date" : "2025-07-18",
    "price" : 20.82,
    "dma50" : 19.80,
    "dma100" : 18.06,
    "dma200" : 20.01,
    "volume" : 55301797.00
  }, {
    "date" : "2025-07-21",
    "price" : 20.52,
    "dma50" : 19.82,
    "dma100" : 18.09,
    "dma200" : 20.02,
    "volume" : 20997678.00
  }, {
    "date" : "2025-07-22",
    "price" : 20.44,
    "dma50" : 19.85,
    "dma100" : 18.13,
    "dma200" : 20.02,
    "volume" : 16063349.00
  }, {
    "date" : "2025-07-23",
    "price" : 20.40,
    "dma50" : 19.87,
    "dma100" : 18.17,
    "dma200" : 20.03,
    "volume" : 10946056.00
  }, {
    "date" : "2025-07-24",
    "price" : 20.42,
    "dma50" : 19.89,
    "dma100" : 18.21,
    "dma200" : 20.03,
    "volume" : 10461008.00
  }, {
    "date" : "2025-07-25",
    "price" : 19.95,
    "dma50" : 19.89,
    "dma100" : 18.25,
    "dma200" : 20.03,
    "volume" : 12030305.00
  }, {
    "date" : "2025-07-28",
    "price" : 19.61,
    "dma50" : 19.88,
    "dma100" : 18.29,
    "dma200" : 20.02,
    "volume" : 8668675.00
  }, {
    "date" : "2025-07-29",
    "price" : 19.42,
    "dma50" : 19.86,
    "dma100" : 18.34,
    "dma200" : 20.02,
    "volume" : 9498996.00
  }, {
    "date" : "2025-07-30",
    "price" : 19.50,
    "dma50" : 19.85,
    "dma100" : 18.37,
    "dma200" : 20.01,
    "volume" : 8114298.00
  }, {
    "date" : "2025-07-31",
    "price" : 19.00,
    "dma50" : 19.82,
    "dma100" : 18.39,
    "dma200" : 20.00,
    "volume" : 10433096.00
  }, {
    "date" : "2025-08-01",
    "price" : 18.70,
    "dma50" : 19.77,
    "dma100" : 18.41,
    "dma200" : 19.99,
    "volume" : 8251492.00
  }, {
    "date" : "2025-08-04",
    "price" : 18.97,
    "dma50" : 19.74,
    "dma100" : 18.42,
    "dma200" : 19.98,
    "volume" : 7657262.00
  }, {
    "date" : "2025-08-05",
    "price" : 18.81,
    "dma50" : 19.71,
    "dma100" : 18.44,
    "dma200" : 19.97,
    "volume" : 7233912.00
  }, {
    "date" : "2025-08-06",
    "price" : 18.47,
    "dma50" : 19.66,
    "dma100" : 18.47,
    "dma200" : 19.95,
    "volume" : 7507679.00
  }, {
    "date" : "2025-08-07",
    "price" : 18.07,
    "dma50" : 19.59,
    "dma100" : 18.49,
    "dma200" : 19.94,
    "volume" : 10135043.00
  }, {
    "date" : "2025-08-08",
    "price" : 18.08,
    "dma50" : 19.54,
    "dma100" : 18.51,
    "dma200" : 19.92,
    "volume" : 8634106.00
  }, {
    "date" : "2025-08-11",
    "price" : 18.02,
    "dma50" : 19.48,
    "dma100" : 18.53,
    "dma200" : 19.90,
    "volume" : 6883740.00
  }, {
    "date" : "2025-08-12",
    "price" : 17.74,
    "dma50" : 19.41,
    "dma100" : 18.55,
    "dma200" : 19.88,
    "volume" : 6845232.00
  }, {
    "date" : "2025-08-13",
    "price" : 17.82,
    "dma50" : 19.35,
    "dma100" : 18.56,
    "dma200" : 19.86,
    "volume" : 7087310.00
  }, {
    "date" : "2025-08-14",
    "price" : 17.85,
    "dma50" : 19.29,
    "dma100" : 18.58,
    "dma200" : 19.84,
    "volume" : 4097936.00
  }, {
    "date" : "2025-08-18",
    "price" : 18.00,
    "dma50" : 19.24,
    "dma100" : 18.59,
    "dma200" : 19.82,
    "volume" : 7100201.00
  }, {
    "date" : "2025-08-19",
    "price" : 18.72,
    "dma50" : 19.22,
    "dma100" : 18.61,
    "dma200" : 19.81,
    "volume" : 11609848.00
  }, {
    "date" : "2025-08-20",
    "price" : 18.66,
    "dma50" : 19.19,
    "dma100" : 18.64,
    "dma200" : 19.80,
    "volume" : 5485158.00
  }, {
    "date" : "2025-08-21",
    "price" : 18.29,
    "dma50" : 19.16,
    "dma100" : 18.67,
    "dma200" : 19.78,
    "volume" : 4321655.00
  }, {
    "date" : "2025-08-22",
    "price" : 18.19,
    "dma50" : 19.12,
    "dma100" : 18.69,
    "dma200" : 19.76,
    "volume" : 3447307.00
  }, {
    "date" : "2025-08-25",
    "price" : 18.05,
    "dma50" : 19.08,
    "dma100" : 18.72,
    "dma200" : 19.75,
    "volume" : 3679111.00
  }, {
    "date" : "2025-08-26",
    "price" : 17.62,
    "dma50" : 19.02,
    "dma100" : 18.74,
    "dma200" : 19.73,
    "volume" : 3956390.00
  }, {
    "date" : "2025-08-28",
    "price" : 17.39,
    "dma50" : 18.96,
    "dma100" : 18.76,
    "dma200" : 19.70,
    "volume" : 7652487.00
  }, {
    "date" : "2025-08-29",
    "price" : 17.41,
    "dma50" : 18.90,
    "dma100" : 18.78,
    "dma200" : 19.68,
    "volume" : 6004980.00
  }, {
    "date" : "2025-09-01",
    "price" : 17.23,
    "dma50" : 18.83,
    "dma100" : 18.80,
    "dma200" : 19.66,
    "volume" : 6976605.00
  }, {
    "date" : "2025-09-02",
    "price" : 18.26,
    "dma50" : 18.81,
    "dma100" : 18.83,
    "dma200" : 19.64,
    "volume" : 44337330.00
  }, {
    "date" : "2025-09-03",
    "price" : 18.37,
    "dma50" : 18.79,
    "dma100" : 18.86,
    "dma200" : 19.63,
    "volume" : 12447736.00
  }, {
    "date" : "2025-09-04",
    "price" : 18.19,
    "dma50" : 18.77,
    "dma100" : 18.89,
    "dma200" : 19.61,
    "volume" : 7712422.00
  }, {
    "date" : "2025-09-05",
    "price" : 18.16,
    "dma50" : 18.74,
    "dma100" : 18.92,
    "dma200" : 19.60,
    "volume" : 8369822.00
  }, {
    "date" : "2025-09-08",
    "price" : 18.19,
    "dma50" : 18.72,
    "dma100" : 18.94,
    "dma200" : 19.59,
    "volume" : 6310885.00
  }, {
    "date" : "2025-09-09",
    "price" : 18.13,
    "dma50" : 18.70,
    "dma100" : 18.96,
    "dma200" : 19.57,
    "volume" : 3616554.00
  }, {
    "date" : "2025-09-10",
    "price" : 18.55,
    "dma50" : 18.69,
    "dma100" : 18.98,
    "dma200" : 19.56,
    "volume" : 25986838.00
  }, {
    "date" : "2025-09-11",
    "price" : 18.76,
    "dma50" : 18.70,
    "dma100" : 19.00,
    "dma200" : 19.55,
    "volume" : 10930300.00
  }, {
    "date" : "2025-09-12",
    "price" : 18.53,
    "dma50" : 18.69,
    "dma100" : 18.99,
    "dma200" : 19.54,
    "volume" : 5213666.00
  }, {
    "date" : "2025-09-15",
    "price" : 18.71,
    "dma50" : 18.69,
    "dma100" : 18.99,
    "dma200" : 19.54,
    "volume" : 7549561.00
  }, {
    "date" : "2025-09-16",
    "price" : 18.82,
    "dma50" : 18.70,
    "dma100" : 19.00,
    "dma200" : 19.53,
    "volume" : 9794720.00
  }, {
    "date" : "2025-09-17",
    "price" : 18.92,
    "dma50" : 18.70,
    "dma100" : 19.01,
    "dma200" : 19.52,
    "volume" : 7560616.00
  }, {
    "date" : "2025-09-18",
    "price" : 18.88,
    "dma50" : 18.71,
    "dma100" : 19.03,
    "dma200" : 19.52,
    "volume" : 8797447.00
  }, {
    "date" : "2025-09-19",
    "price" : 18.87,
    "dma50" : 18.72,
    "dma100" : 19.05,
    "dma200" : 19.51,
    "volume" : 4396889.00
  }, {
    "date" : "2025-09-22",
    "price" : 18.45,
    "dma50" : 18.71,
    "dma100" : 19.07,
    "dma200" : 19.50,
    "volume" : 6954477.00
  }, {
    "date" : "2025-09-23",
    "price" : 18.30,
    "dma50" : 18.69,
    "dma100" : 19.08,
    "dma200" : 19.49,
    "volume" : 4750328.00
  }, {
    "date" : "2025-09-24",
    "price" : 18.00,
    "dma50" : 18.66,
    "dma100" : 19.10,
    "dma200" : 19.47,
    "volume" : 5215365.00
  }, {
    "date" : "2025-09-25",
    "price" : 17.89,
    "dma50" : 18.63,
    "dma100" : 19.11,
    "dma200" : 19.46,
    "volume" : 4093455.00
  }, {
    "date" : "2025-09-26",
    "price" : 17.36,
    "dma50" : 18.58,
    "dma100" : 19.12,
    "dma200" : 19.44,
    "volume" : 6230564.00
  }, {
    "date" : "2025-09-29",
    "price" : 17.35,
    "dma50" : 18.54,
    "dma100" : 19.13,
    "dma200" : 19.41,
    "volume" : 4555534.00
  }, {
    "date" : "2025-09-30",
    "price" : 17.32,
    "dma50" : 18.49,
    "dma100" : 19.15,
    "dma200" : 19.39,
    "volume" : 3205397.00
  }, {
    "date" : "2025-10-01",
    "price" : 17.44,
    "dma50" : 18.45,
    "dma100" : 19.15,
    "dma200" : 19.37,
    "volume" : 3878436.00
  }, {
    "date" : "2025-10-03",
    "price" : 17.82,
    "dma50" : 18.42,
    "dma100" : 19.15,
    "dma200" : 19.36,
    "volume" : 4782637.00
  }, {
    "date" : "2025-10-06",
    "price" : 17.69,
    "dma50" : 18.39,
    "dma100" : 19.15,
    "dma200" : 19.34,
    "volume" : 3167390.00
  }, {
    "date" : "2025-10-07",
    "price" : 17.48,
    "dma50" : 18.36,
    "dma100" : 19.15,
    "dma200" : 19.32,
    "volume" : 3875051.00
  }, {
    "date" : "2025-10-08",
    "price" : 17.32,
    "dma50" : 18.32,
    "dma100" : 19.14,
    "dma200" : 19.30,
    "volume" : 3653731.00
  }, {
    "date" : "2025-10-09",
    "price" : 17.31,
    "dma50" : 18.28,
    "dma100" : 19.12,
    "dma200" : 19.28,
    "volume" : 2879913.00
  }, {
    "date" : "2025-10-10",
    "price" : 17.49,
    "dma50" : 18.25,
    "dma100" : 19.11,
    "dma200" : 19.27,
    "volume" : 5648920.00
  }, {
    "date" : "2025-10-13",
    "price" : 17.36,
    "dma50" : 18.21,
    "dma100" : 19.09,
    "dma200" : 19.25,
    "volume" : 3312102.00
  }, {
    "date" : "2025-10-14",
    "price" : 17.18,
    "dma50" : 18.17,
    "dma100" : 19.08,
    "dma200" : 19.23,
    "volume" : 3905164.00
  }, {
    "date" : "2025-10-15",
    "price" : 17.43,
    "dma50" : 18.14,
    "dma100" : 19.06,
    "dma200" : 19.21,
    "volume" : 4573570.00
  }, {
    "date" : "2025-10-16",
    "price" : 17.90,
    "dma50" : 18.13,
    "dma100" : 19.05,
    "dma200" : 19.20,
    "volume" : 23587951.00
  }, {
    "date" : "2025-10-17",
    "price" : 17.24,
    "dma50" : 18.10,
    "dma100" : 19.04,
    "dma200" : 19.18,
    "volume" : 8799993.00
  }, {
    "date" : "2025-10-20",
    "price" : 17.10,
    "dma50" : 18.06,
    "dma100" : 19.01,
    "dma200" : 19.16,
    "volume" : 5674154.00
  }, {
    "date" : "2025-10-21",
    "price" : 17.34,
    "dma50" : 18.03,
    "dma100" : 18.98,
    "dma200" : 19.14,
    "volume" : 2020646.00
  }, {
    "date" : "2025-10-23",
    "price" : 17.71,
    "dma50" : 18.02,
    "dma100" : 18.96,
    "dma200" : 19.12,
    "volume" : 11601188.00
  }, {
    "date" : "2025-10-24",
    "price" : 17.55,
    "dma50" : 18.00,
    "dma100" : 18.94,
    "dma200" : 19.11,
    "volume" : 4217491.00
  }, {
    "date" : "2025-10-27",
    "price" : 17.44,
    "dma50" : 17.98,
    "dma100" : 18.92,
    "dma200" : 19.09,
    "volume" : 2951974.00
  }, {
    "date" : "2025-10-28",
    "price" : 17.43,
    "dma50" : 17.96,
    "dma100" : 18.91,
    "dma200" : 19.07,
    "volume" : 2963057.00
  }, {
    "date" : "2025-10-29",
    "price" : 17.59,
    "dma50" : 17.94,
    "dma100" : 18.89,
    "dma200" : 19.06,
    "volume" : 3972405.00
  }, {
    "date" : "2025-10-30",
    "price" : 17.51,
    "dma50" : 17.92,
    "dma100" : 18.87,
    "dma200" : 19.04,
    "volume" : 2738611.00
  }, {
    "date" : "2025-10-31",
    "price" : 17.42,
    "dma50" : 17.90,
    "dma100" : 18.85,
    "dma200" : 19.03,
    "volume" : 2509957.00
  }, {
    "date" : "2025-11-03",
    "price" : 17.33,
    "dma50" : 17.88,
    "dma100" : 18.81,
    "dma200" : 19.01,
    "volume" : 2881582.00
  }, {
    "date" : "2025-11-04",
    "price" : 17.50,
    "dma50" : 17.87,
    "dma100" : 18.77,
    "dma200" : 19.00,
    "volume" : 5139828.00
  }, {
    "date" : "2025-11-06",
    "price" : 17.30,
    "dma50" : 17.85,
    "dma100" : 18.74,
    "dma200" : 18.98,
    "volume" : 3340792.00
  }, {
    "date" : "2025-11-07",
    "price" : 17.13,
    "dma50" : 17.82,
    "dma100" : 18.71,
    "dma200" : 18.96,
    "volume" : 3575227.00
  }, {
    "date" : "2025-11-10",
    "price" : 17.11,
    "dma50" : 17.79,
    "dma100" : 18.68,
    "dma200" : 18.94,
    "volume" : 2996560.00
  }, {
    "date" : "2025-11-11",
    "price" : 17.13,
    "dma50" : 17.76,
    "dma100" : 18.65,
    "dma200" : 18.92,
    "volume" : 3303121.00
  }, {
    "date" : "2025-11-12",
    "price" : 17.20,
    "dma50" : 17.74,
    "dma100" : 18.63,
    "dma200" : 18.91,
    "volume" : 4309756.00
  }, {
    "date" : "2025-11-13",
    "price" : 17.26,
    "dma50" : 17.72,
    "dma100" : 18.61,
    "dma200" : 18.89,
    "volume" : 3806371.00
  }, {
    "date" : "2025-11-14",
    "price" : 17.31,
    "dma50" : 17.71,
    "dma100" : 18.60,
    "dma200" : 18.88,
    "volume" : 2763150.00
  }, {
    "date" : "2025-11-17",
    "price" : 17.30,
    "dma50" : 17.69,
    "dma100" : 18.58,
    "dma200" : 18.86,
    "volume" : 3129915.00
  }, {
    "date" : "2025-11-18",
    "price" : 17.06,
    "dma50" : 17.67,
    "dma100" : 18.55,
    "dma200" : 18.84,
    "volume" : 4239477.00
  }, {
    "date" : "2025-11-19",
    "price" : 17.26,
    "dma50" : 17.65,
    "dma100" : 18.53,
    "dma200" : 18.83,
    "volume" : 4485964.00
  }, {
    "date" : "2025-11-20",
    "price" : 17.17,
    "dma50" : 17.63,
    "dma100" : 18.50,
    "dma200" : 18.81,
    "volume" : 3339523.00
  }, {
    "date" : "2025-11-21",
    "price" : 17.01,
    "dma50" : 17.61,
    "dma100" : 18.46,
    "dma200" : 18.79,
    "volume" : 3042314.00
  }, {
    "date" : "2025-11-24",
    "price" : 16.67,
    "dma50" : 17.57,
    "dma100" : 18.43,
    "dma200" : 18.77,
    "volume" : 3345890.00
  }, {
    "date" : "2025-11-25",
    "price" : 16.60,
    "dma50" : 17.53,
    "dma100" : 18.39,
    "dma200" : 18.75,
    "volume" : 2307685.00
  }, {
    "date" : "2025-11-26",
    "price" : 16.87,
    "dma50" : 17.51,
    "dma100" : 18.35,
    "dma200" : 18.73,
    "volume" : 3325829.00
  }, {
    "date" : "2025-11-27",
    "price" : 16.98,
    "dma50" : 17.49,
    "dma100" : 18.32,
    "dma200" : 18.71,
    "volume" : 4538588.00
  }, {
    "date" : "2025-11-28",
    "price" : 16.92,
    "dma50" : 17.46,
    "dma100" : 18.29,
    "dma200" : 18.69,
    "volume" : 3224205.00
  } ],
  "latestTechnicalAttributes" : {
    "date" : "2025-11-28",
    "price" : 16.92,
    "dma50" : 17.46,
    "dma100" : 18.29,
    "dma200" : 18.69,
    "volume" : 3224205.00
  },
  "quarterlyResults" : [ {
    "date" : "2005-03-31",
    "sales" : 378.22,
    "salesGrowthYoY" : null,
    "grossProfitMargin" : 37.41,
    "grossProfit" : 141.49,
    "operatingProfitMargin" : 19.99,
    "operatingProfit" : 75.61,
    "netProfitMargin" : 8.20,
    "netProfit" : 31.01
  }, {
    "date" : "2005-06-30",
    "sales" : 299.17,
    "salesGrowthYoY" : null,
    "grossProfitMargin" : 37.13,
    "grossProfit" : 111.08,
    "operatingProfitMargin" : 19.65,
    "operatingProfit" : 58.79,
    "netProfitMargin" : 6.87,
    "netProfit" : 20.55
  }, {
    "date" : "2005-09-30",
    "sales" : 345.44,
    "salesGrowthYoY" : null,
    "grossProfitMargin" : 37.83,
    "grossProfit" : 130.68,
    "operatingProfitMargin" : 20.50,
    "operatingProfit" : 70.82,
    "netProfitMargin" : 7.37,
    "netProfit" : 25.46
  }, {
    "date" : "2005-12-31",
    "sales" : 366.41,
    "salesGrowthYoY" : null,
    "grossProfitMargin" : 40.36,
    "grossProfit" : 147.88,
    "operatingProfitMargin" : 21.35,
    "operatingProfit" : 78.23,
    "netProfitMargin" : 8.05,
    "netProfit" : 29.50
  }, {
    "date" : "2006-03-31",
    "sales" : 407.74,
    "salesGrowthYoY" : 7.80,
    "grossProfitMargin" : 43.09,
    "grossProfit" : 175.70,
    "operatingProfitMargin" : 21.48,
    "operatingProfit" : 87.58,
    "netProfitMargin" : 8.51,
    "netProfit" : 34.70
  }, {
    "date" : "2006-06-30",
    "sales" : 357.86,
    "salesGrowthYoY" : 19.62,
    "grossProfitMargin" : 42.05,
    "grossProfit" : 150.48,
    "operatingProfitMargin" : 22.41,
    "operatingProfit" : 80.20,
    "netProfitMargin" : 7.52,
    "netProfit" : 26.91
  }, {
    "date" : "2006-09-30",
    "sales" : 417.18,
    "salesGrowthYoY" : 20.77,
    "grossProfitMargin" : 44.85,
    "grossProfit" : 187.11,
    "operatingProfitMargin" : 22.83,
    "operatingProfit" : 95.24,
    "netProfitMargin" : 7.82,
    "netProfit" : 32.62
  }, {
    "date" : "2006-12-31",
    "sales" : 479.92,
    "salesGrowthYoY" : 30.98,
    "grossProfitMargin" : 41.35,
    "grossProfit" : 198.45,
    "operatingProfitMargin" : 22.36,
    "operatingProfit" : 107.31,
    "netProfitMargin" : 7.72,
    "netProfit" : 37.05
  }, {
    "date" : "2007-03-31",
    "sales" : 574.08,
    "salesGrowthYoY" : 40.80,
    "grossProfitMargin" : 42.52,
    "grossProfit" : 244.10,
    "operatingProfitMargin" : 23.00,
    "operatingProfit" : 132.04,
    "netProfitMargin" : 13.71,
    "netProfit" : 78.71
  }, {
    "date" : "2007-06-30",
    "sales" : 418.90,
    "salesGrowthYoY" : 17.06,
    "grossProfitMargin" : 45.25,
    "grossProfit" : 189.55,
    "operatingProfitMargin" : 24.24,
    "operatingProfit" : 101.54,
    "netProfitMargin" : 6.55,
    "netProfit" : 27.44
  }, {
    "date" : "2007-09-30",
    "sales" : 464.78,
    "salesGrowthYoY" : 11.41,
    "grossProfitMargin" : 44.80,
    "grossProfit" : 208.22,
    "operatingProfitMargin" : 23.37,
    "operatingProfit" : 108.62,
    "netProfitMargin" : 7.69,
    "netProfit" : 35.74
  }, {
    "date" : "2007-12-31",
    "sales" : 550.78,
    "salesGrowthYoY" : 14.76,
    "grossProfitMargin" : 44.35,
    "grossProfit" : 244.27,
    "operatingProfitMargin" : 24.47,
    "operatingProfit" : 134.78,
    "netProfitMargin" : 7.84,
    "netProfit" : 43.18
  }, {
    "date" : "2008-03-31",
    "sales" : 724.79,
    "salesGrowthYoY" : 26.25,
    "grossProfitMargin" : 47.69,
    "grossProfit" : 345.65,
    "operatingProfitMargin" : 24.88,
    "operatingProfit" : 180.33,
    "netProfitMargin" : 8.41,
    "netProfit" : 60.95
  }, {
    "date" : "2008-06-30",
    "sales" : 543.44,
    "salesGrowthYoY" : 29.73,
    "grossProfitMargin" : 47.81,
    "grossProfit" : 259.82,
    "operatingProfitMargin" : 24.53,
    "operatingProfit" : 133.31,
    "netProfitMargin" : 5.49,
    "netProfit" : 29.83
  }, {
    "date" : "2008-09-30",
    "sales" : 698.14,
    "salesGrowthYoY" : 50.21,
    "grossProfitMargin" : 47.90,
    "grossProfit" : 334.41,
    "operatingProfitMargin" : 24.61,
    "operatingProfit" : 171.81,
    "netProfitMargin" : 6.48,
    "netProfit" : 45.24
  }, {
    "date" : "2008-12-31",
    "sales" : 816.41,
    "salesGrowthYoY" : 48.23,
    "grossProfitMargin" : 49.24,
    "grossProfit" : 402.00,
    "operatingProfitMargin" : 26.26,
    "operatingProfit" : 214.39,
    "netProfitMargin" : 6.10,
    "netProfit" : 49.80
  }, {
    "date" : "2009-03-31",
    "sales" : 908.39,
    "salesGrowthYoY" : 25.33,
    "grossProfitMargin" : 52.70,
    "grossProfit" : 478.72,
    "operatingProfitMargin" : 26.48,
    "operatingProfit" : 240.54,
    "netProfitMargin" : 7.84,
    "netProfit" : 71.22
  }, {
    "date" : "2009-06-30",
    "sales" : 786.28,
    "salesGrowthYoY" : 44.69,
    "grossProfitMargin" : 51.49,
    "grossProfit" : 404.86,
    "operatingProfitMargin" : 27.35,
    "operatingProfit" : 215.05,
    "netProfitMargin" : 4.07,
    "netProfit" : 32.00
  }, {
    "date" : "2009-09-30",
    "sales" : 974.79,
    "salesGrowthYoY" : 39.63,
    "grossProfitMargin" : 54.00,
    "grossProfit" : 526.39,
    "operatingProfitMargin" : 29.84,
    "operatingProfit" : 290.88,
    "netProfitMargin" : 5.85,
    "netProfit" : 57.03
  }, {
    "date" : "2009-12-31",
    "sales" : 1082.47,
    "salesGrowthYoY" : 32.59,
    "grossProfitMargin" : 53.69,
    "grossProfit" : 581.18,
    "operatingProfitMargin" : 29.82,
    "operatingProfit" : 322.79,
    "netProfitMargin" : 5.37,
    "netProfit" : 58.13
  }, {
    "date" : "2010-03-31",
    "sales" : 1471.13,
    "salesGrowthYoY" : 61.95,
    "grossProfitMargin" : 53.96,
    "grossProfit" : 793.82,
    "operatingProfitMargin" : 29.10,
    "operatingProfit" : 428.10,
    "netProfitMargin" : 6.48,
    "netProfit" : 95.33
  }, {
    "date" : "2010-06-30",
    "sales" : 1098.97,
    "salesGrowthYoY" : 39.77,
    "grossProfitMargin" : 53.32,
    "grossProfit" : 585.97,
    "operatingProfitMargin" : 29.74,
    "operatingProfit" : 326.83,
    "netProfitMargin" : 4.23,
    "netProfit" : 46.49
  }, {
    "date" : "2010-09-30",
    "sales" : 1451.50,
    "salesGrowthYoY" : 48.90,
    "grossProfitMargin" : 47.85,
    "grossProfit" : 694.54,
    "operatingProfitMargin" : 28.65,
    "operatingProfit" : 415.85,
    "netProfitMargin" : 5.50,
    "netProfit" : 79.83
  }, {
    "date" : "2010-12-31",
    "sales" : 1608.64,
    "salesGrowthYoY" : 48.61,
    "grossProfitMargin" : 46.62,
    "grossProfit" : 749.95,
    "operatingProfitMargin" : 25.85,
    "operatingProfit" : 415.83,
    "netProfitMargin" : 5.94,
    "netProfit" : 95.55
  }, {
    "date" : "2011-03-31",
    "sales" : 2195.87,
    "salesGrowthYoY" : 49.26,
    "grossProfitMargin" : 43.14,
    "grossProfit" : 947.30,
    "operatingProfitMargin" : 25.42,
    "operatingProfit" : 558.19,
    "netProfitMargin" : 8.38,
    "netProfit" : 184.01
  }, {
    "date" : "2011-06-30",
    "sales" : 1638.19,
    "salesGrowthYoY" : 49.07,
    "grossProfitMargin" : 51.86,
    "grossProfit" : 849.57,
    "operatingProfitMargin" : 27.81,
    "operatingProfit" : 455.58,
    "netProfitMargin" : 2.61,
    "netProfit" : 42.76
  }, {
    "date" : "2011-09-30",
    "sales" : 2197.70,
    "salesGrowthYoY" : 51.41,
    "grossProfitMargin" : 53.63,
    "grossProfit" : 1178.63,
    "operatingProfitMargin" : 31.94,
    "operatingProfit" : 701.95,
    "netProfitMargin" : 9.51,
    "netProfit" : 209.00
  }, {
    "date" : "2011-12-31",
    "sales" : 2425.25,
    "salesGrowthYoY" : 50.76,
    "grossProfitMargin" : 53.40,
    "grossProfit" : 1295.08,
    "operatingProfitMargin" : 27.74,
    "operatingProfit" : 672.76,
    "netProfitMargin" : 4.84,
    "netProfit" : 117.38
  }, {
    "date" : "2012-03-31",
    "sales" : 2595.38,
    "salesGrowthYoY" : 18.19,
    "grossProfitMargin" : 45.64,
    "grossProfit" : 1184.53,
    "operatingProfitMargin" : 28.08,
    "operatingProfit" : 728.78,
    "netProfitMargin" : 5.48,
    "netProfit" : 142.23
  }, {
    "date" : "2012-06-30",
    "sales" : 2422.75,
    "salesGrowthYoY" : 47.89,
    "grossProfitMargin" : 53.73,
    "grossProfit" : 1301.74,
    "operatingProfitMargin" : 30.92,
    "operatingProfit" : 749.11,
    "netProfitMargin" : 6.06,
    "netProfit" : 146.82
  }, {
    "date" : "2012-09-30",
    "sales" : 3324.77,
    "salesGrowthYoY" : 51.28,
    "grossProfitMargin" : 45.16,
    "grossProfit" : 1501.47,
    "operatingProfitMargin" : 27.59,
    "operatingProfit" : 917.30,
    "netProfitMargin" : 7.41,
    "netProfit" : 246.37
  }, {
    "date" : "2012-12-31",
    "sales" : 3520.81,
    "salesGrowthYoY" : 45.17,
    "grossProfitMargin" : 40.93,
    "grossProfit" : 1441.07,
    "operatingProfitMargin" : 27.14,
    "operatingProfit" : 955.55,
    "netProfitMargin" : 7.43,
    "netProfit" : 261.60
  }, {
    "date" : "2013-03-31",
    "sales" : 3913.57,
    "salesGrowthYoY" : 50.79,
    "grossProfitMargin" : 36.35,
    "grossProfit" : 1422.58,
    "operatingProfitMargin" : 24.58,
    "operatingProfit" : 961.96,
    "netProfitMargin" : 5.43,
    "netProfit" : 212.51
  }, {
    "date" : "2013-06-30",
    "sales" : 2995.18,
    "salesGrowthYoY" : 23.63,
    "grossProfitMargin" : 45.39,
    "grossProfit" : 1359.51,
    "operatingProfitMargin" : 32.53,
    "operatingProfit" : 974.33,
    "netProfitMargin" : 7.34,
    "netProfit" : 219.85
  }, {
    "date" : "2013-09-30",
    "sales" : 3740.67,
    "salesGrowthYoY" : 12.51,
    "grossProfitMargin" : 39.88,
    "grossProfit" : 1491.78,
    "operatingProfitMargin" : 23.11,
    "operatingProfit" : 864.47,
    "netProfitMargin" : 3.95,
    "netProfit" : 147.76
  }, {
    "date" : "2013-12-31",
    "sales" : 3700.24,
    "salesGrowthYoY" : 5.10,
    "grossProfitMargin" : 37.55,
    "grossProfit" : 1389.44,
    "operatingProfitMargin" : 21.48,
    "operatingProfit" : 794.81,
    "netProfitMargin" : 2.18,
    "netProfit" : 80.67
  }, {
    "date" : "2014-03-31",
    "sales" : 3889.78,
    "salesGrowthYoY" : -0.61,
    "grossProfitMargin" : 32.34,
    "grossProfit" : 1257.95,
    "operatingProfitMargin" : 20.53,
    "operatingProfit" : 798.57,
    "netProfitMargin" : 2.24,
    "netProfit" : 87.13
  }, {
    "date" : "2014-06-30",
    "sales" : 3734.90,
    "salesGrowthYoY" : 24.70,
    "grossProfitMargin" : 31.35,
    "grossProfit" : 1170.89,
    "operatingProfitMargin" : 21.98,
    "operatingProfit" : 820.93,
    "netProfitMargin" : 1.16,
    "netProfit" : 43.32
  }, {
    "date" : "2014-09-30",
    "sales" : 3757.05,
    "salesGrowthYoY" : 0.44,
    "grossProfitMargin" : 32.58,
    "grossProfit" : 1224.05,
    "operatingProfitMargin" : 22.35,
    "operatingProfit" : 839.70,
    "netProfitMargin" : 1.21,
    "netProfit" : 45.46
  }, {
    "date" : "2014-12-31",
    "sales" : 3592.21,
    "salesGrowthYoY" : -2.92,
    "grossProfitMargin" : 34.40,
    "grossProfit" : 1235.72,
    "operatingProfitMargin" : 23.83,
    "operatingProfit" : 856.02,
    "netProfitMargin" : 0.72,
    "netProfit" : 25.86
  }, {
    "date" : "2015-03-31",
    "sales" : 3456.54,
    "salesGrowthYoY" : -11.14,
    "grossProfitMargin" : 34.42,
    "grossProfit" : 1189.74,
    "operatingProfitMargin" : 24.81,
    "operatingProfit" : 857.57,
    "netProfitMargin" : 0.15,
    "netProfit" : 5.18
  }, {
    "date" : "2015-06-30",
    "sales" : 3431.14,
    "salesGrowthYoY" : -8.13,
    "grossProfitMargin" : 34.21,
    "grossProfit" : 1173.79,
    "operatingProfitMargin" : 6.86,
    "operatingProfit" : 235.38,
    "netProfitMargin" : -10.19,
    "netProfit" : -349.63
  }, {
    "date" : "2015-09-30",
    "sales" : 3251.35,
    "salesGrowthYoY" : -13.46,
    "grossProfitMargin" : 32.15,
    "grossProfit" : 1045.31,
    "operatingProfitMargin" : 17.76,
    "operatingProfit" : 577.44,
    "netProfitMargin" : -8.08,
    "netProfit" : -262.71
  }, {
    "date" : "2015-12-31",
    "sales" : 3337.68,
    "salesGrowthYoY" : -7.09,
    "grossProfitMargin" : -3.92,
    "grossProfit" : -130.84,
    "operatingProfitMargin" : -23.80,
    "operatingProfit" : -794.37,
    "netProfitMargin" : -51.12,
    "netProfit" : -1706.22
  }, {
    "date" : "2016-03-31",
    "sales" : 1902.67,
    "salesGrowthYoY" : -44.95,
    "grossProfitMargin" : 7.77,
    "grossProfit" : 147.84,
    "operatingProfitMargin" : -151.52,
    "operatingProfit" : -2882.93,
    "netProfitMargin" : -99.19,
    "netProfit" : -1887.26
  }, {
    "date" : "2016-06-30",
    "sales" : 1767.00,
    "salesGrowthYoY" : -48.50,
    "grossProfitMargin" : 16.94,
    "grossProfit" : 299.33,
    "operatingProfitMargin" : -30.64,
    "operatingProfit" : -541.41,
    "netProfitMargin" : -61.81,
    "netProfit" : -1092.18
  }, {
    "date" : "2016-09-30",
    "sales" : 1932.04,
    "salesGrowthYoY" : -40.58,
    "grossProfitMargin" : 15.87,
    "grossProfit" : 306.61,
    "operatingProfitMargin" : -10.26,
    "operatingProfit" : -198.23,
    "netProfitMargin" : -24.73,
    "netProfit" : -477.79
  }, {
    "date" : "2016-12-31",
    "sales" : 2059.36,
    "salesGrowthYoY" : -38.30,
    "grossProfitMargin" : 11.23,
    "grossProfit" : 231.27,
    "operatingProfitMargin" : -19.48,
    "operatingProfit" : -401.16,
    "netProfitMargin" : -39.19,
    "netProfit" : -807.06
  }, {
    "date" : "2017-03-31",
    "sales" : 2415.94,
    "salesGrowthYoY" : 26.98,
    "grossProfitMargin" : -8.90,
    "grossProfit" : -215.02,
    "operatingProfitMargin" : -35.80,
    "operatingProfit" : -864.91,
    "netProfitMargin" : -37.50,
    "netProfit" : -905.98
  }, {
    "date" : "2017-06-30",
    "sales" : 2744.88,
    "salesGrowthYoY" : 55.34,
    "grossProfitMargin" : -26.84,
    "grossProfit" : -736.73,
    "operatingProfitMargin" : -207.84,
    "operatingProfit" : -5704.96,
    "netProfitMargin" : -241.47,
    "netProfit" : -6628.06
  }, {
    "date" : "2017-09-30",
    "sales" : 794.58,
    "salesGrowthYoY" : -58.87,
    "grossProfitMargin" : 40.44,
    "grossProfit" : 321.33,
    "operatingProfitMargin" : -437.32,
    "operatingProfit" : -3474.86,
    "netProfitMargin" : -693.11,
    "netProfit" : -5507.31
  }, {
    "date" : "2017-12-31",
    "sales" : 952.35,
    "salesGrowthYoY" : -53.76,
    "grossProfitMargin" : 28.89,
    "grossProfit" : 275.13,
    "operatingProfitMargin" : -399.87,
    "operatingProfit" : -3808.16,
    "netProfitMargin" : -498.63,
    "netProfit" : -4748.70
  }, {
    "date" : "2018-03-31",
    "sales" : 841.81,
    "salesGrowthYoY" : -65.16,
    "grossProfitMargin" : 38.45,
    "grossProfit" : 323.68,
    "operatingProfitMargin" : -27.45,
    "operatingProfit" : -231.08,
    "netProfitMargin" : -156.88,
    "netProfit" : -1320.63
  }, {
    "date" : "2018-06-30",
    "sales" : 786.50,
    "salesGrowthYoY" : -71.35,
    "grossProfitMargin" : 32.69,
    "grossProfit" : 257.11,
    "operatingProfitMargin" : -2.53,
    "operatingProfit" : -19.90,
    "netProfitMargin" : -152.27,
    "netProfit" : -1197.60
  }, {
    "date" : "2018-09-30",
    "sales" : 896.06,
    "salesGrowthYoY" : 12.77,
    "grossProfitMargin" : 32.84,
    "grossProfit" : 294.27,
    "operatingProfitMargin" : -9.63,
    "operatingProfit" : -86.29,
    "netProfitMargin" : -152.52,
    "netProfit" : -1366.67
  }, {
    "date" : "2018-12-31",
    "sales" : 675.68,
    "salesGrowthYoY" : -29.05,
    "grossProfitMargin" : 24.61,
    "grossProfit" : 166.28,
    "operatingProfitMargin" : -15.80,
    "operatingProfit" : -106.76,
    "netProfitMargin" : -186.39,
    "netProfit" : -1259.40
  }, {
    "date" : "2019-03-31",
    "sales" : 770.52,
    "salesGrowthYoY" : -8.47,
    "grossProfitMargin" : 33.84,
    "grossProfit" : 260.74,
    "operatingProfitMargin" : 2.06,
    "operatingProfit" : 15.87,
    "netProfitMargin" : -121.91,
    "netProfit" : -939.34
  }, {
    "date" : "2019-06-30",
    "sales" : 817.38,
    "salesGrowthYoY" : 3.93,
    "grossProfitMargin" : 34.42,
    "grossProfit" : 281.34,
    "operatingProfitMargin" : 2.48,
    "operatingProfit" : 20.27,
    "netProfitMargin" : -8.19,
    "netProfit" : -66.94
  }, {
    "date" : "2019-09-30",
    "sales" : 811.06,
    "salesGrowthYoY" : -9.49,
    "grossProfitMargin" : 21.72,
    "grossProfit" : 176.16,
    "operatingProfitMargin" : -0.81,
    "operatingProfit" : -6.57,
    "netProfitMargin" : -18.89,
    "netProfit" : -153.21
  }, {
    "date" : "2019-12-31",
    "sales" : 824.87,
    "salesGrowthYoY" : 22.08,
    "grossProfitMargin" : 19.12,
    "grossProfit" : 157.72,
    "operatingProfitMargin" : -4.60,
    "operatingProfit" : -37.94,
    "netProfitMargin" : -22.97,
    "netProfit" : -189.47
  }, {
    "date" : "2020-03-31",
    "sales" : 707.22,
    "salesGrowthYoY" : -8.22,
    "grossProfitMargin" : 12.15,
    "grossProfit" : 85.93,
    "operatingProfitMargin" : -38.02,
    "operatingProfit" : -268.89,
    "netProfitMargin" : -59.36,
    "netProfit" : -419.81
  }, {
    "date" : "2020-06-30",
    "sales" : 345.46,
    "salesGrowthYoY" : -57.74,
    "grossProfitMargin" : 49.44,
    "grossProfit" : 170.80,
    "operatingProfitMargin" : -95.82,
    "operatingProfit" : -331.02,
    "netProfitMargin" : -925.47,
    "netProfit" : -3197.13
  }, {
    "date" : "2020-09-30",
    "sales" : 781.70,
    "salesGrowthYoY" : -3.62,
    "grossProfitMargin" : 25.14,
    "grossProfit" : 196.52,
    "operatingProfitMargin" : -37.44,
    "operatingProfit" : -292.67,
    "netProfitMargin" : -60.03,
    "netProfit" : -469.25
  }, {
    "date" : "2020-12-31",
    "sales" : 1164.18,
    "salesGrowthYoY" : 41.13,
    "grossProfitMargin" : 28.48,
    "grossProfit" : 331.56,
    "operatingProfitMargin" : 11.77,
    "operatingProfit" : 137.02,
    "netProfitMargin" : -2.47,
    "netProfit" : -28.76
  }, {
    "date" : "2021-03-31",
    "sales" : 1446.41,
    "salesGrowthYoY" : 104.52,
    "grossProfitMargin" : 27.65,
    "grossProfit" : 399.93,
    "operatingProfitMargin" : 2.42,
    "operatingProfit" : 35.00,
    "netProfitMargin" : -5.28,
    "netProfit" : -76.37
  }, {
    "date" : "2021-06-30",
    "sales" : 1223.07,
    "salesGrowthYoY" : 254.04,
    "grossProfitMargin" : 25.01,
    "grossProfit" : 305.89,
    "operatingProfitMargin" : 8.03,
    "operatingProfit" : 98.21,
    "netProfitMargin" : -7.56,
    "netProfit" : -92.46
  }, {
    "date" : "2021-09-30",
    "sales" : 1873.45,
    "salesGrowthYoY" : 139.66,
    "grossProfitMargin" : 19.28,
    "grossProfit" : 361.20,
    "operatingProfitMargin" : 6.27,
    "operatingProfit" : 117.47,
    "netProfitMargin" : -3.98,
    "netProfit" : -74.56
  }, {
    "date" : "2021-12-31",
    "sales" : 2089.01,
    "salesGrowthYoY" : 79.44,
    "grossProfitMargin" : 21.64,
    "grossProfit" : 452.06,
    "operatingProfitMargin" : 9.68,
    "operatingProfit" : 202.22,
    "netProfitMargin" : 0.58,
    "netProfit" : 12.12
  }, {
    "date" : "2022-03-31",
    "sales" : 1965.37,
    "salesGrowthYoY" : 35.88,
    "grossProfitMargin" : 22.37,
    "grossProfit" : 439.65,
    "operatingProfitMargin" : 7.80,
    "operatingProfit" : 153.30,
    "netProfitMargin" : -1.49,
    "netProfit" : -29.28
  }, {
    "date" : "2022-06-30",
    "sales" : 1915.76,
    "salesGrowthYoY" : 56.64,
    "grossProfitMargin" : 15.80,
    "grossProfit" : 302.69,
    "operatingProfitMargin" : 2.15,
    "operatingProfit" : 41.19,
    "netProfitMargin" : -7.44,
    "netProfit" : -142.53
  }, {
    "date" : "2022-09-30",
    "sales" : 1667.95,
    "salesGrowthYoY" : -10.97,
    "grossProfitMargin" : 16.02,
    "grossProfit" : 267.21,
    "operatingProfitMargin" : 0.19,
    "operatingProfit" : 3.17,
    "netProfitMargin" : -11.45,
    "netProfit" : -190.98
  }, {
    "date" : "2022-12-31",
    "sales" : 1664.99,
    "salesGrowthYoY" : -20.30,
    "grossProfitMargin" : 11.95,
    "grossProfit" : 198.97,
    "operatingProfitMargin" : -2.31,
    "operatingProfit" : -38.46,
    "netProfitMargin" : -14.50,
    "netProfit" : -241.42
  }, {
    "date" : "2023-03-31",
    "sales" : 1518.01,
    "salesGrowthYoY" : -22.76,
    "grossProfitMargin" : 12.03,
    "grossProfit" : 182.62,
    "operatingProfitMargin" : -4.81,
    "operatingProfit" : -73.02,
    "netProfitMargin" : -19.76,
    "netProfit" : -299.96
  }, {
    "date" : "2023-06-30",
    "sales" : 1365.49,
    "salesGrowthYoY" : -28.72,
    "grossProfitMargin" : 17.16,
    "grossProfit" : 234.32,
    "operatingProfitMargin" : 0.96,
    "operatingProfit" : 13.11,
    "netProfitMargin" : -16.17,
    "netProfit" : -220.80
  }, {
    "date" : "2023-09-30",
    "sales" : 1338.23,
    "salesGrowthYoY" : -19.77,
    "grossProfitMargin" : 19.73,
    "grossProfit" : 264.03,
    "operatingProfitMargin" : 2.66,
    "operatingProfit" : 35.60,
    "netProfitMargin" : -12.74,
    "netProfit" : -170.49
  }, {
    "date" : "2023-12-31",
    "sales" : 1217.20,
    "salesGrowthYoY" : -26.89,
    "grossProfitMargin" : 17.45,
    "grossProfit" : 212.40,
    "operatingProfitMargin" : 0.15,
    "operatingProfit" : 1.83,
    "netProfitMargin" : -17.70,
    "netProfit" : -215.44
  }, {
    "date" : "2024-03-31",
    "sales" : 1435.43,
    "salesGrowthYoY" : -5.44,
    "grossProfitMargin" : 20.25,
    "grossProfit" : 290.67,
    "operatingProfitMargin" : 1.08,
    "operatingProfit" : 15.50,
    "netProfitMargin" : -14.41,
    "netProfit" : -206.85
  }, {
    "date" : "2024-06-30",
    "sales" : 968.67,
    "salesGrowthYoY" : -29.06,
    "grossProfitMargin" : 27.26,
    "grossProfit" : 264.06,
    "operatingProfitMargin" : 2.61,
    "operatingProfit" : 25.28,
    "netProfitMargin" : -20.39,
    "netProfit" : -197.51
  }, {
    "date" : "2024-09-30",
    "sales" : 852.84,
    "salesGrowthYoY" : -36.27,
    "grossProfitMargin" : 23.78,
    "grossProfit" : 202.81,
    "operatingProfitMargin" : -4.79,
    "operatingProfit" : -40.85,
    "netProfitMargin" : -30.56,
    "netProfit" : -260.63
  }, {
    "date" : "2024-12-31",
    "sales" : 822.17,
    "salesGrowthYoY" : -32.45,
    "grossProfitMargin" : 27.59,
    "grossProfit" : 226.84,
    "operatingProfitMargin" : -2.76,
    "operatingProfit" : -22.69,
    "netProfitMargin" : -29.55,
    "netProfit" : -242.95
  }, {
    "date" : "2025-03-31",
    "sales" : 912.91,
    "salesGrowthYoY" : -36.40,
    "grossProfitMargin" : 27.63,
    "grossProfit" : 252.24,
    "operatingProfitMargin" : 0.89,
    "operatingProfit" : 8.12,
    "netProfitMargin" : -17.73,
    "netProfit" : -161.86
  }, {
    "date" : "2025-06-30",
    "sales" : 884.52,
    "salesGrowthYoY" : -8.69,
    "grossProfitMargin" : 29.38,
    "grossProfit" : 259.87,
    "operatingProfitMargin" : 1.26,
    "operatingProfit" : 11.14,
    "netProfitMargin" : -22.85,
    "netProfit" : -202.11
  }, {
    "date" : "2025-09-30",
    "sales" : 901.19,
    "salesGrowthYoY" : 5.67,
    "grossProfitMargin" : 29.86,
    "grossProfit" : 269.10,
    "operatingProfitMargin" : 0.20,
    "operatingProfit" : 1.80,
    "netProfitMargin" : -22.99,
    "netProfit" : -207.18
  } ],
  "latestQuarterlyResult" : {
    "date" : "2025-09-30",
    "sales" : 901.19,
    "salesGrowthYoY" : 5.67,
    "grossProfitMargin" : 29.86,
    "grossProfit" : 269.10,
    "operatingProfitMargin" : 0.20,
    "operatingProfit" : 1.80,
    "netProfitMargin" : -22.99,
    "netProfit" : -207.18
  },
  "companyScore" : {
    "priceHigherThanDma50" : 0.00,
    "priceHigherThanDma100" : 0.00,
    "priceHigherThanDma200" : 0.00,
    "dma50HigherThanDma100" : 0.00,
    "dma50HigherThanDma200" : 0.00,
    "dma100HigherThanDma200" : 0.00,
    "pricePercentageAboveDma50" : 5.15,
    "pricePercentageAboveDma100" : 5.37,
    "pricePercentageAboveDma200" : 5.47,
    "weeklyVolumeHigherThanYearlyVolume" : 0.00,
    "salesGrowthPercentile" : 9.11,
    "operatingProfitMarginPercentile" : 18.62,
    "netProfitMarginPercentile" : 9.61,
    "totalTechnicalScore" : 16.00,
    "totalFundamentalScore" : 37.35,
    "totalScore" : 53.35
  }
}