{
  "metadata" : {
    "screenerCompanyId" : "163",
    "companyCode" : "AMBUJACEM",
    "companyName" : "Ambuja Cements",
    "screenerCompanyLink" : "https://www.screener.in/company/AMBUJACEM",
    "screenerTechnicalHistoryLink" : "https://www.screener.in/api/company/163/chart/?q=Price-DMA50-DMA200-Volume&days=365",
    "screenerQuarterlyResultsLink" : "https://www.screener.in/api/company/163/chart/?q=GPM-OPM-NPM-Quarter+Sales&days=10000",
    "attributes" : {
      "companyCode" : "AMBUJACEM",
      "companyName" : "Ambuja Cements",
      "marketCap" : 135580.00,
      "peRatio" : 26.50,
      "description" : "Ambuja Cements Ltd. is among the leading cement companies in India. It is a member of the Adani Group. Currently, Ambuja Cement has a cement capacity of 31 million tonnes with six integrated cement manufacturing plants and eight cement grinding units across the country.[1]"
    },
    "companyScore" : {
      "priceHigherThanDma50" : 0.00,
      "priceHigherThanDma100" : 0.00,
      "priceHigherThanDma200" : 0.00,
      "dma50HigherThanDma100" : 0.00,
      "dma50HigherThanDma200" : 0.00,
      "dma100HigherThanDma200" : 5.00,
      "pricePercentageAboveDma50" : 5.13,
      "pricePercentageAboveDma100" : 5.24,
      "pricePercentageAboveDma200" : 5.14,
      "weeklyVolumeHigherThanYearlyVolume" : 0.00,
      "salesGrowthPercentile" : 17.72,
      "operatingProfitMarginPercentile" : 3.39,
      "netProfitMarginPercentile" : 9.76,
      "totalTechnicalScore" : 20.51,
      "totalFundamentalScore" : 30.87,
      "totalScore" : 51.39
    }
  },
  "attributes" : {
    "companyCode" : "AMBUJACEM",
    "companyName" : "Ambuja Cements",
    "marketCap" : 135580.00,
    "peRatio" : 26.50,
    "description" : "Ambuja Cements Ltd. is among the leading cement companies in India. It is a member of the Adani Group. Currently, Ambuja Cement has a cement capacity of 31 million tonnes with six integrated cement manufacturing plants and eight cement grinding units across the country.[1]"
  },
  "technicalHistory" : [ {
    "date" : "2024-11-28",
    "price" : 513.00,
    "dma50" : 568.40,
    "dma100" : null,
    "dma200" : 587.55,
    "volume" : 6447330.00
  }, {
    "date" : "2024-11-29",
    "price" : 531.50,
    "dma50" : 566.95,
    "dma100" : null,
    "dma200" : 586.99,
    "volume" : 6809740.00
  }, {
    "date" : "2024-12-02",
    "price" : 538.80,
    "dma50" : 565.84,
    "dma100" : null,
    "dma200" : 586.51,
    "volume" : 3316923.00
  }, {
    "date" : "2024-12-03",
    "price" : 566.55,
    "dma50" : 565.87,
    "dma100" : null,
    "dma200" : 586.31,
    "volume" : 5896910.00
  }, {
    "date" : "2024-12-04",
    "price" : 564.70,
    "dma50" : 565.83,
    "dma100" : null,
    "dma200" : 586.10,
    "volume" : 1678138.00
  }, {
    "date" : "2024-12-05",
    "price" : 571.10,
    "dma50" : 566.03,
    "dma100" : null,
    "dma200" : 585.95,
    "volume" : 3118674.00
  }, {
    "date" : "2024-12-06",
    "price" : 565.30,
    "dma50" : 566.00,
    "dma100" : null,
    "dma200" : 585.74,
    "volume" : 933362.00
  }, {
    "date" : "2024-12-09",
    "price" : 571.30,
    "dma50" : 566.21,
    "dma100" : null,
    "dma200" : 585.60,
    "volume" : 1242511.00
  }, {
    "date" : "2024-12-10",
    "price" : 573.50,
    "dma50" : 566.50,
    "dma100" : null,
    "dma200" : 585.48,
    "volume" : 1150073.00
  }, {
    "date" : "2024-12-11",
    "price" : 578.45,
    "dma50" : 566.97,
    "dma100" : null,
    "dma200" : 585.41,
    "volume" : 2806928.00
  }, {
    "date" : "2024-12-12",
    "price" : 571.75,
    "dma50" : 567.15,
    "dma100" : null,
    "dma200" : 585.27,
    "volume" : 2383460.00
  }, {
    "date" : "2024-12-13",
    "price" : 572.75,
    "dma50" : 567.37,
    "dma100" : null,
    "dma200" : 585.15,
    "volume" : 2337367.00
  }, {
    "date" : "2024-12-16",
    "price" : 576.95,
    "dma50" : 567.75,
    "dma100" : null,
    "dma200" : 585.07,
    "volume" : 1145926.00
  }, {
    "date" : "2024-12-17",
    "price" : 571.10,
    "dma50" : 567.88,
    "dma100" : null,
    "dma200" : 584.93,
    "volume" : 1112729.00
  }, {
    "date" : "2024-12-18",
    "price" : 564.55,
    "dma50" : 567.75,
    "dma100" : null,
    "dma200" : 584.73,
    "volume" : 1685098.00
  }, {
    "date" : "2024-12-19",
    "price" : 563.30,
    "dma50" : 567.58,
    "dma100" : null,
    "dma200" : 584.51,
    "volume" : 1435351.00
  }, {
    "date" : "2024-12-20",
    "price" : 548.80,
    "dma50" : 566.84,
    "dma100" : null,
    "dma200" : 584.16,
    "volume" : 2138974.00
  }, {
    "date" : "2024-12-23",
    "price" : 550.65,
    "dma50" : 566.20,
    "dma100" : null,
    "dma200" : 583.82,
    "volume" : 878101.00
  }, {
    "date" : "2024-12-24",
    "price" : 543.10,
    "dma50" : 565.30,
    "dma100" : null,
    "dma200" : 583.42,
    "volume" : 1023915.00
  }, {
    "date" : "2024-12-26",
    "price" : 548.80,
    "dma50" : 564.65,
    "dma100" : null,
    "dma200" : 583.08,
    "volume" : 1733760.00
  }, {
    "date" : "2024-12-27",
    "price" : 547.95,
    "dma50" : 564.00,
    "dma100" : null,
    "dma200" : 582.73,
    "volume" : 1193316.00
  }, {
    "date" : "2024-12-30",
    "price" : 544.60,
    "dma50" : 563.24,
    "dma100" : null,
    "dma200" : 582.35,
    "volume" : 3565410.00
  }, {
    "date" : "2024-12-31",
    "price" : 535.80,
    "dma50" : 562.16,
    "dma100" : null,
    "dma200" : 581.88,
    "volume" : 1120102.00
  }, {
    "date" : "2025-01-01",
    "price" : 538.60,
    "dma50" : 561.24,
    "dma100" : null,
    "dma200" : 581.45,
    "volume" : 862474.00
  }, {
    "date" : "2025-01-02",
    "price" : 549.85,
    "dma50" : 560.79,
    "dma100" : null,
    "dma200" : 581.14,
    "volume" : 2796688.00
  }, {
    "date" : "2025-01-03",
    "price" : 548.70,
    "dma50" : 560.32,
    "dma100" : null,
    "dma200" : 580.82,
    "volume" : 2194565.00
  }, {
    "date" : "2025-01-06",
    "price" : 529.90,
    "dma50" : 559.12,
    "dma100" : null,
    "dma200" : 580.31,
    "volume" : 3695781.00
  }, {
    "date" : "2025-01-07",
    "price" : 535.75,
    "dma50" : 558.21,
    "dma100" : null,
    "dma200" : 579.87,
    "volume" : 823869.00
  }, {
    "date" : "2025-01-08",
    "price" : 538.05,
    "dma50" : 557.42,
    "dma100" : null,
    "dma200" : 579.45,
    "volume" : 1452192.00
  }, {
    "date" : "2025-01-09",
    "price" : 525.25,
    "dma50" : 556.15,
    "dma100" : null,
    "dma200" : 578.91,
    "volume" : 1365264.00
  }, {
    "date" : "2025-01-10",
    "price" : 511.25,
    "dma50" : 554.39,
    "dma100" : null,
    "dma200" : 578.24,
    "volume" : 2092576.00
  }, {
    "date" : "2025-01-13",
    "price" : 493.20,
    "dma50" : 551.99,
    "dma100" : null,
    "dma200" : 577.39,
    "volume" : 2337740.00
  }, {
    "date" : "2025-01-14",
    "price" : 515.35,
    "dma50" : 550.56,
    "dma100" : null,
    "dma200" : 576.77,
    "volume" : 1798066.00
  }, {
    "date" : "2025-01-15",
    "price" : 519.30,
    "dma50" : 549.33,
    "dma100" : null,
    "dma200" : 576.20,
    "volume" : 1803740.00
  }, {
    "date" : "2025-01-16",
    "price" : 540.15,
    "dma50" : 548.97,
    "dma100" : null,
    "dma200" : 575.84,
    "volume" : 4340431.00
  }, {
    "date" : "2025-01-17",
    "price" : 536.25,
    "dma50" : 548.47,
    "dma100" : null,
    "dma200" : 575.45,
    "volume" : 987425.00
  }, {
    "date" : "2025-01-20",
    "price" : 535.35,
    "dma50" : 547.96,
    "dma100" : null,
    "dma200" : 575.05,
    "volume" : 687788.00
  }, {
    "date" : "2025-01-21",
    "price" : 531.75,
    "dma50" : 547.32,
    "dma100" : null,
    "dma200" : 574.62,
    "volume" : 2601704.00
  }, {
    "date" : "2025-01-22",
    "price" : 536.65,
    "dma50" : 546.90,
    "dma100" : null,
    "dma200" : 574.24,
    "volume" : 1691508.00
  }, {
    "date" : "2025-01-23",
    "price" : 548.80,
    "dma50" : 546.98,
    "dma100" : null,
    "dma200" : 573.99,
    "volume" : 1957079.00
  }, {
    "date" : "2025-01-24",
    "price" : 551.80,
    "dma50" : 547.17,
    "dma100" : null,
    "dma200" : 573.77,
    "volume" : 3998710.00
  }, {
    "date" : "2025-01-27",
    "price" : 534.90,
    "dma50" : 546.69,
    "dma100" : null,
    "dma200" : 573.38,
    "volume" : 1991160.00
  }, {
    "date" : "2025-01-28",
    "price" : 543.15,
    "dma50" : 546.55,
    "dma100" : null,
    "dma200" : 573.08,
    "volume" : 1357505.00
  }, {
    "date" : "2025-01-29",
    "price" : 522.10,
    "dma50" : 545.59,
    "dma100" : null,
    "dma200" : 572.57,
    "volume" : 11486806.00
  }, {
    "date" : "2025-01-30",
    "price" : 509.55,
    "dma50" : 544.17,
    "dma100" : null,
    "dma200" : 571.95,
    "volume" : 10448862.00
  }, {
    "date" : "2025-01-31",
    "price" : 512.80,
    "dma50" : 542.94,
    "dma100" : null,
    "dma200" : 571.36,
    "volume" : 2399603.00
  }, {
    "date" : "2025-02-01",
    "price" : 501.50,
    "dma50" : 541.32,
    "dma100" : null,
    "dma200" : 570.66,
    "volume" : 5803336.00
  }, {
    "date" : "2025-02-03",
    "price" : 495.15,
    "dma50" : 539.51,
    "dma100" : null,
    "dma200" : 569.91,
    "volume" : 4649324.00
  }, {
    "date" : "2025-02-04",
    "price" : 513.70,
    "dma50" : 538.50,
    "dma100" : null,
    "dma200" : 569.35,
    "volume" : 3303904.00
  }, {
    "date" : "2025-02-05",
    "price" : 521.80,
    "dma50" : 537.84,
    "dma100" : null,
    "dma200" : 568.88,
    "volume" : 1800692.00
  }, {
    "date" : "2025-02-06",
    "price" : 514.15,
    "dma50" : 536.91,
    "dma100" : null,
    "dma200" : 568.33,
    "volume" : 781093.00
  }, {
    "date" : "2025-02-07",
    "price" : 512.75,
    "dma50" : 535.97,
    "dma100" : null,
    "dma200" : 567.78,
    "volume" : 2120439.00
  }, {
    "date" : "2025-02-10",
    "price" : 506.75,
    "dma50" : 534.82,
    "dma100" : null,
    "dma200" : 567.17,
    "volume" : 2062642.00
  }, {
    "date" : "2025-02-11",
    "price" : 499.90,
    "dma50" : 533.45,
    "dma100" : null,
    "dma200" : 566.50,
    "volume" : 2833606.00
  }, {
    "date" : "2025-02-12",
    "price" : 501.10,
    "dma50" : 532.18,
    "dma100" : null,
    "dma200" : 565.85,
    "volume" : 1958463.00
  }, {
    "date" : "2025-02-13",
    "price" : 502.50,
    "dma50" : 531.02,
    "dma100" : null,
    "dma200" : 565.22,
    "volume" : 1063477.00
  }, {
    "date" : "2025-02-14",
    "price" : 489.50,
    "dma50" : 529.39,
    "dma100" : null,
    "dma200" : 564.47,
    "volume" : 2659748.00
  }, {
    "date" : "2025-02-17",
    "price" : 488.30,
    "dma50" : 527.78,
    "dma100" : null,
    "dma200" : 563.71,
    "volume" : 2559862.00
  }, {
    "date" : "2025-02-18",
    "price" : 486.75,
    "dma50" : 526.17,
    "dma100" : null,
    "dma200" : 562.95,
    "volume" : 2434439.00
  }, {
    "date" : "2025-02-19",
    "price" : 479.90,
    "dma50" : 524.35,
    "dma100" : null,
    "dma200" : 562.12,
    "volume" : 1784424.00
  }, {
    "date" : "2025-02-20",
    "price" : 482.85,
    "dma50" : 522.73,
    "dma100" : null,
    "dma200" : 561.33,
    "volume" : 1842202.00
  }, {
    "date" : "2025-02-21",
    "price" : 481.95,
    "dma50" : 521.13,
    "dma100" : null,
    "dma200" : 560.54,
    "volume" : 4215333.00
  }, {
    "date" : "2025-02-24",
    "price" : 470.40,
    "dma50" : 519.14,
    "dma100" : null,
    "dma200" : 559.64,
    "volume" : 2159780.00
  }, {
    "date" : "2025-02-25",
    "price" : 469.25,
    "dma50" : 517.18,
    "dma100" : null,
    "dma200" : 558.74,
    "volume" : 4000468.00
  }, {
    "date" : "2025-02-27",
    "price" : 469.80,
    "dma50" : 515.32,
    "dma100" : null,
    "dma200" : 557.86,
    "volume" : 4538971.00
  }, {
    "date" : "2025-02-28",
    "price" : 464.95,
    "dma50" : 513.35,
    "dma100" : null,
    "dma200" : 556.93,
    "volume" : 3569964.00
  }, {
    "date" : "2025-03-03",
    "price" : 471.80,
    "dma50" : 511.72,
    "dma100" : null,
    "dma200" : 556.09,
    "volume" : 2145133.00
  }, {
    "date" : "2025-03-04",
    "price" : 475.00,
    "dma50" : 510.28,
    "dma100" : null,
    "dma200" : 555.28,
    "volume" : 1338993.00
  }, {
    "date" : "2025-03-05",
    "price" : 491.10,
    "dma50" : 509.53,
    "dma100" : null,
    "dma200" : 554.64,
    "volume" : 2350590.00
  }, {
    "date" : "2025-03-06",
    "price" : 498.50,
    "dma50" : 509.09,
    "dma100" : null,
    "dma200" : 554.08,
    "volume" : 3365139.00
  }, {
    "date" : "2025-03-07",
    "price" : 499.80,
    "dma50" : 508.73,
    "dma100" : null,
    "dma200" : 553.54,
    "volume" : 1981558.00
  }, {
    "date" : "2025-03-10",
    "price" : 489.60,
    "dma50" : 507.98,
    "dma100" : null,
    "dma200" : 552.91,
    "volume" : 1699374.00
  }, {
    "date" : "2025-03-11",
    "price" : 495.55,
    "dma50" : 507.49,
    "dma100" : null,
    "dma200" : 552.34,
    "volume" : 2056984.00
  }, {
    "date" : "2025-03-12",
    "price" : 489.20,
    "dma50" : 506.78,
    "dma100" : null,
    "dma200" : 551.71,
    "volume" : 2102841.00
  }, {
    "date" : "2025-03-13",
    "price" : 485.80,
    "dma50" : 505.95,
    "dma100" : null,
    "dma200" : 551.05,
    "volume" : 1653151.00
  }, {
    "date" : "2025-03-17",
    "price" : 490.55,
    "dma50" : 505.35,
    "dma100" : null,
    "dma200" : 550.45,
    "volume" : 2829423.00
  }, {
    "date" : "2025-03-18",
    "price" : 498.15,
    "dma50" : 505.07,
    "dma100" : null,
    "dma200" : 549.93,
    "volume" : 2405793.00
  }, {
    "date" : "2025-03-19",
    "price" : 507.05,
    "dma50" : 505.14,
    "dma100" : null,
    "dma200" : 549.50,
    "volume" : 1328688.00
  }, {
    "date" : "2025-03-20",
    "price" : 504.70,
    "dma50" : 505.13,
    "dma100" : null,
    "dma200" : 549.06,
    "volume" : 1272216.00
  }, {
    "date" : "2025-03-21",
    "price" : 514.50,
    "dma50" : 505.49,
    "dma100" : null,
    "dma200" : 548.71,
    "volume" : 4328818.00
  }, {
    "date" : "2025-03-24",
    "price" : 519.30,
    "dma50" : 506.04,
    "dma100" : null,
    "dma200" : 548.42,
    "volume" : 3120610.00
  }, {
    "date" : "2025-03-25",
    "price" : 520.55,
    "dma50" : 506.60,
    "dma100" : null,
    "dma200" : 548.14,
    "volume" : 6933450.00
  }, {
    "date" : "2025-03-26",
    "price" : 532.45,
    "dma50" : 507.62,
    "dma100" : null,
    "dma200" : 547.99,
    "volume" : 4524937.00
  }, {
    "date" : "2025-03-27",
    "price" : 542.80,
    "dma50" : 509.00,
    "dma100" : null,
    "dma200" : 547.94,
    "volume" : 3317779.00
  }, {
    "date" : "2025-03-28",
    "price" : 538.35,
    "dma50" : 510.15,
    "dma100" : null,
    "dma200" : 547.84,
    "volume" : 1680932.00
  }, {
    "date" : "2025-04-01",
    "price" : 529.90,
    "dma50" : 510.92,
    "dma100" : null,
    "dma200" : 547.66,
    "volume" : 986580.00
  }, {
    "date" : "2025-04-02",
    "price" : 534.05,
    "dma50" : 511.83,
    "dma100" : null,
    "dma200" : 547.53,
    "volume" : 1416332.00
  }, {
    "date" : "2025-04-03",
    "price" : 540.70,
    "dma50" : 512.96,
    "dma100" : null,
    "dma200" : 547.46,
    "volume" : 917894.00
  }, {
    "date" : "2025-04-04",
    "price" : 528.20,
    "dma50" : 513.56,
    "dma100" : null,
    "dma200" : 547.27,
    "volume" : 1292352.00
  }, {
    "date" : "2025-04-07",
    "price" : 525.20,
    "dma50" : 514.02,
    "dma100" : null,
    "dma200" : 547.05,
    "volume" : 3271407.00
  }, {
    "date" : "2025-04-08",
    "price" : 536.80,
    "dma50" : 514.91,
    "dma100" : null,
    "dma200" : 546.95,
    "volume" : 2175717.00
  }, {
    "date" : "2025-04-09",
    "price" : 547.80,
    "dma50" : 516.20,
    "dma100" : null,
    "dma200" : 546.95,
    "volume" : 4500015.00
  }, {
    "date" : "2025-04-11",
    "price" : 548.65,
    "dma50" : 517.47,
    "dma100" : null,
    "dma200" : 546.97,
    "volume" : 4002129.00
  }, {
    "date" : "2025-04-15",
    "price" : 558.05,
    "dma50" : 519.06,
    "dma100" : null,
    "dma200" : 547.08,
    "volume" : 3092312.00
  }, {
    "date" : "2025-04-16",
    "price" : 565.75,
    "dma50" : 520.89,
    "dma100" : null,
    "dma200" : 547.27,
    "volume" : 3314868.00
  }, {
    "date" : "2025-04-17",
    "price" : 569.80,
    "dma50" : 522.81,
    "dma100" : null,
    "dma200" : 547.49,
    "volume" : 2572202.00
  }, {
    "date" : "2025-04-21",
    "price" : 578.90,
    "dma50" : 525.01,
    "dma100" : null,
    "dma200" : 547.80,
    "volume" : 3532362.00
  }, {
    "date" : "2025-04-22",
    "price" : 577.90,
    "dma50" : 527.09,
    "dma100" : null,
    "dma200" : 548.10,
    "volume" : 4264098.00
  }, {
    "date" : "2025-04-23",
    "price" : 574.35,
    "dma50" : 528.94,
    "dma100" : null,
    "dma200" : 548.36,
    "volume" : 2879045.00
  }, {
    "date" : "2025-04-24",
    "price" : 572.00,
    "dma50" : 530.63,
    "dma100" : null,
    "dma200" : 548.60,
    "volume" : 4146372.00
  }, {
    "date" : "2025-04-25",
    "price" : 548.70,
    "dma50" : 531.34,
    "dma100" : 527.64,
    "dma200" : 548.60,
    "volume" : 3835852.00
  }, {
    "date" : "2025-04-28",
    "price" : 544.95,
    "dma50" : 531.87,
    "dma100" : 527.78,
    "dma200" : 548.56,
    "volume" : 3013445.00
  }, {
    "date" : "2025-04-29",
    "price" : 533.95,
    "dma50" : 531.95,
    "dma100" : 527.73,
    "dma200" : 548.42,
    "volume" : 8063950.00
  }, {
    "date" : "2025-04-30",
    "price" : 539.70,
    "dma50" : 532.26,
    "dma100" : 527.46,
    "dma200" : 548.33,
    "volume" : 6091671.00
  }, {
    "date" : "2025-05-02",
    "price" : 531.70,
    "dma50" : 532.23,
    "dma100" : 527.13,
    "dma200" : 548.17,
    "volume" : 3534119.00
  }, {
    "date" : "2025-05-05",
    "price" : 541.40,
    "dma50" : 532.59,
    "dma100" : 526.83,
    "dma200" : 548.10,
    "volume" : 8254321.00
  }, {
    "date" : "2025-05-06",
    "price" : 535.15,
    "dma50" : 532.69,
    "dma100" : 526.53,
    "dma200" : 547.97,
    "volume" : 3417460.00
  }, {
    "date" : "2025-05-07",
    "price" : 535.20,
    "dma50" : 532.79,
    "dma100" : 526.17,
    "dma200" : 547.84,
    "volume" : 4467078.00
  }, {
    "date" : "2025-05-08",
    "price" : 524.40,
    "dma50" : 532.46,
    "dma100" : 525.68,
    "dma200" : 547.61,
    "volume" : 3571569.00
  }, {
    "date" : "2025-05-09",
    "price" : 527.45,
    "dma50" : 532.27,
    "dma100" : 525.17,
    "dma200" : 547.41,
    "volume" : 2061036.00
  }, {
    "date" : "2025-05-12",
    "price" : 541.65,
    "dma50" : 532.63,
    "dma100" : 524.87,
    "dma200" : 547.35,
    "volume" : 1345483.00
  }, {
    "date" : "2025-05-13",
    "price" : 536.90,
    "dma50" : 532.80,
    "dma100" : 524.51,
    "dma200" : 547.25,
    "volume" : 3664251.00
  }, {
    "date" : "2025-05-14",
    "price" : 543.60,
    "dma50" : 533.23,
    "dma100" : 524.18,
    "dma200" : 547.21,
    "volume" : 2683027.00
  }, {
    "date" : "2025-05-15",
    "price" : 547.55,
    "dma50" : 533.79,
    "dma100" : 523.94,
    "dma200" : 547.21,
    "volume" : 3772361.00
  }, {
    "date" : "2025-05-16",
    "price" : 563.50,
    "dma50" : 534.95,
    "dma100" : 523.93,
    "dma200" : 547.38,
    "volume" : 3628525.00
  }, {
    "date" : "2025-05-19",
    "price" : 565.55,
    "dma50" : 536.15,
    "dma100" : 523.95,
    "dma200" : 547.56,
    "volume" : 2251937.00
  }, {
    "date" : "2025-05-20",
    "price" : 562.05,
    "dma50" : 537.17,
    "dma100" : 524.09,
    "dma200" : 547.70,
    "volume" : 2075133.00
  }, {
    "date" : "2025-05-21",
    "price" : 567.80,
    "dma50" : 538.37,
    "dma100" : 524.26,
    "dma200" : 547.90,
    "volume" : 1330249.00
  }, {
    "date" : "2025-05-22",
    "price" : 567.75,
    "dma50" : 539.52,
    "dma100" : 524.50,
    "dma200" : 548.10,
    "volume" : 2038731.00
  }, {
    "date" : "2025-05-23",
    "price" : 570.90,
    "dma50" : 540.75,
    "dma100" : 524.72,
    "dma200" : 548.33,
    "volume" : 1415232.00
  }, {
    "date" : "2025-05-26",
    "price" : 567.15,
    "dma50" : 541.79,
    "dma100" : 524.92,
    "dma200" : 548.51,
    "volume" : 1074894.00
  }, {
    "date" : "2025-05-27",
    "price" : 562.70,
    "dma50" : 542.61,
    "dma100" : 525.10,
    "dma200" : 548.65,
    "volume" : 1670826.00
  }, {
    "date" : "2025-05-28",
    "price" : 561.65,
    "dma50" : 543.35,
    "dma100" : 525.36,
    "dma200" : 548.78,
    "volume" : 1044586.00
  }, {
    "date" : "2025-05-29",
    "price" : 561.45,
    "dma50" : 544.06,
    "dma100" : 525.58,
    "dma200" : 548.91,
    "volume" : 1440347.00
  }, {
    "date" : "2025-05-30",
    "price" : 553.50,
    "dma50" : 544.43,
    "dma100" : 525.62,
    "dma200" : 548.96,
    "volume" : 2630409.00
  }, {
    "date" : "2025-06-02",
    "price" : 555.55,
    "dma50" : 544.87,
    "dma100" : 525.69,
    "dma200" : 549.02,
    "volume" : 1186951.00
  }, {
    "date" : "2025-06-03",
    "price" : 552.40,
    "dma50" : 545.16,
    "dma100" : 525.91,
    "dma200" : 549.06,
    "volume" : 1791620.00
  }, {
    "date" : "2025-06-04",
    "price" : 552.45,
    "dma50" : 545.45,
    "dma100" : 526.08,
    "dma200" : 549.09,
    "volume" : 3599520.00
  }, {
    "date" : "2025-06-05",
    "price" : 550.15,
    "dma50" : 545.63,
    "dma100" : 526.20,
    "dma200" : 549.10,
    "volume" : 1103503.00
  }, {
    "date" : "2025-06-06",
    "price" : 555.15,
    "dma50" : 546.01,
    "dma100" : 526.50,
    "dma200" : 549.16,
    "volume" : 2851992.00
  }, {
    "date" : "2025-06-09",
    "price" : 560.00,
    "dma50" : 546.56,
    "dma100" : 526.99,
    "dma200" : 549.27,
    "volume" : 3580204.00
  }, {
    "date" : "2025-06-10",
    "price" : 561.10,
    "dma50" : 547.13,
    "dma100" : 527.67,
    "dma200" : 549.39,
    "volume" : 3509107.00
  }, {
    "date" : "2025-06-11",
    "price" : 561.25,
    "dma50" : 547.68,
    "dma100" : 528.13,
    "dma200" : 549.50,
    "volume" : 2696398.00
  }, {
    "date" : "2025-06-12",
    "price" : 548.35,
    "dma50" : 547.71,
    "dma100" : 528.42,
    "dma200" : 549.49,
    "volume" : 1902382.00
  }, {
    "date" : "2025-06-13",
    "price" : 542.50,
    "dma50" : 547.50,
    "dma100" : 528.44,
    "dma200" : 549.42,
    "volume" : 1510410.00
  }, {
    "date" : "2025-06-16",
    "price" : 550.15,
    "dma50" : 547.61,
    "dma100" : 528.58,
    "dma200" : 549.43,
    "volume" : 1311847.00
  }, {
    "date" : "2025-06-17",
    "price" : 550.90,
    "dma50" : 547.74,
    "dma100" : 528.74,
    "dma200" : 549.44,
    "volume" : 1445331.00
  }, {
    "date" : "2025-06-18",
    "price" : 545.05,
    "dma50" : 547.63,
    "dma100" : 528.87,
    "dma200" : 549.40,
    "volume" : 588345.00
  }, {
    "date" : "2025-06-19",
    "price" : 532.80,
    "dma50" : 547.05,
    "dma100" : 528.83,
    "dma200" : 549.24,
    "volume" : 2191405.00
  }, {
    "date" : "2025-06-20",
    "price" : 533.45,
    "dma50" : 546.52,
    "dma100" : 528.68,
    "dma200" : 549.08,
    "volume" : 2753894.00
  }, {
    "date" : "2025-06-23",
    "price" : 535.55,
    "dma50" : 546.09,
    "dma100" : 528.51,
    "dma200" : 548.94,
    "volume" : 1059806.00
  }, {
    "date" : "2025-06-24",
    "price" : 554.20,
    "dma50" : 546.40,
    "dma100" : 528.71,
    "dma200" : 549.00,
    "volume" : 6022944.00
  }, {
    "date" : "2025-06-25",
    "price" : 559.40,
    "dma50" : 546.91,
    "dma100" : 528.87,
    "dma200" : 549.10,
    "volume" : 2615528.00
  }, {
    "date" : "2025-06-26",
    "price" : 566.75,
    "dma50" : 547.69,
    "dma100" : 529.32,
    "dma200" : 549.27,
    "volume" : 3178497.00
  }, {
    "date" : "2025-06-27",
    "price" : 574.95,
    "dma50" : 548.76,
    "dma100" : 529.97,
    "dma200" : 549.53,
    "volume" : 3692511.00
  }, {
    "date" : "2025-06-30",
    "price" : 577.45,
    "dma50" : 549.89,
    "dma100" : 530.62,
    "dma200" : 549.81,
    "volume" : 2242914.00
  }, {
    "date" : "2025-07-01",
    "price" : 580.25,
    "dma50" : 551.08,
    "dma100" : 531.40,
    "dma200" : 550.11,
    "volume" : 3098044.00
  }, {
    "date" : "2025-07-02",
    "price" : 594.20,
    "dma50" : 552.77,
    "dma100" : 532.39,
    "dma200" : 550.55,
    "volume" : 4078989.00
  }, {
    "date" : "2025-07-03",
    "price" : 588.75,
    "dma50" : 554.18,
    "dma100" : 533.14,
    "dma200" : 550.93,
    "volume" : 1736999.00
  }, {
    "date" : "2025-07-04",
    "price" : 595.75,
    "dma50" : 555.81,
    "dma100" : 533.88,
    "dma200" : 551.38,
    "volume" : 2988813.00
  }, {
    "date" : "2025-07-07",
    "price" : 592.00,
    "dma50" : 557.23,
    "dma100" : 534.66,
    "dma200" : 551.78,
    "volume" : 2073586.00
  }, {
    "date" : "2025-07-08",
    "price" : 591.55,
    "dma50" : 558.57,
    "dma100" : 535.45,
    "dma200" : 552.18,
    "volume" : 3121468.00
  }, {
    "date" : "2025-07-09",
    "price" : 590.35,
    "dma50" : 559.82,
    "dma100" : 536.29,
    "dma200" : 552.56,
    "volume" : 2112793.00
  }, {
    "date" : "2025-07-10",
    "price" : 585.40,
    "dma50" : 560.82,
    "dma100" : 537.14,
    "dma200" : 552.88,
    "volume" : 3437810.00
  }, {
    "date" : "2025-07-11",
    "price" : 587.15,
    "dma50" : 561.86,
    "dma100" : 538.00,
    "dma200" : 553.22,
    "volume" : 1976647.00
  }, {
    "date" : "2025-07-14",
    "price" : 590.15,
    "dma50" : 562.97,
    "dma100" : 538.88,
    "dma200" : 553.59,
    "volume" : 2015417.00
  }, {
    "date" : "2025-07-15",
    "price" : 593.10,
    "dma50" : 564.15,
    "dma100" : 539.91,
    "dma200" : 553.98,
    "volume" : 1644862.00
  }, {
    "date" : "2025-07-16",
    "price" : 595.50,
    "dma50" : 565.38,
    "dma100" : 540.99,
    "dma200" : 554.40,
    "volume" : 1984068.00
  }, {
    "date" : "2025-07-17",
    "price" : 594.60,
    "dma50" : 566.52,
    "dma100" : 542.06,
    "dma200" : 554.80,
    "volume" : 1510384.00
  }, {
    "date" : "2025-07-18",
    "price" : 596.70,
    "dma50" : 567.71,
    "dma100" : 543.23,
    "dma200" : 555.21,
    "volume" : 2272978.00
  }, {
    "date" : "2025-07-21",
    "price" : 613.25,
    "dma50" : 569.49,
    "dma100" : 544.54,
    "dma200" : 555.79,
    "volume" : 4577721.00
  }, {
    "date" : "2025-07-22",
    "price" : 620.55,
    "dma50" : 571.49,
    "dma100" : 545.92,
    "dma200" : 556.44,
    "volume" : 6169753.00
  }, {
    "date" : "2025-07-23",
    "price" : 620.40,
    "dma50" : 573.41,
    "dma100" : 547.42,
    "dma200" : 557.07,
    "volume" : 1254061.00
  }, {
    "date" : "2025-07-24",
    "price" : 620.40,
    "dma50" : 575.25,
    "dma100" : 548.93,
    "dma200" : 557.70,
    "volume" : 1511022.00
  }, {
    "date" : "2025-07-25",
    "price" : 613.10,
    "dma50" : 576.74,
    "dma100" : 550.37,
    "dma200" : 558.25,
    "volume" : 2585102.00
  }, {
    "date" : "2025-07-28",
    "price" : 611.05,
    "dma50" : 578.08,
    "dma100" : 551.83,
    "dma200" : 558.78,
    "volume" : 1956203.00
  }, {
    "date" : "2025-07-29",
    "price" : 610.05,
    "dma50" : 579.34,
    "dma100" : 553.21,
    "dma200" : 559.29,
    "volume" : 3494469.00
  }, {
    "date" : "2025-07-30",
    "price" : 617.85,
    "dma50" : 580.85,
    "dma100" : 554.64,
    "dma200" : 559.87,
    "volume" : 2720150.00
  }, {
    "date" : "2025-07-31",
    "price" : 592.70,
    "dma50" : 581.31,
    "dma100" : 555.66,
    "dma200" : 560.20,
    "volume" : 6191298.00
  }, {
    "date" : "2025-08-01",
    "price" : 607.95,
    "dma50" : 582.36,
    "dma100" : 556.75,
    "dma200" : 560.67,
    "volume" : 4890865.00
  }, {
    "date" : "2025-08-04",
    "price" : 605.25,
    "dma50" : 583.26,
    "dma100" : 557.80,
    "dma200" : 561.12,
    "volume" : 1774012.00
  }, {
    "date" : "2025-08-05",
    "price" : 602.70,
    "dma50" : 584.02,
    "dma100" : 558.94,
    "dma200" : 561.53,
    "volume" : 822877.00
  }, {
    "date" : "2025-08-06",
    "price" : 589.90,
    "dma50" : 584.25,
    "dma100" : 559.88,
    "dma200" : 561.81,
    "volume" : 2066300.00
  }, {
    "date" : "2025-08-07",
    "price" : 592.35,
    "dma50" : 584.57,
    "dma100" : 560.91,
    "dma200" : 562.12,
    "volume" : 2112069.00
  }, {
    "date" : "2025-08-08",
    "price" : 580.00,
    "dma50" : 584.39,
    "dma100" : 561.85,
    "dma200" : 562.30,
    "volume" : 1311482.00
  }, {
    "date" : "2025-08-11",
    "price" : 588.85,
    "dma50" : 584.56,
    "dma100" : 562.84,
    "dma200" : 562.56,
    "volume" : 885526.00
  }, {
    "date" : "2025-08-12",
    "price" : 587.15,
    "dma50" : 584.66,
    "dma100" : 563.73,
    "dma200" : 562.80,
    "volume" : 1108113.00
  }, {
    "date" : "2025-08-13",
    "price" : 580.85,
    "dma50" : 584.51,
    "dma100" : 564.46,
    "dma200" : 562.98,
    "volume" : 2335972.00
  }, {
    "date" : "2025-08-14",
    "price" : 578.05,
    "dma50" : 584.26,
    "dma100" : 565.20,
    "dma200" : 563.13,
    "volume" : 2018071.00
  }, {
    "date" : "2025-08-18",
    "price" : 590.05,
    "dma50" : 584.49,
    "dma100" : 565.95,
    "dma200" : 563.40,
    "volume" : 4335034.00
  }, {
    "date" : "2025-08-19",
    "price" : 592.40,
    "dma50" : 584.80,
    "dma100" : 566.68,
    "dma200" : 563.69,
    "volume" : 1960429.00
  }, {
    "date" : "2025-08-20",
    "price" : 591.90,
    "dma50" : 585.08,
    "dma100" : 567.40,
    "dma200" : 563.97,
    "volume" : 1122746.00
  }, {
    "date" : "2025-08-21",
    "price" : 588.75,
    "dma50" : 585.22,
    "dma100" : 567.96,
    "dma200" : 564.22,
    "volume" : 1573265.00
  }, {
    "date" : "2025-08-22",
    "price" : 577.15,
    "dma50" : 584.90,
    "dma100" : 568.30,
    "dma200" : 564.35,
    "volume" : 1727160.00
  }, {
    "date" : "2025-08-25",
    "price" : 581.00,
    "dma50" : 584.75,
    "dma100" : 568.73,
    "dma200" : 564.51,
    "volume" : 1609267.00
  }, {
    "date" : "2025-08-26",
    "price" : 572.80,
    "dma50" : 584.28,
    "dma100" : 569.16,
    "dma200" : 564.59,
    "volume" : 1645268.00
  }, {
    "date" : "2025-08-28",
    "price" : 561.80,
    "dma50" : 583.40,
    "dma100" : 569.44,
    "dma200" : 564.57,
    "volume" : 1840147.00
  }, {
    "date" : "2025-08-29",
    "price" : 563.20,
    "dma50" : 582.61,
    "dma100" : 569.66,
    "dma200" : 564.55,
    "volume" : 1208272.00
  }, {
    "date" : "2025-09-01",
    "price" : 567.10,
    "dma50" : 582.00,
    "dma100" : 570.05,
    "dma200" : 564.58,
    "volume" : 1401464.00
  }, {
    "date" : "2025-09-02",
    "price" : 567.25,
    "dma50" : 581.42,
    "dma100" : 570.47,
    "dma200" : 564.60,
    "volume" : 821218.00
  }, {
    "date" : "2025-09-03",
    "price" : 573.75,
    "dma50" : 581.12,
    "dma100" : 570.84,
    "dma200" : 564.70,
    "volume" : 2258037.00
  }, {
    "date" : "2025-09-04",
    "price" : 567.70,
    "dma50" : 580.59,
    "dma100" : 571.04,
    "dma200" : 564.73,
    "volume" : 6255511.00
  }, {
    "date" : "2025-09-05",
    "price" : 566.70,
    "dma50" : 580.05,
    "dma100" : 571.22,
    "dma200" : 564.75,
    "volume" : 954694.00
  }, {
    "date" : "2025-09-08",
    "price" : 570.30,
    "dma50" : 579.67,
    "dma100" : 571.34,
    "dma200" : 564.80,
    "volume" : 990129.00
  }, {
    "date" : "2025-09-09",
    "price" : 567.60,
    "dma50" : 579.19,
    "dma100" : 571.36,
    "dma200" : 564.83,
    "volume" : 1141978.00
  }, {
    "date" : "2025-09-10",
    "price" : 566.85,
    "dma50" : 578.71,
    "dma100" : 571.33,
    "dma200" : 564.85,
    "volume" : 1658385.00
  }, {
    "date" : "2025-09-11",
    "price" : 560.40,
    "dma50" : 577.99,
    "dma100" : 571.15,
    "dma200" : 564.80,
    "volume" : 62350299.00
  }, {
    "date" : "2025-09-12",
    "price" : 560.55,
    "dma50" : 577.31,
    "dma100" : 570.97,
    "dma200" : 564.76,
    "volume" : 3922907.00
  }, {
    "date" : "2025-09-15",
    "price" : 568.75,
    "dma50" : 576.97,
    "dma100" : 570.92,
    "dma200" : 564.80,
    "volume" : 1860760.00
  }, {
    "date" : "2025-09-16",
    "price" : 573.65,
    "dma50" : 576.84,
    "dma100" : 570.93,
    "dma200" : 564.89,
    "volume" : 2860491.00
  }, {
    "date" : "2025-09-17",
    "price" : 582.05,
    "dma50" : 577.05,
    "dma100" : 571.27,
    "dma200" : 565.06,
    "volume" : 5668494.00
  }, {
    "date" : "2025-09-18",
    "price" : 581.00,
    "dma50" : 577.20,
    "dma100" : 571.63,
    "dma200" : 565.22,
    "volume" : 2242719.00
  }, {
    "date" : "2025-09-19",
    "price" : 582.45,
    "dma50" : 577.41,
    "dma100" : 572.11,
    "dma200" : 565.39,
    "volume" : 3613569.00
  }, {
    "date" : "2025-09-22",
    "price" : 590.30,
    "dma50" : 577.91,
    "dma100" : 572.62,
    "dma200" : 565.64,
    "volume" : 5292803.00
  }, {
    "date" : "2025-09-23",
    "price" : 591.60,
    "dma50" : 578.45,
    "dma100" : 573.22,
    "dma200" : 565.90,
    "volume" : 3146322.00
  }, {
    "date" : "2025-09-24",
    "price" : 582.65,
    "dma50" : 578.61,
    "dma100" : 573.63,
    "dma200" : 566.06,
    "volume" : 2114455.00
  }, {
    "date" : "2025-09-25",
    "price" : 579.40,
    "dma50" : 578.65,
    "dma100" : 574.07,
    "dma200" : 566.20,
    "volume" : 1989913.00
  }, {
    "date" : "2025-09-26",
    "price" : 565.20,
    "dma50" : 578.12,
    "dma100" : 574.37,
    "dma200" : 566.19,
    "volume" : 1928257.00
  }, {
    "date" : "2025-09-29",
    "price" : 562.15,
    "dma50" : 577.49,
    "dma100" : 574.75,
    "dma200" : 566.15,
    "volume" : 1388263.00
  }, {
    "date" : "2025-09-30",
    "price" : 569.95,
    "dma50" : 577.20,
    "dma100" : 575.17,
    "dma200" : 566.18,
    "volume" : 1925849.00
  }, {
    "date" : "2025-10-01",
    "price" : 571.10,
    "dma50" : 576.96,
    "dma100" : 575.47,
    "dma200" : 566.23,
    "volume" : 1235171.00
  }, {
    "date" : "2025-10-03",
    "price" : 576.15,
    "dma50" : 576.93,
    "dma100" : 575.86,
    "dma200" : 566.33,
    "volume" : 2118373.00
  }, {
    "date" : "2025-10-06",
    "price" : 573.80,
    "dma50" : 576.80,
    "dma100" : 576.16,
    "dma200" : 566.41,
    "volume" : 937622.00
  }, {
    "date" : "2025-10-07",
    "price" : 569.95,
    "dma50" : 576.53,
    "dma100" : 576.39,
    "dma200" : 566.44,
    "volume" : 1173063.00
  }, {
    "date" : "2025-10-08",
    "price" : 566.30,
    "dma50" : 576.13,
    "dma100" : 576.42,
    "dma200" : 566.44,
    "volume" : 1925820.00
  }, {
    "date" : "2025-10-09",
    "price" : 565.90,
    "dma50" : 575.73,
    "dma100" : 576.42,
    "dma200" : 566.43,
    "volume" : 842706.00
  }, {
    "date" : "2025-10-10",
    "price" : 569.25,
    "dma50" : 575.48,
    "dma100" : 576.49,
    "dma200" : 566.46,
    "volume" : 939542.00
  }, {
    "date" : "2025-10-13",
    "price" : 566.75,
    "dma50" : 575.13,
    "dma100" : 576.48,
    "dma200" : 566.46,
    "volume" : 1162806.00
  }, {
    "date" : "2025-10-14",
    "price" : 563.60,
    "dma50" : 574.68,
    "dma100" : 576.44,
    "dma200" : 566.44,
    "volume" : 1012633.00
  }, {
    "date" : "2025-10-15",
    "price" : 567.00,
    "dma50" : 574.38,
    "dma100" : 576.40,
    "dma200" : 566.44,
    "volume" : 1395406.00
  }, {
    "date" : "2025-10-16",
    "price" : 569.70,
    "dma50" : 574.20,
    "dma100" : 576.43,
    "dma200" : 566.47,
    "volume" : 1143039.00
  }, {
    "date" : "2025-10-17",
    "price" : 563.60,
    "dma50" : 573.78,
    "dma100" : 576.43,
    "dma200" : 566.45,
    "volume" : 949331.00
  }, {
    "date" : "2025-10-20",
    "price" : 565.50,
    "dma50" : 573.46,
    "dma100" : 576.47,
    "dma200" : 566.44,
    "volume" : 970042.00
  }, {
    "date" : "2025-10-21",
    "price" : 567.50,
    "dma50" : 573.22,
    "dma100" : 576.53,
    "dma200" : 566.45,
    "volume" : 182526.00
  }, {
    "date" : "2025-10-23",
    "price" : 564.35,
    "dma50" : 572.88,
    "dma100" : 576.64,
    "dma200" : 566.43,
    "volume" : 2744258.00
  }, {
    "date" : "2025-10-24",
    "price" : 555.00,
    "dma50" : 572.17,
    "dma100" : 576.64,
    "dma200" : 566.31,
    "volume" : 5132338.00
  }, {
    "date" : "2025-10-27",
    "price" : 560.25,
    "dma50" : 571.71,
    "dma100" : 576.72,
    "dma200" : 566.25,
    "volume" : 2259027.00
  }, {
    "date" : "2025-10-28",
    "price" : 554.90,
    "dma50" : 571.05,
    "dma100" : 576.74,
    "dma200" : 566.14,
    "volume" : 1671685.00
  }, {
    "date" : "2025-10-29",
    "price" : 571.75,
    "dma50" : 571.08,
    "dma100" : 576.96,
    "dma200" : 566.20,
    "volume" : 3951220.00
  }, {
    "date" : "2025-10-30",
    "price" : 567.90,
    "dma50" : 570.95,
    "dma100" : 577.08,
    "dma200" : 566.21,
    "volume" : 974170.00
  }, {
    "date" : "2025-10-31",
    "price" : 565.40,
    "dma50" : 570.73,
    "dma100" : 577.14,
    "dma200" : 566.20,
    "volume" : 1206559.00
  }, {
    "date" : "2025-11-03",
    "price" : 577.20,
    "dma50" : 570.99,
    "dma100" : 577.30,
    "dma200" : 566.31,
    "volume" : 6287716.00
  }, {
    "date" : "2025-11-04",
    "price" : 567.40,
    "dma50" : 570.85,
    "dma100" : 577.36,
    "dma200" : 566.32,
    "volume" : 4718303.00
  }, {
    "date" : "2025-11-06",
    "price" : 558.40,
    "dma50" : 570.36,
    "dma100" : 577.46,
    "dma200" : 566.25,
    "volume" : 1442603.00
  }, {
    "date" : "2025-11-07",
    "price" : 558.80,
    "dma50" : 569.90,
    "dma100" : 577.62,
    "dma200" : 566.17,
    "volume" : 1678000.00
  }, {
    "date" : "2025-11-10",
    "price" : 556.10,
    "dma50" : 569.36,
    "dma100" : 577.68,
    "dma200" : 566.07,
    "volume" : 936932.00
  }, {
    "date" : "2025-11-11",
    "price" : 557.55,
    "dma50" : 568.90,
    "dma100" : 577.75,
    "dma200" : 565.99,
    "volume" : 1245966.00
  }, {
    "date" : "2025-11-12",
    "price" : 562.55,
    "dma50" : 568.65,
    "dma100" : 577.92,
    "dma200" : 565.95,
    "volume" : 1821198.00
  }, {
    "date" : "2025-11-13",
    "price" : 559.35,
    "dma50" : 568.29,
    "dma100" : 578.19,
    "dma200" : 565.89,
    "volume" : 709539.00
  }, {
    "date" : "2025-11-14",
    "price" : 563.20,
    "dma50" : 568.09,
    "dma100" : 578.49,
    "dma200" : 565.86,
    "volume" : 1113931.00
  }, {
    "date" : "2025-11-17",
    "price" : 560.30,
    "dma50" : 567.78,
    "dma100" : 578.73,
    "dma200" : 565.80,
    "volume" : 632060.00
  }, {
    "date" : "2025-11-18",
    "price" : 557.80,
    "dma50" : 567.39,
    "dma100" : 578.77,
    "dma200" : 565.72,
    "volume" : 944435.00
  }, {
    "date" : "2025-11-19",
    "price" : 555.30,
    "dma50" : 566.92,
    "dma100" : 578.73,
    "dma200" : 565.62,
    "volume" : 860252.00
  }, {
    "date" : "2025-11-20",
    "price" : 555.75,
    "dma50" : 566.48,
    "dma100" : 578.62,
    "dma200" : 565.52,
    "volume" : 1287564.00
  }, {
    "date" : "2025-11-21",
    "price" : 547.55,
    "dma50" : 565.74,
    "dma100" : 578.35,
    "dma200" : 565.34,
    "volume" : 2036378.00
  }, {
    "date" : "2025-11-24",
    "price" : 544.60,
    "dma50" : 564.91,
    "dma100" : 578.02,
    "dma200" : 565.14,
    "volume" : 2286434.00
  }, {
    "date" : "2025-11-25",
    "price" : 545.85,
    "dma50" : 564.16,
    "dma100" : 577.67,
    "dma200" : 564.95,
    "volume" : 751392.00
  }, {
    "date" : "2025-11-26",
    "price" : 550.00,
    "dma50" : 563.60,
    "dma100" : 577.23,
    "dma200" : 564.80,
    "volume" : 971920.00
  }, {
    "date" : "2025-11-27",
    "price" : 548.70,
    "dma50" : 563.02,
    "dma100" : 576.83,
    "dma200" : 564.64,
    "volume" : 508577.00
  } ],
  "latestTechnicalAttributes" : {
    "date" : "2025-11-27",
    "price" : 548.70,
    "dma50" : 563.02,
    "dma100" : 576.83,
    "dma200" : 564.64,
    "volume" : 508577.00
  },
  "quarterlyResults" : [ {
    "date" : "2005-03-31",
    "sales" : 667.24,
    "salesGrowthYoY" : null,
    "grossProfitMargin" : 70.50,
    "grossProfit" : 470.40,
    "operatingProfitMargin" : 29.29,
    "operatingProfit" : 195.43,
    "netProfitMargin" : 21.45,
    "netProfit" : 143.12
  }, {
    "date" : "2005-06-30",
    "sales" : 720.47,
    "salesGrowthYoY" : null,
    "grossProfitMargin" : 70.89,
    "grossProfit" : 510.74,
    "operatingProfitMargin" : 30.79,
    "operatingProfit" : 221.83,
    "netProfitMargin" : 20.15,
    "netProfit" : 145.17
  }, {
    "date" : "2005-09-30",
    "sales" : 647.28,
    "salesGrowthYoY" : null,
    "grossProfitMargin" : 68.27,
    "grossProfit" : 441.90,
    "operatingProfitMargin" : 25.40,
    "operatingProfit" : 164.41,
    "netProfitMargin" : 11.62,
    "netProfit" : 75.21
  }, {
    "date" : "2005-12-31",
    "sales" : 773.15,
    "salesGrowthYoY" : null,
    "grossProfitMargin" : 70.87,
    "grossProfit" : 547.93,
    "operatingProfitMargin" : 26.13,
    "operatingProfit" : 202.02,
    "netProfitMargin" : 11.37,
    "netProfit" : 87.91
  }, {
    "date" : "2006-03-31",
    "sales" : 1074.00,
    "salesGrowthYoY" : 60.96,
    "grossProfitMargin" : 72.93,
    "grossProfit" : 783.27,
    "operatingProfitMargin" : 34.45,
    "operatingProfit" : 369.99,
    "netProfitMargin" : 35.34,
    "netProfit" : 379.55
  }, {
    "date" : "2006-06-30",
    "sales" : 1313.74,
    "salesGrowthYoY" : 82.34,
    "grossProfitMargin" : 76.63,
    "grossProfit" : 1006.72,
    "operatingProfitMargin" : 37.83,
    "operatingProfit" : 496.99,
    "netProfitMargin" : 24.93,
    "netProfit" : 327.52
  }, {
    "date" : "2006-09-30",
    "sales" : 1131.03,
    "salesGrowthYoY" : 74.74,
    "grossProfitMargin" : 75.42,
    "grossProfit" : 853.02,
    "operatingProfitMargin" : 35.00,
    "operatingProfit" : 395.86,
    "netProfitMargin" : 23.14,
    "netProfit" : 261.72
  }, {
    "date" : "2006-12-31",
    "sales" : 1329.10,
    "salesGrowthYoY" : 71.91,
    "grossProfitMargin" : 75.42,
    "grossProfit" : 1002.41,
    "operatingProfitMargin" : 36.04,
    "operatingProfit" : 479.01,
    "netProfitMargin" : 25.00,
    "netProfit" : 332.27
  }, {
    "date" : "2007-03-31",
    "sales" : 1419.51,
    "salesGrowthYoY" : 32.17,
    "grossProfitMargin" : 76.23,
    "grossProfit" : 1082.09,
    "operatingProfitMargin" : 39.87,
    "operatingProfit" : 565.96,
    "netProfitMargin" : 27.37,
    "netProfit" : 388.52
  }, {
    "date" : "2007-06-30",
    "sales" : 1450.74,
    "salesGrowthYoY" : 10.43,
    "grossProfitMargin" : 76.36,
    "grossProfit" : 1107.79,
    "operatingProfitMargin" : 37.77,
    "operatingProfit" : 547.94,
    "netProfitMargin" : 29.19,
    "netProfit" : 423.47
  }, {
    "date" : "2007-09-30",
    "sales" : 1287.12,
    "salesGrowthYoY" : 13.80,
    "grossProfitMargin" : 75.39,
    "grossProfit" : 970.36,
    "operatingProfitMargin" : 34.00,
    "operatingProfit" : 437.62,
    "netProfitMargin" : 22.47,
    "netProfit" : 289.22
  }, {
    "date" : "2007-12-31",
    "sales" : 1514.88,
    "salesGrowthYoY" : 13.98,
    "grossProfitMargin" : 72.23,
    "grossProfit" : 1094.20,
    "operatingProfitMargin" : 35.29,
    "operatingProfit" : 534.60,
    "netProfitMargin" : 5.16,
    "netProfit" : 78.17
  }, {
    "date" : "2008-03-31",
    "sales" : 1663.51,
    "salesGrowthYoY" : 17.19,
    "grossProfitMargin" : 70.13,
    "grossProfit" : 1166.62,
    "operatingProfitMargin" : 31.45,
    "operatingProfit" : 523.17,
    "netProfitMargin" : 19.85,
    "netProfit" : 330.21
  }, {
    "date" : "2008-06-30",
    "sales" : 1574.97,
    "salesGrowthYoY" : 8.56,
    "grossProfitMargin" : 72.15,
    "grossProfit" : 1136.34,
    "operatingProfitMargin" : 30.07,
    "operatingProfit" : 473.59,
    "netProfitMargin" : 21.39,
    "netProfit" : 336.89
  }, {
    "date" : "2008-09-30",
    "sales" : 1401.93,
    "salesGrowthYoY" : 8.92,
    "grossProfitMargin" : 71.73,
    "grossProfit" : 1005.60,
    "operatingProfitMargin" : 28.61,
    "operatingProfit" : 401.09,
    "netProfitMargin" : 17.84,
    "netProfit" : 250.10
  }, {
    "date" : "2008-12-31",
    "sales" : 1669.81,
    "salesGrowthYoY" : 10.23,
    "grossProfitMargin" : 66.43,
    "grossProfit" : 1109.25,
    "operatingProfitMargin" : 26.37,
    "operatingProfit" : 440.33,
    "netProfitMargin" : 14.91,
    "netProfit" : 248.97
  }, {
    "date" : "2009-03-31",
    "sales" : 1862.66,
    "salesGrowthYoY" : 11.97,
    "grossProfitMargin" : 64.39,
    "grossProfit" : 1199.37,
    "operatingProfitMargin" : 28.98,
    "operatingProfit" : 539.80,
    "netProfitMargin" : 17.93,
    "netProfit" : 333.97
  }, {
    "date" : "2009-06-30",
    "sales" : 1888.47,
    "salesGrowthYoY" : 19.91,
    "grossProfitMargin" : 63.51,
    "grossProfit" : 1199.37,
    "operatingProfitMargin" : 27.58,
    "operatingProfit" : 520.84,
    "netProfitMargin" : 17.19,
    "netProfit" : 324.63
  }, {
    "date" : "2009-09-30",
    "sales" : 1642.63,
    "salesGrowthYoY" : 17.17,
    "grossProfitMargin" : 68.16,
    "grossProfit" : 1119.62,
    "operatingProfitMargin" : 28.11,
    "operatingProfit" : 461.74,
    "netProfitMargin" : 19.39,
    "netProfit" : 318.51
  }, {
    "date" : "2009-12-31",
    "sales" : 1787.72,
    "salesGrowthYoY" : 7.06,
    "grossProfitMargin" : 69.40,
    "grossProfit" : 1240.68,
    "operatingProfitMargin" : 25.13,
    "operatingProfit" : 449.25,
    "netProfitMargin" : 13.49,
    "netProfit" : 241.16
  }, {
    "date" : "2010-03-31",
    "sales" : 2018.76,
    "salesGrowthYoY" : 8.38,
    "grossProfitMargin" : 70.87,
    "grossProfit" : 1430.70,
    "operatingProfitMargin" : 32.26,
    "operatingProfit" : 651.25,
    "netProfitMargin" : 22.14,
    "netProfit" : 446.95
  }, {
    "date" : "2010-06-30",
    "sales" : 2088.39,
    "salesGrowthYoY" : 10.59,
    "grossProfitMargin" : 74.32,
    "grossProfit" : 1552.09,
    "operatingProfitMargin" : 30.84,
    "operatingProfit" : 644.06,
    "netProfitMargin" : 18.73,
    "netProfit" : 391.16
  }, {
    "date" : "2010-09-30",
    "sales" : 1583.04,
    "salesGrowthYoY" : -3.63,
    "grossProfitMargin" : 68.19,
    "grossProfit" : 1079.47,
    "operatingProfitMargin" : 19.09,
    "operatingProfit" : 302.20,
    "netProfitMargin" : 9.61,
    "netProfit" : 152.13
  }, {
    "date" : "2010-12-31",
    "sales" : 1827.36,
    "salesGrowthYoY" : 2.22,
    "grossProfitMargin" : 66.54,
    "grossProfit" : 1215.93,
    "operatingProfitMargin" : 19.35,
    "operatingProfit" : 353.59,
    "netProfitMargin" : 13.79,
    "netProfit" : 251.99
  }, {
    "date" : "2011-03-31",
    "sales" : 2222.47,
    "salesGrowthYoY" : 10.09,
    "grossProfitMargin" : 72.56,
    "grossProfit" : 1612.62,
    "operatingProfitMargin" : 28.21,
    "operatingProfit" : 626.96,
    "netProfitMargin" : 18.33,
    "netProfit" : 407.38
  }, {
    "date" : "2011-06-30",
    "sales" : 2189.51,
    "salesGrowthYoY" : 4.84,
    "grossProfitMargin" : 73.07,
    "grossProfit" : 1599.87,
    "operatingProfitMargin" : 27.33,
    "operatingProfit" : 598.39,
    "netProfitMargin" : 15.87,
    "netProfit" : 347.48
  }, {
    "date" : "2011-09-30",
    "sales" : 1819.74,
    "salesGrowthYoY" : 14.95,
    "grossProfitMargin" : 64.88,
    "grossProfit" : 1180.65,
    "operatingProfitMargin" : 16.68,
    "operatingProfit" : 303.53,
    "netProfitMargin" : 9.42,
    "netProfit" : 171.42
  }, {
    "date" : "2011-12-31",
    "sales" : 2346.69,
    "salesGrowthYoY" : 28.42,
    "grossProfitMargin" : 65.86,
    "grossProfit" : 1545.53,
    "operatingProfitMargin" : 19.10,
    "operatingProfit" : 448.22,
    "netProfitMargin" : 13.92,
    "netProfit" : 326.66
  }, {
    "date" : "2012-03-31",
    "sales" : 2650.71,
    "salesGrowthYoY" : 19.27,
    "grossProfitMargin" : 70.17,
    "grossProfit" : 1860.00,
    "operatingProfitMargin" : 28.90,
    "operatingProfit" : 766.06,
    "netProfitMargin" : 22.31,
    "netProfit" : 591.37
  }, {
    "date" : "2012-06-30",
    "sales" : 2575.42,
    "salesGrowthYoY" : 17.63,
    "grossProfitMargin" : 72.34,
    "grossProfit" : 1863.06,
    "operatingProfitMargin" : 28.53,
    "operatingProfit" : 734.77,
    "netProfitMargin" : 18.21,
    "netProfit" : 468.98
  }, {
    "date" : "2012-09-30",
    "sales" : 2168.98,
    "salesGrowthYoY" : 19.19,
    "grossProfitMargin" : 72.05,
    "grossProfit" : 1562.75,
    "operatingProfitMargin" : 24.06,
    "operatingProfit" : 521.86,
    "netProfitMargin" : 14.01,
    "netProfit" : 303.87
  }, {
    "date" : "2012-12-31",
    "sales" : 2335.19,
    "salesGrowthYoY" : -0.49,
    "grossProfitMargin" : 70.43,
    "grossProfit" : 1644.67,
    "operatingProfitMargin" : 19.27,
    "operatingProfit" : 449.99,
    "netProfitMargin" : 9.08,
    "netProfit" : 212.04
  }, {
    "date" : "2013-03-31",
    "sales" : 2557.02,
    "salesGrowthYoY" : -3.53,
    "grossProfitMargin" : 68.69,
    "grossProfit" : 1756.42,
    "operatingProfitMargin" : 21.64,
    "operatingProfit" : 553.34,
    "netProfitMargin" : 19.08,
    "netProfit" : 487.88
  }, {
    "date" : "2013-06-30",
    "sales" : 2376.71,
    "salesGrowthYoY" : -7.72,
    "grossProfitMargin" : 71.84,
    "grossProfit" : 1707.43,
    "operatingProfitMargin" : 22.00,
    "operatingProfit" : 522.88,
    "netProfitMargin" : 13.64,
    "netProfit" : 324.18
  }, {
    "date" : "2013-09-30",
    "sales" : 2018.85,
    "salesGrowthYoY" : -6.92,
    "grossProfitMargin" : 66.84,
    "grossProfit" : 1349.40,
    "operatingProfitMargin" : 13.34,
    "operatingProfit" : 269.31,
    "netProfitMargin" : 7.34,
    "netProfit" : 148.18
  }, {
    "date" : "2013-12-31",
    "sales" : 2213.25,
    "salesGrowthYoY" : -5.22,
    "grossProfitMargin" : 67.12,
    "grossProfit" : 1485.53,
    "operatingProfitMargin" : 14.14,
    "operatingProfit" : 312.95,
    "netProfitMargin" : 14.30,
    "netProfit" : 316.49
  }, {
    "date" : "2014-03-31",
    "sales" : 2651.17,
    "salesGrowthYoY" : 3.68,
    "grossProfitMargin" : 68.28,
    "grossProfit" : 1810.22,
    "operatingProfitMargin" : 22.22,
    "operatingProfit" : 589.09,
    "netProfitMargin" : 19.61,
    "netProfit" : 519.89
  }, {
    "date" : "2014-06-30",
    "sales" : 2720.06,
    "salesGrowthYoY" : 14.45,
    "grossProfitMargin" : 70.64,
    "grossProfit" : 1921.45,
    "operatingProfitMargin" : 21.61,
    "operatingProfit" : 587.80,
    "netProfitMargin" : 15.03,
    "netProfit" : 408.83
  }, {
    "date" : "2014-09-30",
    "sales" : 2202.06,
    "salesGrowthYoY" : 9.07,
    "grossProfitMargin" : 70.09,
    "grossProfit" : 1543.42,
    "operatingProfitMargin" : 17.87,
    "operatingProfit" : 393.51,
    "netProfitMargin" : 10.86,
    "netProfit" : 239.14
  }, {
    "date" : "2014-12-31",
    "sales" : 2404.85,
    "salesGrowthYoY" : 8.66,
    "grossProfitMargin" : 65.98,
    "grossProfit" : 1586.72,
    "operatingProfitMargin" : 14.90,
    "operatingProfit" : 358.32,
    "netProfitMargin" : 13.66,
    "netProfit" : 328.50
  }, {
    "date" : "2015-03-31",
    "sales" : 2463.04,
    "salesGrowthYoY" : -7.10,
    "grossProfitMargin" : 69.59,
    "grossProfit" : 1714.03,
    "operatingProfitMargin" : 20.70,
    "operatingProfit" : 509.85,
    "netProfitMargin" : 12.90,
    "netProfit" : 317.73
  }, {
    "date" : "2015-06-30",
    "sales" : 2508.27,
    "salesGrowthYoY" : -7.79,
    "grossProfitMargin" : 69.69,
    "grossProfit" : 1748.01,
    "operatingProfitMargin" : 15.30,
    "operatingProfit" : 383.77,
    "netProfitMargin" : 9.02,
    "netProfit" : 226.25
  }, {
    "date" : "2015-09-30",
    "sales" : 2110.87,
    "salesGrowthYoY" : -4.14,
    "grossProfitMargin" : 71.81,
    "grossProfit" : 1515.82,
    "operatingProfitMargin" : 14.69,
    "operatingProfit" : 310.09,
    "netProfitMargin" : 7.28,
    "netProfit" : 153.67
  }, {
    "date" : "2015-12-31",
    "sales" : 2379.22,
    "salesGrowthYoY" : -1.07,
    "grossProfitMargin" : 67.43,
    "grossProfit" : 1604.31,
    "operatingProfitMargin" : 13.77,
    "operatingProfit" : 327.62,
    "netProfitMargin" : 4.62,
    "netProfit" : 109.92
  }, {
    "date" : "2016-03-31",
    "sales" : 2432.30,
    "salesGrowthYoY" : -1.25,
    "grossProfitMargin" : 72.63,
    "grossProfit" : 1766.58,
    "operatingProfitMargin" : 18.58,
    "operatingProfit" : 451.92,
    "netProfitMargin" : 2.20,
    "netProfit" : 53.51
  }, {
    "date" : "2016-06-30",
    "sales" : 2547.70,
    "salesGrowthYoY" : 1.57,
    "grossProfitMargin" : 73.66,
    "grossProfit" : 1876.64,
    "operatingProfitMargin" : 23.46,
    "operatingProfit" : 597.69,
    "netProfitMargin" : 17.74,
    "netProfit" : 451.96
  }, {
    "date" : "2016-09-30",
    "sales" : 2014.85,
    "salesGrowthYoY" : -4.55,
    "grossProfitMargin" : 51.33,
    "grossProfit" : 1034.22,
    "operatingProfitMargin" : 15.29,
    "operatingProfit" : 308.07,
    "netProfitMargin" : 12.29,
    "netProfit" : 247.63
  }, {
    "date" : "2016-12-31",
    "sales" : 2224.48,
    "salesGrowthYoY" : -6.50,
    "grossProfitMargin" : 69.73,
    "grossProfit" : 1551.13,
    "operatingProfitMargin" : 15.05,
    "operatingProfit" : 334.78,
    "netProfitMargin" : 8.06,
    "netProfit" : 179.29
  }, {
    "date" : "2017-03-31",
    "sales" : 2559.23,
    "salesGrowthYoY" : 5.22,
    "grossProfitMargin" : 69.75,
    "grossProfit" : 1785.06,
    "operatingProfitMargin" : 15.40,
    "operatingProfit" : 394.12,
    "netProfitMargin" : 9.63,
    "netProfit" : 246.45
  }, {
    "date" : "2017-06-30",
    "sales" : 2854.49,
    "salesGrowthYoY" : 12.04,
    "grossProfitMargin" : 72.16,
    "grossProfit" : 2059.80,
    "operatingProfitMargin" : 22.81,
    "operatingProfit" : 651.11,
    "netProfitMargin" : 13.74,
    "netProfit" : 392.21
  }, {
    "date" : "2017-09-30",
    "sales" : 2321.83,
    "salesGrowthYoY" : 15.24,
    "grossProfitMargin" : 67.40,
    "grossProfit" : 1564.91,
    "operatingProfitMargin" : 15.26,
    "operatingProfit" : 354.31,
    "netProfitMargin" : 11.73,
    "netProfit" : 272.35
  }, {
    "date" : "2017-12-31",
    "sales" : 2714.91,
    "salesGrowthYoY" : 22.05,
    "grossProfitMargin" : 72.23,
    "grossProfit" : 1960.98,
    "operatingProfitMargin" : 19.91,
    "operatingProfit" : 540.54,
    "netProfitMargin" : 12.46,
    "netProfit" : 338.28
  }, {
    "date" : "2018-03-31",
    "sales" : 2862.58,
    "salesGrowthYoY" : 11.85,
    "grossProfitMargin" : 70.42,
    "grossProfit" : 2015.83,
    "operatingProfitMargin" : 17.71,
    "operatingProfit" : 506.96,
    "netProfitMargin" : 9.49,
    "netProfit" : 271.66
  }, {
    "date" : "2018-06-30",
    "sales" : 3016.92,
    "salesGrowthYoY" : 5.69,
    "grossProfitMargin" : 71.27,
    "grossProfit" : 2150.16,
    "operatingProfitMargin" : 20.63,
    "operatingProfit" : 622.39,
    "netProfitMargin" : 16.55,
    "netProfit" : 499.30
  }, {
    "date" : "2018-09-30",
    "sales" : 2613.93,
    "salesGrowthYoY" : 12.58,
    "grossProfitMargin" : 67.18,
    "grossProfit" : 1756.04,
    "operatingProfitMargin" : 13.70,
    "operatingProfit" : 358.11,
    "netProfitMargin" : 6.83,
    "netProfit" : 178.53
  }, {
    "date" : "2018-12-31",
    "sales" : 2863.33,
    "salesGrowthYoY" : 5.47,
    "grossProfitMargin" : 67.85,
    "grossProfit" : 1942.77,
    "operatingProfitMargin" : 14.11,
    "operatingProfit" : 404.02,
    "netProfitMargin" : 23.31,
    "netProfit" : 667.44
  }, {
    "date" : "2019-03-31",
    "sales" : 2927.62,
    "salesGrowthYoY" : 2.27,
    "grossProfitMargin" : 66.99,
    "grossProfit" : 1961.21,
    "operatingProfitMargin" : 15.82,
    "operatingProfit" : 463.15,
    "netProfitMargin" : 14.58,
    "netProfit" : 426.85
  }, {
    "date" : "2019-06-30",
    "sales" : 2983.56,
    "salesGrowthYoY" : -1.11,
    "grossProfitMargin" : 69.82,
    "grossProfit" : 2083.12,
    "operatingProfitMargin" : 23.41,
    "operatingProfit" : 698.45,
    "netProfitMargin" : 13.81,
    "netProfit" : 412.03
  }, {
    "date" : "2019-09-30",
    "sales" : 2625.78,
    "salesGrowthYoY" : 0.45,
    "grossProfitMargin" : 69.05,
    "grossProfit" : 1813.10,
    "operatingProfitMargin" : 16.75,
    "operatingProfit" : 439.82,
    "netProfitMargin" : 8.93,
    "netProfit" : 234.48
  }, {
    "date" : "2019-12-31",
    "sales" : 3135.88,
    "salesGrowthYoY" : 9.52,
    "grossProfitMargin" : 67.07,
    "grossProfit" : 2103.23,
    "operatingProfitMargin" : 17.46,
    "operatingProfit" : 547.52,
    "netProfitMargin" : 14.51,
    "netProfit" : 455.02
  }, {
    "date" : "2020-03-31",
    "sales" : 2827.54,
    "salesGrowthYoY" : -3.42,
    "grossProfitMargin" : 71.23,
    "grossProfit" : 2014.06,
    "operatingProfitMargin" : 21.33,
    "operatingProfit" : 603.11,
    "netProfitMargin" : 14.11,
    "netProfit" : 398.97
  }, {
    "date" : "2020-06-30",
    "sales" : 2176.75,
    "salesGrowthYoY" : -27.04,
    "grossProfitMargin" : 70.35,
    "grossProfit" : 1531.34,
    "operatingProfitMargin" : 27.34,
    "operatingProfit" : 595.12,
    "netProfitMargin" : 20.83,
    "netProfit" : 453.42
  }, {
    "date" : "2020-09-30",
    "sales" : 2852.46,
    "salesGrowthYoY" : 8.63,
    "grossProfitMargin" : 70.92,
    "grossProfit" : 2022.96,
    "operatingProfitMargin" : 23.85,
    "operatingProfit" : 680.31,
    "netProfitMargin" : 15.44,
    "netProfit" : 440.42
  }, {
    "date" : "2020-12-31",
    "sales" : 3515.11,
    "salesGrowthYoY" : 12.09,
    "grossProfitMargin" : 67.30,
    "grossProfit" : 2365.67,
    "operatingProfitMargin" : 21.84,
    "operatingProfit" : 767.70,
    "netProfitMargin" : 14.14,
    "netProfit" : 497.04
  }, {
    "date" : "2021-03-31",
    "sales" : 3621.39,
    "salesGrowthYoY" : 28.08,
    "grossProfitMargin" : 70.21,
    "grossProfit" : 2542.58,
    "operatingProfitMargin" : 26.97,
    "operatingProfit" : 976.69,
    "netProfitMargin" : 18.35,
    "netProfit" : 664.53
  }, {
    "date" : "2021-06-30",
    "sales" : 3371.18,
    "salesGrowthYoY" : 54.87,
    "grossProfitMargin" : 71.41,
    "grossProfit" : 2407.36,
    "operatingProfitMargin" : 28.47,
    "operatingProfit" : 959.77,
    "netProfitMargin" : 21.45,
    "netProfit" : 723.12
  }, {
    "date" : "2021-09-30",
    "sales" : 3237.26,
    "salesGrowthYoY" : 13.49,
    "grossProfitMargin" : 67.85,
    "grossProfit" : 2196.48,
    "operatingProfitMargin" : 21.72,
    "operatingProfit" : 703.13,
    "netProfitMargin" : 13.63,
    "netProfit" : 441.24
  }, {
    "date" : "2021-12-31",
    "sales" : 3739.92,
    "salesGrowthYoY" : 6.40,
    "grossProfitMargin" : 59.96,
    "grossProfit" : 2242.46,
    "operatingProfitMargin" : 15.25,
    "operatingProfit" : 570.34,
    "netProfitMargin" : 8.03,
    "netProfit" : 300.32
  }, {
    "date" : "2022-03-31",
    "sales" : 3926.73,
    "salesGrowthYoY" : 8.43,
    "grossProfitMargin" : 60.22,
    "grossProfit" : 2364.68,
    "operatingProfitMargin" : 20.20,
    "operatingProfit" : 793.20,
    "netProfitMargin" : 12.59,
    "netProfit" : 494.38
  }, {
    "date" : "2022-06-30",
    "sales" : 3998.26,
    "salesGrowthYoY" : 18.60,
    "grossProfitMargin" : 58.94,
    "grossProfit" : 2356.57,
    "operatingProfitMargin" : 17.17,
    "operatingProfit" : 686.50,
    "netProfitMargin" : 26.23,
    "netProfit" : 1048.74
  }, {
    "date" : "2022-09-30",
    "sales" : 3675.61,
    "salesGrowthYoY" : 13.54,
    "grossProfitMargin" : 53.46,
    "grossProfit" : 1964.98,
    "operatingProfitMargin" : 8.33,
    "operatingProfit" : 306.18,
    "netProfitMargin" : 4.14,
    "netProfit" : 152.17
  }, {
    "date" : "2022-12-31",
    "sales" : 4128.52,
    "salesGrowthYoY" : 10.39,
    "grossProfitMargin" : 52.55,
    "grossProfit" : 2169.54,
    "operatingProfitMargin" : 15.48,
    "operatingProfit" : 639.09,
    "netProfitMargin" : 10.12,
    "netProfit" : 417.81
  }, {
    "date" : "2023-03-31",
    "sales" : 4256.31,
    "salesGrowthYoY" : 8.39,
    "grossProfitMargin" : 55.27,
    "grossProfit" : 2352.46,
    "operatingProfitMargin" : 18.52,
    "operatingProfit" : 788.27,
    "netProfitMargin" : 13.22,
    "netProfit" : 562.68
  }, {
    "date" : "2023-06-30",
    "sales" : 4729.71,
    "salesGrowthYoY" : 18.29,
    "grossProfitMargin" : 54.74,
    "grossProfit" : 2589.04,
    "operatingProfitMargin" : 20.06,
    "operatingProfit" : 948.78,
    "netProfitMargin" : 13.63,
    "netProfit" : 644.66
  }, {
    "date" : "2023-09-30",
    "sales" : 3969.79,
    "salesGrowthYoY" : 8.00,
    "grossProfitMargin" : 55.45,
    "grossProfit" : 2201.25,
    "operatingProfitMargin" : 19.48,
    "operatingProfit" : 773.32,
    "netProfitMargin" : 16.22,
    "netProfit" : 643.90
  }, {
    "date" : "2023-12-31",
    "sales" : 4439.52,
    "salesGrowthYoY" : 7.53,
    "grossProfitMargin" : 53.75,
    "grossProfit" : 2386.24,
    "operatingProfitMargin" : 19.17,
    "operatingProfit" : 851.06,
    "netProfitMargin" : 11.57,
    "netProfit" : 513.65
  }, {
    "date" : "2024-03-31",
    "sales" : 4780.32,
    "salesGrowthYoY" : 12.31,
    "grossProfitMargin" : 50.63,
    "grossProfit" : 2420.28,
    "operatingProfitMargin" : 16.69,
    "operatingProfit" : 797.84,
    "netProfitMargin" : 11.39,
    "netProfit" : 544.48
  }, {
    "date" : "2024-06-30",
    "sales" : 4552.21,
    "salesGrowthYoY" : -3.75,
    "grossProfitMargin" : 49.77,
    "grossProfit" : 2265.63,
    "operatingProfitMargin" : 14.19,
    "operatingProfit" : 645.96,
    "netProfitMargin" : 12.67,
    "netProfit" : 576.77
  }, {
    "date" : "2024-09-30",
    "sales" : 4228.62,
    "salesGrowthYoY" : 6.52,
    "grossProfitMargin" : 50.47,
    "grossProfit" : 2134.18,
    "operatingProfitMargin" : 16.09,
    "operatingProfit" : 680.38,
    "netProfitMargin" : 11.84,
    "netProfit" : 500.67
  }, {
    "date" : "2024-12-31",
    "sales" : 5043.18,
    "salesGrowthYoY" : 13.60,
    "grossProfitMargin" : 46.50,
    "grossProfit" : 2345.08,
    "operatingProfitMargin" : 11.91,
    "operatingProfit" : 600.64,
    "netProfitMargin" : 34.86,
    "netProfit" : 1758.05
  }, {
    "date" : "2025-03-31",
    "sales" : 5725.29,
    "salesGrowthYoY" : 19.77,
    "grossProfitMargin" : 49.51,
    "grossProfit" : 2834.59,
    "operatingProfitMargin" : 18.13,
    "operatingProfit" : 1038.00,
    "netProfitMargin" : 16.22,
    "netProfit" : 928.64
  }, {
    "date" : "2025-06-30",
    "sales" : 5514.70,
    "salesGrowthYoY" : 21.14,
    "grossProfitMargin" : 50.17,
    "grossProfit" : 2766.72,
    "operatingProfitMargin" : 15.81,
    "operatingProfit" : 871.87,
    "netProfitMargin" : 15.51,
    "netProfit" : 855.33
  }, {
    "date" : "2025-09-30",
    "sales" : 5148.73,
    "salesGrowthYoY" : 21.76,
    "grossProfitMargin" : 47.73,
    "grossProfit" : 2457.49,
    "operatingProfitMargin" : 13.68,
    "operatingProfit" : 704.35,
    "netProfitMargin" : 30.51,
    "netProfit" : 1570.88
  } ],
  "latestQuarterlyResult" : {
    "date" : "2025-09-30",
    "sales" : 5148.73,
    "salesGrowthYoY" : 21.76,
    "grossProfitMargin" : 47.73,
    "grossProfit" : 2457.49,
    "operatingProfitMargin" : 13.68,
    "operatingProfit" : 704.35,
    "netProfitMargin" : 30.51,
    "netProfit" : 1570.88
  },
  "companyScore" : {
    "priceHigherThanDma50" : 0.00,
    "priceHigherThanDma100" : 0.00,
    "priceHigherThanDma200" : 0.00,
    "dma50HigherThanDma100" : 0.00,
    "dma50HigherThanDma200" : 0.00,
    "dma100HigherThanDma200" : 5.00,
    "pricePercentageAboveDma50" : 5.13,
    "pricePercentageAboveDma100" : 5.24,
    "pricePercentageAboveDma200" : 5.14,
    "weeklyVolumeHigherThanYearlyVolume" : 0.00,
    "salesGrowthPercentile" : 17.72,
    "operatingProfitMarginPercentile" : 3.39,
    "netProfitMarginPercentile" : 9.76,
    "totalTechnicalScore" : 20.51,
    "totalFundamentalScore" : 30.87,
    "totalScore" : 51.39
  }
}