{
  "metadata" : {
    "screenerCompanyId" : "188",
    "companyCode" : "ANDHRSUGAR",
    "companyName" : "Andhra Sugars",
    "screenerCompanyLink" : "https://www.screener.in/company/ANDHRSUGAR/consolidated/",
    "screenerTechnicalHistoryLink" : "https://www.screener.in/api/company/188/chart/?q=Price-DMA50-DMA200-Volume&days=365",
    "screenerQuarterlyResultsLink" : "https://www.screener.in/api/company/188/chart/?q=GPM-OPM-NPM-Quarter+Sales&days=10000",
    "attributes" : {
      "companyCode" : "ANDHRSUGAR",
      "companyName" : "Andhra Sugars",
      "marketCap" : 1007.00,
      "peRatio" : 9.96,
      "description" : "Incorporated in 1947, Andhra Sugars Limited is a manufacturer of Sugar, Industrial Alcohol, Chlor Alkali Products, Aspirin, Sulphuric Acid, Liquid & Solid Propellants. It also generates power for captive use [1]"
    },
    "companyScore" : {
      "priceHigherThanDma50" : 5.00,
      "priceHigherThanDma100" : 0.00,
      "priceHigherThanDma200" : 0.00,
      "dma50HigherThanDma100" : 0.00,
      "dma50HigherThanDma200" : 0.00,
      "dma100HigherThanDma200" : 0.00,
      "pricePercentageAboveDma50" : 4.95,
      "pricePercentageAboveDma100" : 5.12,
      "pricePercentageAboveDma200" : 5.24,
      "weeklyVolumeHigherThanYearlyVolume" : 0.00,
      "salesGrowthPercentile" : 16.00,
      "operatingProfitMarginPercentile" : 7.08,
      "netProfitMarginPercentile" : 3.57,
      "totalTechnicalScore" : 20.30,
      "totalFundamentalScore" : 26.65,
      "totalScore" : 46.95
    }
  },
  "attributes" : {
    "companyCode" : "ANDHRSUGAR",
    "companyName" : "Andhra Sugars",
    "marketCap" : 1007.00,
    "peRatio" : 9.96,
    "description" : "Incorporated in 1947, Andhra Sugars Limited is a manufacturer of Sugar, Industrial Alcohol, Chlor Alkali Products, Aspirin, Sulphuric Acid, Liquid & Solid Propellants. It also generates power for captive use [1]"
  },
  "technicalHistory" : [ {
    "date" : "2025-02-17",
    "price" : 76.76,
    "dma50" : 89.76,
    "dma100" : null,
    "dma200" : 100.78,
    "volume" : 153164.00
  }, {
    "date" : "2025-02-18",
    "price" : 74.83,
    "dma50" : 89.17,
    "dma100" : null,
    "dma200" : 100.53,
    "volume" : 138930.00
  }, {
    "date" : "2025-02-19",
    "price" : 76.61,
    "dma50" : 88.68,
    "dma100" : null,
    "dma200" : 100.29,
    "volume" : 169431.00
  }, {
    "date" : "2025-02-20",
    "price" : 80.32,
    "dma50" : 88.35,
    "dma100" : null,
    "dma200" : 100.09,
    "volume" : 202685.00
  }, {
    "date" : "2025-02-21",
    "price" : 79.32,
    "dma50" : 88.00,
    "dma100" : null,
    "dma200" : 99.88,
    "volume" : 161720.00
  }, {
    "date" : "2025-02-24",
    "price" : 77.18,
    "dma50" : 87.57,
    "dma100" : null,
    "dma200" : 99.66,
    "volume" : 112625.00
  }, {
    "date" : "2025-02-25",
    "price" : 76.11,
    "dma50" : 87.12,
    "dma100" : null,
    "dma200" : 99.42,
    "volume" : 102962.00
  }, {
    "date" : "2025-02-27",
    "price" : 74.38,
    "dma50" : 86.62,
    "dma100" : null,
    "dma200" : 99.17,
    "volume" : 190827.00
  }, {
    "date" : "2025-02-28",
    "price" : 71.23,
    "dma50" : 86.02,
    "dma100" : null,
    "dma200" : 98.90,
    "volume" : 232178.00
  }, {
    "date" : "2025-03-03",
    "price" : 67.74,
    "dma50" : 85.30,
    "dma100" : null,
    "dma200" : 98.59,
    "volume" : 291301.00
  }, {
    "date" : "2025-03-04",
    "price" : 68.98,
    "dma50" : 84.66,
    "dma100" : null,
    "dma200" : 98.29,
    "volume" : 231945.00
  }, {
    "date" : "2025-03-05",
    "price" : 70.92,
    "dma50" : 84.12,
    "dma100" : null,
    "dma200" : 98.02,
    "volume" : 167001.00
  }, {
    "date" : "2025-03-06",
    "price" : 73.10,
    "dma50" : 83.69,
    "dma100" : null,
    "dma200" : 97.77,
    "volume" : 180795.00
  }, {
    "date" : "2025-03-07",
    "price" : 74.16,
    "dma50" : 83.32,
    "dma100" : null,
    "dma200" : 97.54,
    "volume" : 203033.00
  }, {
    "date" : "2025-03-10",
    "price" : 71.05,
    "dma50" : 82.84,
    "dma100" : null,
    "dma200" : 97.27,
    "volume" : 111297.00
  }, {
    "date" : "2025-03-11",
    "price" : 67.17,
    "dma50" : 82.22,
    "dma100" : null,
    "dma200" : 96.97,
    "volume" : 311907.00
  }, {
    "date" : "2025-03-12",
    "price" : 68.58,
    "dma50" : 81.69,
    "dma100" : null,
    "dma200" : 96.69,
    "volume" : 275086.00
  }, {
    "date" : "2025-03-13",
    "price" : 68.23,
    "dma50" : 81.16,
    "dma100" : null,
    "dma200" : 96.41,
    "volume" : 266922.00
  }, {
    "date" : "2025-03-17",
    "price" : 65.59,
    "dma50" : 80.55,
    "dma100" : null,
    "dma200" : 96.10,
    "volume" : 296020.00
  }, {
    "date" : "2025-03-18",
    "price" : 66.90,
    "dma50" : 80.01,
    "dma100" : null,
    "dma200" : 95.81,
    "volume" : 382182.00
  }, {
    "date" : "2025-03-19",
    "price" : 70.08,
    "dma50" : 79.62,
    "dma100" : null,
    "dma200" : 95.55,
    "volume" : 600019.00
  }, {
    "date" : "2025-03-20",
    "price" : 70.71,
    "dma50" : 79.27,
    "dma100" : null,
    "dma200" : 95.31,
    "volume" : 240481.00
  }, {
    "date" : "2025-03-21",
    "price" : 69.58,
    "dma50" : 78.89,
    "dma100" : null,
    "dma200" : 95.05,
    "volume" : 422838.00
  }, {
    "date" : "2025-03-24",
    "price" : 70.73,
    "dma50" : 78.57,
    "dma100" : null,
    "dma200" : 94.81,
    "volume" : 593014.00
  }, {
    "date" : "2025-03-25",
    "price" : 70.36,
    "dma50" : 78.25,
    "dma100" : null,
    "dma200" : 94.57,
    "volume" : 308426.00
  }, {
    "date" : "2025-03-26",
    "price" : 69.09,
    "dma50" : 77.89,
    "dma100" : null,
    "dma200" : 94.31,
    "volume" : 565692.00
  }, {
    "date" : "2025-03-27",
    "price" : 68.11,
    "dma50" : 77.51,
    "dma100" : null,
    "dma200" : 94.05,
    "volume" : 442439.00
  }, {
    "date" : "2025-03-28",
    "price" : 66.74,
    "dma50" : 77.09,
    "dma100" : null,
    "dma200" : 93.78,
    "volume" : 439030.00
  }, {
    "date" : "2025-04-01",
    "price" : 70.76,
    "dma50" : 76.84,
    "dma100" : null,
    "dma200" : 93.55,
    "volume" : 516309.00
  }, {
    "date" : "2025-04-02",
    "price" : 70.89,
    "dma50" : 76.61,
    "dma100" : null,
    "dma200" : 93.32,
    "volume" : 128348.00
  }, {
    "date" : "2025-04-03",
    "price" : 71.24,
    "dma50" : 76.40,
    "dma100" : null,
    "dma200" : 93.11,
    "volume" : 155229.00
  }, {
    "date" : "2025-04-04",
    "price" : 69.65,
    "dma50" : 76.13,
    "dma100" : null,
    "dma200" : 92.87,
    "volume" : 249093.00
  }, {
    "date" : "2025-04-07",
    "price" : 67.42,
    "dma50" : 75.79,
    "dma100" : null,
    "dma200" : 92.62,
    "volume" : 192764.00
  }, {
    "date" : "2025-04-08",
    "price" : 68.27,
    "dma50" : 75.49,
    "dma100" : null,
    "dma200" : 92.38,
    "volume" : 171210.00
  }, {
    "date" : "2025-04-09",
    "price" : 67.61,
    "dma50" : 75.18,
    "dma100" : null,
    "dma200" : 92.13,
    "volume" : 94624.00
  }, {
    "date" : "2025-04-11",
    "price" : 68.12,
    "dma50" : 74.91,
    "dma100" : null,
    "dma200" : 91.89,
    "volume" : 112505.00
  }, {
    "date" : "2025-04-15",
    "price" : 70.61,
    "dma50" : 74.74,
    "dma100" : null,
    "dma200" : 91.68,
    "volume" : 217896.00
  }, {
    "date" : "2025-04-16",
    "price" : 71.59,
    "dma50" : 74.62,
    "dma100" : null,
    "dma200" : 91.48,
    "volume" : 184956.00
  }, {
    "date" : "2025-04-17",
    "price" : 71.43,
    "dma50" : 74.49,
    "dma100" : null,
    "dma200" : 91.28,
    "volume" : 173711.00
  }, {
    "date" : "2025-04-21",
    "price" : 72.57,
    "dma50" : 74.42,
    "dma100" : null,
    "dma200" : 91.09,
    "volume" : 351669.00
  }, {
    "date" : "2025-04-22",
    "price" : 73.34,
    "dma50" : 74.37,
    "dma100" : null,
    "dma200" : 90.92,
    "volume" : 270862.00
  }, {
    "date" : "2025-04-23",
    "price" : 72.94,
    "dma50" : 74.32,
    "dma100" : null,
    "dma200" : 90.74,
    "volume" : 162761.00
  }, {
    "date" : "2025-04-24",
    "price" : 73.84,
    "dma50" : 74.30,
    "dma100" : null,
    "dma200" : 90.57,
    "volume" : 171490.00
  }, {
    "date" : "2025-04-25",
    "price" : 71.03,
    "dma50" : 74.17,
    "dma100" : null,
    "dma200" : 90.38,
    "volume" : 267353.00
  }, {
    "date" : "2025-04-28",
    "price" : 70.95,
    "dma50" : 74.04,
    "dma100" : null,
    "dma200" : 90.18,
    "volume" : 107748.00
  }, {
    "date" : "2025-04-29",
    "price" : 70.65,
    "dma50" : 73.91,
    "dma100" : null,
    "dma200" : 89.99,
    "volume" : 63312.00
  }, {
    "date" : "2025-04-30",
    "price" : 69.81,
    "dma50" : 73.75,
    "dma100" : null,
    "dma200" : 89.79,
    "volume" : 139683.00
  }, {
    "date" : "2025-05-02",
    "price" : 69.29,
    "dma50" : 73.58,
    "dma100" : null,
    "dma200" : 89.58,
    "volume" : 113235.00
  }, {
    "date" : "2025-05-05",
    "price" : 70.42,
    "dma50" : 73.45,
    "dma100" : null,
    "dma200" : 89.39,
    "volume" : 103173.00
  }, {
    "date" : "2025-05-06",
    "price" : 68.90,
    "dma50" : 73.27,
    "dma100" : null,
    "dma200" : 89.19,
    "volume" : 146806.00
  }, {
    "date" : "2025-05-07",
    "price" : 71.20,
    "dma50" : 73.19,
    "dma100" : null,
    "dma200" : 89.01,
    "volume" : 165454.00
  }, {
    "date" : "2025-05-08",
    "price" : 70.28,
    "dma50" : 73.08,
    "dma100" : null,
    "dma200" : 88.82,
    "volume" : 119768.00
  }, {
    "date" : "2025-05-09",
    "price" : 69.19,
    "dma50" : 72.93,
    "dma100" : null,
    "dma200" : 88.63,
    "volume" : 147380.00
  }, {
    "date" : "2025-05-12",
    "price" : 71.25,
    "dma50" : 72.86,
    "dma100" : null,
    "dma200" : 88.45,
    "volume" : 226432.00
  }, {
    "date" : "2025-05-13",
    "price" : 72.20,
    "dma50" : 72.83,
    "dma100" : null,
    "dma200" : 88.29,
    "volume" : 179921.00
  }, {
    "date" : "2025-05-14",
    "price" : 73.68,
    "dma50" : 72.87,
    "dma100" : null,
    "dma200" : 88.15,
    "volume" : 206712.00
  }, {
    "date" : "2025-05-15",
    "price" : 74.75,
    "dma50" : 72.94,
    "dma100" : null,
    "dma200" : 88.01,
    "volume" : 330895.00
  }, {
    "date" : "2025-05-16",
    "price" : 75.43,
    "dma50" : 73.04,
    "dma100" : null,
    "dma200" : 87.89,
    "volume" : 163498.00
  }, {
    "date" : "2025-05-19",
    "price" : 77.60,
    "dma50" : 73.22,
    "dma100" : null,
    "dma200" : 87.79,
    "volume" : 354485.00
  }, {
    "date" : "2025-05-20",
    "price" : 75.63,
    "dma50" : 73.31,
    "dma100" : null,
    "dma200" : 87.67,
    "volume" : 134740.00
  }, {
    "date" : "2025-05-21",
    "price" : 75.03,
    "dma50" : 73.38,
    "dma100" : null,
    "dma200" : 87.54,
    "volume" : 137115.00
  }, {
    "date" : "2025-05-22",
    "price" : 75.47,
    "dma50" : 73.46,
    "dma100" : null,
    "dma200" : 87.42,
    "volume" : 79010.00
  }, {
    "date" : "2025-05-23",
    "price" : 77.22,
    "dma50" : 73.61,
    "dma100" : null,
    "dma200" : 87.32,
    "volume" : 143256.00
  }, {
    "date" : "2025-05-26",
    "price" : 76.47,
    "dma50" : 73.72,
    "dma100" : null,
    "dma200" : 87.21,
    "volume" : 121406.00
  }, {
    "date" : "2025-05-27",
    "price" : 77.49,
    "dma50" : 73.87,
    "dma100" : null,
    "dma200" : 87.11,
    "volume" : 105854.00
  }, {
    "date" : "2025-05-28",
    "price" : 78.07,
    "dma50" : 74.03,
    "dma100" : null,
    "dma200" : 87.02,
    "volume" : 162927.00
  }, {
    "date" : "2025-05-29",
    "price" : 75.59,
    "dma50" : 74.09,
    "dma100" : null,
    "dma200" : 86.91,
    "volume" : 392915.00
  }, {
    "date" : "2025-05-30",
    "price" : 74.23,
    "dma50" : 74.10,
    "dma100" : null,
    "dma200" : 86.78,
    "volume" : 151889.00
  }, {
    "date" : "2025-06-02",
    "price" : 73.99,
    "dma50" : 74.10,
    "dma100" : null,
    "dma200" : 86.66,
    "volume" : 240526.00
  }, {
    "date" : "2025-06-03",
    "price" : 76.38,
    "dma50" : 74.18,
    "dma100" : null,
    "dma200" : 86.55,
    "volume" : 387310.00
  }, {
    "date" : "2025-06-04",
    "price" : 75.62,
    "dma50" : 74.24,
    "dma100" : null,
    "dma200" : 86.45,
    "volume" : 278130.00
  }, {
    "date" : "2025-06-05",
    "price" : 76.55,
    "dma50" : 74.33,
    "dma100" : null,
    "dma200" : 86.35,
    "volume" : 329783.00
  }, {
    "date" : "2025-06-06",
    "price" : 76.62,
    "dma50" : 74.42,
    "dma100" : null,
    "dma200" : 86.25,
    "volume" : 120877.00
  }, {
    "date" : "2025-06-09",
    "price" : 76.89,
    "dma50" : 74.52,
    "dma100" : null,
    "dma200" : 86.16,
    "volume" : 272138.00
  }, {
    "date" : "2025-06-10",
    "price" : 77.48,
    "dma50" : 74.63,
    "dma100" : null,
    "dma200" : 86.07,
    "volume" : 232991.00
  }, {
    "date" : "2025-06-11",
    "price" : 77.36,
    "dma50" : 74.74,
    "dma100" : null,
    "dma200" : 85.98,
    "volume" : 373554.00
  }, {
    "date" : "2025-06-12",
    "price" : 75.17,
    "dma50" : 74.76,
    "dma100" : null,
    "dma200" : 85.88,
    "volume" : 324054.00
  }, {
    "date" : "2025-06-13",
    "price" : 75.17,
    "dma50" : 74.77,
    "dma100" : null,
    "dma200" : 85.77,
    "volume" : 188882.00
  }, {
    "date" : "2025-06-16",
    "price" : 75.75,
    "dma50" : 74.81,
    "dma100" : null,
    "dma200" : 85.67,
    "volume" : 108946.00
  }, {
    "date" : "2025-06-17",
    "price" : 74.90,
    "dma50" : 74.82,
    "dma100" : null,
    "dma200" : 85.56,
    "volume" : 120109.00
  }, {
    "date" : "2025-06-18",
    "price" : 76.09,
    "dma50" : 74.87,
    "dma100" : null,
    "dma200" : 85.47,
    "volume" : 144508.00
  }, {
    "date" : "2025-06-19",
    "price" : 74.83,
    "dma50" : 74.86,
    "dma100" : null,
    "dma200" : 85.36,
    "volume" : 107121.00
  }, {
    "date" : "2025-06-20",
    "price" : 74.55,
    "dma50" : 74.85,
    "dma100" : null,
    "dma200" : 85.26,
    "volume" : 148723.00
  }, {
    "date" : "2025-06-23",
    "price" : 74.02,
    "dma50" : 74.82,
    "dma100" : null,
    "dma200" : 85.14,
    "volume" : 302391.00
  }, {
    "date" : "2025-06-24",
    "price" : 74.73,
    "dma50" : 74.82,
    "dma100" : null,
    "dma200" : 85.04,
    "volume" : 91133.00
  }, {
    "date" : "2025-06-25",
    "price" : 80.49,
    "dma50" : 75.04,
    "dma100" : null,
    "dma200" : 84.99,
    "volume" : 863351.00
  }, {
    "date" : "2025-06-26",
    "price" : 83.47,
    "dma50" : 75.37,
    "dma100" : null,
    "dma200" : 84.98,
    "volume" : 1709142.00
  }, {
    "date" : "2025-06-27",
    "price" : 83.37,
    "dma50" : 75.68,
    "dma100" : null,
    "dma200" : 84.96,
    "volume" : 455495.00
  }, {
    "date" : "2025-06-30",
    "price" : 83.35,
    "dma50" : 75.98,
    "dma100" : null,
    "dma200" : 84.95,
    "volume" : 343956.00
  }, {
    "date" : "2025-07-01",
    "price" : 82.73,
    "dma50" : 76.25,
    "dma100" : null,
    "dma200" : 84.93,
    "volume" : 157005.00
  }, {
    "date" : "2025-07-02",
    "price" : 83.35,
    "dma50" : 76.53,
    "dma100" : null,
    "dma200" : 84.91,
    "volume" : 185197.00
  }, {
    "date" : "2025-07-03",
    "price" : 82.72,
    "dma50" : 76.77,
    "dma100" : null,
    "dma200" : 84.89,
    "volume" : 162430.00
  }, {
    "date" : "2025-07-04",
    "price" : 82.43,
    "dma50" : 76.99,
    "dma100" : null,
    "dma200" : 84.86,
    "volume" : 123286.00
  }, {
    "date" : "2025-07-07",
    "price" : 82.82,
    "dma50" : 77.22,
    "dma100" : null,
    "dma200" : 84.84,
    "volume" : 125502.00
  }, {
    "date" : "2025-07-08",
    "price" : 82.49,
    "dma50" : 77.43,
    "dma100" : null,
    "dma200" : 84.82,
    "volume" : 112098.00
  }, {
    "date" : "2025-07-09",
    "price" : 83.70,
    "dma50" : 77.67,
    "dma100" : null,
    "dma200" : 84.81,
    "volume" : 131662.00
  }, {
    "date" : "2025-07-10",
    "price" : 82.42,
    "dma50" : 77.86,
    "dma100" : null,
    "dma200" : 84.78,
    "volume" : 173909.00
  }, {
    "date" : "2025-07-11",
    "price" : 82.00,
    "dma50" : 78.02,
    "dma100" : null,
    "dma200" : 84.76,
    "volume" : 96968.00
  }, {
    "date" : "2025-07-14",
    "price" : 82.66,
    "dma50" : 78.20,
    "dma100" : null,
    "dma200" : 84.74,
    "volume" : 195156.00
  }, {
    "date" : "2025-07-15",
    "price" : 83.86,
    "dma50" : 78.43,
    "dma100" : null,
    "dma200" : 84.73,
    "volume" : 362230.00
  }, {
    "date" : "2025-07-16",
    "price" : 83.38,
    "dma50" : 78.62,
    "dma100" : 74.31,
    "dma200" : 84.71,
    "volume" : 166374.00
  }, {
    "date" : "2025-07-17",
    "price" : 83.30,
    "dma50" : 78.80,
    "dma100" : 74.40,
    "dma200" : 84.70,
    "volume" : 100879.00
  }, {
    "date" : "2025-07-18",
    "price" : 83.23,
    "dma50" : 78.98,
    "dma100" : 74.46,
    "dma200" : 84.69,
    "volume" : 75811.00
  }, {
    "date" : "2025-07-21",
    "price" : 82.49,
    "dma50" : 79.11,
    "dma100" : 74.49,
    "dma200" : 84.66,
    "volume" : 108562.00
  }, {
    "date" : "2025-07-22",
    "price" : 82.71,
    "dma50" : 79.26,
    "dma100" : 74.52,
    "dma200" : 84.64,
    "volume" : 87317.00
  }, {
    "date" : "2025-07-23",
    "price" : 83.43,
    "dma50" : 79.42,
    "dma100" : 74.58,
    "dma200" : 84.63,
    "volume" : 162128.00
  }, {
    "date" : "2025-07-24",
    "price" : 83.88,
    "dma50" : 79.59,
    "dma100" : 74.66,
    "dma200" : 84.62,
    "volume" : 162069.00
  }, {
    "date" : "2025-07-25",
    "price" : 80.35,
    "dma50" : 79.62,
    "dma100" : 74.72,
    "dma200" : 84.58,
    "volume" : 541098.00
  }, {
    "date" : "2025-07-28",
    "price" : 78.04,
    "dma50" : 79.56,
    "dma100" : 74.79,
    "dma200" : 84.52,
    "volume" : 217778.00
  }, {
    "date" : "2025-07-29",
    "price" : 78.59,
    "dma50" : 79.52,
    "dma100" : 74.90,
    "dma200" : 84.46,
    "volume" : 153962.00
  }, {
    "date" : "2025-07-30",
    "price" : 78.07,
    "dma50" : 79.47,
    "dma100" : 74.99,
    "dma200" : 84.39,
    "volume" : 138526.00
  }, {
    "date" : "2025-07-31",
    "price" : 77.75,
    "dma50" : 79.40,
    "dma100" : 75.05,
    "dma200" : 84.33,
    "volume" : 185366.00
  }, {
    "date" : "2025-08-01",
    "price" : 76.43,
    "dma50" : 79.28,
    "dma100" : 75.09,
    "dma200" : 84.25,
    "volume" : 117739.00
  }, {
    "date" : "2025-08-04",
    "price" : 76.82,
    "dma50" : 79.19,
    "dma100" : 75.11,
    "dma200" : 84.18,
    "volume" : 92877.00
  }, {
    "date" : "2025-08-05",
    "price" : 76.27,
    "dma50" : 79.07,
    "dma100" : 75.17,
    "dma200" : 84.10,
    "volume" : 65952.00
  }, {
    "date" : "2025-08-06",
    "price" : 76.21,
    "dma50" : 78.96,
    "dma100" : 75.26,
    "dma200" : 84.02,
    "volume" : 60967.00
  }, {
    "date" : "2025-08-07",
    "price" : 74.72,
    "dma50" : 78.79,
    "dma100" : 75.32,
    "dma200" : 83.93,
    "volume" : 124459.00
  }, {
    "date" : "2025-08-08",
    "price" : 78.45,
    "dma50" : 78.78,
    "dma100" : 75.42,
    "dma200" : 83.87,
    "volume" : 244483.00
  }, {
    "date" : "2025-08-11",
    "price" : 81.92,
    "dma50" : 78.90,
    "dma100" : 75.58,
    "dma200" : 83.85,
    "volume" : 2405284.00
  }, {
    "date" : "2025-08-12",
    "price" : 81.12,
    "dma50" : 78.99,
    "dma100" : 75.73,
    "dma200" : 83.83,
    "volume" : 146964.00
  }, {
    "date" : "2025-08-13",
    "price" : 83.25,
    "dma50" : 79.16,
    "dma100" : 75.86,
    "dma200" : 83.82,
    "volume" : 340814.00
  }, {
    "date" : "2025-08-14",
    "price" : 80.94,
    "dma50" : 79.23,
    "dma100" : 75.96,
    "dma200" : 83.79,
    "volume" : 156856.00
  }, {
    "date" : "2025-08-18",
    "price" : 78.83,
    "dma50" : 79.21,
    "dma100" : 76.05,
    "dma200" : 83.74,
    "volume" : 229435.00
  }, {
    "date" : "2025-08-19",
    "price" : 80.21,
    "dma50" : 79.25,
    "dma100" : 76.15,
    "dma200" : 83.71,
    "volume" : 102836.00
  }, {
    "date" : "2025-08-20",
    "price" : 79.79,
    "dma50" : 79.27,
    "dma100" : 76.24,
    "dma200" : 83.67,
    "volume" : 302134.00
  }, {
    "date" : "2025-08-21",
    "price" : 79.95,
    "dma50" : 79.30,
    "dma100" : 76.35,
    "dma200" : 83.63,
    "volume" : 114683.00
  }, {
    "date" : "2025-08-22",
    "price" : 79.22,
    "dma50" : 79.30,
    "dma100" : 76.46,
    "dma200" : 83.59,
    "volume" : 84255.00
  }, {
    "date" : "2025-08-25",
    "price" : 78.50,
    "dma50" : 79.26,
    "dma100" : 76.58,
    "dma200" : 83.54,
    "volume" : 99215.00
  }, {
    "date" : "2025-08-26",
    "price" : 76.30,
    "dma50" : 79.15,
    "dma100" : 76.63,
    "dma200" : 83.46,
    "volume" : 467295.00
  }, {
    "date" : "2025-08-28",
    "price" : 75.82,
    "dma50" : 79.02,
    "dma100" : 76.68,
    "dma200" : 83.39,
    "volume" : 124935.00
  }, {
    "date" : "2025-08-29",
    "price" : 75.44,
    "dma50" : 78.88,
    "dma100" : 76.73,
    "dma200" : 83.31,
    "volume" : 84395.00
  }, {
    "date" : "2025-09-01",
    "price" : 74.98,
    "dma50" : 78.72,
    "dma100" : 76.78,
    "dma200" : 83.23,
    "volume" : 227241.00
  }, {
    "date" : "2025-09-02",
    "price" : 77.50,
    "dma50" : 78.68,
    "dma100" : 76.88,
    "dma200" : 83.17,
    "volume" : 1214605.00
  }, {
    "date" : "2025-09-03",
    "price" : 77.09,
    "dma50" : 78.61,
    "dma100" : 76.97,
    "dma200" : 83.11,
    "volume" : 188908.00
  }, {
    "date" : "2025-09-04",
    "price" : 77.30,
    "dma50" : 78.56,
    "dma100" : 77.07,
    "dma200" : 83.05,
    "volume" : 138192.00
  }, {
    "date" : "2025-09-05",
    "price" : 76.69,
    "dma50" : 78.49,
    "dma100" : 77.15,
    "dma200" : 82.99,
    "volume" : 78989.00
  }, {
    "date" : "2025-09-08",
    "price" : 76.24,
    "dma50" : 78.40,
    "dma100" : 77.21,
    "dma200" : 82.92,
    "volume" : 172960.00
  }, {
    "date" : "2025-09-09",
    "price" : 76.05,
    "dma50" : 78.31,
    "dma100" : 77.25,
    "dma200" : 82.85,
    "volume" : 99159.00
  }, {
    "date" : "2025-09-10",
    "price" : 76.31,
    "dma50" : 78.23,
    "dma100" : 77.30,
    "dma200" : 82.79,
    "volume" : 116261.00
  }, {
    "date" : "2025-09-11",
    "price" : 76.28,
    "dma50" : 78.15,
    "dma100" : 77.34,
    "dma200" : 82.72,
    "volume" : 114201.00
  }, {
    "date" : "2025-09-12",
    "price" : 75.57,
    "dma50" : 78.05,
    "dma100" : 77.36,
    "dma200" : 82.65,
    "volume" : 135684.00
  }, {
    "date" : "2025-09-15",
    "price" : 76.24,
    "dma50" : 77.98,
    "dma100" : 77.39,
    "dma200" : 82.59,
    "volume" : 168628.00
  }, {
    "date" : "2025-09-16",
    "price" : 76.89,
    "dma50" : 77.94,
    "dma100" : 77.42,
    "dma200" : 82.53,
    "volume" : 87461.00
  }, {
    "date" : "2025-09-17",
    "price" : 78.37,
    "dma50" : 77.96,
    "dma100" : 77.50,
    "dma200" : 82.49,
    "volume" : 139495.00
  }, {
    "date" : "2025-09-18",
    "price" : 78.33,
    "dma50" : 77.97,
    "dma100" : 77.57,
    "dma200" : 82.45,
    "volume" : 151350.00
  }, {
    "date" : "2025-09-19",
    "price" : 77.05,
    "dma50" : 77.93,
    "dma100" : 77.63,
    "dma200" : 82.39,
    "volume" : 107656.00
  }, {
    "date" : "2025-09-22",
    "price" : 76.58,
    "dma50" : 77.88,
    "dma100" : 77.70,
    "dma200" : 82.34,
    "volume" : 125711.00
  }, {
    "date" : "2025-09-23",
    "price" : 76.24,
    "dma50" : 77.82,
    "dma100" : 77.77,
    "dma200" : 82.28,
    "volume" : 89170.00
  }, {
    "date" : "2025-09-24",
    "price" : 75.57,
    "dma50" : 77.73,
    "dma100" : 77.82,
    "dma200" : 82.21,
    "volume" : 112257.00
  }, {
    "date" : "2025-09-25",
    "price" : 74.88,
    "dma50" : 77.62,
    "dma100" : 77.88,
    "dma200" : 82.14,
    "volume" : 78327.00
  }, {
    "date" : "2025-09-26",
    "price" : 73.95,
    "dma50" : 77.47,
    "dma100" : 77.91,
    "dma200" : 82.05,
    "volume" : 125942.00
  }, {
    "date" : "2025-09-29",
    "price" : 73.91,
    "dma50" : 77.33,
    "dma100" : 77.95,
    "dma200" : 81.97,
    "volume" : 81594.00
  }, {
    "date" : "2025-09-30",
    "price" : 74.70,
    "dma50" : 77.23,
    "dma100" : 78.00,
    "dma200" : 81.90,
    "volume" : 60109.00
  }, {
    "date" : "2025-10-01",
    "price" : 75.64,
    "dma50" : 77.17,
    "dma100" : 78.05,
    "dma200" : 81.84,
    "volume" : 52923.00
  }, {
    "date" : "2025-10-03",
    "price" : 75.02,
    "dma50" : 77.08,
    "dma100" : 78.07,
    "dma200" : 81.77,
    "volume" : 112306.00
  }, {
    "date" : "2025-10-06",
    "price" : 75.11,
    "dma50" : 77.01,
    "dma100" : 78.09,
    "dma200" : 81.70,
    "volume" : 115694.00
  }, {
    "date" : "2025-10-07",
    "price" : 79.21,
    "dma50" : 77.09,
    "dma100" : 78.13,
    "dma200" : 81.68,
    "volume" : 915188.00
  }, {
    "date" : "2025-10-08",
    "price" : 80.29,
    "dma50" : 77.22,
    "dma100" : 78.18,
    "dma200" : 81.67,
    "volume" : 438759.00
  }, {
    "date" : "2025-10-09",
    "price" : 80.48,
    "dma50" : 77.35,
    "dma100" : 78.21,
    "dma200" : 81.65,
    "volume" : 206191.00
  }, {
    "date" : "2025-10-10",
    "price" : 81.78,
    "dma50" : 77.52,
    "dma100" : 78.27,
    "dma200" : 81.66,
    "volume" : 310797.00
  }, {
    "date" : "2025-10-13",
    "price" : 79.70,
    "dma50" : 77.61,
    "dma100" : 78.32,
    "dma200" : 81.64,
    "volume" : 172697.00
  }, {
    "date" : "2025-10-14",
    "price" : 78.68,
    "dma50" : 77.65,
    "dma100" : 78.35,
    "dma200" : 81.61,
    "volume" : 174688.00
  }, {
    "date" : "2025-10-15",
    "price" : 78.77,
    "dma50" : 77.69,
    "dma100" : 78.37,
    "dma200" : 81.58,
    "volume" : 134999.00
  }, {
    "date" : "2025-10-16",
    "price" : 78.86,
    "dma50" : 77.74,
    "dma100" : 78.39,
    "dma200" : 81.55,
    "volume" : 117969.00
  }, {
    "date" : "2025-10-17",
    "price" : 80.23,
    "dma50" : 77.83,
    "dma100" : 78.42,
    "dma200" : 81.54,
    "volume" : 119253.00
  }, {
    "date" : "2025-10-20",
    "price" : 80.65,
    "dma50" : 77.95,
    "dma100" : 78.44,
    "dma200" : 81.53,
    "volume" : 100585.00
  }, {
    "date" : "2025-10-21",
    "price" : 80.39,
    "dma50" : 78.04,
    "dma100" : 78.49,
    "dma200" : 81.52,
    "volume" : 30992.00
  }, {
    "date" : "2025-10-23",
    "price" : 79.16,
    "dma50" : 78.09,
    "dma100" : 78.54,
    "dma200" : 81.49,
    "volume" : 119580.00
  }, {
    "date" : "2025-10-24",
    "price" : 78.33,
    "dma50" : 78.09,
    "dma100" : 78.58,
    "dma200" : 81.46,
    "volume" : 109265.00
  }, {
    "date" : "2025-10-27",
    "price" : 81.48,
    "dma50" : 78.23,
    "dma100" : 78.64,
    "dma200" : 81.46,
    "volume" : 402718.00
  }, {
    "date" : "2025-10-28",
    "price" : 81.30,
    "dma50" : 78.35,
    "dma100" : 78.69,
    "dma200" : 81.46,
    "volume" : 145399.00
  }, {
    "date" : "2025-10-29",
    "price" : 82.63,
    "dma50" : 78.52,
    "dma100" : 78.75,
    "dma200" : 81.47,
    "volume" : 518941.00
  }, {
    "date" : "2025-10-30",
    "price" : 81.79,
    "dma50" : 78.64,
    "dma100" : 78.80,
    "dma200" : 81.48,
    "volume" : 88249.00
  }, {
    "date" : "2025-10-31",
    "price" : 81.28,
    "dma50" : 78.75,
    "dma100" : 78.85,
    "dma200" : 81.47,
    "volume" : 87770.00
  }, {
    "date" : "2025-11-03",
    "price" : 80.37,
    "dma50" : 78.81,
    "dma100" : 78.88,
    "dma200" : 81.46,
    "volume" : 85890.00
  }, {
    "date" : "2025-11-04",
    "price" : 76.77,
    "dma50" : 78.73,
    "dma100" : 78.87,
    "dma200" : 81.42,
    "volume" : 695994.00
  }, {
    "date" : "2025-11-06",
    "price" : 82.08,
    "dma50" : 78.86,
    "dma100" : 78.94,
    "dma200" : 81.42,
    "volume" : 5005660.00
  }, {
    "date" : "2025-11-07",
    "price" : 81.95,
    "dma50" : 78.98,
    "dma100" : 79.01,
    "dma200" : 81.43,
    "volume" : 1046881.00
  }, {
    "date" : "2025-11-10",
    "price" : 82.08,
    "dma50" : 79.11,
    "dma100" : 79.07,
    "dma200" : 81.43,
    "volume" : 552608.00
  }, {
    "date" : "2025-11-11",
    "price" : 82.62,
    "dma50" : 79.24,
    "dma100" : 79.15,
    "dma200" : 81.45,
    "volume" : 194637.00
  }, {
    "date" : "2025-11-12",
    "price" : 82.29,
    "dma50" : 79.36,
    "dma100" : 79.21,
    "dma200" : 81.45,
    "volume" : 220448.00
  }, {
    "date" : "2025-11-13",
    "price" : 81.37,
    "dma50" : 79.44,
    "dma100" : 79.28,
    "dma200" : 81.45,
    "volume" : 123759.00
  }, {
    "date" : "2025-11-14",
    "price" : 80.87,
    "dma50" : 79.50,
    "dma100" : 79.34,
    "dma200" : 81.45,
    "volume" : 93738.00
  }, {
    "date" : "2025-11-17",
    "price" : 79.10,
    "dma50" : 79.48,
    "dma100" : 79.39,
    "dma200" : 81.42,
    "volume" : 348358.00
  }, {
    "date" : "2025-11-18",
    "price" : 78.97,
    "dma50" : 79.46,
    "dma100" : 79.43,
    "dma200" : 81.40,
    "volume" : 158193.00
  }, {
    "date" : "2025-11-19",
    "price" : 79.73,
    "dma50" : 79.47,
    "dma100" : 79.42,
    "dma200" : 81.38,
    "volume" : 158682.00
  }, {
    "date" : "2025-11-20",
    "price" : 79.78,
    "dma50" : 79.48,
    "dma100" : 79.39,
    "dma200" : 81.37,
    "volume" : 71569.00
  }, {
    "date" : "2025-11-21",
    "price" : 78.24,
    "dma50" : 79.44,
    "dma100" : 79.34,
    "dma200" : 81.34,
    "volume" : 100162.00
  }, {
    "date" : "2025-11-24",
    "price" : 76.73,
    "dma50" : 79.33,
    "dma100" : 79.27,
    "dma200" : 81.29,
    "volume" : 70849.00
  }, {
    "date" : "2025-11-25",
    "price" : 75.32,
    "dma50" : 79.17,
    "dma100" : 79.20,
    "dma200" : 81.23,
    "volume" : 361575.00
  }, {
    "date" : "2025-11-26",
    "price" : 78.42,
    "dma50" : 79.14,
    "dma100" : 79.15,
    "dma200" : 81.20,
    "volume" : 346193.00
  }, {
    "date" : "2025-11-27",
    "price" : 78.04,
    "dma50" : 79.10,
    "dma100" : 79.10,
    "dma200" : 81.17,
    "volume" : 89404.00
  }, {
    "date" : "2025-11-28",
    "price" : 77.06,
    "dma50" : 79.02,
    "dma100" : 79.05,
    "dma200" : 81.13,
    "volume" : 83911.00
  }, {
    "date" : "2025-12-01",
    "price" : 77.34,
    "dma50" : 78.95,
    "dma100" : 78.99,
    "dma200" : 81.09,
    "volume" : 88440.00
  }, {
    "date" : "2025-12-02",
    "price" : 78.16,
    "dma50" : 78.92,
    "dma100" : 78.95,
    "dma200" : 81.06,
    "volume" : 89523.00
  }, {
    "date" : "2025-12-03",
    "price" : 77.17,
    "dma50" : 78.85,
    "dma100" : 78.88,
    "dma200" : 81.03,
    "volume" : 275569.00
  }, {
    "date" : "2025-12-04",
    "price" : 75.68,
    "dma50" : 78.73,
    "dma100" : 78.82,
    "dma200" : 80.97,
    "volume" : 151739.00
  }, {
    "date" : "2025-12-05",
    "price" : 75.44,
    "dma50" : 78.60,
    "dma100" : 78.75,
    "dma200" : 80.92,
    "volume" : 173470.00
  }, {
    "date" : "2025-12-08",
    "price" : 73.94,
    "dma50" : 78.42,
    "dma100" : 78.66,
    "dma200" : 80.85,
    "volume" : 153502.00
  }, {
    "date" : "2025-12-09",
    "price" : 76.07,
    "dma50" : 78.33,
    "dma100" : 78.58,
    "dma200" : 80.80,
    "volume" : 213970.00
  }, {
    "date" : "2025-12-10",
    "price" : 76.39,
    "dma50" : 78.25,
    "dma100" : 78.52,
    "dma200" : 80.76,
    "volume" : 419464.00
  }, {
    "date" : "2025-12-11",
    "price" : 76.25,
    "dma50" : 78.17,
    "dma100" : 78.44,
    "dma200" : 80.71,
    "volume" : 168699.00
  }, {
    "date" : "2025-12-12",
    "price" : 77.08,
    "dma50" : 78.13,
    "dma100" : 78.38,
    "dma200" : 80.68,
    "volume" : 128866.00
  }, {
    "date" : "2025-12-15",
    "price" : 76.37,
    "dma50" : 78.06,
    "dma100" : 78.32,
    "dma200" : 80.63,
    "volume" : 57621.00
  }, {
    "date" : "2025-12-16",
    "price" : 75.72,
    "dma50" : 77.97,
    "dma100" : 78.25,
    "dma200" : 80.58,
    "volume" : 56161.00
  }, {
    "date" : "2025-12-17",
    "price" : 74.29,
    "dma50" : 77.82,
    "dma100" : 78.16,
    "dma200" : 80.52,
    "volume" : 112964.00
  }, {
    "date" : "2025-12-18",
    "price" : 74.97,
    "dma50" : 77.71,
    "dma100" : 78.07,
    "dma200" : 80.47,
    "volume" : 124276.00
  }, {
    "date" : "2025-12-19",
    "price" : 74.60,
    "dma50" : 77.59,
    "dma100" : 78.01,
    "dma200" : 80.41,
    "volume" : 191177.00
  }, {
    "date" : "2025-12-22",
    "price" : 76.04,
    "dma50" : 77.53,
    "dma100" : 77.99,
    "dma200" : 80.36,
    "volume" : 161082.00
  }, {
    "date" : "2025-12-23",
    "price" : 76.21,
    "dma50" : 77.48,
    "dma100" : 77.97,
    "dma200" : 80.32,
    "volume" : 86434.00
  }, {
    "date" : "2025-12-24",
    "price" : 75.59,
    "dma50" : 77.40,
    "dma100" : 77.95,
    "dma200" : 80.28,
    "volume" : 98120.00
  }, {
    "date" : "2025-12-26",
    "price" : 74.63,
    "dma50" : 77.29,
    "dma100" : 77.91,
    "dma200" : 80.22,
    "volume" : 119294.00
  }, {
    "date" : "2025-12-29",
    "price" : 75.34,
    "dma50" : 77.22,
    "dma100" : 77.90,
    "dma200" : 80.17,
    "volume" : 216236.00
  }, {
    "date" : "2025-12-30",
    "price" : 75.18,
    "dma50" : 77.14,
    "dma100" : 77.89,
    "dma200" : 80.12,
    "volume" : 62746.00
  }, {
    "date" : "2025-12-31",
    "price" : 75.68,
    "dma50" : 77.08,
    "dma100" : 77.88,
    "dma200" : 80.08,
    "volume" : 80486.00
  }, {
    "date" : "2026-01-01",
    "price" : 75.92,
    "dma50" : 77.04,
    "dma100" : 77.88,
    "dma200" : 80.04,
    "volume" : 73390.00
  }, {
    "date" : "2026-01-02",
    "price" : 75.98,
    "dma50" : 76.99,
    "dma100" : 77.89,
    "dma200" : 80.00,
    "volume" : 109491.00
  }, {
    "date" : "2026-01-05",
    "price" : 74.75,
    "dma50" : 76.91,
    "dma100" : 77.85,
    "dma200" : 79.94,
    "volume" : 139094.00
  }, {
    "date" : "2026-01-06",
    "price" : 74.47,
    "dma50" : 76.81,
    "dma100" : 77.78,
    "dma200" : 79.89,
    "volume" : 104464.00
  }, {
    "date" : "2026-01-07",
    "price" : 74.07,
    "dma50" : 76.70,
    "dma100" : 77.71,
    "dma200" : 79.83,
    "volume" : 85975.00
  }, {
    "date" : "2026-01-08",
    "price" : 72.30,
    "dma50" : 76.53,
    "dma100" : 77.60,
    "dma200" : 79.76,
    "volume" : 189677.00
  }, {
    "date" : "2026-01-09",
    "price" : 72.14,
    "dma50" : 76.36,
    "dma100" : 77.51,
    "dma200" : 79.68,
    "volume" : 96484.00
  }, {
    "date" : "2026-01-12",
    "price" : 71.14,
    "dma50" : 76.15,
    "dma100" : 77.43,
    "dma200" : 79.60,
    "volume" : 164838.00
  }, {
    "date" : "2026-01-13",
    "price" : 71.22,
    "dma50" : 75.96,
    "dma100" : 77.34,
    "dma200" : 79.51,
    "volume" : 109403.00
  }, {
    "date" : "2026-01-14",
    "price" : 71.23,
    "dma50" : 75.77,
    "dma100" : 77.26,
    "dma200" : 79.43,
    "volume" : 51428.00
  }, {
    "date" : "2026-01-16",
    "price" : 71.51,
    "dma50" : 75.61,
    "dma100" : 77.17,
    "dma200" : 79.35,
    "volume" : 45845.00
  }, {
    "date" : "2026-01-19",
    "price" : 71.19,
    "dma50" : 75.43,
    "dma100" : 77.09,
    "dma200" : 79.27,
    "volume" : 56350.00
  }, {
    "date" : "2026-01-20",
    "price" : 68.82,
    "dma50" : 75.17,
    "dma100" : 77.00,
    "dma200" : 79.17,
    "volume" : 117395.00
  }, {
    "date" : "2026-01-21",
    "price" : 67.05,
    "dma50" : 74.86,
    "dma100" : 76.90,
    "dma200" : 79.04,
    "volume" : 260069.00
  }, {
    "date" : "2026-01-22",
    "price" : 69.19,
    "dma50" : 74.63,
    "dma100" : 76.84,
    "dma200" : 78.95,
    "volume" : 134460.00
  }, {
    "date" : "2026-01-23",
    "price" : 67.95,
    "dma50" : 74.37,
    "dma100" : 76.76,
    "dma200" : 78.84,
    "volume" : 123287.00
  }, {
    "date" : "2026-01-27",
    "price" : 68.53,
    "dma50" : 74.14,
    "dma100" : 76.70,
    "dma200" : 78.73,
    "volume" : 116529.00
  }, {
    "date" : "2026-01-28",
    "price" : 70.06,
    "dma50" : 73.98,
    "dma100" : 76.62,
    "dma200" : 78.65,
    "volume" : 112318.00
  }, {
    "date" : "2026-01-29",
    "price" : 69.31,
    "dma50" : 73.80,
    "dma100" : 76.55,
    "dma200" : 78.56,
    "volume" : 84121.00
  }, {
    "date" : "2026-01-30",
    "price" : 70.07,
    "dma50" : 73.65,
    "dma100" : 76.47,
    "dma200" : 78.47,
    "volume" : 130047.00
  }, {
    "date" : "2026-02-01",
    "price" : 69.28,
    "dma50" : 73.48,
    "dma100" : 76.40,
    "dma200" : 78.38,
    "volume" : 69573.00
  }, {
    "date" : "2026-02-02",
    "price" : 69.84,
    "dma50" : 73.34,
    "dma100" : 76.34,
    "dma200" : 78.29,
    "volume" : 63770.00
  }, {
    "date" : "2026-02-03",
    "price" : 69.90,
    "dma50" : 73.20,
    "dma100" : 76.28,
    "dma200" : 78.21,
    "volume" : 130969.00
  }, {
    "date" : "2026-02-04",
    "price" : 71.67,
    "dma50" : 73.14,
    "dma100" : 76.23,
    "dma200" : 78.15,
    "volume" : 144451.00
  }, {
    "date" : "2026-02-05",
    "price" : 72.36,
    "dma50" : 73.11,
    "dma100" : 76.19,
    "dma200" : 78.09,
    "volume" : 681809.00
  }, {
    "date" : "2026-02-06",
    "price" : 74.00,
    "dma50" : 73.15,
    "dma100" : 76.17,
    "dma200" : 78.05,
    "volume" : 216649.00
  }, {
    "date" : "2026-02-09",
    "price" : 74.79,
    "dma50" : 73.21,
    "dma100" : 76.16,
    "dma200" : 78.02,
    "volume" : 136799.00
  }, {
    "date" : "2026-02-10",
    "price" : 73.68,
    "dma50" : 73.23,
    "dma100" : 76.13,
    "dma200" : 77.97,
    "volume" : 142564.00
  }, {
    "date" : "2026-02-11",
    "price" : 73.04,
    "dma50" : 73.22,
    "dma100" : 76.07,
    "dma200" : 77.92,
    "volume" : 96079.00
  }, {
    "date" : "2026-02-12",
    "price" : 74.89,
    "dma50" : 73.29,
    "dma100" : 76.04,
    "dma200" : 77.89,
    "volume" : 258848.00
  }, {
    "date" : "2026-02-13",
    "price" : 74.94,
    "dma50" : 73.35,
    "dma100" : 76.02,
    "dma200" : 77.86,
    "volume" : 184212.00
  }, {
    "date" : "2026-02-16",
    "price" : 74.16,
    "dma50" : 73.38,
    "dma100" : 75.99,
    "dma200" : 77.83,
    "volume" : 106549.00
  } ],
  "latestTechnicalAttributes" : {
    "date" : "2026-02-16",
    "price" : 74.16,
    "dma50" : 73.38,
    "dma100" : 75.99,
    "dma200" : 77.83,
    "volume" : 106549.00
  },
  "quarterlyResults" : [ {
    "date" : "2005-03-31",
    "sales" : 107.98,
    "salesGrowthYoY" : null,
    "grossProfitMargin" : 58.96,
    "grossProfit" : 63.67,
    "operatingProfitMargin" : 21.97,
    "operatingProfit" : 23.72,
    "netProfitMargin" : 11.24,
    "netProfit" : 12.14
  }, {
    "date" : "2005-06-30",
    "sales" : 120.93,
    "salesGrowthYoY" : null,
    "grossProfitMargin" : 38.63,
    "grossProfit" : 46.72,
    "operatingProfitMargin" : 23.77,
    "operatingProfit" : 28.75,
    "netProfitMargin" : 11.73,
    "netProfit" : 14.19
  }, {
    "date" : "2005-09-30",
    "sales" : 127.00,
    "salesGrowthYoY" : null,
    "grossProfitMargin" : 41.02,
    "grossProfit" : 52.10,
    "operatingProfitMargin" : 22.58,
    "operatingProfit" : 28.68,
    "netProfitMargin" : 13.46,
    "netProfit" : 17.09
  }, {
    "date" : "2005-12-31",
    "sales" : 117.92,
    "salesGrowthYoY" : null,
    "grossProfitMargin" : 46.97,
    "grossProfit" : 55.39,
    "operatingProfitMargin" : 17.40,
    "operatingProfit" : 20.52,
    "netProfitMargin" : 12.35,
    "netProfit" : 14.56
  }, {
    "date" : "2006-03-31",
    "sales" : 126.44,
    "salesGrowthYoY" : 17.10,
    "grossProfitMargin" : 61.52,
    "grossProfit" : 77.79,
    "operatingProfitMargin" : 18.97,
    "operatingProfit" : 23.99,
    "netProfitMargin" : 10.38,
    "netProfit" : 13.12
  }, {
    "date" : "2006-06-30",
    "sales" : 159.40,
    "salesGrowthYoY" : 31.81,
    "grossProfitMargin" : 35.61,
    "grossProfit" : 56.76,
    "operatingProfitMargin" : 23.19,
    "operatingProfit" : 36.96,
    "netProfitMargin" : 12.70,
    "netProfit" : 20.24
  }, {
    "date" : "2006-09-30",
    "sales" : 157.95,
    "salesGrowthYoY" : 24.37,
    "grossProfitMargin" : 35.82,
    "grossProfit" : 56.58,
    "operatingProfitMargin" : 18.37,
    "operatingProfit" : 29.02,
    "netProfitMargin" : 10.30,
    "netProfit" : 16.27
  }, {
    "date" : "2006-12-31",
    "sales" : 136.63,
    "salesGrowthYoY" : 15.87,
    "grossProfitMargin" : 47.25,
    "grossProfit" : 64.56,
    "operatingProfitMargin" : 22.35,
    "operatingProfit" : 30.54,
    "netProfitMargin" : 11.86,
    "netProfit" : 16.20
  }, {
    "date" : "2007-03-31",
    "sales" : 122.95,
    "salesGrowthYoY" : -2.76,
    "grossProfitMargin" : 65.54,
    "grossProfit" : 80.58,
    "operatingProfitMargin" : 19.25,
    "operatingProfit" : 23.67,
    "netProfitMargin" : 9.56,
    "netProfit" : 11.75
  }, {
    "date" : "2007-06-30",
    "sales" : 95.84,
    "salesGrowthYoY" : -39.87,
    "grossProfitMargin" : 36.05,
    "grossProfit" : 34.55,
    "operatingProfitMargin" : 10.85,
    "operatingProfit" : 10.40,
    "netProfitMargin" : 0.03,
    "netProfit" : 0.03
  }, {
    "date" : "2007-09-30",
    "sales" : 128.04,
    "salesGrowthYoY" : -18.94,
    "grossProfitMargin" : 31.33,
    "grossProfit" : 40.11,
    "operatingProfitMargin" : 10.04,
    "operatingProfit" : 12.86,
    "netProfitMargin" : 4.62,
    "netProfit" : 5.92
  }, {
    "date" : "2007-12-31",
    "sales" : 133.42,
    "salesGrowthYoY" : -2.35,
    "grossProfitMargin" : 36.47,
    "grossProfit" : 48.66,
    "operatingProfitMargin" : 9.65,
    "operatingProfit" : 12.88,
    "netProfitMargin" : 2.70,
    "netProfit" : 3.60
  }, {
    "date" : "2008-03-31",
    "sales" : 112.64,
    "salesGrowthYoY" : -8.39,
    "grossProfitMargin" : 67.34,
    "grossProfit" : 75.85,
    "operatingProfitMargin" : 28.71,
    "operatingProfit" : 32.34,
    "netProfitMargin" : 10.89,
    "netProfit" : 12.27
  }, {
    "date" : "2008-06-30",
    "sales" : 132.19,
    "salesGrowthYoY" : 37.93,
    "grossProfitMargin" : 46.36,
    "grossProfit" : 61.28,
    "operatingProfitMargin" : 25.85,
    "operatingProfit" : 34.17,
    "netProfitMargin" : 9.25,
    "netProfit" : 12.23
  }, {
    "date" : "2008-09-30",
    "sales" : 166.41,
    "salesGrowthYoY" : 29.97,
    "grossProfitMargin" : 47.36,
    "grossProfit" : 78.81,
    "operatingProfitMargin" : 27.62,
    "operatingProfit" : 45.96,
    "netProfitMargin" : 13.97,
    "netProfit" : 23.25
  }, {
    "date" : "2008-12-31",
    "sales" : 158.66,
    "salesGrowthYoY" : 18.92,
    "grossProfitMargin" : 32.65,
    "grossProfit" : 51.80,
    "operatingProfitMargin" : 13.56,
    "operatingProfit" : 21.51,
    "netProfitMargin" : 0.48,
    "netProfit" : 0.76
  }, {
    "date" : "2009-03-31",
    "sales" : 144.46,
    "salesGrowthYoY" : 28.25,
    "grossProfitMargin" : 48.83,
    "grossProfit" : 70.54,
    "operatingProfitMargin" : 24.06,
    "operatingProfit" : 34.76,
    "netProfitMargin" : 8.24,
    "netProfit" : 11.90
  }, {
    "date" : "2009-06-30",
    "sales" : 156.76,
    "salesGrowthYoY" : 18.59,
    "grossProfitMargin" : 37.73,
    "grossProfit" : 59.15,
    "operatingProfitMargin" : 22.40,
    "operatingProfit" : 35.11,
    "netProfitMargin" : 8.51,
    "netProfit" : 13.34
  }, {
    "date" : "2009-09-30",
    "sales" : 139.41,
    "salesGrowthYoY" : -16.22,
    "grossProfitMargin" : 44.80,
    "grossProfit" : 62.46,
    "operatingProfitMargin" : 25.40,
    "operatingProfit" : 35.41,
    "netProfitMargin" : 11.01,
    "netProfit" : 15.35
  }, {
    "date" : "2009-12-31",
    "sales" : 148.79,
    "salesGrowthYoY" : -6.22,
    "grossProfitMargin" : 61.56,
    "grossProfit" : 91.60,
    "operatingProfitMargin" : 34.81,
    "operatingProfit" : 51.79,
    "netProfitMargin" : 17.17,
    "netProfit" : 25.55
  }, {
    "date" : "2010-03-31",
    "sales" : 133.39,
    "salesGrowthYoY" : -7.66,
    "grossProfitMargin" : 50.91,
    "grossProfit" : 67.91,
    "operatingProfitMargin" : 24.15,
    "operatingProfit" : 32.21,
    "netProfitMargin" : 9.45,
    "netProfit" : 12.61
  }, {
    "date" : "2010-06-30",
    "sales" : 111.77,
    "salesGrowthYoY" : -28.70,
    "grossProfitMargin" : 43.44,
    "grossProfit" : 48.55,
    "operatingProfitMargin" : 18.70,
    "operatingProfit" : 20.90,
    "netProfitMargin" : 4.56,
    "netProfit" : 5.10
  }, {
    "date" : "2010-09-30",
    "sales" : 118.20,
    "salesGrowthYoY" : -15.21,
    "grossProfitMargin" : 38.79,
    "grossProfit" : 45.85,
    "operatingProfitMargin" : 15.14,
    "operatingProfit" : 17.90,
    "netProfitMargin" : 4.60,
    "netProfit" : 5.44
  }, {
    "date" : "2010-12-31",
    "sales" : 132.71,
    "salesGrowthYoY" : -10.81,
    "grossProfitMargin" : 54.01,
    "grossProfit" : 71.68,
    "operatingProfitMargin" : 16.10,
    "operatingProfit" : 21.37,
    "netProfitMargin" : 3.47,
    "netProfit" : 4.61
  }, {
    "date" : "2011-03-31",
    "sales" : 156.76,
    "salesGrowthYoY" : 17.52,
    "grossProfitMargin" : 56.34,
    "grossProfit" : 88.32,
    "operatingProfitMargin" : 30.70,
    "operatingProfit" : 48.13,
    "netProfitMargin" : 12.90,
    "netProfit" : 20.22
  }, {
    "date" : "2011-06-30",
    "sales" : 188.40,
    "salesGrowthYoY" : 68.56,
    "grossProfitMargin" : 40.15,
    "grossProfit" : 75.64,
    "operatingProfitMargin" : 21.54,
    "operatingProfit" : 40.58,
    "netProfitMargin" : 9.87,
    "netProfit" : 18.60
  }, {
    "date" : "2011-09-30",
    "sales" : 210.43,
    "salesGrowthYoY" : 78.03,
    "grossProfitMargin" : 40.82,
    "grossProfit" : 85.90,
    "operatingProfitMargin" : 23.72,
    "operatingProfit" : 49.91,
    "netProfitMargin" : 13.88,
    "netProfit" : 29.21
  }, {
    "date" : "2011-12-31",
    "sales" : 192.13,
    "salesGrowthYoY" : 44.77,
    "grossProfitMargin" : 53.28,
    "grossProfit" : 102.37,
    "operatingProfitMargin" : 24.34,
    "operatingProfit" : 46.76,
    "netProfitMargin" : 12.28,
    "netProfit" : 23.59
  }, {
    "date" : "2012-03-31",
    "sales" : 167.67,
    "salesGrowthYoY" : 6.96,
    "grossProfitMargin" : 64.52,
    "grossProfit" : 108.18,
    "operatingProfitMargin" : 29.33,
    "operatingProfit" : 49.18,
    "netProfitMargin" : 13.13,
    "netProfit" : 22.02
  }, {
    "date" : "2012-06-30",
    "sales" : 215.94,
    "salesGrowthYoY" : 14.62,
    "grossProfitMargin" : 38.15,
    "grossProfit" : 82.38,
    "operatingProfitMargin" : 19.82,
    "operatingProfit" : 42.80,
    "netProfitMargin" : 8.78,
    "netProfit" : 18.96
  }, {
    "date" : "2012-09-30",
    "sales" : 213.84,
    "salesGrowthYoY" : 1.62,
    "grossProfitMargin" : 36.78,
    "grossProfit" : 78.65,
    "operatingProfitMargin" : 20.15,
    "operatingProfit" : 43.09,
    "netProfitMargin" : 10.46,
    "netProfit" : 22.37
  }, {
    "date" : "2012-12-31",
    "sales" : 225.62,
    "salesGrowthYoY" : 17.43,
    "grossProfitMargin" : 46.41,
    "grossProfit" : 104.71,
    "operatingProfitMargin" : 21.86,
    "operatingProfit" : 49.32,
    "netProfitMargin" : 11.86,
    "netProfit" : 26.76
  }, {
    "date" : "2013-03-31",
    "sales" : 176.63,
    "salesGrowthYoY" : 5.34,
    "grossProfitMargin" : 55.55,
    "grossProfit" : 98.12,
    "operatingProfitMargin" : 27.20,
    "operatingProfit" : 48.04,
    "netProfitMargin" : 7.25,
    "netProfit" : 12.81
  }, {
    "date" : "2013-06-30",
    "sales" : 176.38,
    "salesGrowthYoY" : -18.32,
    "grossProfitMargin" : 41.96,
    "grossProfit" : 74.01,
    "operatingProfitMargin" : 17.65,
    "operatingProfit" : 31.13,
    "netProfitMargin" : 6.63,
    "netProfit" : 11.69
  }, {
    "date" : "2013-09-30",
    "sales" : 207.55,
    "salesGrowthYoY" : -2.94,
    "grossProfitMargin" : 38.61,
    "grossProfit" : 80.14,
    "operatingProfitMargin" : 16.16,
    "operatingProfit" : 33.54,
    "netProfitMargin" : 7.66,
    "netProfit" : 15.90
  }, {
    "date" : "2013-12-31",
    "sales" : 177.91,
    "salesGrowthYoY" : -21.15,
    "grossProfitMargin" : 40.85,
    "grossProfit" : 72.68,
    "operatingProfitMargin" : 10.49,
    "operatingProfit" : 18.66,
    "netProfitMargin" : 2.34,
    "netProfit" : 4.16
  }, {
    "date" : "2014-03-31",
    "sales" : 164.33,
    "salesGrowthYoY" : -6.96,
    "grossProfitMargin" : 66.03,
    "grossProfit" : 108.51,
    "operatingProfitMargin" : 26.11,
    "operatingProfit" : 42.91,
    "netProfitMargin" : 13.87,
    "netProfit" : 22.79
  }, {
    "date" : "2014-06-30",
    "sales" : 190.87,
    "salesGrowthYoY" : 8.22,
    "grossProfitMargin" : 41.92,
    "grossProfit" : 80.01,
    "operatingProfitMargin" : 17.34,
    "operatingProfit" : 33.10,
    "netProfitMargin" : 6.22,
    "netProfit" : 11.87
  }, {
    "date" : "2014-09-30",
    "sales" : 238.38,
    "salesGrowthYoY" : 14.85,
    "grossProfitMargin" : 27.33,
    "grossProfit" : 65.15,
    "operatingProfitMargin" : 6.79,
    "operatingProfit" : 16.19,
    "netProfitMargin" : 2.76,
    "netProfit" : 6.58
  }, {
    "date" : "2014-12-31",
    "sales" : 193.48,
    "salesGrowthYoY" : 8.75,
    "grossProfitMargin" : 30.39,
    "grossProfit" : 58.80,
    "operatingProfitMargin" : 0.96,
    "operatingProfit" : 1.86,
    "netProfitMargin" : -3.29,
    "netProfit" : -6.37
  }, {
    "date" : "2015-03-31",
    "sales" : 155.83,
    "salesGrowthYoY" : -5.17,
    "grossProfitMargin" : 40.79,
    "grossProfit" : 63.56,
    "operatingProfitMargin" : 2.51,
    "operatingProfit" : 3.91,
    "netProfitMargin" : -5.60,
    "netProfit" : -8.73
  }, {
    "date" : "2015-06-30",
    "sales" : 185.30,
    "salesGrowthYoY" : -2.92,
    "grossProfitMargin" : 25.87,
    "grossProfit" : 47.94,
    "operatingProfitMargin" : 1.72,
    "operatingProfit" : 3.19,
    "netProfitMargin" : -2.58,
    "netProfit" : -4.78
  }, {
    "date" : "2015-09-30",
    "sales" : 235.83,
    "salesGrowthYoY" : -1.07,
    "grossProfitMargin" : 37.32,
    "grossProfit" : 88.01,
    "operatingProfitMargin" : 19.49,
    "operatingProfit" : 45.96,
    "netProfitMargin" : 7.72,
    "netProfit" : 18.21
  }, {
    "date" : "2015-12-31",
    "sales" : 243.66,
    "salesGrowthYoY" : 25.94,
    "grossProfitMargin" : 32.80,
    "grossProfit" : 79.92,
    "operatingProfitMargin" : 11.61,
    "operatingProfit" : 28.29,
    "netProfitMargin" : 3.97,
    "netProfit" : 9.67
  }, {
    "date" : "2016-03-31",
    "sales" : 204.54,
    "salesGrowthYoY" : 31.26,
    "grossProfitMargin" : 58.88,
    "grossProfit" : 120.43,
    "operatingProfitMargin" : 24.15,
    "operatingProfit" : 49.40,
    "netProfitMargin" : 14.13,
    "netProfit" : 28.90
  }, {
    "date" : "2016-06-30",
    "sales" : 199.89,
    "salesGrowthYoY" : 7.87,
    "grossProfitMargin" : 42.18,
    "grossProfit" : 84.31,
    "operatingProfitMargin" : 19.68,
    "operatingProfit" : 39.34,
    "netProfitMargin" : 9.85,
    "netProfit" : 19.69
  }, {
    "date" : "2016-09-30",
    "sales" : 266.36,
    "salesGrowthYoY" : 12.95,
    "grossProfitMargin" : 34.71,
    "grossProfit" : 92.45,
    "operatingProfitMargin" : 17.86,
    "operatingProfit" : 47.57,
    "netProfitMargin" : 10.39,
    "netProfit" : 27.67
  }, {
    "date" : "2016-12-31",
    "sales" : 248.72,
    "salesGrowthYoY" : 2.08,
    "grossProfitMargin" : 50.54,
    "grossProfit" : 125.70,
    "operatingProfitMargin" : 25.90,
    "operatingProfit" : 64.42,
    "netProfitMargin" : 15.55,
    "netProfit" : 38.68
  }, {
    "date" : "2017-03-31",
    "sales" : 191.73,
    "salesGrowthYoY" : -6.26,
    "grossProfitMargin" : 61.59,
    "grossProfit" : 118.09,
    "operatingProfitMargin" : 28.79,
    "operatingProfit" : 55.20,
    "netProfitMargin" : 17.98,
    "netProfit" : 34.47
  }, {
    "date" : "2017-06-30",
    "sales" : 235.42,
    "salesGrowthYoY" : 17.77,
    "grossProfitMargin" : 39.45,
    "grossProfit" : 92.87,
    "operatingProfitMargin" : 20.95,
    "operatingProfit" : 49.32,
    "netProfitMargin" : 9.27,
    "netProfit" : 21.82
  }, {
    "date" : "2017-09-30",
    "sales" : 247.53,
    "salesGrowthYoY" : -7.07,
    "grossProfitMargin" : 45.93,
    "grossProfit" : 113.69,
    "operatingProfitMargin" : 24.09,
    "operatingProfit" : 59.63,
    "netProfitMargin" : 11.93,
    "netProfit" : 29.53
  }, {
    "date" : "2017-12-31",
    "sales" : 235.97,
    "salesGrowthYoY" : -5.13,
    "grossProfitMargin" : 51.01,
    "grossProfit" : 120.37,
    "operatingProfitMargin" : 24.83,
    "operatingProfit" : 58.59,
    "netProfitMargin" : 16.75,
    "netProfit" : 39.52
  }, {
    "date" : "2018-03-31",
    "sales" : 247.71,
    "salesGrowthYoY" : 29.20,
    "grossProfitMargin" : 42.77,
    "grossProfit" : 105.95,
    "operatingProfitMargin" : 13.31,
    "operatingProfit" : 32.97,
    "netProfitMargin" : 3.40,
    "netProfit" : 8.42
  }, {
    "date" : "2018-06-30",
    "sales" : 247.37,
    "salesGrowthYoY" : 5.08,
    "grossProfitMargin" : 51.83,
    "grossProfit" : 128.21,
    "operatingProfitMargin" : 31.71,
    "operatingProfit" : 78.44,
    "netProfitMargin" : 17.35,
    "netProfit" : 42.92
  }, {
    "date" : "2018-09-30",
    "sales" : 226.76,
    "salesGrowthYoY" : -8.39,
    "grossProfitMargin" : 52.33,
    "grossProfit" : 118.66,
    "operatingProfitMargin" : 29.97,
    "operatingProfit" : 67.96,
    "netProfitMargin" : 16.03,
    "netProfit" : 36.35
  }, {
    "date" : "2018-12-31",
    "sales" : 249.09,
    "salesGrowthYoY" : 5.56,
    "grossProfitMargin" : 52.61,
    "grossProfit" : 131.05,
    "operatingProfitMargin" : 28.78,
    "operatingProfit" : 71.69,
    "netProfitMargin" : 17.43,
    "netProfit" : 43.42
  }, {
    "date" : "2019-03-31",
    "sales" : 251.69,
    "salesGrowthYoY" : 1.61,
    "grossProfitMargin" : 61.05,
    "grossProfit" : 153.66,
    "operatingProfitMargin" : 31.01,
    "operatingProfit" : 78.05,
    "netProfitMargin" : 17.09,
    "netProfit" : 43.01
  }, {
    "date" : "2019-06-30",
    "sales" : 284.14,
    "salesGrowthYoY" : 14.86,
    "grossProfitMargin" : 51.25,
    "grossProfit" : 145.62,
    "operatingProfitMargin" : 31.03,
    "operatingProfit" : 88.17,
    "netProfitMargin" : 16.40,
    "netProfit" : 46.60
  }, {
    "date" : "2019-09-30",
    "sales" : 282.92,
    "salesGrowthYoY" : 24.77,
    "grossProfitMargin" : 52.12,
    "grossProfit" : 147.46,
    "operatingProfitMargin" : 27.52,
    "operatingProfit" : 77.86,
    "netProfitMargin" : 18.78,
    "netProfit" : 53.13
  }, {
    "date" : "2019-12-31",
    "sales" : 247.17,
    "salesGrowthYoY" : -0.77,
    "grossProfitMargin" : 44.80,
    "grossProfit" : 110.73,
    "operatingProfitMargin" : 19.38,
    "operatingProfit" : 47.90,
    "netProfitMargin" : 10.63,
    "netProfit" : 26.27
  }, {
    "date" : "2020-03-31",
    "sales" : 226.03,
    "salesGrowthYoY" : -10.20,
    "grossProfitMargin" : 51.04,
    "grossProfit" : 115.37,
    "operatingProfitMargin" : 20.55,
    "operatingProfit" : 46.45,
    "netProfitMargin" : 28.38,
    "netProfit" : 64.15
  }, {
    "date" : "2020-06-30",
    "sales" : 220.22,
    "salesGrowthYoY" : -22.50,
    "grossProfitMargin" : 46.57,
    "grossProfit" : 102.56,
    "operatingProfitMargin" : 23.34,
    "operatingProfit" : 51.40,
    "netProfitMargin" : 11.95,
    "netProfit" : 26.32
  }, {
    "date" : "2020-09-30",
    "sales" : 236.59,
    "salesGrowthYoY" : -16.38,
    "grossProfitMargin" : 45.42,
    "grossProfit" : 107.46,
    "operatingProfitMargin" : 22.41,
    "operatingProfit" : 53.02,
    "netProfitMargin" : 12.53,
    "netProfit" : 29.64
  }, {
    "date" : "2020-12-31",
    "sales" : 242.20,
    "salesGrowthYoY" : -2.01,
    "grossProfitMargin" : 43.11,
    "grossProfit" : 104.41,
    "operatingProfitMargin" : 15.04,
    "operatingProfit" : 36.43,
    "netProfitMargin" : 6.48,
    "netProfit" : 15.69
  }, {
    "date" : "2021-03-31",
    "sales" : 250.72,
    "salesGrowthYoY" : 10.92,
    "grossProfitMargin" : 50.27,
    "grossProfit" : 126.04,
    "operatingProfitMargin" : 21.57,
    "operatingProfit" : 54.08,
    "netProfitMargin" : 14.81,
    "netProfit" : 37.13
  }, {
    "date" : "2021-06-30",
    "sales" : 247.49,
    "salesGrowthYoY" : 12.38,
    "grossProfitMargin" : 48.46,
    "grossProfit" : 119.93,
    "operatingProfitMargin" : 21.43,
    "operatingProfit" : 53.04,
    "netProfitMargin" : 11.37,
    "netProfit" : 28.14
  }, {
    "date" : "2021-09-30",
    "sales" : 276.58,
    "salesGrowthYoY" : 16.90,
    "grossProfitMargin" : 42.82,
    "grossProfit" : 118.43,
    "operatingProfitMargin" : 16.43,
    "operatingProfit" : 45.44,
    "netProfitMargin" : 11.27,
    "netProfit" : 31.17
  }, {
    "date" : "2021-12-31",
    "sales" : 338.82,
    "salesGrowthYoY" : 39.89,
    "grossProfitMargin" : 39.75,
    "grossProfit" : 134.68,
    "operatingProfitMargin" : 17.96,
    "operatingProfit" : 60.85,
    "netProfitMargin" : 10.42,
    "netProfit" : 35.31
  }, {
    "date" : "2022-03-31",
    "sales" : 354.41,
    "salesGrowthYoY" : 41.36,
    "grossProfitMargin" : 48.59,
    "grossProfit" : 172.21,
    "operatingProfitMargin" : 24.23,
    "operatingProfit" : 85.87,
    "netProfitMargin" : 18.93,
    "netProfit" : 67.09
  }, {
    "date" : "2022-06-30",
    "sales" : 376.13,
    "salesGrowthYoY" : 51.98,
    "grossProfitMargin" : 46.72,
    "grossProfit" : 175.73,
    "operatingProfitMargin" : 25.99,
    "operatingProfit" : 97.76,
    "netProfitMargin" : 16.99,
    "netProfit" : 63.90
  }, {
    "date" : "2022-09-30",
    "sales" : 368.49,
    "salesGrowthYoY" : 33.23,
    "grossProfitMargin" : 45.91,
    "grossProfit" : 169.17,
    "operatingProfitMargin" : 19.68,
    "operatingProfit" : 72.52,
    "netProfitMargin" : 13.23,
    "netProfit" : 48.75
  }, {
    "date" : "2022-12-31",
    "sales" : 366.41,
    "salesGrowthYoY" : 8.14,
    "grossProfitMargin" : 35.66,
    "grossProfit" : 130.66,
    "operatingProfitMargin" : 16.96,
    "operatingProfit" : 62.14,
    "netProfitMargin" : 10.73,
    "netProfit" : 39.32
  }, {
    "date" : "2023-03-31",
    "sales" : 341.90,
    "salesGrowthYoY" : -3.53,
    "grossProfitMargin" : 36.44,
    "grossProfit" : 124.59,
    "operatingProfitMargin" : 14.21,
    "operatingProfit" : 48.58,
    "netProfitMargin" : 8.83,
    "netProfit" : 30.19
  }, {
    "date" : "2023-06-30",
    "sales" : 313.08,
    "salesGrowthYoY" : -16.76,
    "grossProfitMargin" : 35.59,
    "grossProfit" : 111.43,
    "operatingProfitMargin" : 12.12,
    "operatingProfit" : 37.95,
    "netProfitMargin" : 6.33,
    "netProfit" : 19.82
  }, {
    "date" : "2023-09-30",
    "sales" : 304.55,
    "salesGrowthYoY" : -17.35,
    "grossProfitMargin" : 32.76,
    "grossProfit" : 99.77,
    "operatingProfitMargin" : 8.25,
    "operatingProfit" : 25.13,
    "netProfitMargin" : 5.22,
    "netProfit" : 15.90
  }, {
    "date" : "2023-12-31",
    "sales" : 281.12,
    "salesGrowthYoY" : -23.28,
    "grossProfitMargin" : 32.15,
    "grossProfit" : 90.38,
    "operatingProfitMargin" : 6.32,
    "operatingProfit" : 17.77,
    "netProfitMargin" : 2.98,
    "netProfit" : 8.38
  }, {
    "date" : "2024-03-31",
    "sales" : 251.83,
    "salesGrowthYoY" : -26.34,
    "grossProfitMargin" : 41.10,
    "grossProfit" : 103.50,
    "operatingProfitMargin" : 10.73,
    "operatingProfit" : 27.02,
    "netProfitMargin" : 4.63,
    "netProfit" : 11.66
  }, {
    "date" : "2024-06-30",
    "sales" : 246.45,
    "salesGrowthYoY" : -21.28,
    "grossProfitMargin" : 33.50,
    "grossProfit" : 82.56,
    "operatingProfitMargin" : 3.11,
    "operatingProfit" : 7.66,
    "netProfitMargin" : 3.28,
    "netProfit" : 8.08
  }, {
    "date" : "2024-09-30",
    "sales" : 304.08,
    "salesGrowthYoY" : -0.15,
    "grossProfitMargin" : 32.25,
    "grossProfit" : 98.07,
    "operatingProfitMargin" : 6.26,
    "operatingProfit" : 19.04,
    "netProfitMargin" : 1.79,
    "netProfit" : 5.44
  }, {
    "date" : "2024-12-31",
    "sales" : 295.04,
    "salesGrowthYoY" : 4.95,
    "grossProfitMargin" : 35.58,
    "grossProfit" : 104.98,
    "operatingProfitMargin" : 7.96,
    "operatingProfit" : 23.49,
    "netProfitMargin" : 2.79,
    "netProfit" : 8.23
  }, {
    "date" : "2025-03-31",
    "sales" : 325.81,
    "salesGrowthYoY" : 29.38,
    "grossProfitMargin" : 41.84,
    "grossProfit" : 136.32,
    "operatingProfitMargin" : 15.42,
    "operatingProfit" : 50.24,
    "netProfitMargin" : 8.87,
    "netProfit" : 28.90
  }, {
    "date" : "2025-06-30",
    "sales" : 336.19,
    "salesGrowthYoY" : 36.41,
    "grossProfitMargin" : 38.91,
    "grossProfit" : 130.81,
    "operatingProfitMargin" : 15.01,
    "operatingProfit" : 50.46,
    "netProfitMargin" : 8.39,
    "netProfit" : 28.21
  }, {
    "date" : "2025-09-30",
    "sales" : 355.33,
    "salesGrowthYoY" : 16.85,
    "grossProfitMargin" : 37.52,
    "grossProfit" : 133.32,
    "operatingProfitMargin" : 14.47,
    "operatingProfit" : 51.42,
    "netProfitMargin" : 8.07,
    "netProfit" : 28.68
  }, {
    "date" : "2025-12-31",
    "sales" : 370.27,
    "salesGrowthYoY" : 25.50,
    "grossProfitMargin" : 35.65,
    "grossProfit" : 132.00,
    "operatingProfitMargin" : 12.94,
    "operatingProfit" : 47.91,
    "netProfitMargin" : 6.53,
    "netProfit" : 24.18
  } ],
  "latestQuarterlyResult" : {
    "date" : "2025-12-31",
    "sales" : 370.27,
    "salesGrowthYoY" : 25.50,
    "grossProfitMargin" : 35.65,
    "grossProfit" : 132.00,
    "operatingProfitMargin" : 12.94,
    "operatingProfit" : 47.91,
    "netProfitMargin" : 6.53,
    "netProfit" : 24.18
  },
  "companyScore" : {
    "priceHigherThanDma50" : 5.00,
    "priceHigherThanDma100" : 0.00,
    "priceHigherThanDma200" : 0.00,
    "dma50HigherThanDma100" : 0.00,
    "dma50HigherThanDma200" : 0.00,
    "dma100HigherThanDma200" : 0.00,
    "pricePercentageAboveDma50" : 4.95,
    "pricePercentageAboveDma100" : 5.12,
    "pricePercentageAboveDma200" : 5.24,
    "weeklyVolumeHigherThanYearlyVolume" : 0.00,
    "salesGrowthPercentile" : 16.00,
    "operatingProfitMarginPercentile" : 7.08,
    "netProfitMarginPercentile" : 3.57,
    "totalTechnicalScore" : 20.30,
    "totalFundamentalScore" : 26.65,
    "totalScore" : 46.95
  }
}