{
  "metadata" : {
    "screenerCompanyId" : "121",
    "companyCode" : "APLLTD",
    "companyName" : "Alembic Pharma",
    "screenerCompanyLink" : "https://www.screener.in/company/APLLTD",
    "screenerTechnicalHistoryLink" : "https://www.screener.in/api/company/121/chart/?q=Price-DMA50-DMA200-Volume&days=365",
    "screenerQuarterlyResultsLink" : "https://www.screener.in/api/company/121/chart/?q=GPM-OPM-NPM-Quarter+Sales&days=10000",
    "attributes" : {
      "companyCode" : "APLLTD",
      "companyName" : "Alembic Pharma",
      "marketCap" : 17787.00,
      "peRatio" : 40.10,
      "description" : "Alembic Pharmaceuticals is in the business of development, manufacturing, and marketing of Pharmaceuticals products i.e. Formulations and Active Pharmaceutical Ingredients. The company has 3 R&D and 5 manufacturing facilities."
    },
    "companyScore" : {
      "priceHigherThanDma50" : 0.00,
      "priceHigherThanDma100" : 0.00,
      "priceHigherThanDma200" : 0.00,
      "dma50HigherThanDma100" : 0.00,
      "dma50HigherThanDma200" : 0.00,
      "dma100HigherThanDma200" : 5.00,
      "pricePercentageAboveDma50" : 5.11,
      "pricePercentageAboveDma100" : 5.24,
      "pricePercentageAboveDma200" : 5.22,
      "weeklyVolumeHigherThanYearlyVolume" : 5.00,
      "salesGrowthPercentile" : 12.36,
      "operatingProfitMarginPercentile" : 7.01,
      "netProfitMarginPercentile" : 4.00,
      "totalTechnicalScore" : 25.57,
      "totalFundamentalScore" : 23.38,
      "totalScore" : 48.95
    }
  },
  "attributes" : {
    "companyCode" : "APLLTD",
    "companyName" : "Alembic Pharma",
    "marketCap" : 17787.00,
    "peRatio" : 40.10,
    "description" : "Alembic Pharmaceuticals is in the business of development, manufacturing, and marketing of Pharmaceuticals products i.e. Formulations and Active Pharmaceutical Ingredients. The company has 3 R&D and 5 manufacturing facilities."
  },
  "technicalHistory" : [ {
    "date" : "2024-11-26",
    "price" : 1098.70,
    "dma50" : 1101.58,
    "dma100" : null,
    "dma200" : 1031.11,
    "volume" : 79748.00
  }, {
    "date" : "2024-11-27",
    "price" : 1088.15,
    "dma50" : 1101.05,
    "dma100" : null,
    "dma200" : 1031.68,
    "volume" : 74274.00
  }, {
    "date" : "2024-11-28",
    "price" : 1080.95,
    "dma50" : 1100.26,
    "dma100" : null,
    "dma200" : 1032.17,
    "volume" : 62144.00
  }, {
    "date" : "2024-11-29",
    "price" : 1092.20,
    "dma50" : 1099.95,
    "dma100" : null,
    "dma200" : 1032.77,
    "volume" : 55669.00
  }, {
    "date" : "2024-12-02",
    "price" : 1102.95,
    "dma50" : 1100.07,
    "dma100" : null,
    "dma200" : 1033.47,
    "volume" : 61761.00
  }, {
    "date" : "2024-12-03",
    "price" : 1099.30,
    "dma50" : 1100.04,
    "dma100" : null,
    "dma200" : 1034.12,
    "volume" : 93074.00
  }, {
    "date" : "2024-12-04",
    "price" : 1094.50,
    "dma50" : 1099.82,
    "dma100" : null,
    "dma200" : 1034.72,
    "volume" : 125873.00
  }, {
    "date" : "2024-12-05",
    "price" : 1085.55,
    "dma50" : 1099.26,
    "dma100" : null,
    "dma200" : 1035.23,
    "volume" : 88274.00
  }, {
    "date" : "2024-12-06",
    "price" : 1084.80,
    "dma50" : 1098.69,
    "dma100" : null,
    "dma200" : 1035.72,
    "volume" : 86433.00
  }, {
    "date" : "2024-12-09",
    "price" : 1102.55,
    "dma50" : 1098.84,
    "dma100" : null,
    "dma200" : 1036.39,
    "volume" : 70342.00
  }, {
    "date" : "2024-12-10",
    "price" : 1104.60,
    "dma50" : 1099.07,
    "dma100" : null,
    "dma200" : 1037.06,
    "volume" : 64847.00
  }, {
    "date" : "2024-12-11",
    "price" : 1091.95,
    "dma50" : 1098.79,
    "dma100" : null,
    "dma200" : 1037.61,
    "volume" : 234818.00
  }, {
    "date" : "2024-12-12",
    "price" : 1046.00,
    "dma50" : 1096.72,
    "dma100" : null,
    "dma200" : 1037.69,
    "volume" : 233167.00
  }, {
    "date" : "2024-12-13",
    "price" : 1062.05,
    "dma50" : 1095.36,
    "dma100" : null,
    "dma200" : 1037.94,
    "volume" : 115803.00
  }, {
    "date" : "2024-12-16",
    "price" : 1055.60,
    "dma50" : 1093.80,
    "dma100" : null,
    "dma200" : 1038.11,
    "volume" : 62826.00
  }, {
    "date" : "2024-12-17",
    "price" : 1035.40,
    "dma50" : 1091.51,
    "dma100" : null,
    "dma200" : 1038.09,
    "volume" : 55581.00
  }, {
    "date" : "2024-12-18",
    "price" : 1056.20,
    "dma50" : 1090.13,
    "dma100" : null,
    "dma200" : 1038.27,
    "volume" : 145936.00
  }, {
    "date" : "2024-12-19",
    "price" : 1047.80,
    "dma50" : 1088.47,
    "dma100" : null,
    "dma200" : 1038.36,
    "volume" : 155603.00
  }, {
    "date" : "2024-12-20",
    "price" : 1055.15,
    "dma50" : 1087.16,
    "dma100" : null,
    "dma200" : 1038.53,
    "volume" : 311762.00
  }, {
    "date" : "2024-12-23",
    "price" : 1045.20,
    "dma50" : 1085.51,
    "dma100" : null,
    "dma200" : 1038.59,
    "volume" : 72824.00
  }, {
    "date" : "2024-12-24",
    "price" : 1035.45,
    "dma50" : 1083.55,
    "dma100" : null,
    "dma200" : 1038.56,
    "volume" : 27405.00
  }, {
    "date" : "2024-12-26",
    "price" : 1035.85,
    "dma50" : 1081.68,
    "dma100" : null,
    "dma200" : 1038.54,
    "volume" : 45403.00
  }, {
    "date" : "2024-12-27",
    "price" : 1049.40,
    "dma50" : 1080.41,
    "dma100" : null,
    "dma200" : 1038.64,
    "volume" : 171836.00
  }, {
    "date" : "2024-12-30",
    "price" : 1047.25,
    "dma50" : 1079.11,
    "dma100" : null,
    "dma200" : 1038.73,
    "volume" : 111441.00
  }, {
    "date" : "2024-12-31",
    "price" : 1066.25,
    "dma50" : 1078.61,
    "dma100" : null,
    "dma200" : 1039.00,
    "volume" : 82654.00
  }, {
    "date" : "2025-01-01",
    "price" : 1049.00,
    "dma50" : 1077.45,
    "dma100" : null,
    "dma200" : 1039.10,
    "volume" : 160583.00
  }, {
    "date" : "2025-01-02",
    "price" : 1050.65,
    "dma50" : 1076.40,
    "dma100" : null,
    "dma200" : 1039.22,
    "volume" : 64138.00
  }, {
    "date" : "2025-01-03",
    "price" : 1053.25,
    "dma50" : 1075.49,
    "dma100" : null,
    "dma200" : 1039.36,
    "volume" : 159436.00
  }, {
    "date" : "2025-01-06",
    "price" : 1065.55,
    "dma50" : 1075.10,
    "dma100" : null,
    "dma200" : 1039.62,
    "volume" : 916717.00
  }, {
    "date" : "2025-01-07",
    "price" : 1091.50,
    "dma50" : 1075.74,
    "dma100" : null,
    "dma200" : 1040.13,
    "volume" : 119249.00
  }, {
    "date" : "2025-01-08",
    "price" : 1065.75,
    "dma50" : 1075.35,
    "dma100" : null,
    "dma200" : 1040.39,
    "volume" : 80776.00
  }, {
    "date" : "2025-01-09",
    "price" : 1054.75,
    "dma50" : 1074.54,
    "dma100" : null,
    "dma200" : 1040.53,
    "volume" : 82865.00
  }, {
    "date" : "2025-01-10",
    "price" : 1010.05,
    "dma50" : 1072.01,
    "dma100" : null,
    "dma200" : 1040.23,
    "volume" : 148432.00
  }, {
    "date" : "2025-01-13",
    "price" : 1002.35,
    "dma50" : 1069.28,
    "dma100" : null,
    "dma200" : 1039.85,
    "volume" : 147057.00
  }, {
    "date" : "2025-01-14",
    "price" : 1009.50,
    "dma50" : 1066.94,
    "dma100" : null,
    "dma200" : 1039.55,
    "volume" : 107948.00
  }, {
    "date" : "2025-01-15",
    "price" : 1002.00,
    "dma50" : 1064.39,
    "dma100" : null,
    "dma200" : 1039.18,
    "volume" : 136097.00
  }, {
    "date" : "2025-01-16",
    "price" : 1000.15,
    "dma50" : 1061.87,
    "dma100" : null,
    "dma200" : 1038.79,
    "volume" : 68537.00
  }, {
    "date" : "2025-01-17",
    "price" : 1052.75,
    "dma50" : 1061.51,
    "dma100" : null,
    "dma200" : 1038.93,
    "volume" : 188158.00
  }, {
    "date" : "2025-01-20",
    "price" : 1058.50,
    "dma50" : 1061.40,
    "dma100" : null,
    "dma200" : 1039.12,
    "volume" : 55323.00
  }, {
    "date" : "2025-01-21",
    "price" : 1029.95,
    "dma50" : 1060.16,
    "dma100" : null,
    "dma200" : 1039.03,
    "volume" : 102724.00
  }, {
    "date" : "2025-01-22",
    "price" : 1018.95,
    "dma50" : 1058.55,
    "dma100" : null,
    "dma200" : 1038.83,
    "volume" : 120152.00
  }, {
    "date" : "2025-01-23",
    "price" : 978.10,
    "dma50" : 1055.39,
    "dma100" : null,
    "dma200" : 1038.23,
    "volume" : 391349.00
  }, {
    "date" : "2025-01-24",
    "price" : 949.90,
    "dma50" : 1051.25,
    "dma100" : null,
    "dma200" : 1037.35,
    "volume" : 395387.00
  }, {
    "date" : "2025-01-27",
    "price" : 938.55,
    "dma50" : 1046.84,
    "dma100" : null,
    "dma200" : 1036.36,
    "volume" : 100383.00
  }, {
    "date" : "2025-01-28",
    "price" : 898.30,
    "dma50" : 1041.01,
    "dma100" : null,
    "dma200" : 1034.99,
    "volume" : 326720.00
  }, {
    "date" : "2025-01-29",
    "price" : 908.75,
    "dma50" : 1035.82,
    "dma100" : null,
    "dma200" : 1033.73,
    "volume" : 308645.00
  }, {
    "date" : "2025-01-30",
    "price" : 911.10,
    "dma50" : 1030.93,
    "dma100" : null,
    "dma200" : 1032.51,
    "volume" : 87872.00
  }, {
    "date" : "2025-01-31",
    "price" : 920.15,
    "dma50" : 1026.59,
    "dma100" : null,
    "dma200" : 1031.40,
    "volume" : 39872.00
  }, {
    "date" : "2025-02-01",
    "price" : 943.90,
    "dma50" : 1023.35,
    "dma100" : null,
    "dma200" : 1030.53,
    "volume" : 84468.00
  }, {
    "date" : "2025-02-03",
    "price" : 907.30,
    "dma50" : 1018.79,
    "dma100" : null,
    "dma200" : 1029.30,
    "volume" : 337420.00
  }, {
    "date" : "2025-02-04",
    "price" : 881.15,
    "dma50" : 1013.40,
    "dma100" : null,
    "dma200" : 1027.82,
    "volume" : 225071.00
  }, {
    "date" : "2025-02-05",
    "price" : 888.60,
    "dma50" : 1008.50,
    "dma100" : null,
    "dma200" : 1026.44,
    "volume" : 227849.00
  }, {
    "date" : "2025-02-06",
    "price" : 894.95,
    "dma50" : 1004.05,
    "dma100" : null,
    "dma200" : 1025.13,
    "volume" : 140504.00
  }, {
    "date" : "2025-02-07",
    "price" : 886.65,
    "dma50" : 999.45,
    "dma100" : null,
    "dma200" : 1023.75,
    "volume" : 196543.00
  }, {
    "date" : "2025-02-10",
    "price" : 888.05,
    "dma50" : 995.08,
    "dma100" : null,
    "dma200" : 1022.40,
    "volume" : 144510.00
  }, {
    "date" : "2025-02-11",
    "price" : 867.85,
    "dma50" : 990.09,
    "dma100" : null,
    "dma200" : 1020.87,
    "volume" : 226415.00
  }, {
    "date" : "2025-02-12",
    "price" : 845.15,
    "dma50" : 984.40,
    "dma100" : null,
    "dma200" : 1019.12,
    "volume" : 165250.00
  }, {
    "date" : "2025-02-13",
    "price" : 825.75,
    "dma50" : 978.18,
    "dma100" : null,
    "dma200" : 1017.19,
    "volume" : 220294.00
  }, {
    "date" : "2025-02-14",
    "price" : 818.15,
    "dma50" : 971.91,
    "dma100" : null,
    "dma200" : 1015.21,
    "volume" : 91367.00
  }, {
    "date" : "2025-02-17",
    "price" : 815.30,
    "dma50" : 965.77,
    "dma100" : null,
    "dma200" : 1013.22,
    "volume" : 121548.00
  }, {
    "date" : "2025-02-18",
    "price" : 809.25,
    "dma50" : 959.63,
    "dma100" : null,
    "dma200" : 1011.19,
    "volume" : 66410.00
  }, {
    "date" : "2025-02-19",
    "price" : 811.85,
    "dma50" : 953.83,
    "dma100" : null,
    "dma200" : 1009.21,
    "volume" : 40718.00
  }, {
    "date" : "2025-02-20",
    "price" : 814.30,
    "dma50" : 948.36,
    "dma100" : null,
    "dma200" : 1007.27,
    "volume" : 48628.00
  }, {
    "date" : "2025-02-21",
    "price" : 803.40,
    "dma50" : 942.68,
    "dma100" : null,
    "dma200" : 1005.24,
    "volume" : 51233.00
  }, {
    "date" : "2025-02-24",
    "price" : 795.10,
    "dma50" : 936.89,
    "dma100" : null,
    "dma200" : 1003.15,
    "volume" : 68736.00
  }, {
    "date" : "2025-02-25",
    "price" : 791.80,
    "dma50" : 931.20,
    "dma100" : null,
    "dma200" : 1001.05,
    "volume" : 53988.00
  }, {
    "date" : "2025-02-27",
    "price" : 776.10,
    "dma50" : 925.12,
    "dma100" : null,
    "dma200" : 998.81,
    "volume" : 155471.00
  }, {
    "date" : "2025-02-28",
    "price" : 743.65,
    "dma50" : 918.00,
    "dma100" : null,
    "dma200" : 996.27,
    "volume" : 108777.00
  }, {
    "date" : "2025-03-03",
    "price" : 744.50,
    "dma50" : 911.20,
    "dma100" : null,
    "dma200" : 993.77,
    "volume" : 93464.00
  }, {
    "date" : "2025-03-04",
    "price" : 791.90,
    "dma50" : 906.52,
    "dma100" : null,
    "dma200" : 991.76,
    "volume" : 449869.00
  }, {
    "date" : "2025-03-05",
    "price" : 803.95,
    "dma50" : 902.50,
    "dma100" : null,
    "dma200" : 989.89,
    "volume" : 84876.00
  }, {
    "date" : "2025-03-06",
    "price" : 811.35,
    "dma50" : 898.92,
    "dma100" : null,
    "dma200" : 988.11,
    "volume" : 64724.00
  }, {
    "date" : "2025-03-07",
    "price" : 844.65,
    "dma50" : 896.79,
    "dma100" : null,
    "dma200" : 986.68,
    "volume" : 246226.00
  }, {
    "date" : "2025-03-10",
    "price" : 825.45,
    "dma50" : 894.00,
    "dma100" : null,
    "dma200" : 985.08,
    "volume" : 123172.00
  }, {
    "date" : "2025-03-11",
    "price" : 806.30,
    "dma50" : 890.56,
    "dma100" : null,
    "dma200" : 983.30,
    "volume" : 131334.00
  }, {
    "date" : "2025-03-12",
    "price" : 805.90,
    "dma50" : 887.24,
    "dma100" : null,
    "dma200" : 981.54,
    "volume" : 109332.00
  }, {
    "date" : "2025-03-13",
    "price" : 827.35,
    "dma50" : 884.89,
    "dma100" : null,
    "dma200" : 980.00,
    "volume" : 122759.00
  }, {
    "date" : "2025-03-17",
    "price" : 822.00,
    "dma50" : 882.42,
    "dma100" : null,
    "dma200" : 978.43,
    "volume" : 104822.00
  }, {
    "date" : "2025-03-18",
    "price" : 835.55,
    "dma50" : 880.58,
    "dma100" : null,
    "dma200" : 977.01,
    "volume" : 86439.00
  }, {
    "date" : "2025-03-19",
    "price" : 841.50,
    "dma50" : 879.05,
    "dma100" : null,
    "dma200" : 975.66,
    "volume" : 37315.00
  }, {
    "date" : "2025-03-20",
    "price" : 834.70,
    "dma50" : 877.31,
    "dma100" : null,
    "dma200" : 974.26,
    "volume" : 115596.00
  }, {
    "date" : "2025-03-21",
    "price" : 952.60,
    "dma50" : 880.26,
    "dma100" : null,
    "dma200" : 974.04,
    "volume" : 3885585.00
  }, {
    "date" : "2025-03-24",
    "price" : 959.15,
    "dma50" : 883.36,
    "dma100" : null,
    "dma200" : 973.89,
    "volume" : 687485.00
  }, {
    "date" : "2025-03-25",
    "price" : 935.35,
    "dma50" : 885.40,
    "dma100" : null,
    "dma200" : 973.51,
    "volume" : 162679.00
  }, {
    "date" : "2025-03-26",
    "price" : 904.90,
    "dma50" : 886.16,
    "dma100" : null,
    "dma200" : 972.83,
    "volume" : 120174.00
  }, {
    "date" : "2025-03-27",
    "price" : 931.25,
    "dma50" : 887.93,
    "dma100" : null,
    "dma200" : 972.41,
    "volume" : 155986.00
  }, {
    "date" : "2025-03-28",
    "price" : 929.75,
    "dma50" : 889.57,
    "dma100" : null,
    "dma200" : 971.99,
    "volume" : 193304.00
  }, {
    "date" : "2025-04-01",
    "price" : 896.85,
    "dma50" : 889.86,
    "dma100" : null,
    "dma200" : 971.24,
    "volume" : 105580.00
  }, {
    "date" : "2025-04-02",
    "price" : 885.00,
    "dma50" : 889.66,
    "dma100" : null,
    "dma200" : 970.38,
    "volume" : 97027.00
  }, {
    "date" : "2025-04-03",
    "price" : 887.15,
    "dma50" : 889.57,
    "dma100" : null,
    "dma200" : 969.55,
    "volume" : 266991.00
  }, {
    "date" : "2025-04-04",
    "price" : 881.25,
    "dma50" : 889.24,
    "dma100" : null,
    "dma200" : 968.68,
    "volume" : 194330.00
  }, {
    "date" : "2025-04-07",
    "price" : 844.95,
    "dma50" : 887.50,
    "dma100" : null,
    "dma200" : 967.45,
    "volume" : 95161.00
  }, {
    "date" : "2025-04-08",
    "price" : 848.95,
    "dma50" : 885.99,
    "dma100" : null,
    "dma200" : 966.27,
    "volume" : 91700.00
  }, {
    "date" : "2025-04-09",
    "price" : 840.30,
    "dma50" : 884.20,
    "dma100" : null,
    "dma200" : 965.01,
    "volume" : 80342.00
  }, {
    "date" : "2025-04-11",
    "price" : 846.40,
    "dma50" : 882.72,
    "dma100" : null,
    "dma200" : 963.83,
    "volume" : 187749.00
  }, {
    "date" : "2025-04-15",
    "price" : 846.45,
    "dma50" : 881.29,
    "dma100" : null,
    "dma200" : 962.66,
    "volume" : 132554.00
  }, {
    "date" : "2025-04-16",
    "price" : 851.95,
    "dma50" : 880.14,
    "dma100" : null,
    "dma200" : 961.56,
    "volume" : 165909.00
  }, {
    "date" : "2025-04-17",
    "price" : 849.90,
    "dma50" : 878.96,
    "dma100" : null,
    "dma200" : 960.45,
    "volume" : 307293.00
  }, {
    "date" : "2025-04-21",
    "price" : 849.65,
    "dma50" : 877.81,
    "dma100" : null,
    "dma200" : 959.35,
    "volume" : 232243.00
  }, {
    "date" : "2025-04-22",
    "price" : 855.80,
    "dma50" : 876.95,
    "dma100" : null,
    "dma200" : 958.32,
    "volume" : 341835.00
  }, {
    "date" : "2025-04-23",
    "price" : 883.80,
    "dma50" : 877.21,
    "dma100" : 938.69,
    "dma200" : 957.58,
    "volume" : 527905.00
  }, {
    "date" : "2025-04-24",
    "price" : 880.55,
    "dma50" : 877.35,
    "dma100" : 936.62,
    "dma200" : 956.81,
    "volume" : 314704.00
  }, {
    "date" : "2025-04-25",
    "price" : 875.45,
    "dma50" : 877.27,
    "dma100" : 934.56,
    "dma200" : 956.00,
    "volume" : 142976.00
  }, {
    "date" : "2025-04-28",
    "price" : 870.70,
    "dma50" : 877.01,
    "dma100" : 932.35,
    "dma200" : 955.15,
    "volume" : 65877.00
  }, {
    "date" : "2025-04-29",
    "price" : 879.80,
    "dma50" : 877.12,
    "dma100" : 930.12,
    "dma200" : 954.40,
    "volume" : 98899.00
  }, {
    "date" : "2025-04-30",
    "price" : 875.55,
    "dma50" : 877.06,
    "dma100" : 927.88,
    "dma200" : 953.62,
    "volume" : 248394.00
  }, {
    "date" : "2025-05-02",
    "price" : 877.40,
    "dma50" : 877.07,
    "dma100" : 925.71,
    "dma200" : 952.86,
    "volume" : 128865.00
  }, {
    "date" : "2025-05-05",
    "price" : 905.45,
    "dma50" : 878.19,
    "dma100" : 923.91,
    "dma200" : 952.39,
    "volume" : 173144.00
  }, {
    "date" : "2025-05-06",
    "price" : 886.80,
    "dma50" : 878.52,
    "dma100" : 921.93,
    "dma200" : 951.74,
    "volume" : 365904.00
  }, {
    "date" : "2025-05-07",
    "price" : 896.85,
    "dma50" : 879.24,
    "dma100" : 919.87,
    "dma200" : 951.19,
    "volume" : 72892.00
  }, {
    "date" : "2025-05-08",
    "price" : 902.15,
    "dma50" : 880.14,
    "dma100" : 917.84,
    "dma200" : 950.70,
    "volume" : 93103.00
  }, {
    "date" : "2025-05-09",
    "price" : 900.75,
    "dma50" : 880.95,
    "dma100" : 915.93,
    "dma200" : 950.20,
    "volume" : 97346.00
  }, {
    "date" : "2025-05-12",
    "price" : 879.60,
    "dma50" : 880.90,
    "dma100" : 914.27,
    "dma200" : 949.50,
    "volume" : 123457.00
  }, {
    "date" : "2025-05-13",
    "price" : 895.75,
    "dma50" : 881.48,
    "dma100" : 912.61,
    "dma200" : 948.97,
    "volume" : 81403.00
  }, {
    "date" : "2025-05-14",
    "price" : 907.65,
    "dma50" : 882.51,
    "dma100" : 911.13,
    "dma200" : 948.56,
    "volume" : 109769.00
  }, {
    "date" : "2025-05-15",
    "price" : 914.55,
    "dma50" : 883.76,
    "dma100" : 909.92,
    "dma200" : 948.22,
    "volume" : 85960.00
  }, {
    "date" : "2025-05-16",
    "price" : 912.95,
    "dma50" : 884.91,
    "dma100" : 908.49,
    "dma200" : 947.87,
    "volume" : 55964.00
  }, {
    "date" : "2025-05-19",
    "price" : 1028.65,
    "dma50" : 890.54,
    "dma100" : 908.29,
    "dma200" : 948.67,
    "volume" : 3329076.00
  }, {
    "date" : "2025-05-20",
    "price" : 968.00,
    "dma50" : 893.58,
    "dma100" : 907.42,
    "dma200" : 948.86,
    "volume" : 289642.00
  }, {
    "date" : "2025-05-21",
    "price" : 961.95,
    "dma50" : 896.26,
    "dma100" : 906.59,
    "dma200" : 948.99,
    "volume" : 119593.00
  }, {
    "date" : "2025-05-22",
    "price" : 971.20,
    "dma50" : 899.20,
    "dma100" : 905.95,
    "dma200" : 949.21,
    "volume" : 86089.00
  }, {
    "date" : "2025-05-23",
    "price" : 972.10,
    "dma50" : 902.06,
    "dma100" : 905.31,
    "dma200" : 949.44,
    "volume" : 140780.00
  }, {
    "date" : "2025-05-26",
    "price" : 989.50,
    "dma50" : 905.49,
    "dma100" : 904.71,
    "dma200" : 949.84,
    "volume" : 97805.00
  }, {
    "date" : "2025-05-27",
    "price" : 993.05,
    "dma50" : 908.92,
    "dma100" : 904.17,
    "dma200" : 950.27,
    "volume" : 86318.00
  }, {
    "date" : "2025-05-28",
    "price" : 988.95,
    "dma50" : 912.06,
    "dma100" : 903.40,
    "dma200" : 950.66,
    "volume" : 57091.00
  }, {
    "date" : "2025-05-29",
    "price" : 1006.55,
    "dma50" : 915.77,
    "dma100" : 902.97,
    "dma200" : 951.21,
    "volume" : 82989.00
  }, {
    "date" : "2025-05-30",
    "price" : 1018.05,
    "dma50" : 919.78,
    "dma100" : 902.65,
    "dma200" : 951.88,
    "volume" : 145712.00
  }, {
    "date" : "2025-06-02",
    "price" : 996.00,
    "dma50" : 922.77,
    "dma100" : 902.07,
    "dma200" : 952.32,
    "volume" : 77903.00
  }, {
    "date" : "2025-06-03",
    "price" : 965.70,
    "dma50" : 924.45,
    "dma100" : 901.07,
    "dma200" : 952.45,
    "volume" : 84100.00
  }, {
    "date" : "2025-06-04",
    "price" : 981.40,
    "dma50" : 926.68,
    "dma100" : 899.97,
    "dma200" : 952.74,
    "volume" : 72436.00
  }, {
    "date" : "2025-06-05",
    "price" : 973.40,
    "dma50" : 928.52,
    "dma100" : 899.05,
    "dma200" : 952.94,
    "volume" : 40491.00
  }, {
    "date" : "2025-06-06",
    "price" : 987.60,
    "dma50" : 930.83,
    "dma100" : 898.38,
    "dma200" : 953.29,
    "volume" : 42667.00
  }, {
    "date" : "2025-06-09",
    "price" : 989.80,
    "dma50" : 933.15,
    "dma100" : 898.18,
    "dma200" : 953.65,
    "volume" : 38871.00
  }, {
    "date" : "2025-06-10",
    "price" : 982.70,
    "dma50" : 935.09,
    "dma100" : 897.98,
    "dma200" : 953.94,
    "volume" : 41177.00
  }, {
    "date" : "2025-06-11",
    "price" : 996.30,
    "dma50" : 937.49,
    "dma100" : 897.85,
    "dma200" : 954.36,
    "volume" : 74585.00
  }, {
    "date" : "2025-06-12",
    "price" : 992.60,
    "dma50" : 939.65,
    "dma100" : 897.75,
    "dma200" : 954.74,
    "volume" : 216952.00
  }, {
    "date" : "2025-06-13",
    "price" : 999.10,
    "dma50" : 941.98,
    "dma100" : 897.74,
    "dma200" : 955.18,
    "volume" : 50557.00
  }, {
    "date" : "2025-06-16",
    "price" : 971.00,
    "dma50" : 943.12,
    "dma100" : 896.93,
    "dma200" : 955.34,
    "volume" : 123859.00
  }, {
    "date" : "2025-06-17",
    "price" : 969.20,
    "dma50" : 944.14,
    "dma100" : 896.03,
    "dma200" : 955.48,
    "volume" : 77789.00
  }, {
    "date" : "2025-06-18",
    "price" : 958.80,
    "dma50" : 944.72,
    "dma100" : 895.32,
    "dma200" : 955.51,
    "volume" : 96350.00
  }, {
    "date" : "2025-06-19",
    "price" : 933.10,
    "dma50" : 944.26,
    "dma100" : 894.46,
    "dma200" : 955.29,
    "volume" : 59071.00
  }, {
    "date" : "2025-06-20",
    "price" : 934.70,
    "dma50" : 943.89,
    "dma100" : 894.03,
    "dma200" : 955.08,
    "volume" : 297809.00
  }, {
    "date" : "2025-06-23",
    "price" : 939.60,
    "dma50" : 943.72,
    "dma100" : 893.93,
    "dma200" : 954.93,
    "volume" : 143092.00
  }, {
    "date" : "2025-06-24",
    "price" : 946.90,
    "dma50" : 943.84,
    "dma100" : 894.01,
    "dma200" : 954.85,
    "volume" : 63847.00
  }, {
    "date" : "2025-06-25",
    "price" : 971.90,
    "dma50" : 944.94,
    "dma100" : 894.75,
    "dma200" : 955.02,
    "volume" : 88422.00
  }, {
    "date" : "2025-06-26",
    "price" : 974.60,
    "dma50" : 946.11,
    "dma100" : 895.40,
    "dma200" : 955.21,
    "volume" : 39353.00
  }, {
    "date" : "2025-06-27",
    "price" : 968.90,
    "dma50" : 947.00,
    "dma100" : 895.98,
    "dma200" : 955.35,
    "volume" : 121116.00
  }, {
    "date" : "2025-06-30",
    "price" : 1039.10,
    "dma50" : 950.61,
    "dma100" : 897.17,
    "dma200" : 956.18,
    "volume" : 16519412.00
  }, {
    "date" : "2025-07-01",
    "price" : 1012.10,
    "dma50" : 953.02,
    "dma100" : 897.85,
    "dma200" : 956.74,
    "volume" : 924983.00
  }, {
    "date" : "2025-07-02",
    "price" : 988.50,
    "dma50" : 954.41,
    "dma100" : 898.67,
    "dma200" : 957.06,
    "volume" : 488458.00
  }, {
    "date" : "2025-07-03",
    "price" : 1007.40,
    "dma50" : 956.49,
    "dma100" : 899.93,
    "dma200" : 957.56,
    "volume" : 458337.00
  }, {
    "date" : "2025-07-04",
    "price" : 1000.70,
    "dma50" : 958.23,
    "dma100" : 901.05,
    "dma200" : 957.99,
    "volume" : 124682.00
  }, {
    "date" : "2025-07-07",
    "price" : 1002.30,
    "dma50" : 959.95,
    "dma100" : 902.12,
    "dma200" : 958.43,
    "volume" : 140881.00
  }, {
    "date" : "2025-07-08",
    "price" : 1000.50,
    "dma50" : 961.54,
    "dma100" : 903.26,
    "dma200" : 958.85,
    "volume" : 121758.00
  }, {
    "date" : "2025-07-09",
    "price" : 985.60,
    "dma50" : 962.49,
    "dma100" : 904.24,
    "dma200" : 959.11,
    "volume" : 83671.00
  }, {
    "date" : "2025-07-10",
    "price" : 977.10,
    "dma50" : 963.06,
    "dma100" : 905.33,
    "dma200" : 959.29,
    "volume" : 62217.00
  }, {
    "date" : "2025-07-11",
    "price" : 976.60,
    "dma50" : 963.59,
    "dma100" : 906.64,
    "dma200" : 959.46,
    "volume" : 64875.00
  }, {
    "date" : "2025-07-14",
    "price" : 1030.40,
    "dma50" : 966.21,
    "dma100" : 908.69,
    "dma200" : 960.17,
    "volume" : 683728.00
  }, {
    "date" : "2025-07-15",
    "price" : 1030.50,
    "dma50" : 968.73,
    "dma100" : 910.81,
    "dma200" : 960.87,
    "volume" : 182552.00
  }, {
    "date" : "2025-07-16",
    "price" : 1025.40,
    "dma50" : 970.96,
    "dma100" : 912.91,
    "dma200" : 961.51,
    "volume" : 91439.00
  }, {
    "date" : "2025-07-17",
    "price" : 1036.00,
    "dma50" : 973.51,
    "dma100" : 915.18,
    "dma200" : 962.25,
    "volume" : 124506.00
  }, {
    "date" : "2025-07-18",
    "price" : 1031.40,
    "dma50" : 975.78,
    "dma100" : 917.38,
    "dma200" : 962.94,
    "volume" : 73368.00
  }, {
    "date" : "2025-07-21",
    "price" : 1027.10,
    "dma50" : 977.79,
    "dma100" : 919.51,
    "dma200" : 963.58,
    "volume" : 49491.00
  }, {
    "date" : "2025-07-22",
    "price" : 1016.40,
    "dma50" : 979.30,
    "dma100" : 921.64,
    "dma200" : 964.10,
    "volume" : 62097.00
  }, {
    "date" : "2025-07-23",
    "price" : 1019.60,
    "dma50" : 980.88,
    "dma100" : 923.88,
    "dma200" : 964.66,
    "volume" : 75691.00
  }, {
    "date" : "2025-07-24",
    "price" : 1018.50,
    "dma50" : 982.36,
    "dma100" : 926.15,
    "dma200" : 965.19,
    "volume" : 48300.00
  }, {
    "date" : "2025-07-25",
    "price" : 997.50,
    "dma50" : 982.95,
    "dma100" : 928.36,
    "dma200" : 965.51,
    "volume" : 133794.00
  }, {
    "date" : "2025-07-28",
    "price" : 1000.40,
    "dma50" : 983.64,
    "dma100" : 930.93,
    "dma200" : 965.86,
    "volume" : 179602.00
  }, {
    "date" : "2025-07-29",
    "price" : 1013.20,
    "dma50" : 984.80,
    "dma100" : 933.62,
    "dma200" : 966.33,
    "volume" : 122058.00
  }, {
    "date" : "2025-07-30",
    "price" : 1007.60,
    "dma50" : 985.69,
    "dma100" : 935.77,
    "dma200" : 966.74,
    "volume" : 46428.00
  }, {
    "date" : "2025-07-31",
    "price" : 977.90,
    "dma50" : 985.38,
    "dma100" : 937.51,
    "dma200" : 966.85,
    "volume" : 62323.00
  }, {
    "date" : "2025-08-01",
    "price" : 959.05,
    "dma50" : 984.35,
    "dma100" : 938.99,
    "dma200" : 966.78,
    "volume" : 85368.00
  }, {
    "date" : "2025-08-04",
    "price" : 967.20,
    "dma50" : 983.68,
    "dma100" : 940.21,
    "dma200" : 966.78,
    "volume" : 51229.00
  }, {
    "date" : "2025-08-05",
    "price" : 946.50,
    "dma50" : 982.22,
    "dma100" : 941.43,
    "dma200" : 966.58,
    "volume" : 488101.00
  }, {
    "date" : "2025-08-06",
    "price" : 948.25,
    "dma50" : 980.89,
    "dma100" : 942.84,
    "dma200" : 966.40,
    "volume" : 171207.00
  }, {
    "date" : "2025-08-07",
    "price" : 950.35,
    "dma50" : 979.69,
    "dma100" : 944.29,
    "dma200" : 966.24,
    "volume" : 57193.00
  }, {
    "date" : "2025-08-08",
    "price" : 936.20,
    "dma50" : 977.99,
    "dma100" : 945.38,
    "dma200" : 965.94,
    "volume" : 33410.00
  }, {
    "date" : "2025-08-11",
    "price" : 949.50,
    "dma50" : 976.87,
    "dma100" : 946.65,
    "dma200" : 965.77,
    "volume" : 47898.00
  }, {
    "date" : "2025-08-12",
    "price" : 947.50,
    "dma50" : 975.72,
    "dma100" : 947.77,
    "dma200" : 965.59,
    "volume" : 33893.00
  }, {
    "date" : "2025-08-13",
    "price" : 942.75,
    "dma50" : 974.42,
    "dma100" : 948.78,
    "dma200" : 965.36,
    "volume" : 27023.00
  }, {
    "date" : "2025-08-14",
    "price" : 956.95,
    "dma50" : 973.74,
    "dma100" : 950.01,
    "dma200" : 965.28,
    "volume" : 213700.00
  }, {
    "date" : "2025-08-18",
    "price" : 971.70,
    "dma50" : 973.66,
    "dma100" : 950.20,
    "dma200" : 965.34,
    "volume" : 80647.00
  }, {
    "date" : "2025-08-19",
    "price" : 992.95,
    "dma50" : 974.42,
    "dma100" : 950.54,
    "dma200" : 965.62,
    "volume" : 144582.00
  }, {
    "date" : "2025-08-20",
    "price" : 982.25,
    "dma50" : 974.72,
    "dma100" : 951.00,
    "dma200" : 965.78,
    "volume" : 40952.00
  }, {
    "date" : "2025-08-21",
    "price" : 967.90,
    "dma50" : 974.46,
    "dma100" : 951.63,
    "dma200" : 965.81,
    "volume" : 35426.00
  }, {
    "date" : "2025-08-22",
    "price" : 974.60,
    "dma50" : 974.46,
    "dma100" : 952.07,
    "dma200" : 965.89,
    "volume" : 32106.00
  }, {
    "date" : "2025-08-25",
    "price" : 978.05,
    "dma50" : 974.60,
    "dma100" : 952.55,
    "dma200" : 966.01,
    "volume" : 35808.00
  }, {
    "date" : "2025-08-26",
    "price" : 936.50,
    "dma50" : 973.11,
    "dma100" : 952.95,
    "dma200" : 965.72,
    "volume" : 66905.00
  }, {
    "date" : "2025-08-28",
    "price" : 935.40,
    "dma50" : 971.63,
    "dma100" : 953.45,
    "dma200" : 965.42,
    "volume" : 273371.00
  }, {
    "date" : "2025-08-29",
    "price" : 936.95,
    "dma50" : 970.27,
    "dma100" : 953.95,
    "dma200" : 965.14,
    "volume" : 68014.00
  }, {
    "date" : "2025-09-01",
    "price" : 942.70,
    "dma50" : 969.19,
    "dma100" : 954.56,
    "dma200" : 964.91,
    "volume" : 49881.00
  }, {
    "date" : "2025-09-02",
    "price" : 943.95,
    "dma50" : 968.20,
    "dma100" : 955.55,
    "dma200" : 964.70,
    "volume" : 48282.00
  }, {
    "date" : "2025-09-03",
    "price" : 955.75,
    "dma50" : 967.71,
    "dma100" : 956.62,
    "dma200" : 964.61,
    "volume" : 53128.00
  }, {
    "date" : "2025-09-04",
    "price" : 960.10,
    "dma50" : 967.41,
    "dma100" : 957.82,
    "dma200" : 964.57,
    "volume" : 166619.00
  }, {
    "date" : "2025-09-05",
    "price" : 946.50,
    "dma50" : 966.59,
    "dma100" : 958.82,
    "dma200" : 964.39,
    "volume" : 29620.00
  }, {
    "date" : "2025-09-08",
    "price" : 947.30,
    "dma50" : 965.83,
    "dma100" : 959.83,
    "dma200" : 964.22,
    "volume" : 50996.00
  }, {
    "date" : "2025-09-09",
    "price" : 937.75,
    "dma50" : 964.73,
    "dma100" : 960.69,
    "dma200" : 963.96,
    "volume" : 76246.00
  }, {
    "date" : "2025-09-10",
    "price" : 951.95,
    "dma50" : 964.23,
    "dma100" : 961.71,
    "dma200" : 963.84,
    "volume" : 150510.00
  }, {
    "date" : "2025-09-11",
    "price" : 947.15,
    "dma50" : 963.56,
    "dma100" : 962.68,
    "dma200" : 963.67,
    "volume" : 115912.00
  }, {
    "date" : "2025-09-12",
    "price" : 946.50,
    "dma50" : 962.89,
    "dma100" : 963.59,
    "dma200" : 963.50,
    "volume" : 135387.00
  }, {
    "date" : "2025-09-15",
    "price" : 970.10,
    "dma50" : 963.18,
    "dma100" : 964.45,
    "dma200" : 963.57,
    "volume" : 332246.00
  }, {
    "date" : "2025-09-16",
    "price" : 971.10,
    "dma50" : 963.49,
    "dma100" : 965.36,
    "dma200" : 963.64,
    "volume" : 106473.00
  }, {
    "date" : "2025-09-17",
    "price" : 978.10,
    "dma50" : 964.06,
    "dma100" : 966.39,
    "dma200" : 963.78,
    "volume" : 110645.00
  }, {
    "date" : "2025-09-18",
    "price" : 957.35,
    "dma50" : 963.80,
    "dma100" : 967.25,
    "dma200" : 963.72,
    "volume" : 141805.00
  }, {
    "date" : "2025-09-19",
    "price" : 959.00,
    "dma50" : 963.61,
    "dma100" : 968.04,
    "dma200" : 963.67,
    "volume" : 115381.00
  }, {
    "date" : "2025-09-22",
    "price" : 950.00,
    "dma50" : 963.07,
    "dma100" : 968.79,
    "dma200" : 963.54,
    "volume" : 49791.00
  }, {
    "date" : "2025-09-23",
    "price" : 940.05,
    "dma50" : 962.17,
    "dma100" : 969.42,
    "dma200" : 963.30,
    "volume" : 30739.00
  }, {
    "date" : "2025-09-24",
    "price" : 920.20,
    "dma50" : 960.53,
    "dma100" : 969.56,
    "dma200" : 962.88,
    "volume" : 110615.00
  }, {
    "date" : "2025-09-25",
    "price" : 921.90,
    "dma50" : 959.01,
    "dma100" : 969.91,
    "dma200" : 962.47,
    "volume" : 67490.00
  }, {
    "date" : "2025-09-26",
    "price" : 909.90,
    "dma50" : 957.09,
    "dma100" : 970.04,
    "dma200" : 961.94,
    "volume" : 167589.00
  }, {
    "date" : "2025-09-29",
    "price" : 893.65,
    "dma50" : 954.60,
    "dma100" : 969.96,
    "dma200" : 961.26,
    "volume" : 312832.00
  }, {
    "date" : "2025-09-30",
    "price" : 901.35,
    "dma50" : 952.51,
    "dma100" : 969.97,
    "dma200" : 960.67,
    "volume" : 298829.00
  }, {
    "date" : "2025-10-01",
    "price" : 904.30,
    "dma50" : 950.62,
    "dma100" : 970.21,
    "dma200" : 960.11,
    "volume" : 40835.00
  }, {
    "date" : "2025-10-03",
    "price" : 910.40,
    "dma50" : 949.04,
    "dma100" : 970.36,
    "dma200" : 959.61,
    "volume" : 49619.00
  }, {
    "date" : "2025-10-06",
    "price" : 906.35,
    "dma50" : 947.37,
    "dma100" : 970.35,
    "dma200" : 959.08,
    "volume" : 70313.00
  }, {
    "date" : "2025-10-07",
    "price" : 916.70,
    "dma50" : 946.16,
    "dma100" : 970.37,
    "dma200" : 958.66,
    "volume" : 101978.00
  }, {
    "date" : "2025-10-08",
    "price" : 930.65,
    "dma50" : 945.56,
    "dma100" : 970.54,
    "dma200" : 958.38,
    "volume" : 95935.00
  }, {
    "date" : "2025-10-09",
    "price" : 929.95,
    "dma50" : 944.94,
    "dma100" : 969.56,
    "dma200" : 958.10,
    "volume" : 52093.00
  }, {
    "date" : "2025-10-10",
    "price" : 948.35,
    "dma50" : 945.08,
    "dma100" : 969.36,
    "dma200" : 958.00,
    "volume" : 59543.00
  }, {
    "date" : "2025-10-13",
    "price" : 943.70,
    "dma50" : 945.02,
    "dma100" : 969.18,
    "dma200" : 957.86,
    "volume" : 37147.00
  }, {
    "date" : "2025-10-14",
    "price" : 915.90,
    "dma50" : 943.88,
    "dma100" : 968.63,
    "dma200" : 957.44,
    "volume" : 90703.00
  }, {
    "date" : "2025-10-15",
    "price" : 917.65,
    "dma50" : 942.85,
    "dma100" : 968.08,
    "dma200" : 957.05,
    "volume" : 36822.00
  }, {
    "date" : "2025-10-16",
    "price" : 933.40,
    "dma50" : 942.48,
    "dma100" : 967.52,
    "dma200" : 956.81,
    "volume" : 68470.00
  }, {
    "date" : "2025-10-17",
    "price" : 938.60,
    "dma50" : 942.33,
    "dma100" : 966.98,
    "dma200" : 956.63,
    "volume" : 52136.00
  }, {
    "date" : "2025-10-20",
    "price" : 932.00,
    "dma50" : 941.92,
    "dma100" : 966.41,
    "dma200" : 956.39,
    "volume" : 37143.00
  }, {
    "date" : "2025-10-21",
    "price" : 932.80,
    "dma50" : 941.57,
    "dma100" : 965.67,
    "dma200" : 956.15,
    "volume" : 3118.00
  }, {
    "date" : "2025-10-23",
    "price" : 921.55,
    "dma50" : 940.78,
    "dma100" : 964.70,
    "dma200" : 955.81,
    "volume" : 61782.00
  }, {
    "date" : "2025-10-24",
    "price" : 924.60,
    "dma50" : 940.15,
    "dma100" : 963.99,
    "dma200" : 955.50,
    "volume" : 128106.00
  }, {
    "date" : "2025-10-27",
    "price" : 914.90,
    "dma50" : 939.16,
    "dma100" : 963.48,
    "dma200" : 955.09,
    "volume" : 102889.00
  }, {
    "date" : "2025-10-28",
    "price" : 905.60,
    "dma50" : 937.84,
    "dma100" : 962.72,
    "dma200" : 954.60,
    "volume" : 66881.00
  }, {
    "date" : "2025-10-29",
    "price" : 900.80,
    "dma50" : 936.39,
    "dma100" : 962.00,
    "dma200" : 954.06,
    "volume" : 91090.00
  }, {
    "date" : "2025-10-30",
    "price" : 899.95,
    "dma50" : 934.96,
    "dma100" : 961.12,
    "dma200" : 953.53,
    "volume" : 511221.00
  }, {
    "date" : "2025-10-31",
    "price" : 897.40,
    "dma50" : 933.49,
    "dma100" : 960.20,
    "dma200" : 952.97,
    "volume" : 72590.00
  }, {
    "date" : "2025-11-03",
    "price" : 924.20,
    "dma50" : 933.12,
    "dma100" : 959.61,
    "dma200" : 952.68,
    "volume" : 94440.00
  }, {
    "date" : "2025-11-04",
    "price" : 960.70,
    "dma50" : 934.20,
    "dma100" : 959.26,
    "dma200" : 952.76,
    "volume" : 1664667.00
  }, {
    "date" : "2025-11-06",
    "price" : 915.35,
    "dma50" : 933.46,
    "dma100" : 958.48,
    "dma200" : 952.39,
    "volume" : 346697.00
  }, {
    "date" : "2025-11-07",
    "price" : 921.95,
    "dma50" : 933.01,
    "dma100" : 957.71,
    "dma200" : 952.09,
    "volume" : 156163.00
  }, {
    "date" : "2025-11-10",
    "price" : 926.65,
    "dma50" : 932.76,
    "dma100" : 957.27,
    "dma200" : 951.83,
    "volume" : 54701.00
  }, {
    "date" : "2025-11-11",
    "price" : 916.95,
    "dma50" : 932.14,
    "dma100" : 956.75,
    "dma200" : 951.49,
    "volume" : 41185.00
  }, {
    "date" : "2025-11-12",
    "price" : 916.65,
    "dma50" : 931.54,
    "dma100" : 956.32,
    "dma200" : 951.14,
    "volume" : 61100.00
  }, {
    "date" : "2025-11-13",
    "price" : 915.95,
    "dma50" : 930.92,
    "dma100" : 956.15,
    "dma200" : 950.79,
    "volume" : 70936.00
  }, {
    "date" : "2025-11-14",
    "price" : 904.05,
    "dma50" : 929.87,
    "dma100" : 955.85,
    "dma200" : 950.32,
    "volume" : 38578.00
  }, {
    "date" : "2025-11-17",
    "price" : 948.85,
    "dma50" : 930.62,
    "dma100" : 955.94,
    "dma200" : 950.31,
    "volume" : 283553.00
  }, {
    "date" : "2025-11-18",
    "price" : 913.55,
    "dma50" : 929.95,
    "dma100" : 955.61,
    "dma200" : 949.94,
    "volume" : 137797.00
  }, {
    "date" : "2025-11-19",
    "price" : 906.25,
    "dma50" : 929.02,
    "dma100" : 954.95,
    "dma200" : 949.51,
    "volume" : 66302.00
  }, {
    "date" : "2025-11-20",
    "price" : 899.45,
    "dma50" : 927.86,
    "dma100" : 954.20,
    "dma200" : 949.01,
    "volume" : 61586.00
  }, {
    "date" : "2025-11-21",
    "price" : 901.00,
    "dma50" : 926.80,
    "dma100" : 953.52,
    "dma200" : 948.53,
    "volume" : 4189251.00
  }, {
    "date" : "2025-11-24",
    "price" : 903.75,
    "dma50" : 925.90,
    "dma100" : 952.16,
    "dma200" : 948.09,
    "volume" : 227963.00
  }, {
    "date" : "2025-11-25",
    "price" : 905.15,
    "dma50" : 925.09,
    "dma100" : 951.09,
    "dma200" : 947.66,
    "volume" : 65519.00
  } ],
  "latestTechnicalAttributes" : {
    "date" : "2025-11-25",
    "price" : 905.15,
    "dma50" : 925.09,
    "dma100" : 951.09,
    "dma200" : 947.66,
    "volume" : 65519.00
  },
  "quarterlyResults" : [ {
    "date" : "2011-03-31",
    "sales" : 297.32,
    "salesGrowthYoY" : null,
    "grossProfitMargin" : 49.55,
    "grossProfit" : 147.32,
    "operatingProfitMargin" : 8.80,
    "operatingProfit" : 26.16,
    "netProfitMargin" : 3.20,
    "netProfit" : 9.51
  }, {
    "date" : "2011-06-30",
    "sales" : 321.69,
    "salesGrowthYoY" : null,
    "grossProfitMargin" : 52.80,
    "grossProfit" : 169.85,
    "operatingProfitMargin" : 15.33,
    "operatingProfit" : 49.32,
    "netProfitMargin" : 8.28,
    "netProfit" : 26.64
  }, {
    "date" : "2011-09-30",
    "sales" : 385.12,
    "salesGrowthYoY" : null,
    "grossProfitMargin" : 52.80,
    "grossProfit" : 203.34,
    "operatingProfitMargin" : 15.71,
    "operatingProfit" : 60.50,
    "netProfitMargin" : 9.87,
    "netProfit" : 38.01
  }, {
    "date" : "2011-12-31",
    "sales" : 349.90,
    "salesGrowthYoY" : null,
    "grossProfitMargin" : 53.02,
    "grossProfit" : 185.52,
    "operatingProfitMargin" : 17.22,
    "operatingProfit" : 60.25,
    "netProfitMargin" : 10.58,
    "netProfit" : 37.02
  }, {
    "date" : "2012-03-31",
    "sales" : 318.31,
    "salesGrowthYoY" : 7.06,
    "grossProfitMargin" : 58.03,
    "grossProfit" : 184.72,
    "operatingProfitMargin" : 12.33,
    "operatingProfit" : 39.25,
    "netProfitMargin" : 5.94,
    "netProfit" : 18.91
  }, {
    "date" : "2012-06-30",
    "sales" : 339.27,
    "salesGrowthYoY" : 5.46,
    "grossProfitMargin" : 55.51,
    "grossProfit" : 188.33,
    "operatingProfitMargin" : 14.23,
    "operatingProfit" : 48.28,
    "netProfitMargin" : 8.04,
    "netProfit" : 27.28
  }, {
    "date" : "2012-09-30",
    "sales" : 406.53,
    "salesGrowthYoY" : 5.56,
    "grossProfitMargin" : 53.61,
    "grossProfit" : 217.94,
    "operatingProfitMargin" : 15.63,
    "operatingProfit" : 63.54,
    "netProfitMargin" : 10.20,
    "netProfit" : 41.47
  }, {
    "date" : "2012-12-31",
    "sales" : 369.24,
    "salesGrowthYoY" : 5.53,
    "grossProfitMargin" : 59.21,
    "grossProfit" : 218.63,
    "operatingProfitMargin" : 19.01,
    "operatingProfit" : 70.19,
    "netProfitMargin" : 13.27,
    "netProfit" : 49.00
  }, {
    "date" : "2013-03-31",
    "sales" : 377.73,
    "salesGrowthYoY" : 18.67,
    "grossProfitMargin" : 55.77,
    "grossProfit" : 210.66,
    "operatingProfitMargin" : 16.34,
    "operatingProfit" : 61.72,
    "netProfitMargin" : 10.51,
    "netProfit" : 39.70
  }, {
    "date" : "2013-06-30",
    "sales" : 426.84,
    "salesGrowthYoY" : 25.81,
    "grossProfitMargin" : 59.60,
    "grossProfit" : 254.40,
    "operatingProfitMargin" : 17.40,
    "operatingProfit" : 74.27,
    "netProfitMargin" : 11.59,
    "netProfit" : 49.47
  }, {
    "date" : "2013-09-30",
    "sales" : 485.26,
    "salesGrowthYoY" : 19.37,
    "grossProfitMargin" : 60.95,
    "grossProfit" : 295.77,
    "operatingProfitMargin" : 19.56,
    "operatingProfit" : 94.92,
    "netProfitMargin" : 13.15,
    "netProfit" : 63.81
  }, {
    "date" : "2013-12-31",
    "sales" : 476.60,
    "salesGrowthYoY" : 29.08,
    "grossProfitMargin" : 63.24,
    "grossProfit" : 301.40,
    "operatingProfitMargin" : 21.65,
    "operatingProfit" : 103.18,
    "netProfitMargin" : 14.23,
    "netProfit" : 67.82
  }, {
    "date" : "2014-03-31",
    "sales" : 455.09,
    "salesGrowthYoY" : 20.48,
    "grossProfitMargin" : 61.28,
    "grossProfit" : 278.88,
    "operatingProfitMargin" : 19.04,
    "operatingProfit" : 86.65,
    "netProfitMargin" : 12.56,
    "netProfit" : 57.16
  }, {
    "date" : "2014-06-30",
    "sales" : 481.80,
    "salesGrowthYoY" : 12.88,
    "grossProfitMargin" : 63.27,
    "grossProfit" : 304.83,
    "operatingProfitMargin" : 19.23,
    "operatingProfit" : 92.65,
    "netProfitMargin" : 12.76,
    "netProfit" : 61.48
  }, {
    "date" : "2014-09-30",
    "sales" : 541.38,
    "salesGrowthYoY" : 11.56,
    "grossProfitMargin" : 64.96,
    "grossProfit" : 351.68,
    "operatingProfitMargin" : 21.07,
    "operatingProfit" : 114.07,
    "netProfitMargin" : 15.53,
    "netProfit" : 84.08
  }, {
    "date" : "2014-12-31",
    "sales" : 502.02,
    "salesGrowthYoY" : 5.33,
    "grossProfitMargin" : 65.43,
    "grossProfit" : 328.47,
    "operatingProfitMargin" : 20.85,
    "operatingProfit" : 104.67,
    "netProfitMargin" : 14.74,
    "netProfit" : 74.00
  }, {
    "date" : "2015-03-31",
    "sales" : 493.80,
    "salesGrowthYoY" : 8.51,
    "grossProfitMargin" : 64.76,
    "grossProfit" : 319.78,
    "operatingProfitMargin" : 19.52,
    "operatingProfit" : 96.39,
    "netProfitMargin" : 13.59,
    "netProfit" : 67.11
  }, {
    "date" : "2015-06-30",
    "sales" : 574.06,
    "salesGrowthYoY" : 19.15,
    "grossProfitMargin" : 62.86,
    "grossProfit" : 360.85,
    "operatingProfitMargin" : 19.26,
    "operatingProfit" : 110.56,
    "netProfitMargin" : 13.61,
    "netProfit" : 78.13
  }, {
    "date" : "2015-09-30",
    "sales" : 918.04,
    "salesGrowthYoY" : 69.57,
    "grossProfitMargin" : 75.36,
    "grossProfit" : 691.83,
    "operatingProfitMargin" : 37.00,
    "operatingProfit" : 339.67,
    "netProfitMargin" : 27.48,
    "netProfit" : 252.28
  }, {
    "date" : "2015-12-31",
    "sales" : 892.10,
    "salesGrowthYoY" : 77.70,
    "grossProfitMargin" : 76.34,
    "grossProfit" : 681.03,
    "operatingProfitMargin" : 44.12,
    "operatingProfit" : 393.59,
    "netProfitMargin" : 31.27,
    "netProfit" : 278.96
  }, {
    "date" : "2016-03-31",
    "sales" : 588.34,
    "salesGrowthYoY" : 19.15,
    "grossProfitMargin" : 73.99,
    "grossProfit" : 435.31,
    "operatingProfitMargin" : 23.61,
    "operatingProfit" : 138.91,
    "netProfitMargin" : 15.08,
    "netProfit" : 88.72
  }, {
    "date" : "2016-06-30",
    "sales" : 697.35,
    "salesGrowthYoY" : 21.48,
    "grossProfitMargin" : 71.24,
    "grossProfit" : 496.79,
    "operatingProfitMargin" : 24.66,
    "operatingProfit" : 171.97,
    "netProfitMargin" : 17.17,
    "netProfit" : 119.73
  }, {
    "date" : "2016-09-30",
    "sales" : 836.74,
    "salesGrowthYoY" : -8.86,
    "grossProfitMargin" : 68.43,
    "grossProfit" : 572.58,
    "operatingProfitMargin" : 19.95,
    "operatingProfit" : 166.93,
    "netProfitMargin" : 13.60,
    "netProfit" : 113.80
  }, {
    "date" : "2016-12-31",
    "sales" : 804.79,
    "salesGrowthYoY" : -9.79,
    "grossProfitMargin" : 72.04,
    "grossProfit" : 579.77,
    "operatingProfitMargin" : 24.34,
    "operatingProfit" : 195.89,
    "netProfitMargin" : 17.13,
    "netProfit" : 137.86
  }, {
    "date" : "2017-03-31",
    "sales" : 647.03,
    "salesGrowthYoY" : 9.98,
    "grossProfitMargin" : 69.62,
    "grossProfit" : 450.46,
    "operatingProfitMargin" : 15.22,
    "operatingProfit" : 98.48,
    "netProfitMargin" : 9.16,
    "netProfit" : 59.27
  }, {
    "date" : "2017-06-30",
    "sales" : 590.11,
    "salesGrowthYoY" : -15.38,
    "grossProfitMargin" : 71.51,
    "grossProfit" : 421.99,
    "operatingProfitMargin" : 14.72,
    "operatingProfit" : 86.86,
    "netProfitMargin" : 8.59,
    "netProfit" : 50.69
  }, {
    "date" : "2017-09-30",
    "sales" : 762.01,
    "salesGrowthYoY" : -8.93,
    "grossProfitMargin" : 69.13,
    "grossProfit" : 526.78,
    "operatingProfitMargin" : 23.18,
    "operatingProfit" : 176.63,
    "netProfitMargin" : 16.02,
    "netProfit" : 122.07
  }, {
    "date" : "2017-12-31",
    "sales" : 754.91,
    "salesGrowthYoY" : -6.20,
    "grossProfitMargin" : 70.32,
    "grossProfit" : 530.85,
    "operatingProfitMargin" : 21.26,
    "operatingProfit" : 160.49,
    "netProfitMargin" : 13.91,
    "netProfit" : 105.01
  }, {
    "date" : "2018-03-31",
    "sales" : 838.22,
    "salesGrowthYoY" : 29.55,
    "grossProfitMargin" : 68.36,
    "grossProfit" : 573.01,
    "operatingProfitMargin" : 24.67,
    "operatingProfit" : 206.79,
    "netProfitMargin" : 17.20,
    "netProfit" : 144.17
  }, {
    "date" : "2018-06-30",
    "sales" : 811.42,
    "salesGrowthYoY" : 37.50,
    "grossProfitMargin" : 70.67,
    "grossProfit" : 573.43,
    "operatingProfitMargin" : 21.15,
    "operatingProfit" : 171.62,
    "netProfitMargin" : 14.05,
    "netProfit" : 114.00
  }, {
    "date" : "2018-09-30",
    "sales" : 1095.43,
    "salesGrowthYoY" : 43.76,
    "grossProfitMargin" : 75.15,
    "grossProfit" : 823.22,
    "operatingProfitMargin" : 31.86,
    "operatingProfit" : 349.00,
    "netProfitMargin" : 22.92,
    "netProfit" : 251.07
  }, {
    "date" : "2018-12-31",
    "sales" : 904.72,
    "salesGrowthYoY" : 19.84,
    "grossProfitMargin" : 69.73,
    "grossProfit" : 630.86,
    "operatingProfitMargin" : 22.66,
    "operatingProfit" : 205.01,
    "netProfitMargin" : 15.31,
    "netProfit" : 138.51
  }, {
    "date" : "2019-03-31",
    "sales" : 848.70,
    "salesGrowthYoY" : 1.25,
    "grossProfitMargin" : 74.55,
    "grossProfit" : 632.71,
    "operatingProfitMargin" : 18.03,
    "operatingProfit" : 153.02,
    "netProfitMargin" : 12.69,
    "netProfit" : 107.70
  }, {
    "date" : "2019-06-30",
    "sales" : 896.74,
    "salesGrowthYoY" : 10.51,
    "grossProfitMargin" : 73.75,
    "grossProfit" : 661.35,
    "operatingProfitMargin" : 25.07,
    "operatingProfit" : 224.81,
    "netProfitMargin" : 17.31,
    "netProfit" : 155.23
  }, {
    "date" : "2019-09-30",
    "sales" : 1134.90,
    "salesGrowthYoY" : 3.60,
    "grossProfitMargin" : 75.59,
    "grossProfit" : 857.87,
    "operatingProfitMargin" : 31.79,
    "operatingProfit" : 360.78,
    "netProfitMargin" : 23.68,
    "netProfit" : 268.74
  }, {
    "date" : "2019-12-31",
    "sales" : 1052.36,
    "salesGrowthYoY" : 16.32,
    "grossProfitMargin" : 72.93,
    "grossProfit" : 767.49,
    "operatingProfitMargin" : 30.51,
    "operatingProfit" : 321.08,
    "netProfitMargin" : 21.97,
    "netProfit" : 231.20
  }, {
    "date" : "2020-03-31",
    "sales" : 1048.56,
    "salesGrowthYoY" : 23.55,
    "grossProfitMargin" : 76.29,
    "grossProfit" : 799.95,
    "operatingProfitMargin" : 28.25,
    "operatingProfit" : 296.22,
    "netProfitMargin" : 30.78,
    "netProfit" : 322.75
  }, {
    "date" : "2020-06-30",
    "sales" : 1258.43,
    "salesGrowthYoY" : 40.33,
    "grossProfitMargin" : 72.76,
    "grossProfit" : 915.63,
    "operatingProfitMargin" : 33.64,
    "operatingProfit" : 423.34,
    "netProfitMargin" : 25.32,
    "netProfit" : 318.63
  }, {
    "date" : "2020-09-30",
    "sales" : 1400.01,
    "salesGrowthYoY" : 23.36,
    "grossProfitMargin" : 75.39,
    "grossProfit" : 1055.47,
    "operatingProfitMargin" : 32.58,
    "operatingProfit" : 456.12,
    "netProfitMargin" : 24.88,
    "netProfit" : 348.32
  }, {
    "date" : "2020-12-31",
    "sales" : 1235.77,
    "salesGrowthYoY" : 17.43,
    "grossProfitMargin" : 75.02,
    "grossProfit" : 927.07,
    "operatingProfitMargin" : 30.08,
    "operatingProfit" : 371.72,
    "netProfitMargin" : 22.44,
    "netProfit" : 277.31
  }, {
    "date" : "2021-03-31",
    "sales" : 1157.24,
    "salesGrowthYoY" : 10.36,
    "grossProfitMargin" : 73.92,
    "grossProfit" : 855.43,
    "operatingProfitMargin" : 25.95,
    "operatingProfit" : 300.30,
    "netProfitMargin" : 19.97,
    "netProfit" : 231.10
  }, {
    "date" : "2021-06-30",
    "sales" : 1269.69,
    "salesGrowthYoY" : 0.89,
    "grossProfitMargin" : 69.89,
    "grossProfit" : 887.39,
    "operatingProfitMargin" : 21.81,
    "operatingProfit" : 276.92,
    "netProfitMargin" : 15.18,
    "netProfit" : 192.74
  }, {
    "date" : "2021-09-30",
    "sales" : 1201.71,
    "salesGrowthYoY" : -14.16,
    "grossProfitMargin" : 70.41,
    "grossProfit" : 846.12,
    "operatingProfitMargin" : 17.94,
    "operatingProfit" : 215.59,
    "netProfitMargin" : 11.91,
    "netProfit" : 143.12
  }, {
    "date" : "2021-12-31",
    "sales" : 1237.95,
    "salesGrowthYoY" : 0.18,
    "grossProfitMargin" : 69.78,
    "grossProfit" : 863.84,
    "operatingProfitMargin" : 20.92,
    "operatingProfit" : 258.98,
    "netProfitMargin" : 14.28,
    "netProfit" : 176.78
  }, {
    "date" : "2022-03-31",
    "sales" : 1317.67,
    "salesGrowthYoY" : 13.86,
    "grossProfitMargin" : 70.59,
    "grossProfit" : 930.14,
    "operatingProfitMargin" : 12.60,
    "operatingProfit" : 166.03,
    "netProfitMargin" : 3.15,
    "netProfit" : 41.51
  }, {
    "date" : "2022-06-30",
    "sales" : 1177.25,
    "salesGrowthYoY" : -7.28,
    "grossProfitMargin" : 67.31,
    "grossProfit" : 792.41,
    "operatingProfitMargin" : 2.18,
    "operatingProfit" : 25.66,
    "netProfitMargin" : -4.20,
    "netProfit" : -49.44
  }, {
    "date" : "2022-09-30",
    "sales" : 1354.42,
    "salesGrowthYoY" : 12.71,
    "grossProfitMargin" : 68.86,
    "grossProfit" : 932.65,
    "operatingProfitMargin" : 18.11,
    "operatingProfit" : 245.29,
    "netProfitMargin" : 10.81,
    "netProfit" : 146.41
  }, {
    "date" : "2022-12-31",
    "sales" : 1310.21,
    "salesGrowthYoY" : 5.84,
    "grossProfitMargin" : 67.93,
    "grossProfit" : 890.03,
    "operatingProfitMargin" : 17.11,
    "operatingProfit" : 224.18,
    "netProfitMargin" : 9.09,
    "netProfit" : 119.10
  }, {
    "date" : "2023-03-31",
    "sales" : 1307.12,
    "salesGrowthYoY" : -0.80,
    "grossProfitMargin" : 66.85,
    "grossProfit" : 873.81,
    "operatingProfitMargin" : 12.94,
    "operatingProfit" : 169.14,
    "netProfitMargin" : 9.99,
    "netProfit" : 130.58
  }, {
    "date" : "2023-06-30",
    "sales" : 1332.27,
    "salesGrowthYoY" : 13.17,
    "grossProfitMargin" : 68.70,
    "grossProfit" : 915.27,
    "operatingProfitMargin" : 12.44,
    "operatingProfit" : 165.73,
    "netProfitMargin" : 7.32,
    "netProfit" : 97.52
  }, {
    "date" : "2023-09-30",
    "sales" : 1478.84,
    "salesGrowthYoY" : 9.19,
    "grossProfitMargin" : 68.25,
    "grossProfit" : 1009.31,
    "operatingProfitMargin" : 14.03,
    "operatingProfit" : 207.48,
    "netProfitMargin" : 9.05,
    "netProfit" : 133.84
  }, {
    "date" : "2023-12-31",
    "sales" : 1588.39,
    "salesGrowthYoY" : 21.23,
    "grossProfitMargin" : 68.99,
    "grossProfit" : 1095.83,
    "operatingProfitMargin" : 21.23,
    "operatingProfit" : 337.22,
    "netProfitMargin" : 14.68,
    "netProfit" : 233.18
  }, {
    "date" : "2024-03-31",
    "sales" : 1474.55,
    "salesGrowthYoY" : 12.81,
    "grossProfitMargin" : 71.43,
    "grossProfit" : 1053.27,
    "operatingProfitMargin" : 19.54,
    "operatingProfit" : 288.13,
    "netProfitMargin" : 13.69,
    "netProfit" : 201.87
  }, {
    "date" : "2024-06-30",
    "sales" : 1475.56,
    "salesGrowthYoY" : 10.76,
    "grossProfitMargin" : 73.66,
    "grossProfit" : 1086.90,
    "operatingProfitMargin" : 19.75,
    "operatingProfit" : 291.42,
    "netProfitMargin" : 11.94,
    "netProfit" : 176.18
  }, {
    "date" : "2024-09-30",
    "sales" : 1580.35,
    "salesGrowthYoY" : 6.86,
    "grossProfitMargin" : 70.13,
    "grossProfit" : 1108.30,
    "operatingProfitMargin" : 16.42,
    "operatingProfit" : 259.49,
    "netProfitMargin" : 9.81,
    "netProfit" : 155.03
  }, {
    "date" : "2024-12-31",
    "sales" : 1406.09,
    "salesGrowthYoY" : -11.48,
    "grossProfitMargin" : 73.09,
    "grossProfit" : 1027.71,
    "operatingProfitMargin" : 12.79,
    "operatingProfit" : 179.84,
    "netProfitMargin" : 6.10,
    "netProfit" : 85.77
  }, {
    "date" : "2025-03-31",
    "sales" : 1570.64,
    "salesGrowthYoY" : 6.52,
    "grossProfitMargin" : 65.00,
    "grossProfit" : 1020.92,
    "operatingProfitMargin" : 10.87,
    "operatingProfit" : 170.73,
    "netProfitMargin" : 4.80,
    "netProfit" : 75.39
  }, {
    "date" : "2025-06-30",
    "sales" : 1494.17,
    "salesGrowthYoY" : 1.26,
    "grossProfitMargin" : 72.07,
    "grossProfit" : 1076.85,
    "operatingProfitMargin" : 14.30,
    "operatingProfit" : 213.67,
    "netProfitMargin" : 6.93,
    "netProfit" : 103.55
  }, {
    "date" : "2025-09-30",
    "sales" : 1796.24,
    "salesGrowthYoY" : 13.66,
    "grossProfitMargin" : 67.49,
    "grossProfit" : 1212.28,
    "operatingProfitMargin" : 16.89,
    "operatingProfit" : 303.38,
    "netProfitMargin" : 9.99,
    "netProfit" : 179.44
  } ],
  "latestQuarterlyResult" : {
    "date" : "2025-09-30",
    "sales" : 1796.24,
    "salesGrowthYoY" : 13.66,
    "grossProfitMargin" : 67.49,
    "grossProfit" : 1212.28,
    "operatingProfitMargin" : 16.89,
    "operatingProfit" : 303.38,
    "netProfitMargin" : 9.99,
    "netProfit" : 179.44
  },
  "companyScore" : {
    "priceHigherThanDma50" : 0.00,
    "priceHigherThanDma100" : 0.00,
    "priceHigherThanDma200" : 0.00,
    "dma50HigherThanDma100" : 0.00,
    "dma50HigherThanDma200" : 0.00,
    "dma100HigherThanDma200" : 5.00,
    "pricePercentageAboveDma50" : 5.11,
    "pricePercentageAboveDma100" : 5.24,
    "pricePercentageAboveDma200" : 5.22,
    "weeklyVolumeHigherThanYearlyVolume" : 5.00,
    "salesGrowthPercentile" : 12.36,
    "operatingProfitMarginPercentile" : 7.01,
    "netProfitMarginPercentile" : 4.00,
    "totalTechnicalScore" : 25.57,
    "totalFundamentalScore" : 23.38,
    "totalScore" : 48.95
  }
}