{
  "metadata" : {
    "screenerCompanyId" : "243",
    "companyCode" : "ARMANFIN",
    "companyName" : "Arman Financial",
    "screenerCompanyLink" : "https://www.screener.in/company/ARMANFIN/consolidated/",
    "screenerTechnicalHistoryLink" : "https://www.screener.in/api/company/243/chart/?q=Price-DMA50-DMA200-Volume&days=365",
    "screenerQuarterlyResultsLink" : "https://www.screener.in/api/company/243/chart/?q=GPM-OPM-NPM-Quarter+Sales&days=10000",
    "attributes" : {
      "companyCode" : "ARMANFIN",
      "companyName" : "Arman Financial",
      "marketCap" : 1748.00,
      "peRatio" : 61.60,
      "description" : "Arman Financial Service Ltd is an RBI-registered category ‘A’ Non-Banking Finance Company. They provide loans to the unorganized sector residing in rural and semi-rural locales across six states with around 400 branches that cater to about 7.6 lakh customers. Headquartered in Ahmedabad, Gujarat. Arman and its subsidiary provide three financial services, Two-Wheeler Finance, Group-Based Microfinance, and Micro-Enterprise (MSME) Loans. [1]"
    },
    "companyScore" : {
      "priceHigherThanDma50" : 5.00,
      "priceHigherThanDma100" : 5.00,
      "priceHigherThanDma200" : 5.00,
      "dma50HigherThanDma100" : 0.00,
      "dma50HigherThanDma200" : 5.00,
      "dma100HigherThanDma200" : 5.00,
      "pricePercentageAboveDma50" : 4.71,
      "pricePercentageAboveDma100" : 4.73,
      "pricePercentageAboveDma200" : 4.68,
      "weeklyVolumeHigherThanYearlyVolume" : 5.00,
      "salesGrowthPercentile" : 9.00,
      "operatingProfitMarginPercentile" : 9.26,
      "netProfitMarginPercentile" : 5.32,
      "totalTechnicalScore" : 44.12,
      "totalFundamentalScore" : 23.57,
      "totalScore" : 67.69
    }
  },
  "attributes" : {
    "companyCode" : "ARMANFIN",
    "companyName" : "Arman Financial",
    "marketCap" : 1748.00,
    "peRatio" : 61.60,
    "description" : "Arman Financial Service Ltd is an RBI-registered category ‘A’ Non-Banking Finance Company. They provide loans to the unorganized sector residing in rural and semi-rural locales across six states with around 400 branches that cater to about 7.6 lakh customers. Headquartered in Ahmedabad, Gujarat. Arman and its subsidiary provide three financial services, Two-Wheeler Finance, Group-Based Microfinance, and Micro-Enterprise (MSME) Loans. [1]"
  },
  "technicalHistory" : [ {
    "date" : "2025-02-17",
    "price" : 1256.40,
    "dma50" : 1368.91,
    "dma100" : null,
    "dma200" : 1595.50,
    "volume" : 99643.00
  }, {
    "date" : "2025-02-18",
    "price" : 1274.95,
    "dma50" : 1365.23,
    "dma100" : null,
    "dma200" : 1592.31,
    "volume" : 59549.00
  }, {
    "date" : "2025-02-19",
    "price" : 1279.65,
    "dma50" : 1361.87,
    "dma100" : null,
    "dma200" : 1589.20,
    "volume" : 31578.00
  }, {
    "date" : "2025-02-20",
    "price" : 1313.00,
    "dma50" : 1359.95,
    "dma100" : null,
    "dma200" : 1586.45,
    "volume" : 35683.00
  }, {
    "date" : "2025-02-21",
    "price" : 1334.15,
    "dma50" : 1358.94,
    "dma100" : null,
    "dma200" : 1583.94,
    "volume" : 19431.00
  }, {
    "date" : "2025-02-24",
    "price" : 1299.50,
    "dma50" : 1356.61,
    "dma100" : null,
    "dma200" : 1581.11,
    "volume" : 15021.00
  }, {
    "date" : "2025-02-25",
    "price" : 1301.55,
    "dma50" : 1354.45,
    "dma100" : null,
    "dma200" : 1578.33,
    "volume" : 19886.00
  }, {
    "date" : "2025-02-27",
    "price" : 1283.00,
    "dma50" : 1351.65,
    "dma100" : null,
    "dma200" : 1575.39,
    "volume" : 23806.00
  }, {
    "date" : "2025-02-28",
    "price" : 1278.55,
    "dma50" : 1348.78,
    "dma100" : null,
    "dma200" : 1572.43,
    "volume" : 29264.00
  }, {
    "date" : "2025-03-03",
    "price" : 1276.00,
    "dma50" : 1345.93,
    "dma100" : null,
    "dma200" : 1569.48,
    "volume" : 30894.00
  }, {
    "date" : "2025-03-04",
    "price" : 1253.85,
    "dma50" : 1342.32,
    "dma100" : null,
    "dma200" : 1566.34,
    "volume" : 41404.00
  }, {
    "date" : "2025-03-05",
    "price" : 1238.85,
    "dma50" : 1338.26,
    "dma100" : null,
    "dma200" : 1563.09,
    "volume" : 25433.00
  }, {
    "date" : "2025-03-06",
    "price" : 1237.45,
    "dma50" : 1334.31,
    "dma100" : null,
    "dma200" : 1559.85,
    "volume" : 50953.00
  }, {
    "date" : "2025-03-07",
    "price" : 1274.45,
    "dma50" : 1331.96,
    "dma100" : null,
    "dma200" : 1557.01,
    "volume" : 28511.00
  }, {
    "date" : "2025-03-10",
    "price" : 1244.90,
    "dma50" : 1328.55,
    "dma100" : null,
    "dma200" : 1553.90,
    "volume" : 32788.00
  }, {
    "date" : "2025-03-11",
    "price" : 1209.70,
    "dma50" : 1323.88,
    "dma100" : null,
    "dma200" : 1550.47,
    "volume" : 56340.00
  }, {
    "date" : "2025-03-12",
    "price" : 1159.70,
    "dma50" : 1317.45,
    "dma100" : null,
    "dma200" : 1546.59,
    "volume" : 60726.00
  }, {
    "date" : "2025-03-13",
    "price" : 1157.75,
    "dma50" : 1311.18,
    "dma100" : null,
    "dma200" : 1542.72,
    "volume" : 30144.00
  }, {
    "date" : "2025-03-17",
    "price" : 1120.80,
    "dma50" : 1303.72,
    "dma100" : null,
    "dma200" : 1538.52,
    "volume" : 52261.00
  }, {
    "date" : "2025-03-18",
    "price" : 1152.35,
    "dma50" : 1297.78,
    "dma100" : null,
    "dma200" : 1534.68,
    "volume" : 44157.00
  }, {
    "date" : "2025-03-19",
    "price" : 1182.55,
    "dma50" : 1293.26,
    "dma100" : null,
    "dma200" : 1531.17,
    "volume" : 82709.00
  }, {
    "date" : "2025-03-20",
    "price" : 1251.30,
    "dma50" : 1291.62,
    "dma100" : null,
    "dma200" : 1528.39,
    "volume" : 49810.00
  }, {
    "date" : "2025-03-21",
    "price" : 1433.00,
    "dma50" : 1297.16,
    "dma100" : null,
    "dma200" : 1527.44,
    "volume" : 398419.00
  }, {
    "date" : "2025-03-24",
    "price" : 1400.15,
    "dma50" : 1301.20,
    "dma100" : null,
    "dma200" : 1526.17,
    "volume" : 101312.00
  }, {
    "date" : "2025-03-25",
    "price" : 1363.80,
    "dma50" : 1303.66,
    "dma100" : null,
    "dma200" : 1524.56,
    "volume" : 57821.00
  }, {
    "date" : "2025-03-26",
    "price" : 1326.85,
    "dma50" : 1304.56,
    "dma100" : null,
    "dma200" : 1522.59,
    "volume" : 41807.00
  }, {
    "date" : "2025-03-27",
    "price" : 1272.05,
    "dma50" : 1303.29,
    "dma100" : null,
    "dma200" : 1520.10,
    "volume" : 78798.00
  }, {
    "date" : "2025-03-28",
    "price" : 1289.40,
    "dma50" : 1302.74,
    "dma100" : null,
    "dma200" : 1517.80,
    "volume" : 66231.00
  }, {
    "date" : "2025-04-01",
    "price" : 1342.15,
    "dma50" : 1304.29,
    "dma100" : null,
    "dma200" : 1516.05,
    "volume" : 32501.00
  }, {
    "date" : "2025-04-02",
    "price" : 1378.45,
    "dma50" : 1307.20,
    "dma100" : null,
    "dma200" : 1514.68,
    "volume" : 28757.00
  }, {
    "date" : "2025-04-03",
    "price" : 1378.35,
    "dma50" : 1309.99,
    "dma100" : null,
    "dma200" : 1513.33,
    "volume" : 20183.00
  }, {
    "date" : "2025-04-04",
    "price" : 1335.45,
    "dma50" : 1310.99,
    "dma100" : null,
    "dma200" : 1511.56,
    "volume" : 22981.00
  }, {
    "date" : "2025-04-07",
    "price" : 1316.50,
    "dma50" : 1311.20,
    "dma100" : null,
    "dma200" : 1509.62,
    "volume" : 84518.00
  }, {
    "date" : "2025-04-08",
    "price" : 1341.35,
    "dma50" : 1312.39,
    "dma100" : null,
    "dma200" : 1507.94,
    "volume" : 28570.00
  }, {
    "date" : "2025-04-09",
    "price" : 1373.20,
    "dma50" : 1314.77,
    "dma100" : null,
    "dma200" : 1506.60,
    "volume" : 21650.00
  }, {
    "date" : "2025-04-11",
    "price" : 1417.20,
    "dma50" : 1318.79,
    "dma100" : null,
    "dma200" : 1505.71,
    "volume" : 41212.00
  }, {
    "date" : "2025-04-15",
    "price" : 1433.10,
    "dma50" : 1323.27,
    "dma100" : null,
    "dma200" : 1504.99,
    "volume" : 39749.00
  }, {
    "date" : "2025-04-16",
    "price" : 1494.20,
    "dma50" : 1329.97,
    "dma100" : null,
    "dma200" : 1504.88,
    "volume" : 38004.00
  }, {
    "date" : "2025-04-17",
    "price" : 1484.30,
    "dma50" : 1336.03,
    "dma100" : null,
    "dma200" : 1504.68,
    "volume" : 42660.00
  }, {
    "date" : "2025-04-21",
    "price" : 1649.70,
    "dma50" : 1348.33,
    "dma100" : null,
    "dma200" : 1506.12,
    "volume" : 244163.00
  }, {
    "date" : "2025-04-22",
    "price" : 1639.40,
    "dma50" : 1359.74,
    "dma100" : null,
    "dma200" : 1507.45,
    "volume" : 114690.00
  }, {
    "date" : "2025-04-23",
    "price" : 1727.00,
    "dma50" : 1374.14,
    "dma100" : null,
    "dma200" : 1509.63,
    "volume" : 134432.00
  }, {
    "date" : "2025-04-24",
    "price" : 1678.60,
    "dma50" : 1386.08,
    "dma100" : null,
    "dma200" : 1511.31,
    "volume" : 44804.00
  }, {
    "date" : "2025-04-25",
    "price" : 1631.10,
    "dma50" : 1395.69,
    "dma100" : null,
    "dma200" : 1512.50,
    "volume" : 69650.00
  }, {
    "date" : "2025-04-28",
    "price" : 1602.60,
    "dma50" : 1403.81,
    "dma100" : null,
    "dma200" : 1513.40,
    "volume" : 35001.00
  }, {
    "date" : "2025-04-29",
    "price" : 1616.00,
    "dma50" : 1412.13,
    "dma100" : null,
    "dma200" : 1514.42,
    "volume" : 27558.00
  }, {
    "date" : "2025-04-30",
    "price" : 1558.70,
    "dma50" : 1417.87,
    "dma100" : null,
    "dma200" : 1514.86,
    "volume" : 31012.00
  }, {
    "date" : "2025-05-02",
    "price" : 1571.00,
    "dma50" : 1423.88,
    "dma100" : null,
    "dma200" : 1515.42,
    "volume" : 23777.00
  }, {
    "date" : "2025-05-05",
    "price" : 1548.50,
    "dma50" : 1428.77,
    "dma100" : null,
    "dma200" : 1515.75,
    "volume" : 22989.00
  }, {
    "date" : "2025-05-06",
    "price" : 1458.30,
    "dma50" : 1429.92,
    "dma100" : null,
    "dma200" : 1515.18,
    "volume" : 38945.00
  }, {
    "date" : "2025-05-07",
    "price" : 1500.00,
    "dma50" : 1432.67,
    "dma100" : null,
    "dma200" : 1515.03,
    "volume" : 37901.00
  }, {
    "date" : "2025-05-08",
    "price" : 1469.90,
    "dma50" : 1434.13,
    "dma100" : null,
    "dma200" : 1514.58,
    "volume" : 22036.00
  }, {
    "date" : "2025-05-09",
    "price" : 1425.10,
    "dma50" : 1433.78,
    "dma100" : null,
    "dma200" : 1513.69,
    "volume" : 39630.00
  }, {
    "date" : "2025-05-12",
    "price" : 1517.20,
    "dma50" : 1437.05,
    "dma100" : null,
    "dma200" : 1513.72,
    "volume" : 23555.00
  }, {
    "date" : "2025-05-13",
    "price" : 1568.40,
    "dma50" : 1442.20,
    "dma100" : null,
    "dma200" : 1514.27,
    "volume" : 20722.00
  }, {
    "date" : "2025-05-14",
    "price" : 1544.40,
    "dma50" : 1446.21,
    "dma100" : null,
    "dma200" : 1514.57,
    "volume" : 30962.00
  }, {
    "date" : "2025-05-15",
    "price" : 1499.00,
    "dma50" : 1448.28,
    "dma100" : null,
    "dma200" : 1514.41,
    "volume" : 29286.00
  }, {
    "date" : "2025-05-16",
    "price" : 1500.20,
    "dma50" : 1450.32,
    "dma100" : null,
    "dma200" : 1514.27,
    "volume" : 39667.00
  }, {
    "date" : "2025-05-19",
    "price" : 1480.40,
    "dma50" : 1451.49,
    "dma100" : null,
    "dma200" : 1513.93,
    "volume" : 34831.00
  }, {
    "date" : "2025-05-20",
    "price" : 1478.10,
    "dma50" : 1452.54,
    "dma100" : null,
    "dma200" : 1513.58,
    "volume" : 19949.00
  }, {
    "date" : "2025-05-21",
    "price" : 1514.80,
    "dma50" : 1454.98,
    "dma100" : null,
    "dma200" : 1513.59,
    "volume" : 16202.00
  }, {
    "date" : "2025-05-22",
    "price" : 1478.80,
    "dma50" : 1455.91,
    "dma100" : null,
    "dma200" : 1513.24,
    "volume" : 12750.00
  }, {
    "date" : "2025-05-23",
    "price" : 1491.00,
    "dma50" : 1457.29,
    "dma100" : null,
    "dma200" : 1513.02,
    "volume" : 9787.00
  }, {
    "date" : "2025-05-26",
    "price" : 1497.10,
    "dma50" : 1458.85,
    "dma100" : null,
    "dma200" : 1512.86,
    "volume" : 10525.00
  }, {
    "date" : "2025-05-27",
    "price" : 1504.40,
    "dma50" : 1460.64,
    "dma100" : null,
    "dma200" : 1512.78,
    "volume" : 20814.00
  }, {
    "date" : "2025-05-28",
    "price" : 1527.90,
    "dma50" : 1463.28,
    "dma100" : null,
    "dma200" : 1512.93,
    "volume" : 46483.00
  }, {
    "date" : "2025-05-29",
    "price" : 1615.30,
    "dma50" : 1469.24,
    "dma100" : null,
    "dma200" : 1513.95,
    "volume" : 68383.00
  }, {
    "date" : "2025-05-30",
    "price" : 1600.90,
    "dma50" : 1474.40,
    "dma100" : null,
    "dma200" : 1514.81,
    "volume" : 56969.00
  }, {
    "date" : "2025-06-02",
    "price" : 1506.50,
    "dma50" : 1475.66,
    "dma100" : null,
    "dma200" : 1514.73,
    "volume" : 83238.00
  }, {
    "date" : "2025-06-03",
    "price" : 1466.10,
    "dma50" : 1475.28,
    "dma100" : null,
    "dma200" : 1514.25,
    "volume" : 35031.00
  }, {
    "date" : "2025-06-04",
    "price" : 1499.60,
    "dma50" : 1476.24,
    "dma100" : null,
    "dma200" : 1514.10,
    "volume" : 43839.00
  }, {
    "date" : "2025-06-05",
    "price" : 1519.90,
    "dma50" : 1477.95,
    "dma100" : null,
    "dma200" : 1514.16,
    "volume" : 26604.00
  }, {
    "date" : "2025-06-06",
    "price" : 1528.20,
    "dma50" : 1479.92,
    "dma100" : null,
    "dma200" : 1514.30,
    "volume" : 68156.00
  }, {
    "date" : "2025-06-09",
    "price" : 1648.20,
    "dma50" : 1486.52,
    "dma100" : null,
    "dma200" : 1515.63,
    "volume" : 120341.00
  }, {
    "date" : "2025-06-10",
    "price" : 1682.80,
    "dma50" : 1494.22,
    "dma100" : null,
    "dma200" : 1517.29,
    "volume" : 172649.00
  }, {
    "date" : "2025-06-11",
    "price" : 1759.50,
    "dma50" : 1504.62,
    "dma100" : null,
    "dma200" : 1519.70,
    "volume" : 145607.00
  }, {
    "date" : "2025-06-12",
    "price" : 1755.00,
    "dma50" : 1514.44,
    "dma100" : null,
    "dma200" : 1522.05,
    "volume" : 59392.00
  }, {
    "date" : "2025-06-13",
    "price" : 1724.30,
    "dma50" : 1522.67,
    "dma100" : null,
    "dma200" : 1524.06,
    "volume" : 50085.00
  }, {
    "date" : "2025-06-16",
    "price" : 1760.50,
    "dma50" : 1532.00,
    "dma100" : null,
    "dma200" : 1526.41,
    "volume" : 103878.00
  }, {
    "date" : "2025-06-17",
    "price" : 1717.70,
    "dma50" : 1539.28,
    "dma100" : null,
    "dma200" : 1528.31,
    "volume" : 70418.00
  }, {
    "date" : "2025-06-18",
    "price" : 1695.90,
    "dma50" : 1545.42,
    "dma100" : null,
    "dma200" : 1529.98,
    "volume" : 23995.00
  }, {
    "date" : "2025-06-19",
    "price" : 1766.70,
    "dma50" : 1554.10,
    "dma100" : null,
    "dma200" : 1532.34,
    "volume" : 178697.00
  }, {
    "date" : "2025-06-20",
    "price" : 1751.60,
    "dma50" : 1561.84,
    "dma100" : null,
    "dma200" : 1534.52,
    "volume" : 44540.00
  }, {
    "date" : "2025-06-23",
    "price" : 1798.40,
    "dma50" : 1571.12,
    "dma100" : null,
    "dma200" : 1537.14,
    "volume" : 81584.00
  }, {
    "date" : "2025-06-24",
    "price" : 1753.00,
    "dma50" : 1578.25,
    "dma100" : null,
    "dma200" : 1539.29,
    "volume" : 53592.00
  }, {
    "date" : "2025-06-25",
    "price" : 1759.80,
    "dma50" : 1585.37,
    "dma100" : null,
    "dma200" : 1541.49,
    "volume" : 27438.00
  }, {
    "date" : "2025-06-26",
    "price" : 1806.80,
    "dma50" : 1594.06,
    "dma100" : null,
    "dma200" : 1544.13,
    "volume" : 48223.00
  }, {
    "date" : "2025-06-27",
    "price" : 1745.00,
    "dma50" : 1599.97,
    "dma100" : null,
    "dma200" : 1546.13,
    "volume" : 40568.00
  }, {
    "date" : "2025-06-30",
    "price" : 1735.90,
    "dma50" : 1605.31,
    "dma100" : null,
    "dma200" : 1548.01,
    "volume" : 24892.00
  }, {
    "date" : "2025-07-01",
    "price" : 1735.90,
    "dma50" : 1610.43,
    "dma100" : null,
    "dma200" : 1549.88,
    "volume" : 20950.00
  }, {
    "date" : "2025-07-02",
    "price" : 1740.80,
    "dma50" : 1615.54,
    "dma100" : null,
    "dma200" : 1551.78,
    "volume" : 16839.00
  }, {
    "date" : "2025-07-03",
    "price" : 1778.90,
    "dma50" : 1621.95,
    "dma100" : null,
    "dma200" : 1554.04,
    "volume" : 30950.00
  }, {
    "date" : "2025-07-04",
    "price" : 1800.50,
    "dma50" : 1628.95,
    "dma100" : null,
    "dma200" : 1556.49,
    "volume" : 38443.00
  }, {
    "date" : "2025-07-07",
    "price" : 1792.90,
    "dma50" : 1635.38,
    "dma100" : null,
    "dma200" : 1558.85,
    "volume" : 28794.00
  }, {
    "date" : "2025-07-08",
    "price" : 1735.00,
    "dma50" : 1639.28,
    "dma100" : null,
    "dma200" : 1560.60,
    "volume" : 29275.00
  }, {
    "date" : "2025-07-09",
    "price" : 1710.80,
    "dma50" : 1642.09,
    "dma100" : null,
    "dma200" : 1562.09,
    "volume" : 24397.00
  }, {
    "date" : "2025-07-10",
    "price" : 1703.10,
    "dma50" : 1644.48,
    "dma100" : null,
    "dma200" : 1563.50,
    "volume" : 35907.00
  }, {
    "date" : "2025-07-11",
    "price" : 1701.20,
    "dma50" : 1646.71,
    "dma100" : null,
    "dma200" : 1564.87,
    "volume" : 20899.00
  }, {
    "date" : "2025-07-14",
    "price" : 1665.40,
    "dma50" : 1647.44,
    "dma100" : null,
    "dma200" : 1565.87,
    "volume" : 57395.00
  }, {
    "date" : "2025-07-15",
    "price" : 1652.50,
    "dma50" : 1647.64,
    "dma100" : null,
    "dma200" : 1566.73,
    "volume" : 20762.00
  }, {
    "date" : "2025-07-16",
    "price" : 1659.60,
    "dma50" : 1648.11,
    "dma100" : 1504.55,
    "dma200" : 1567.65,
    "volume" : 22860.00
  }, {
    "date" : "2025-07-17",
    "price" : 1642.80,
    "dma50" : 1647.90,
    "dma100" : 1508.23,
    "dma200" : 1568.40,
    "volume" : 11037.00
  }, {
    "date" : "2025-07-18",
    "price" : 1621.40,
    "dma50" : 1646.86,
    "dma100" : 1511.65,
    "dma200" : 1568.93,
    "volume" : 22975.00
  }, {
    "date" : "2025-07-21",
    "price" : 1657.90,
    "dma50" : 1647.29,
    "dma100" : 1515.10,
    "dma200" : 1569.81,
    "volume" : 30906.00
  }, {
    "date" : "2025-07-22",
    "price" : 1660.60,
    "dma50" : 1647.81,
    "dma100" : 1518.36,
    "dma200" : 1570.72,
    "volume" : 21812.00
  }, {
    "date" : "2025-07-23",
    "price" : 1704.40,
    "dma50" : 1650.03,
    "dma100" : 1522.41,
    "dma200" : 1572.05,
    "volume" : 30239.00
  }, {
    "date" : "2025-07-24",
    "price" : 1714.80,
    "dma50" : 1652.57,
    "dma100" : 1526.54,
    "dma200" : 1573.47,
    "volume" : 23546.00
  }, {
    "date" : "2025-07-25",
    "price" : 1663.80,
    "dma50" : 1653.01,
    "dma100" : 1530.35,
    "dma200" : 1574.37,
    "volume" : 22410.00
  }, {
    "date" : "2025-07-28",
    "price" : 1614.00,
    "dma50" : 1651.48,
    "dma100" : 1533.71,
    "dma200" : 1574.76,
    "volume" : 33661.00
  }, {
    "date" : "2025-07-29",
    "price" : 1631.00,
    "dma50" : 1650.68,
    "dma100" : 1537.26,
    "dma200" : 1575.32,
    "volume" : 18429.00
  }, {
    "date" : "2025-07-30",
    "price" : 1635.80,
    "dma50" : 1650.10,
    "dma100" : 1541.08,
    "dma200" : 1575.92,
    "volume" : 24232.00
  }, {
    "date" : "2025-07-31",
    "price" : 1636.20,
    "dma50" : 1649.55,
    "dma100" : 1545.05,
    "dma200" : 1576.52,
    "volume" : 19981.00
  }, {
    "date" : "2025-08-01",
    "price" : 1620.80,
    "dma50" : 1648.42,
    "dma100" : 1548.88,
    "dma200" : 1576.96,
    "volume" : 19778.00
  }, {
    "date" : "2025-08-04",
    "price" : 1626.50,
    "dma50" : 1647.56,
    "dma100" : 1552.40,
    "dma200" : 1577.46,
    "volume" : 11482.00
  }, {
    "date" : "2025-08-05",
    "price" : 1605.60,
    "dma50" : 1645.92,
    "dma100" : 1556.01,
    "dma200" : 1577.74,
    "volume" : 13711.00
  }, {
    "date" : "2025-08-06",
    "price" : 1545.60,
    "dma50" : 1641.98,
    "dma100" : 1559.37,
    "dma200" : 1577.42,
    "volume" : 22315.00
  }, {
    "date" : "2025-08-07",
    "price" : 1529.00,
    "dma50" : 1637.55,
    "dma100" : 1563.06,
    "dma200" : 1576.93,
    "volume" : 22457.00
  }, {
    "date" : "2025-08-08",
    "price" : 1482.10,
    "dma50" : 1631.46,
    "dma100" : 1566.31,
    "dma200" : 1575.99,
    "volume" : 26521.00
  }, {
    "date" : "2025-08-11",
    "price" : 1419.80,
    "dma50" : 1623.16,
    "dma100" : 1569.30,
    "dma200" : 1574.44,
    "volume" : 72635.00
  }, {
    "date" : "2025-08-12",
    "price" : 1409.50,
    "dma50" : 1614.78,
    "dma100" : 1571.87,
    "dma200" : 1572.80,
    "volume" : 39903.00
  }, {
    "date" : "2025-08-13",
    "price" : 1379.40,
    "dma50" : 1605.55,
    "dma100" : 1573.84,
    "dma200" : 1570.87,
    "volume" : 50883.00
  }, {
    "date" : "2025-08-14",
    "price" : 1372.00,
    "dma50" : 1596.39,
    "dma100" : 1575.04,
    "dma200" : 1568.89,
    "volume" : 145286.00
  }, {
    "date" : "2025-08-18",
    "price" : 1350.90,
    "dma50" : 1586.76,
    "dma100" : 1574.22,
    "dma200" : 1566.72,
    "volume" : 52346.00
  }, {
    "date" : "2025-08-19",
    "price" : 1425.90,
    "dma50" : 1580.45,
    "dma100" : 1574.48,
    "dma200" : 1565.32,
    "volume" : 61009.00
  }, {
    "date" : "2025-08-20",
    "price" : 1528.40,
    "dma50" : 1578.41,
    "dma100" : 1576.13,
    "dma200" : 1564.95,
    "volume" : 41193.00
  }, {
    "date" : "2025-08-21",
    "price" : 1520.20,
    "dma50" : 1576.13,
    "dma100" : 1578.06,
    "dma200" : 1564.51,
    "volume" : 19341.00
  }, {
    "date" : "2025-08-22",
    "price" : 1456.40,
    "dma50" : 1571.43,
    "dma100" : 1579.90,
    "dma200" : 1563.43,
    "volume" : 32812.00
  }, {
    "date" : "2025-08-25",
    "price" : 1410.30,
    "dma50" : 1565.12,
    "dma100" : 1581.11,
    "dma200" : 1561.91,
    "volume" : 50693.00
  }, {
    "date" : "2025-08-26",
    "price" : 1424.20,
    "dma50" : 1559.59,
    "dma100" : 1581.93,
    "dma200" : 1560.54,
    "volume" : 26200.00
  }, {
    "date" : "2025-08-28",
    "price" : 1382.30,
    "dma50" : 1552.64,
    "dma100" : 1581.97,
    "dma200" : 1558.77,
    "volume" : 42603.00
  }, {
    "date" : "2025-08-29",
    "price" : 1358.30,
    "dma50" : 1545.02,
    "dma100" : 1581.77,
    "dma200" : 1556.77,
    "volume" : 21902.00
  }, {
    "date" : "2025-09-01",
    "price" : 1406.70,
    "dma50" : 1539.59,
    "dma100" : 1582.48,
    "dma200" : 1555.28,
    "volume" : 28298.00
  }, {
    "date" : "2025-09-02",
    "price" : 1407.80,
    "dma50" : 1534.42,
    "dma100" : 1583.40,
    "dma200" : 1553.81,
    "volume" : 18384.00
  }, {
    "date" : "2025-09-03",
    "price" : 1437.70,
    "dma50" : 1530.63,
    "dma100" : 1584.36,
    "dma200" : 1552.66,
    "volume" : 22532.00
  }, {
    "date" : "2025-09-04",
    "price" : 1414.90,
    "dma50" : 1526.09,
    "dma100" : 1584.78,
    "dma200" : 1551.28,
    "volume" : 10829.00
  }, {
    "date" : "2025-09-05",
    "price" : 1449.60,
    "dma50" : 1523.09,
    "dma100" : 1585.10,
    "dma200" : 1550.27,
    "volume" : 13519.00
  }, {
    "date" : "2025-09-08",
    "price" : 1438.60,
    "dma50" : 1519.78,
    "dma100" : 1585.15,
    "dma200" : 1549.16,
    "volume" : 10470.00
  }, {
    "date" : "2025-09-09",
    "price" : 1461.70,
    "dma50" : 1517.50,
    "dma100" : 1584.83,
    "dma200" : 1548.29,
    "volume" : 10305.00
  }, {
    "date" : "2025-09-10",
    "price" : 1446.20,
    "dma50" : 1514.70,
    "dma100" : 1584.45,
    "dma200" : 1547.28,
    "volume" : 12344.00
  }, {
    "date" : "2025-09-11",
    "price" : 1431.90,
    "dma50" : 1511.46,
    "dma100" : 1582.27,
    "dma200" : 1546.13,
    "volume" : 16825.00
  }, {
    "date" : "2025-09-12",
    "price" : 1431.00,
    "dma50" : 1508.30,
    "dma100" : 1580.19,
    "dma200" : 1544.98,
    "volume" : 7962.00
  }, {
    "date" : "2025-09-15",
    "price" : 1465.50,
    "dma50" : 1506.62,
    "dma100" : 1577.57,
    "dma200" : 1544.19,
    "volume" : 48500.00
  }, {
    "date" : "2025-09-16",
    "price" : 1428.40,
    "dma50" : 1503.56,
    "dma100" : 1575.07,
    "dma200" : 1543.04,
    "volume" : 14986.00
  }, {
    "date" : "2025-09-17",
    "price" : 1446.90,
    "dma50" : 1501.33,
    "dma100" : 1573.23,
    "dma200" : 1542.08,
    "volume" : 12231.00
  }, {
    "date" : "2025-09-18",
    "price" : 1425.50,
    "dma50" : 1498.36,
    "dma100" : 1571.46,
    "dma200" : 1540.92,
    "volume" : 17023.00
  }, {
    "date" : "2025-09-19",
    "price" : 1446.30,
    "dma50" : 1496.32,
    "dma100" : 1569.76,
    "dma200" : 1539.98,
    "volume" : 30990.00
  }, {
    "date" : "2025-09-22",
    "price" : 1451.00,
    "dma50" : 1494.54,
    "dma100" : 1568.68,
    "dma200" : 1539.10,
    "volume" : 27060.00
  }, {
    "date" : "2025-09-23",
    "price" : 1454.20,
    "dma50" : 1492.96,
    "dma100" : 1567.51,
    "dma200" : 1538.25,
    "volume" : 20372.00
  }, {
    "date" : "2025-09-24",
    "price" : 1529.70,
    "dma50" : 1494.40,
    "dma100" : 1567.33,
    "dma200" : 1538.17,
    "volume" : 66050.00
  }, {
    "date" : "2025-09-25",
    "price" : 1497.50,
    "dma50" : 1494.52,
    "dma100" : 1567.72,
    "dma200" : 1537.76,
    "volume" : 19517.00
  }, {
    "date" : "2025-09-26",
    "price" : 1476.00,
    "dma50" : 1493.80,
    "dma100" : 1567.48,
    "dma200" : 1537.15,
    "volume" : 19550.00
  }, {
    "date" : "2025-09-29",
    "price" : 1458.80,
    "dma50" : 1492.42,
    "dma100" : 1567.37,
    "dma200" : 1536.37,
    "volume" : 16426.00
  }, {
    "date" : "2025-09-30",
    "price" : 1444.10,
    "dma50" : 1490.53,
    "dma100" : 1567.56,
    "dma200" : 1535.45,
    "volume" : 24408.00
  }, {
    "date" : "2025-10-01",
    "price" : 1511.50,
    "dma50" : 1491.35,
    "dma100" : 1567.50,
    "dma200" : 1535.21,
    "volume" : 28231.00
  }, {
    "date" : "2025-10-03",
    "price" : 1508.70,
    "dma50" : 1492.03,
    "dma100" : 1566.90,
    "dma200" : 1534.95,
    "volume" : 16869.00
  }, {
    "date" : "2025-10-06",
    "price" : 1512.30,
    "dma50" : 1492.83,
    "dma100" : 1566.58,
    "dma200" : 1534.72,
    "volume" : 17876.00
  }, {
    "date" : "2025-10-07",
    "price" : 1558.50,
    "dma50" : 1495.40,
    "dma100" : 1567.18,
    "dma200" : 1534.96,
    "volume" : 36071.00
  }, {
    "date" : "2025-10-08",
    "price" : 1551.40,
    "dma50" : 1497.60,
    "dma100" : 1567.69,
    "dma200" : 1535.12,
    "volume" : 14892.00
  }, {
    "date" : "2025-10-09",
    "price" : 1565.50,
    "dma50" : 1500.26,
    "dma100" : 1568.54,
    "dma200" : 1535.42,
    "volume" : 19483.00
  }, {
    "date" : "2025-10-10",
    "price" : 1630.50,
    "dma50" : 1505.37,
    "dma100" : 1570.06,
    "dma200" : 1536.37,
    "volume" : 39411.00
  }, {
    "date" : "2025-10-13",
    "price" : 1659.10,
    "dma50" : 1511.40,
    "dma100" : 1571.51,
    "dma200" : 1537.59,
    "volume" : 31549.00
  }, {
    "date" : "2025-10-14",
    "price" : 1643.50,
    "dma50" : 1516.58,
    "dma100" : 1573.15,
    "dma200" : 1538.65,
    "volume" : 46515.00
  }, {
    "date" : "2025-10-15",
    "price" : 1594.00,
    "dma50" : 1519.61,
    "dma100" : 1574.18,
    "dma200" : 1539.20,
    "volume" : 23766.00
  }, {
    "date" : "2025-10-16",
    "price" : 1656.80,
    "dma50" : 1524.99,
    "dma100" : 1575.78,
    "dma200" : 1540.37,
    "volume" : 37406.00
  }, {
    "date" : "2025-10-17",
    "price" : 1632.10,
    "dma50" : 1529.19,
    "dma100" : 1577.06,
    "dma200" : 1541.28,
    "volume" : 44450.00
  }, {
    "date" : "2025-10-20",
    "price" : 1660.30,
    "dma50" : 1534.33,
    "dma100" : 1578.38,
    "dma200" : 1542.46,
    "volume" : 33293.00
  }, {
    "date" : "2025-10-21",
    "price" : 1690.10,
    "dma50" : 1540.44,
    "dma100" : 1579.13,
    "dma200" : 1543.93,
    "volume" : 13007.00
  }, {
    "date" : "2025-10-23",
    "price" : 1674.60,
    "dma50" : 1545.70,
    "dma100" : 1579.87,
    "dma200" : 1545.23,
    "volume" : 31739.00
  }, {
    "date" : "2025-10-24",
    "price" : 1664.80,
    "dma50" : 1550.37,
    "dma100" : 1581.45,
    "dma200" : 1546.42,
    "volume" : 20539.00
  }, {
    "date" : "2025-10-27",
    "price" : 1696.40,
    "dma50" : 1556.10,
    "dma100" : 1583.75,
    "dma200" : 1547.91,
    "volume" : 41247.00
  }, {
    "date" : "2025-10-28",
    "price" : 1661.90,
    "dma50" : 1560.25,
    "dma100" : 1585.38,
    "dma200" : 1549.05,
    "volume" : 18314.00
  }, {
    "date" : "2025-10-29",
    "price" : 1648.10,
    "dma50" : 1563.70,
    "dma100" : 1586.66,
    "dma200" : 1550.03,
    "volume" : 19084.00
  }, {
    "date" : "2025-10-30",
    "price" : 1639.70,
    "dma50" : 1566.68,
    "dma100" : 1587.77,
    "dma200" : 1550.93,
    "volume" : 15938.00
  }, {
    "date" : "2025-10-31",
    "price" : 1631.40,
    "dma50" : 1569.21,
    "dma100" : 1587.61,
    "dma200" : 1551.73,
    "volume" : 9470.00
  }, {
    "date" : "2025-11-03",
    "price" : 1650.60,
    "dma50" : 1572.41,
    "dma100" : 1587.28,
    "dma200" : 1552.71,
    "volume" : 21835.00
  }, {
    "date" : "2025-11-04",
    "price" : 1619.60,
    "dma50" : 1574.26,
    "dma100" : 1585.88,
    "dma200" : 1553.38,
    "volume" : 13088.00
  }, {
    "date" : "2025-11-06",
    "price" : 1621.20,
    "dma50" : 1576.10,
    "dma100" : 1584.55,
    "dma200" : 1554.05,
    "volume" : 16692.00
  }, {
    "date" : "2025-11-07",
    "price" : 1654.90,
    "dma50" : 1579.19,
    "dma100" : 1583.85,
    "dma200" : 1555.05,
    "volume" : 18575.00
  }, {
    "date" : "2025-11-10",
    "price" : 1641.70,
    "dma50" : 1581.64,
    "dma100" : 1582.66,
    "dma200" : 1555.92,
    "volume" : 14985.00
  }, {
    "date" : "2025-11-11",
    "price" : 1634.90,
    "dma50" : 1583.73,
    "dma100" : 1581.84,
    "dma200" : 1556.70,
    "volume" : 21356.00
  }, {
    "date" : "2025-11-12",
    "price" : 1627.80,
    "dma50" : 1585.46,
    "dma100" : 1581.16,
    "dma200" : 1557.41,
    "volume" : 19949.00
  }, {
    "date" : "2025-11-13",
    "price" : 1625.90,
    "dma50" : 1587.04,
    "dma100" : 1579.75,
    "dma200" : 1558.09,
    "volume" : 10924.00
  }, {
    "date" : "2025-11-14",
    "price" : 1729.50,
    "dma50" : 1592.63,
    "dma100" : 1579.53,
    "dma200" : 1559.80,
    "volume" : 181468.00
  }, {
    "date" : "2025-11-17",
    "price" : 1745.70,
    "dma50" : 1598.63,
    "dma100" : 1579.00,
    "dma200" : 1561.65,
    "volume" : 82696.00
  }, {
    "date" : "2025-11-18",
    "price" : 1723.90,
    "dma50" : 1603.54,
    "dma100" : 1578.71,
    "dma200" : 1563.26,
    "volume" : 46235.00
  }, {
    "date" : "2025-11-19",
    "price" : 1719.40,
    "dma50" : 1608.09,
    "dma100" : 1578.30,
    "dma200" : 1564.82,
    "volume" : 22499.00
  }, {
    "date" : "2025-11-20",
    "price" : 1700.50,
    "dma50" : 1611.71,
    "dma100" : 1577.24,
    "dma200" : 1566.17,
    "volume" : 32210.00
  }, {
    "date" : "2025-11-21",
    "price" : 1697.70,
    "dma50" : 1615.08,
    "dma100" : 1576.77,
    "dma200" : 1567.47,
    "volume" : 17389.00
  }, {
    "date" : "2025-11-24",
    "price" : 1645.80,
    "dma50" : 1616.29,
    "dma100" : 1575.87,
    "dma200" : 1568.25,
    "volume" : 17139.00
  }, {
    "date" : "2025-11-25",
    "price" : 1634.10,
    "dma50" : 1616.99,
    "dma100" : 1574.85,
    "dma200" : 1568.91,
    "volume" : 27365.00
  }, {
    "date" : "2025-11-26",
    "price" : 1630.50,
    "dma50" : 1617.52,
    "dma100" : 1573.75,
    "dma200" : 1569.52,
    "volume" : 23937.00
  }, {
    "date" : "2025-11-27",
    "price" : 1617.70,
    "dma50" : 1617.52,
    "dma100" : 1572.13,
    "dma200" : 1570.00,
    "volume" : 24082.00
  }, {
    "date" : "2025-11-28",
    "price" : 1638.10,
    "dma50" : 1618.33,
    "dma100" : 1570.51,
    "dma200" : 1570.68,
    "volume" : 19168.00
  }, {
    "date" : "2025-12-01",
    "price" : 1609.60,
    "dma50" : 1617.99,
    "dma100" : 1568.68,
    "dma200" : 1571.07,
    "volume" : 28618.00
  }, {
    "date" : "2025-12-02",
    "price" : 1587.20,
    "dma50" : 1616.78,
    "dma100" : 1567.20,
    "dma200" : 1571.23,
    "volume" : 14635.00
  }, {
    "date" : "2025-12-03",
    "price" : 1539.80,
    "dma50" : 1613.76,
    "dma100" : 1565.49,
    "dma200" : 1570.91,
    "volume" : 22295.00
  }, {
    "date" : "2025-12-04",
    "price" : 1508.60,
    "dma50" : 1609.64,
    "dma100" : 1563.54,
    "dma200" : 1570.29,
    "volume" : 21738.00
  }, {
    "date" : "2025-12-05",
    "price" : 1490.10,
    "dma50" : 1604.95,
    "dma100" : 1561.43,
    "dma200" : 1569.50,
    "volume" : 26632.00
  }, {
    "date" : "2025-12-08",
    "price" : 1453.80,
    "dma50" : 1599.02,
    "dma100" : 1559.32,
    "dma200" : 1568.34,
    "volume" : 31816.00
  }, {
    "date" : "2025-12-09",
    "price" : 1450.00,
    "dma50" : 1593.18,
    "dma100" : 1557.29,
    "dma200" : 1567.17,
    "volume" : 39653.00
  }, {
    "date" : "2025-12-10",
    "price" : 1424.30,
    "dma50" : 1586.56,
    "dma100" : 1554.94,
    "dma200" : 1565.75,
    "volume" : 35528.00
  }, {
    "date" : "2025-12-11",
    "price" : 1425.90,
    "dma50" : 1580.26,
    "dma100" : 1552.77,
    "dma200" : 1564.35,
    "volume" : 48203.00
  }, {
    "date" : "2025-12-12",
    "price" : 1482.60,
    "dma50" : 1576.43,
    "dma100" : 1551.38,
    "dma200" : 1563.54,
    "volume" : 74935.00
  }, {
    "date" : "2025-12-15",
    "price" : 1492.80,
    "dma50" : 1573.15,
    "dma100" : 1549.73,
    "dma200" : 1562.84,
    "volume" : 32042.00
  }, {
    "date" : "2025-12-16",
    "price" : 1518.10,
    "dma50" : 1570.99,
    "dma100" : 1548.31,
    "dma200" : 1562.39,
    "volume" : 22637.00
  }, {
    "date" : "2025-12-17",
    "price" : 1573.20,
    "dma50" : 1571.07,
    "dma100" : 1546.99,
    "dma200" : 1562.50,
    "volume" : 71351.00
  }, {
    "date" : "2025-12-18",
    "price" : 1513.80,
    "dma50" : 1568.83,
    "dma100" : 1544.98,
    "dma200" : 1562.01,
    "volume" : 38523.00
  }, {
    "date" : "2025-12-19",
    "price" : 1481.00,
    "dma50" : 1565.38,
    "dma100" : 1543.16,
    "dma200" : 1561.21,
    "volume" : 17147.00
  }, {
    "date" : "2025-12-22",
    "price" : 1459.70,
    "dma50" : 1561.24,
    "dma100" : 1541.61,
    "dma200" : 1560.20,
    "volume" : 26754.00
  }, {
    "date" : "2025-12-23",
    "price" : 1489.40,
    "dma50" : 1558.42,
    "dma100" : 1540.20,
    "dma200" : 1559.49,
    "volume" : 15610.00
  }, {
    "date" : "2025-12-24",
    "price" : 1507.80,
    "dma50" : 1556.44,
    "dma100" : 1538.92,
    "dma200" : 1558.98,
    "volume" : 17641.00
  }, {
    "date" : "2025-12-26",
    "price" : 1508.30,
    "dma50" : 1554.55,
    "dma100" : 1537.64,
    "dma200" : 1558.48,
    "volume" : 11705.00
  }, {
    "date" : "2025-12-29",
    "price" : 1518.70,
    "dma50" : 1553.14,
    "dma100" : 1536.62,
    "dma200" : 1558.08,
    "volume" : 32330.00
  }, {
    "date" : "2025-12-30",
    "price" : 1544.20,
    "dma50" : 1552.79,
    "dma100" : 1535.79,
    "dma200" : 1557.94,
    "volume" : 30801.00
  }, {
    "date" : "2025-12-31",
    "price" : 1557.40,
    "dma50" : 1552.97,
    "dma100" : 1535.31,
    "dma200" : 1557.94,
    "volume" : 22708.00
  }, {
    "date" : "2026-01-01",
    "price" : 1568.70,
    "dma50" : 1553.59,
    "dma100" : 1535.54,
    "dma200" : 1558.04,
    "volume" : 133784.00
  }, {
    "date" : "2026-01-02",
    "price" : 1520.90,
    "dma50" : 1552.31,
    "dma100" : 1535.46,
    "dma200" : 1557.67,
    "volume" : 48783.00
  }, {
    "date" : "2026-01-05",
    "price" : 1548.50,
    "dma50" : 1552.16,
    "dma100" : 1536.13,
    "dma200" : 1557.58,
    "volume" : 32322.00
  }, {
    "date" : "2026-01-06",
    "price" : 1568.30,
    "dma50" : 1552.79,
    "dma100" : 1537.61,
    "dma200" : 1557.69,
    "volume" : 32945.00
  }, {
    "date" : "2026-01-07",
    "price" : 1610.30,
    "dma50" : 1555.05,
    "dma100" : 1539.62,
    "dma200" : 1558.21,
    "volume" : 84188.00
  }, {
    "date" : "2026-01-08",
    "price" : 1610.70,
    "dma50" : 1557.23,
    "dma100" : 1541.93,
    "dma200" : 1558.73,
    "volume" : 34337.00
  }, {
    "date" : "2026-01-09",
    "price" : 1579.80,
    "dma50" : 1558.11,
    "dma100" : 1544.01,
    "dma200" : 1558.94,
    "volume" : 21651.00
  }, {
    "date" : "2026-01-12",
    "price" : 1535.90,
    "dma50" : 1557.24,
    "dma100" : 1545.86,
    "dma200" : 1558.71,
    "volume" : 44971.00
  }, {
    "date" : "2026-01-13",
    "price" : 1534.50,
    "dma50" : 1556.35,
    "dma100" : 1546.95,
    "dma200" : 1558.47,
    "volume" : 29122.00
  }, {
    "date" : "2026-01-14",
    "price" : 1529.80,
    "dma50" : 1555.31,
    "dma100" : 1546.96,
    "dma200" : 1558.19,
    "volume" : 18558.00
  }, {
    "date" : "2026-01-16",
    "price" : 1488.40,
    "dma50" : 1552.69,
    "dma100" : 1546.64,
    "dma200" : 1557.49,
    "volume" : 26158.00
  }, {
    "date" : "2026-01-19",
    "price" : 1449.10,
    "dma50" : 1548.62,
    "dma100" : 1546.57,
    "dma200" : 1556.42,
    "volume" : 39702.00
  }, {
    "date" : "2026-01-20",
    "price" : 1479.50,
    "dma50" : 1545.91,
    "dma100" : 1547.26,
    "dma200" : 1555.65,
    "volume" : 42056.00
  }, {
    "date" : "2026-01-21",
    "price" : 1576.10,
    "dma50" : 1547.10,
    "dma100" : 1548.78,
    "dma200" : 1555.85,
    "volume" : 100445.00
  }, {
    "date" : "2026-01-22",
    "price" : 1630.60,
    "dma50" : 1550.37,
    "dma100" : 1551.26,
    "dma200" : 1556.60,
    "volume" : 85752.00
  }, {
    "date" : "2026-01-23",
    "price" : 1612.10,
    "dma50" : 1552.79,
    "dma100" : 1553.80,
    "dma200" : 1557.15,
    "volume" : 59790.00
  }, {
    "date" : "2026-01-27",
    "price" : 1607.80,
    "dma50" : 1554.95,
    "dma100" : 1555.81,
    "dma200" : 1557.65,
    "volume" : 32085.00
  }, {
    "date" : "2026-01-28",
    "price" : 1597.10,
    "dma50" : 1556.60,
    "dma100" : 1557.71,
    "dma200" : 1558.05,
    "volume" : 25788.00
  }, {
    "date" : "2026-01-29",
    "price" : 1575.10,
    "dma50" : 1557.33,
    "dma100" : 1559.08,
    "dma200" : 1558.22,
    "volume" : 16465.00
  }, {
    "date" : "2026-01-30",
    "price" : 1618.50,
    "dma50" : 1559.73,
    "dma100" : 1561.12,
    "dma200" : 1558.82,
    "volume" : 21824.00
  }, {
    "date" : "2026-02-01",
    "price" : 1517.60,
    "dma50" : 1558.08,
    "dma100" : 1561.80,
    "dma200" : 1558.41,
    "volume" : 28511.00
  }, {
    "date" : "2026-02-02",
    "price" : 1574.60,
    "dma50" : 1558.72,
    "dma100" : 1563.16,
    "dma200" : 1558.57,
    "volume" : 21756.00
  }, {
    "date" : "2026-02-03",
    "price" : 1593.80,
    "dma50" : 1560.10,
    "dma100" : 1564.48,
    "dma200" : 1558.92,
    "volume" : 29716.00
  }, {
    "date" : "2026-02-04",
    "price" : 1576.10,
    "dma50" : 1560.73,
    "dma100" : 1565.78,
    "dma200" : 1559.09,
    "volume" : 28460.00
  }, {
    "date" : "2026-02-05",
    "price" : 1552.80,
    "dma50" : 1560.42,
    "dma100" : 1566.98,
    "dma200" : 1559.03,
    "volume" : 16694.00
  }, {
    "date" : "2026-02-06",
    "price" : 1577.90,
    "dma50" : 1561.10,
    "dma100" : 1568.45,
    "dma200" : 1559.21,
    "volume" : 47418.00
  }, {
    "date" : "2026-02-09",
    "price" : 1582.10,
    "dma50" : 1561.92,
    "dma100" : 1569.62,
    "dma200" : 1559.44,
    "volume" : 27111.00
  }, {
    "date" : "2026-02-10",
    "price" : 1601.20,
    "dma50" : 1563.46,
    "dma100" : 1571.35,
    "dma200" : 1559.86,
    "volume" : 31672.00
  }, {
    "date" : "2026-02-11",
    "price" : 1600.50,
    "dma50" : 1564.92,
    "dma100" : 1572.88,
    "dma200" : 1560.26,
    "volume" : 18847.00
  }, {
    "date" : "2026-02-12",
    "price" : 1622.20,
    "dma50" : 1567.16,
    "dma100" : 1574.85,
    "dma200" : 1560.88,
    "volume" : 69840.00
  }, {
    "date" : "2026-02-13",
    "price" : 1662.50,
    "dma50" : 1570.90,
    "dma100" : 1577.01,
    "dma200" : 1561.89,
    "volume" : 180098.00
  } ],
  "latestTechnicalAttributes" : {
    "date" : "2026-02-13",
    "price" : 1662.50,
    "dma50" : 1570.90,
    "dma100" : 1577.01,
    "dma200" : 1561.89,
    "volume" : 180098.00
  },
  "quarterlyResults" : [ {
    "date" : "2005-03-31",
    "sales" : 0.43,
    "salesGrowthYoY" : null,
    "grossProfitMargin" : 100.00,
    "grossProfit" : 0.43,
    "operatingProfitMargin" : 58.14,
    "operatingProfit" : 0.25,
    "netProfitMargin" : 9.30,
    "netProfit" : 0.04
  }, {
    "date" : "2005-06-30",
    "sales" : 0.42,
    "salesGrowthYoY" : null,
    "grossProfitMargin" : 100.00,
    "grossProfit" : 0.42,
    "operatingProfitMargin" : 64.29,
    "operatingProfit" : 0.27,
    "netProfitMargin" : 42.86,
    "netProfit" : 0.18
  }, {
    "date" : "2005-09-30",
    "sales" : 0.45,
    "salesGrowthYoY" : null,
    "grossProfitMargin" : 100.00,
    "grossProfit" : 0.45,
    "operatingProfitMargin" : 55.56,
    "operatingProfit" : 0.25,
    "netProfitMargin" : 37.78,
    "netProfit" : 0.17
  }, {
    "date" : "2005-12-31",
    "sales" : 0.51,
    "salesGrowthYoY" : null,
    "grossProfitMargin" : 100.00,
    "grossProfit" : 0.51,
    "operatingProfitMargin" : 54.90,
    "operatingProfit" : 0.28,
    "netProfitMargin" : 29.41,
    "netProfit" : 0.15
  }, {
    "date" : "2006-03-31",
    "sales" : 0.46,
    "salesGrowthYoY" : 6.98,
    "grossProfitMargin" : 100.00,
    "grossProfit" : 0.46,
    "operatingProfitMargin" : 23.91,
    "operatingProfit" : 0.11,
    "netProfitMargin" : -6.52,
    "netProfit" : -0.03
  }, {
    "date" : "2006-06-30",
    "sales" : 0.64,
    "salesGrowthYoY" : 52.38,
    "grossProfitMargin" : 100.00,
    "grossProfit" : 0.64,
    "operatingProfitMargin" : 65.62,
    "operatingProfit" : 0.42,
    "netProfitMargin" : 28.12,
    "netProfit" : 0.18
  }, {
    "date" : "2006-09-30",
    "sales" : 0.75,
    "salesGrowthYoY" : 66.67,
    "grossProfitMargin" : 100.00,
    "grossProfit" : 0.75,
    "operatingProfitMargin" : 65.33,
    "operatingProfit" : 0.49,
    "netProfitMargin" : 32.00,
    "netProfit" : 0.24
  }, {
    "date" : "2006-12-31",
    "sales" : 0.83,
    "salesGrowthYoY" : 62.75,
    "grossProfitMargin" : 100.00,
    "grossProfit" : 0.83,
    "operatingProfitMargin" : 59.04,
    "operatingProfit" : 0.49,
    "netProfitMargin" : 26.51,
    "netProfit" : 0.22
  }, {
    "date" : "2007-03-31",
    "sales" : 0.89,
    "salesGrowthYoY" : 93.48,
    "grossProfitMargin" : 100.00,
    "grossProfit" : 0.89,
    "operatingProfitMargin" : 33.71,
    "operatingProfit" : 0.30,
    "netProfitMargin" : -11.24,
    "netProfit" : -0.10
  }, {
    "date" : "2007-06-30",
    "sales" : 0.86,
    "salesGrowthYoY" : 34.37,
    "grossProfitMargin" : 100.00,
    "grossProfit" : 0.86,
    "operatingProfitMargin" : 72.09,
    "operatingProfit" : 0.62,
    "netProfitMargin" : 31.40,
    "netProfit" : 0.27
  }, {
    "date" : "2007-09-30",
    "sales" : 0.84,
    "salesGrowthYoY" : 12.00,
    "grossProfitMargin" : 100.00,
    "grossProfit" : 0.84,
    "operatingProfitMargin" : 59.52,
    "operatingProfit" : 0.50,
    "netProfitMargin" : 16.67,
    "netProfit" : 0.14
  }, {
    "date" : "2007-12-31",
    "sales" : 1.04,
    "salesGrowthYoY" : 25.30,
    "grossProfitMargin" : 100.00,
    "grossProfit" : 1.04,
    "operatingProfitMargin" : 72.12,
    "operatingProfit" : 0.75,
    "netProfitMargin" : 25.96,
    "netProfit" : 0.27
  }, {
    "date" : "2008-03-31",
    "sales" : 1.02,
    "salesGrowthYoY" : 14.61,
    "grossProfitMargin" : 100.00,
    "grossProfit" : 1.02,
    "operatingProfitMargin" : 41.18,
    "operatingProfit" : 0.42,
    "netProfitMargin" : 2.94,
    "netProfit" : 0.03
  }, {
    "date" : "2008-06-30",
    "sales" : 1.00,
    "salesGrowthYoY" : 16.28,
    "grossProfitMargin" : 100.00,
    "grossProfit" : 1.00,
    "operatingProfitMargin" : 70.00,
    "operatingProfit" : 0.70,
    "netProfitMargin" : 26.00,
    "netProfit" : 0.26
  }, {
    "date" : "2008-09-30",
    "sales" : 1.06,
    "salesGrowthYoY" : 26.19,
    "grossProfitMargin" : 100.00,
    "grossProfit" : 1.06,
    "operatingProfitMargin" : 61.32,
    "operatingProfit" : 0.65,
    "netProfitMargin" : 16.98,
    "netProfit" : 0.18
  }, {
    "date" : "2008-12-31",
    "sales" : 1.17,
    "salesGrowthYoY" : 12.50,
    "grossProfitMargin" : 100.00,
    "grossProfit" : 1.17,
    "operatingProfitMargin" : 68.38,
    "operatingProfit" : 0.80,
    "netProfitMargin" : 21.37,
    "netProfit" : 0.25
  }, {
    "date" : "2009-03-31",
    "sales" : 1.10,
    "salesGrowthYoY" : 7.84,
    "grossProfitMargin" : 100.00,
    "grossProfit" : 1.10,
    "operatingProfitMargin" : 35.45,
    "operatingProfit" : 0.39,
    "netProfitMargin" : 1.82,
    "netProfit" : 0.02
  }, {
    "date" : "2009-06-30",
    "sales" : 1.07,
    "salesGrowthYoY" : 7.00,
    "grossProfitMargin" : 100.00,
    "grossProfit" : 1.07,
    "operatingProfitMargin" : 70.09,
    "operatingProfit" : 0.75,
    "netProfitMargin" : 26.17,
    "netProfit" : 0.28
  }, {
    "date" : "2009-09-30",
    "sales" : 1.26,
    "salesGrowthYoY" : 18.87,
    "grossProfitMargin" : 100.00,
    "grossProfit" : 1.26,
    "operatingProfitMargin" : 53.97,
    "operatingProfit" : 0.68,
    "netProfitMargin" : 15.87,
    "netProfit" : 0.20
  }, {
    "date" : "2009-12-31",
    "sales" : 1.45,
    "salesGrowthYoY" : 23.93,
    "grossProfitMargin" : 100.00,
    "grossProfit" : 1.45,
    "operatingProfitMargin" : 60.69,
    "operatingProfit" : 0.88,
    "netProfitMargin" : 15.86,
    "netProfit" : 0.23
  }, {
    "date" : "2010-03-31",
    "sales" : 1.75,
    "salesGrowthYoY" : 59.09,
    "grossProfitMargin" : 100.00,
    "grossProfit" : 1.75,
    "operatingProfitMargin" : 53.14,
    "operatingProfit" : 0.93,
    "netProfitMargin" : 5.14,
    "netProfit" : 0.09
  }, {
    "date" : "2010-06-30",
    "sales" : 1.84,
    "salesGrowthYoY" : 71.96,
    "grossProfitMargin" : 100.00,
    "grossProfit" : 1.84,
    "operatingProfitMargin" : 70.65,
    "operatingProfit" : 1.30,
    "netProfitMargin" : 23.37,
    "netProfit" : 0.43
  }, {
    "date" : "2010-09-30",
    "sales" : 2.61,
    "salesGrowthYoY" : 107.14,
    "grossProfitMargin" : 100.00,
    "grossProfit" : 2.61,
    "operatingProfitMargin" : 71.26,
    "operatingProfit" : 1.86,
    "netProfitMargin" : 22.22,
    "netProfit" : 0.58
  }, {
    "date" : "2010-12-31",
    "sales" : 3.35,
    "salesGrowthYoY" : 131.03,
    "grossProfitMargin" : 100.00,
    "grossProfit" : 3.35,
    "operatingProfitMargin" : 58.81,
    "operatingProfit" : 1.97,
    "netProfitMargin" : 13.73,
    "netProfit" : 0.46
  }, {
    "date" : "2011-03-31",
    "sales" : 3.62,
    "salesGrowthYoY" : 106.86,
    "grossProfitMargin" : 100.00,
    "grossProfit" : 3.62,
    "operatingProfitMargin" : 53.04,
    "operatingProfit" : 1.92,
    "netProfitMargin" : 9.39,
    "netProfit" : 0.34
  }, {
    "date" : "2011-06-30",
    "sales" : 3.89,
    "salesGrowthYoY" : 111.41,
    "grossProfitMargin" : 100.00,
    "grossProfit" : 3.89,
    "operatingProfitMargin" : 78.41,
    "operatingProfit" : 3.05,
    "netProfitMargin" : 30.59,
    "netProfit" : 1.19
  }, {
    "date" : "2011-09-30",
    "sales" : 4.45,
    "salesGrowthYoY" : 70.50,
    "grossProfitMargin" : 100.00,
    "grossProfit" : 4.45,
    "operatingProfitMargin" : 72.36,
    "operatingProfit" : 3.22,
    "netProfitMargin" : 26.07,
    "netProfit" : 1.16
  }, {
    "date" : "2011-12-31",
    "sales" : 4.15,
    "salesGrowthYoY" : 23.88,
    "grossProfitMargin" : 100.00,
    "grossProfit" : 4.15,
    "operatingProfitMargin" : 71.81,
    "operatingProfit" : 2.98,
    "netProfitMargin" : 22.41,
    "netProfit" : 0.93
  }, {
    "date" : "2012-03-31",
    "sales" : 3.07,
    "salesGrowthYoY" : -15.19,
    "grossProfitMargin" : 100.00,
    "grossProfit" : 3.07,
    "operatingProfitMargin" : 43.97,
    "operatingProfit" : 1.35,
    "netProfitMargin" : 7.17,
    "netProfit" : 0.22
  }, {
    "date" : "2012-06-30",
    "sales" : 3.82,
    "salesGrowthYoY" : -1.80,
    "grossProfitMargin" : 100.00,
    "grossProfit" : 3.82,
    "operatingProfitMargin" : 67.54,
    "operatingProfit" : 2.58,
    "netProfitMargin" : 26.96,
    "netProfit" : 1.03
  }, {
    "date" : "2012-09-30",
    "sales" : 4.13,
    "salesGrowthYoY" : -7.19,
    "grossProfitMargin" : 100.00,
    "grossProfit" : 4.13,
    "operatingProfitMargin" : 65.13,
    "operatingProfit" : 2.69,
    "netProfitMargin" : 23.49,
    "netProfit" : 0.97
  }, {
    "date" : "2012-12-31",
    "sales" : 4.50,
    "salesGrowthYoY" : 8.43,
    "grossProfitMargin" : 100.00,
    "grossProfit" : 4.50,
    "operatingProfitMargin" : 63.78,
    "operatingProfit" : 2.87,
    "netProfitMargin" : 17.56,
    "netProfit" : 0.79
  }, {
    "date" : "2013-03-31",
    "sales" : 4.29,
    "salesGrowthYoY" : 39.74,
    "grossProfitMargin" : 100.00,
    "grossProfit" : 4.29,
    "operatingProfitMargin" : 56.64,
    "operatingProfit" : 2.43,
    "netProfitMargin" : 13.29,
    "netProfit" : 0.57
  }, {
    "date" : "2013-06-30",
    "sales" : 4.69,
    "salesGrowthYoY" : 22.77,
    "grossProfitMargin" : 100.00,
    "grossProfit" : 4.69,
    "operatingProfitMargin" : 70.58,
    "operatingProfit" : 3.31,
    "netProfitMargin" : 23.45,
    "netProfit" : 1.10
  }, {
    "date" : "2013-09-30",
    "sales" : 4.86,
    "salesGrowthYoY" : 17.68,
    "grossProfitMargin" : 100.00,
    "grossProfit" : 4.86,
    "operatingProfitMargin" : 73.25,
    "operatingProfit" : 3.56,
    "netProfitMargin" : 24.07,
    "netProfit" : 1.17
  }, {
    "date" : "2013-12-31",
    "sales" : 4.75,
    "salesGrowthYoY" : 5.56,
    "grossProfitMargin" : 100.00,
    "grossProfit" : 4.75,
    "operatingProfitMargin" : 65.26,
    "operatingProfit" : 3.10,
    "netProfitMargin" : 18.11,
    "netProfit" : 0.86
  }, {
    "date" : "2014-03-31",
    "sales" : 3.99,
    "salesGrowthYoY" : -6.99,
    "grossProfitMargin" : 100.00,
    "grossProfit" : 3.99,
    "operatingProfitMargin" : 47.37,
    "operatingProfit" : 1.89,
    "netProfitMargin" : 7.27,
    "netProfit" : 0.29
  }, {
    "date" : "2014-06-30",
    "sales" : 3.49,
    "salesGrowthYoY" : -25.59,
    "grossProfitMargin" : 100.00,
    "grossProfit" : 3.49,
    "operatingProfitMargin" : 71.63,
    "operatingProfit" : 2.50,
    "netProfitMargin" : 25.21,
    "netProfit" : 0.88
  }, {
    "date" : "2014-09-30",
    "sales" : 3.62,
    "salesGrowthYoY" : -25.51,
    "grossProfitMargin" : 100.00,
    "grossProfit" : 3.62,
    "operatingProfitMargin" : 62.98,
    "operatingProfit" : 2.28,
    "netProfitMargin" : 17.40,
    "netProfit" : 0.63
  }, {
    "date" : "2014-12-31",
    "sales" : 3.66,
    "salesGrowthYoY" : -22.95,
    "grossProfitMargin" : 100.00,
    "grossProfit" : 3.66,
    "operatingProfitMargin" : 59.56,
    "operatingProfit" : 2.18,
    "netProfitMargin" : 13.93,
    "netProfit" : 0.51
  }, {
    "date" : "2015-03-31",
    "sales" : 4.46,
    "salesGrowthYoY" : 11.78,
    "grossProfitMargin" : 100.00,
    "grossProfit" : 4.46,
    "operatingProfitMargin" : 68.16,
    "operatingProfit" : 3.04,
    "netProfitMargin" : 17.04,
    "netProfit" : 0.76
  }, {
    "date" : "2015-06-30",
    "sales" : 4.02,
    "salesGrowthYoY" : 15.19,
    "grossProfitMargin" : 100.00,
    "grossProfit" : 4.02,
    "operatingProfitMargin" : 65.92,
    "operatingProfit" : 2.65,
    "netProfitMargin" : 21.64,
    "netProfit" : 0.87
  }, {
    "date" : "2015-09-30",
    "sales" : 4.10,
    "salesGrowthYoY" : 13.26,
    "grossProfitMargin" : 100.00,
    "grossProfit" : 4.10,
    "operatingProfitMargin" : 60.24,
    "operatingProfit" : 2.47,
    "netProfitMargin" : 16.59,
    "netProfit" : 0.68
  }, {
    "date" : "2015-12-31",
    "sales" : 3.67,
    "salesGrowthYoY" : 0.27,
    "grossProfitMargin" : 100.00,
    "grossProfit" : 3.67,
    "operatingProfitMargin" : 50.68,
    "operatingProfit" : 1.86,
    "netProfitMargin" : 11.72,
    "netProfit" : 0.43
  }, {
    "date" : "2016-03-31",
    "sales" : 4.12,
    "salesGrowthYoY" : -7.62,
    "grossProfitMargin" : 100.00,
    "grossProfit" : 4.12,
    "operatingProfitMargin" : 62.14,
    "operatingProfit" : 2.56,
    "netProfitMargin" : 12.38,
    "netProfit" : 0.51
  }, {
    "date" : "2016-06-30",
    "sales" : 3.75,
    "salesGrowthYoY" : -6.72,
    "grossProfitMargin" : 100.00,
    "grossProfit" : 3.75,
    "operatingProfitMargin" : 56.53,
    "operatingProfit" : 2.12,
    "netProfitMargin" : 20.27,
    "netProfit" : 0.76
  }, {
    "date" : "2016-09-30",
    "sales" : 4.19,
    "salesGrowthYoY" : 2.20,
    "grossProfitMargin" : 100.00,
    "grossProfit" : 4.19,
    "operatingProfitMargin" : 64.92,
    "operatingProfit" : 2.72,
    "netProfitMargin" : 21.24,
    "netProfit" : 0.89
  }, {
    "date" : "2016-12-31",
    "sales" : 4.13,
    "salesGrowthYoY" : 12.53,
    "grossProfitMargin" : 100.00,
    "grossProfit" : 4.13,
    "operatingProfitMargin" : 49.88,
    "operatingProfit" : 2.06,
    "netProfitMargin" : 14.29,
    "netProfit" : 0.59
  }, {
    "date" : "2017-03-31",
    "sales" : 4.49,
    "salesGrowthYoY" : 8.98,
    "grossProfitMargin" : 100.00,
    "grossProfit" : 4.49,
    "operatingProfitMargin" : 39.87,
    "operatingProfit" : 1.79,
    "netProfitMargin" : 5.79,
    "netProfit" : 0.26
  }, {
    "date" : "2017-06-30",
    "sales" : 4.77,
    "salesGrowthYoY" : 27.20,
    "grossProfitMargin" : 100.00,
    "grossProfit" : 4.77,
    "operatingProfitMargin" : 52.62,
    "operatingProfit" : 2.51,
    "netProfitMargin" : 15.09,
    "netProfit" : 0.72
  }, {
    "date" : "2017-09-30",
    "sales" : 6.26,
    "salesGrowthYoY" : 49.40,
    "grossProfitMargin" : 100.00,
    "grossProfit" : 6.26,
    "operatingProfitMargin" : 56.23,
    "operatingProfit" : 3.52,
    "netProfitMargin" : 10.70,
    "netProfit" : 0.67
  }, {
    "date" : "2017-12-31",
    "sales" : 8.18,
    "salesGrowthYoY" : 98.06,
    "grossProfitMargin" : 100.00,
    "grossProfit" : 8.18,
    "operatingProfitMargin" : 63.94,
    "operatingProfit" : 5.23,
    "netProfitMargin" : 18.09,
    "netProfit" : 1.48
  }, {
    "date" : "2018-03-31",
    "sales" : 8.09,
    "salesGrowthYoY" : 80.18,
    "grossProfitMargin" : 100.00,
    "grossProfit" : 8.09,
    "operatingProfitMargin" : 51.42,
    "operatingProfit" : 4.16,
    "netProfitMargin" : 4.20,
    "netProfit" : 0.34
  }, {
    "date" : "2018-06-30",
    "sales" : 9.16,
    "salesGrowthYoY" : 92.03,
    "grossProfitMargin" : 100.00,
    "grossProfit" : 9.16,
    "operatingProfitMargin" : 56.77,
    "operatingProfit" : 5.20,
    "netProfitMargin" : 21.94,
    "netProfit" : 2.01
  }, {
    "date" : "2018-09-30",
    "sales" : 10.95,
    "salesGrowthYoY" : 74.92,
    "grossProfitMargin" : 100.00,
    "grossProfit" : 10.95,
    "operatingProfitMargin" : 66.48,
    "operatingProfit" : 7.28,
    "netProfitMargin" : 31.60,
    "netProfit" : 3.46
  }, {
    "date" : "2018-12-31",
    "sales" : 12.77,
    "salesGrowthYoY" : 56.11,
    "grossProfitMargin" : 100.00,
    "grossProfit" : 12.77,
    "operatingProfitMargin" : 66.48,
    "operatingProfit" : 8.49,
    "netProfitMargin" : 26.70,
    "netProfit" : 3.41
  }, {
    "date" : "2019-03-31",
    "sales" : 13.81,
    "salesGrowthYoY" : 70.70,
    "grossProfitMargin" : 100.00,
    "grossProfit" : 13.81,
    "operatingProfitMargin" : 62.20,
    "operatingProfit" : 8.59,
    "netProfitMargin" : 25.13,
    "netProfit" : 3.47
  }, {
    "date" : "2019-06-30",
    "sales" : 15.85,
    "salesGrowthYoY" : 73.03,
    "grossProfitMargin" : 100.00,
    "grossProfit" : 15.85,
    "operatingProfitMargin" : 69.21,
    "operatingProfit" : 10.97,
    "netProfitMargin" : 33.00,
    "netProfit" : 5.23
  }, {
    "date" : "2019-09-30",
    "sales" : 16.75,
    "salesGrowthYoY" : 52.97,
    "grossProfitMargin" : 100.00,
    "grossProfit" : 16.75,
    "operatingProfitMargin" : 71.94,
    "operatingProfit" : 12.05,
    "netProfitMargin" : 32.36,
    "netProfit" : 5.42
  }, {
    "date" : "2019-12-31",
    "sales" : 18.28,
    "salesGrowthYoY" : 43.15,
    "grossProfitMargin" : 100.00,
    "grossProfit" : 18.28,
    "operatingProfitMargin" : 65.65,
    "operatingProfit" : 12.00,
    "netProfitMargin" : 29.70,
    "netProfit" : 5.43
  }, {
    "date" : "2020-03-31",
    "sales" : 16.47,
    "salesGrowthYoY" : 19.26,
    "grossProfitMargin" : 100.00,
    "grossProfit" : 16.47,
    "operatingProfitMargin" : 43.78,
    "operatingProfit" : 7.21,
    "netProfitMargin" : 13.05,
    "netProfit" : 2.15
  }, {
    "date" : "2020-06-30",
    "sales" : 16.18,
    "salesGrowthYoY" : 2.08,
    "grossProfitMargin" : 100.00,
    "grossProfit" : 16.18,
    "operatingProfitMargin" : 53.40,
    "operatingProfit" : 8.64,
    "netProfitMargin" : 20.15,
    "netProfit" : 3.26
  }, {
    "date" : "2020-09-30",
    "sales" : 16.44,
    "salesGrowthYoY" : -1.85,
    "grossProfitMargin" : 100.00,
    "grossProfit" : 16.44,
    "operatingProfitMargin" : 36.19,
    "operatingProfit" : 5.95,
    "netProfitMargin" : 10.34,
    "netProfit" : 1.70
  }, {
    "date" : "2020-12-31",
    "sales" : 14.67,
    "salesGrowthYoY" : -19.75,
    "grossProfitMargin" : 100.00,
    "grossProfit" : 14.67,
    "operatingProfitMargin" : 50.24,
    "operatingProfit" : 7.37,
    "netProfitMargin" : 17.38,
    "netProfit" : 2.55
  }, {
    "date" : "2021-03-31",
    "sales" : 13.17,
    "salesGrowthYoY" : -20.04,
    "grossProfitMargin" : 100.00,
    "grossProfit" : 13.17,
    "operatingProfitMargin" : 33.64,
    "operatingProfit" : 4.43,
    "netProfitMargin" : 3.72,
    "netProfit" : 0.49
  }, {
    "date" : "2021-06-30",
    "sales" : 13.60,
    "salesGrowthYoY" : -15.95,
    "grossProfitMargin" : 100.00,
    "grossProfit" : 13.60,
    "operatingProfitMargin" : 46.18,
    "operatingProfit" : 6.28,
    "netProfitMargin" : 15.29,
    "netProfit" : 2.08
  }, {
    "date" : "2021-09-30",
    "sales" : 13.42,
    "salesGrowthYoY" : -18.37,
    "grossProfitMargin" : 100.00,
    "grossProfit" : 13.42,
    "operatingProfitMargin" : 47.91,
    "operatingProfit" : 6.43,
    "netProfitMargin" : 15.20,
    "netProfit" : 2.04
  }, {
    "date" : "2021-12-31",
    "sales" : 15.28,
    "salesGrowthYoY" : 4.16,
    "grossProfitMargin" : 100.00,
    "grossProfit" : 15.28,
    "operatingProfitMargin" : 62.30,
    "operatingProfit" : 9.52,
    "netProfitMargin" : 29.25,
    "netProfit" : 4.47
  }, {
    "date" : "2022-03-31",
    "sales" : 19.74,
    "salesGrowthYoY" : 49.89,
    "grossProfitMargin" : 100.00,
    "grossProfit" : 19.74,
    "operatingProfitMargin" : 65.30,
    "operatingProfit" : 12.89,
    "netProfitMargin" : 38.70,
    "netProfit" : 7.64
  }, {
    "date" : "2022-06-30",
    "sales" : 21.45,
    "salesGrowthYoY" : 57.72,
    "grossProfitMargin" : 100.00,
    "grossProfit" : 21.45,
    "operatingProfitMargin" : 64.76,
    "operatingProfit" : 13.89,
    "netProfitMargin" : 31.33,
    "netProfit" : 6.72
  }, {
    "date" : "2022-09-30",
    "sales" : 21.62,
    "salesGrowthYoY" : 61.10,
    "grossProfitMargin" : 100.00,
    "grossProfit" : 21.62,
    "operatingProfitMargin" : 74.19,
    "operatingProfit" : 16.04,
    "netProfitMargin" : 36.54,
    "netProfit" : 7.90
  }, {
    "date" : "2022-12-31",
    "sales" : 23.69,
    "salesGrowthYoY" : 55.04,
    "grossProfitMargin" : 100.00,
    "grossProfit" : 23.69,
    "operatingProfitMargin" : 73.41,
    "operatingProfit" : 17.39,
    "netProfitMargin" : 28.24,
    "netProfit" : 6.69
  }, {
    "date" : "2023-03-31",
    "sales" : 27.64,
    "salesGrowthYoY" : 40.02,
    "grossProfitMargin" : 100.00,
    "grossProfit" : 27.64,
    "operatingProfitMargin" : 69.97,
    "operatingProfit" : 19.34,
    "netProfitMargin" : 25.51,
    "netProfit" : 7.05
  }, {
    "date" : "2023-06-30",
    "sales" : 29.38,
    "salesGrowthYoY" : 36.97,
    "grossProfitMargin" : 100.00,
    "grossProfit" : 29.38,
    "operatingProfitMargin" : 69.78,
    "operatingProfit" : 20.50,
    "netProfitMargin" : 27.47,
    "netProfit" : 8.07
  }, {
    "date" : "2023-09-30",
    "sales" : 33.78,
    "salesGrowthYoY" : 56.24,
    "grossProfitMargin" : 100.00,
    "grossProfit" : 33.78,
    "operatingProfitMargin" : 71.28,
    "operatingProfit" : 24.08,
    "netProfitMargin" : 26.29,
    "netProfit" : 8.88
  }, {
    "date" : "2023-12-31",
    "sales" : 32.61,
    "salesGrowthYoY" : 37.65,
    "grossProfitMargin" : 100.00,
    "grossProfit" : 32.61,
    "operatingProfitMargin" : 67.74,
    "operatingProfit" : 22.09,
    "netProfitMargin" : 28.64,
    "netProfit" : 9.34
  }, {
    "date" : "2024-03-31",
    "sales" : 37.74,
    "salesGrowthYoY" : 36.54,
    "grossProfitMargin" : 100.00,
    "grossProfit" : 37.74,
    "operatingProfitMargin" : 65.63,
    "operatingProfit" : 24.77,
    "netProfitMargin" : 30.76,
    "netProfit" : 11.61
  }, {
    "date" : "2024-06-30",
    "sales" : 42.18,
    "salesGrowthYoY" : 43.57,
    "grossProfitMargin" : 100.00,
    "grossProfit" : 42.18,
    "operatingProfitMargin" : 60.27,
    "operatingProfit" : 25.42,
    "netProfitMargin" : 29.82,
    "netProfit" : 12.58
  }, {
    "date" : "2024-09-30",
    "sales" : 44.12,
    "salesGrowthYoY" : 30.61,
    "grossProfitMargin" : 100.00,
    "grossProfit" : 44.12,
    "operatingProfitMargin" : 54.35,
    "operatingProfit" : 23.98,
    "netProfitMargin" : 17.97,
    "netProfit" : 7.93
  }, {
    "date" : "2024-12-31",
    "sales" : 45.02,
    "salesGrowthYoY" : 38.06,
    "grossProfitMargin" : 100.00,
    "grossProfit" : 45.02,
    "operatingProfitMargin" : 53.73,
    "operatingProfit" : 24.19,
    "netProfitMargin" : 21.92,
    "netProfit" : 9.87
  }, {
    "date" : "2025-03-31",
    "sales" : 50.56,
    "salesGrowthYoY" : 33.97,
    "grossProfitMargin" : 100.00,
    "grossProfit" : 50.56,
    "operatingProfitMargin" : 49.29,
    "operatingProfit" : 24.92,
    "netProfitMargin" : 25.30,
    "netProfit" : 12.79
  }, {
    "date" : "2025-06-30",
    "sales" : 50.25,
    "salesGrowthYoY" : 19.13,
    "grossProfitMargin" : 100.00,
    "grossProfit" : 50.25,
    "operatingProfitMargin" : 53.99,
    "operatingProfit" : 27.13,
    "netProfitMargin" : 24.78,
    "netProfit" : 12.45
  }, {
    "date" : "2025-09-30",
    "sales" : 51.74,
    "salesGrowthYoY" : 17.27,
    "grossProfitMargin" : 100.00,
    "grossProfit" : 51.74,
    "operatingProfitMargin" : 49.57,
    "operatingProfit" : 25.65,
    "netProfitMargin" : 17.22,
    "netProfit" : 8.91
  }, {
    "date" : "2025-12-31",
    "sales" : 53.63,
    "salesGrowthYoY" : 19.12,
    "grossProfitMargin" : 100.00,
    "grossProfit" : 53.63,
    "operatingProfitMargin" : 49.13,
    "operatingProfit" : 26.35,
    "netProfitMargin" : 17.53,
    "netProfit" : 9.40
  } ],
  "latestQuarterlyResult" : {
    "date" : "2025-12-31",
    "sales" : 53.63,
    "salesGrowthYoY" : 19.12,
    "grossProfitMargin" : 100.00,
    "grossProfit" : 53.63,
    "operatingProfitMargin" : 49.13,
    "operatingProfit" : 26.35,
    "netProfitMargin" : 17.53,
    "netProfit" : 9.40
  },
  "companyScore" : {
    "priceHigherThanDma50" : 5.00,
    "priceHigherThanDma100" : 5.00,
    "priceHigherThanDma200" : 5.00,
    "dma50HigherThanDma100" : 0.00,
    "dma50HigherThanDma200" : 5.00,
    "dma100HigherThanDma200" : 5.00,
    "pricePercentageAboveDma50" : 4.71,
    "pricePercentageAboveDma100" : 4.73,
    "pricePercentageAboveDma200" : 4.68,
    "weeklyVolumeHigherThanYearlyVolume" : 5.00,
    "salesGrowthPercentile" : 9.00,
    "operatingProfitMarginPercentile" : 9.26,
    "netProfitMarginPercentile" : 5.32,
    "totalTechnicalScore" : 44.12,
    "totalFundamentalScore" : 23.57,
    "totalScore" : 67.69
  }
}