{
  "metadata" : {
    "screenerCompanyId" : "346",
    "companyCode" : "AVTNPL",
    "companyName" : "AVT Natural Prod",
    "screenerCompanyLink" : "https://www.screener.in/company/AVTNPL",
    "screenerTechnicalHistoryLink" : "https://www.screener.in/api/company/346/chart/?q=Price-DMA50-DMA200-Volume&days=365",
    "screenerQuarterlyResultsLink" : "https://www.screener.in/api/company/346/chart/?q=GPM-OPM-NPM-Quarter+Sales&days=10000",
    "attributes" : {
      "companyCode" : "AVTNPL",
      "companyName" : "AVT Natural Prod",
      "marketCap" : 1047.00,
      "peRatio" : 21.70,
      "description" : "AVT Natural Products Limited is a part of the A.V. Thomas Group. The Company is engaged in the business of manufacturing plant-based extracts and natural ingredients solutions for the food, beverage, animal nutrition and nutraceutical industries of the world. [1]"
    },
    "companyScore" : {
      "priceHigherThanDma50" : 0.00,
      "priceHigherThanDma100" : 0.00,
      "priceHigherThanDma200" : 0.00,
      "dma50HigherThanDma100" : 0.00,
      "dma50HigherThanDma200" : 0.00,
      "dma100HigherThanDma200" : 5.00,
      "pricePercentageAboveDma50" : 5.13,
      "pricePercentageAboveDma100" : 5.20,
      "pricePercentageAboveDma200" : 5.16,
      "weeklyVolumeHigherThanYearlyVolume" : 0.00,
      "salesGrowthPercentile" : 16.20,
      "operatingProfitMarginPercentile" : 3.22,
      "netProfitMarginPercentile" : 4.00,
      "totalTechnicalScore" : 20.50,
      "totalFundamentalScore" : 23.42,
      "totalScore" : 43.92
    }
  },
  "attributes" : {
    "companyCode" : "AVTNPL",
    "companyName" : "AVT Natural Prod",
    "marketCap" : 1047.00,
    "peRatio" : 21.70,
    "description" : "AVT Natural Products Limited is a part of the A.V. Thomas Group. The Company is engaged in the business of manufacturing plant-based extracts and natural ingredients solutions for the food, beverage, animal nutrition and nutraceutical industries of the world. [1]"
  },
  "technicalHistory" : [ {
    "date" : "2024-11-29",
    "price" : 79.35,
    "dma50" : 82.69,
    "dma100" : null,
    "dma200" : 86.83,
    "volume" : 33589.00
  }, {
    "date" : "2024-12-02",
    "price" : 79.94,
    "dma50" : 82.59,
    "dma100" : null,
    "dma200" : 86.76,
    "volume" : 56722.00
  }, {
    "date" : "2024-12-03",
    "price" : 81.85,
    "dma50" : 82.56,
    "dma100" : null,
    "dma200" : 86.71,
    "volume" : 273268.00
  }, {
    "date" : "2024-12-04",
    "price" : 81.12,
    "dma50" : 82.50,
    "dma100" : null,
    "dma200" : 86.66,
    "volume" : 138758.00
  }, {
    "date" : "2024-12-05",
    "price" : 80.40,
    "dma50" : 82.42,
    "dma100" : null,
    "dma200" : 86.59,
    "volume" : 89547.00
  }, {
    "date" : "2024-12-06",
    "price" : 80.14,
    "dma50" : 82.33,
    "dma100" : null,
    "dma200" : 86.53,
    "volume" : 106882.00
  }, {
    "date" : "2024-12-09",
    "price" : 80.12,
    "dma50" : 82.24,
    "dma100" : null,
    "dma200" : 86.47,
    "volume" : 73167.00
  }, {
    "date" : "2024-12-10",
    "price" : 81.59,
    "dma50" : 82.22,
    "dma100" : null,
    "dma200" : 86.42,
    "volume" : 210356.00
  }, {
    "date" : "2024-12-11",
    "price" : 80.48,
    "dma50" : 82.15,
    "dma100" : null,
    "dma200" : 86.36,
    "volume" : 79005.00
  }, {
    "date" : "2024-12-12",
    "price" : 80.45,
    "dma50" : 82.08,
    "dma100" : null,
    "dma200" : 86.30,
    "volume" : 62386.00
  }, {
    "date" : "2024-12-13",
    "price" : 80.78,
    "dma50" : 82.03,
    "dma100" : null,
    "dma200" : 86.24,
    "volume" : 79392.00
  }, {
    "date" : "2024-12-16",
    "price" : 80.35,
    "dma50" : 81.96,
    "dma100" : null,
    "dma200" : 86.19,
    "volume" : 88540.00
  }, {
    "date" : "2024-12-17",
    "price" : 79.98,
    "dma50" : 81.89,
    "dma100" : null,
    "dma200" : 86.12,
    "volume" : 129276.00
  }, {
    "date" : "2024-12-18",
    "price" : 78.89,
    "dma50" : 81.77,
    "dma100" : null,
    "dma200" : 86.05,
    "volume" : 59804.00
  }, {
    "date" : "2024-12-19",
    "price" : 78.11,
    "dma50" : 81.63,
    "dma100" : null,
    "dma200" : 85.97,
    "volume" : 73047.00
  }, {
    "date" : "2024-12-20",
    "price" : 76.94,
    "dma50" : 81.44,
    "dma100" : null,
    "dma200" : 85.88,
    "volume" : 108218.00
  }, {
    "date" : "2024-12-23",
    "price" : 77.12,
    "dma50" : 81.27,
    "dma100" : null,
    "dma200" : 85.80,
    "volume" : 51744.00
  }, {
    "date" : "2024-12-24",
    "price" : 77.38,
    "dma50" : 81.12,
    "dma100" : null,
    "dma200" : 85.71,
    "volume" : 40652.00
  }, {
    "date" : "2024-12-26",
    "price" : 77.40,
    "dma50" : 80.97,
    "dma100" : null,
    "dma200" : 85.63,
    "volume" : 57135.00
  }, {
    "date" : "2024-12-27",
    "price" : 77.06,
    "dma50" : 80.82,
    "dma100" : null,
    "dma200" : 85.54,
    "volume" : 38747.00
  }, {
    "date" : "2024-12-30",
    "price" : 75.10,
    "dma50" : 80.60,
    "dma100" : null,
    "dma200" : 85.44,
    "volume" : 107964.00
  }, {
    "date" : "2024-12-31",
    "price" : 75.19,
    "dma50" : 80.38,
    "dma100" : null,
    "dma200" : 85.34,
    "volume" : 74173.00
  }, {
    "date" : "2025-01-01",
    "price" : 76.43,
    "dma50" : 80.23,
    "dma100" : null,
    "dma200" : 85.25,
    "volume" : 31650.00
  }, {
    "date" : "2025-01-02",
    "price" : 77.75,
    "dma50" : 80.13,
    "dma100" : null,
    "dma200" : 85.17,
    "volume" : 114112.00
  }, {
    "date" : "2025-01-03",
    "price" : 77.54,
    "dma50" : 80.03,
    "dma100" : null,
    "dma200" : 85.10,
    "volume" : 38988.00
  }, {
    "date" : "2025-01-06",
    "price" : 74.72,
    "dma50" : 79.82,
    "dma100" : null,
    "dma200" : 85.00,
    "volume" : 84563.00
  }, {
    "date" : "2025-01-07",
    "price" : 74.82,
    "dma50" : 79.63,
    "dma100" : null,
    "dma200" : 84.89,
    "volume" : 52896.00
  }, {
    "date" : "2025-01-08",
    "price" : 74.01,
    "dma50" : 79.41,
    "dma100" : null,
    "dma200" : 84.79,
    "volume" : 50881.00
  }, {
    "date" : "2025-01-09",
    "price" : 72.09,
    "dma50" : 79.12,
    "dma100" : null,
    "dma200" : 84.66,
    "volume" : 124055.00
  }, {
    "date" : "2025-01-10",
    "price" : 71.31,
    "dma50" : 78.81,
    "dma100" : null,
    "dma200" : 84.53,
    "volume" : 70056.00
  }, {
    "date" : "2025-01-13",
    "price" : 67.81,
    "dma50" : 78.38,
    "dma100" : null,
    "dma200" : 84.36,
    "volume" : 108353.00
  }, {
    "date" : "2025-01-14",
    "price" : 70.65,
    "dma50" : 78.08,
    "dma100" : null,
    "dma200" : 84.22,
    "volume" : 69057.00
  }, {
    "date" : "2025-01-15",
    "price" : 70.99,
    "dma50" : 77.80,
    "dma100" : null,
    "dma200" : 84.09,
    "volume" : 44579.00
  }, {
    "date" : "2025-01-16",
    "price" : 70.75,
    "dma50" : 77.52,
    "dma100" : null,
    "dma200" : 83.96,
    "volume" : 50613.00
  }, {
    "date" : "2025-01-17",
    "price" : 71.57,
    "dma50" : 77.29,
    "dma100" : null,
    "dma200" : 83.84,
    "volume" : 53391.00
  }, {
    "date" : "2025-01-20",
    "price" : 73.84,
    "dma50" : 77.15,
    "dma100" : null,
    "dma200" : 83.74,
    "volume" : 201285.00
  }, {
    "date" : "2025-01-21",
    "price" : 74.98,
    "dma50" : 77.07,
    "dma100" : null,
    "dma200" : 83.65,
    "volume" : 126933.00
  }, {
    "date" : "2025-01-22",
    "price" : 74.55,
    "dma50" : 76.97,
    "dma100" : null,
    "dma200" : 83.56,
    "volume" : 91689.00
  }, {
    "date" : "2025-01-23",
    "price" : 75.01,
    "dma50" : 76.89,
    "dma100" : null,
    "dma200" : 83.47,
    "volume" : 28196.00
  }, {
    "date" : "2025-01-24",
    "price" : 74.11,
    "dma50" : 76.78,
    "dma100" : null,
    "dma200" : 83.38,
    "volume" : 30765.00
  }, {
    "date" : "2025-01-27",
    "price" : 72.36,
    "dma50" : 76.61,
    "dma100" : null,
    "dma200" : 83.27,
    "volume" : 69169.00
  }, {
    "date" : "2025-01-28",
    "price" : 72.26,
    "dma50" : 76.44,
    "dma100" : null,
    "dma200" : 83.16,
    "volume" : 66414.00
  }, {
    "date" : "2025-01-29",
    "price" : 73.72,
    "dma50" : 76.33,
    "dma100" : null,
    "dma200" : 83.07,
    "volume" : 60532.00
  }, {
    "date" : "2025-01-30",
    "price" : 77.30,
    "dma50" : 76.37,
    "dma100" : null,
    "dma200" : 83.01,
    "volume" : 120840.00
  }, {
    "date" : "2025-01-31",
    "price" : 75.43,
    "dma50" : 76.33,
    "dma100" : null,
    "dma200" : 82.94,
    "volume" : 66608.00
  }, {
    "date" : "2025-02-01",
    "price" : 77.02,
    "dma50" : 76.36,
    "dma100" : null,
    "dma200" : 82.88,
    "volume" : 68028.00
  }, {
    "date" : "2025-02-03",
    "price" : 77.32,
    "dma50" : 76.40,
    "dma100" : null,
    "dma200" : 82.82,
    "volume" : 60801.00
  }, {
    "date" : "2025-02-04",
    "price" : 77.03,
    "dma50" : 76.42,
    "dma100" : null,
    "dma200" : 82.76,
    "volume" : 33725.00
  }, {
    "date" : "2025-02-05",
    "price" : 76.92,
    "dma50" : 76.44,
    "dma100" : null,
    "dma200" : 82.71,
    "volume" : 21567.00
  }, {
    "date" : "2025-02-06",
    "price" : 76.43,
    "dma50" : 76.44,
    "dma100" : null,
    "dma200" : 82.64,
    "volume" : 33305.00
  }, {
    "date" : "2025-02-07",
    "price" : 75.51,
    "dma50" : 76.41,
    "dma100" : null,
    "dma200" : 82.57,
    "volume" : 54907.00
  }, {
    "date" : "2025-02-10",
    "price" : 75.01,
    "dma50" : 76.35,
    "dma100" : null,
    "dma200" : 82.50,
    "volume" : 50746.00
  }, {
    "date" : "2025-02-11",
    "price" : 74.24,
    "dma50" : 76.27,
    "dma100" : null,
    "dma200" : 82.41,
    "volume" : 59225.00
  }, {
    "date" : "2025-02-12",
    "price" : 74.55,
    "dma50" : 76.20,
    "dma100" : null,
    "dma200" : 82.34,
    "volume" : 159209.00
  }, {
    "date" : "2025-02-13",
    "price" : 74.24,
    "dma50" : 76.12,
    "dma100" : null,
    "dma200" : 82.26,
    "volume" : 52206.00
  }, {
    "date" : "2025-02-14",
    "price" : 68.39,
    "dma50" : 75.82,
    "dma100" : null,
    "dma200" : 82.12,
    "volume" : 280629.00
  }, {
    "date" : "2025-02-17",
    "price" : 65.61,
    "dma50" : 75.42,
    "dma100" : null,
    "dma200" : 81.95,
    "volume" : 141678.00
  }, {
    "date" : "2025-02-18",
    "price" : 63.39,
    "dma50" : 74.95,
    "dma100" : null,
    "dma200" : 81.77,
    "volume" : 173349.00
  }, {
    "date" : "2025-02-19",
    "price" : 61.89,
    "dma50" : 74.44,
    "dma100" : null,
    "dma200" : 81.57,
    "volume" : 250256.00
  }, {
    "date" : "2025-02-20",
    "price" : 64.01,
    "dma50" : 74.03,
    "dma100" : null,
    "dma200" : 81.40,
    "volume" : 182691.00
  }, {
    "date" : "2025-02-21",
    "price" : 62.73,
    "dma50" : 73.58,
    "dma100" : null,
    "dma200" : 81.21,
    "volume" : 176549.00
  }, {
    "date" : "2025-02-24",
    "price" : 62.72,
    "dma50" : 73.16,
    "dma100" : null,
    "dma200" : 81.03,
    "volume" : 69480.00
  }, {
    "date" : "2025-02-25",
    "price" : 61.81,
    "dma50" : 72.71,
    "dma100" : null,
    "dma200" : 80.84,
    "volume" : 38084.00
  }, {
    "date" : "2025-02-27",
    "price" : 59.58,
    "dma50" : 72.20,
    "dma100" : null,
    "dma200" : 80.62,
    "volume" : 109626.00
  }, {
    "date" : "2025-02-28",
    "price" : 55.91,
    "dma50" : 71.56,
    "dma100" : null,
    "dma200" : 80.38,
    "volume" : 163302.00
  }, {
    "date" : "2025-03-03",
    "price" : 56.19,
    "dma50" : 70.96,
    "dma100" : null,
    "dma200" : 80.14,
    "volume" : 222249.00
  }, {
    "date" : "2025-03-04",
    "price" : 56.78,
    "dma50" : 70.40,
    "dma100" : null,
    "dma200" : 79.90,
    "volume" : 132619.00
  }, {
    "date" : "2025-03-05",
    "price" : 58.51,
    "dma50" : 69.93,
    "dma100" : null,
    "dma200" : 79.69,
    "volume" : 173639.00
  }, {
    "date" : "2025-03-06",
    "price" : 60.76,
    "dma50" : 69.58,
    "dma100" : null,
    "dma200" : 79.50,
    "volume" : 102032.00
  }, {
    "date" : "2025-03-07",
    "price" : 59.64,
    "dma50" : 69.19,
    "dma100" : null,
    "dma200" : 79.31,
    "volume" : 106582.00
  }, {
    "date" : "2025-03-10",
    "price" : 57.62,
    "dma50" : 68.73,
    "dma100" : null,
    "dma200" : 79.09,
    "volume" : 96761.00
  }, {
    "date" : "2025-03-11",
    "price" : 56.38,
    "dma50" : 68.25,
    "dma100" : null,
    "dma200" : 78.86,
    "volume" : 135523.00
  }, {
    "date" : "2025-03-12",
    "price" : 55.36,
    "dma50" : 67.74,
    "dma100" : null,
    "dma200" : 78.63,
    "volume" : 80707.00
  }, {
    "date" : "2025-03-13",
    "price" : 54.58,
    "dma50" : 67.23,
    "dma100" : null,
    "dma200" : 78.39,
    "volume" : 88119.00
  }, {
    "date" : "2025-03-17",
    "price" : 52.71,
    "dma50" : 66.66,
    "dma100" : null,
    "dma200" : 78.14,
    "volume" : 143828.00
  }, {
    "date" : "2025-03-18",
    "price" : 54.76,
    "dma50" : 66.19,
    "dma100" : null,
    "dma200" : 77.90,
    "volume" : 179864.00
  }, {
    "date" : "2025-03-19",
    "price" : 56.80,
    "dma50" : 65.82,
    "dma100" : null,
    "dma200" : 77.69,
    "volume" : 166175.00
  }, {
    "date" : "2025-03-20",
    "price" : 57.28,
    "dma50" : 65.49,
    "dma100" : null,
    "dma200" : 77.49,
    "volume" : 281196.00
  }, {
    "date" : "2025-03-21",
    "price" : 58.40,
    "dma50" : 65.21,
    "dma100" : null,
    "dma200" : 77.30,
    "volume" : 188323.00
  }, {
    "date" : "2025-03-24",
    "price" : 57.68,
    "dma50" : 64.91,
    "dma100" : null,
    "dma200" : 77.10,
    "volume" : 161458.00
  }, {
    "date" : "2025-03-25",
    "price" : 56.02,
    "dma50" : 64.56,
    "dma100" : null,
    "dma200" : 76.89,
    "volume" : 130135.00
  }, {
    "date" : "2025-03-26",
    "price" : 56.53,
    "dma50" : 64.25,
    "dma100" : null,
    "dma200" : 76.69,
    "volume" : 229038.00
  }, {
    "date" : "2025-03-27",
    "price" : 54.52,
    "dma50" : 63.87,
    "dma100" : null,
    "dma200" : 76.47,
    "volume" : 176080.00
  }, {
    "date" : "2025-03-28",
    "price" : 53.98,
    "dma50" : 63.48,
    "dma100" : null,
    "dma200" : 76.25,
    "volume" : 221369.00
  }, {
    "date" : "2025-04-01",
    "price" : 56.03,
    "dma50" : 63.19,
    "dma100" : null,
    "dma200" : 76.05,
    "volume" : 106385.00
  }, {
    "date" : "2025-04-02",
    "price" : 57.19,
    "dma50" : 62.95,
    "dma100" : null,
    "dma200" : 75.86,
    "volume" : 74947.00
  }, {
    "date" : "2025-04-03",
    "price" : 58.00,
    "dma50" : 62.76,
    "dma100" : null,
    "dma200" : 75.68,
    "volume" : 97739.00
  }, {
    "date" : "2025-04-04",
    "price" : 55.17,
    "dma50" : 62.46,
    "dma100" : null,
    "dma200" : 75.48,
    "volume" : 121984.00
  }, {
    "date" : "2025-04-07",
    "price" : 54.42,
    "dma50" : 62.15,
    "dma100" : null,
    "dma200" : 75.27,
    "volume" : 123033.00
  }, {
    "date" : "2025-04-08",
    "price" : 56.25,
    "dma50" : 61.91,
    "dma100" : null,
    "dma200" : 75.08,
    "volume" : 90293.00
  }, {
    "date" : "2025-04-09",
    "price" : 57.88,
    "dma50" : 61.76,
    "dma100" : null,
    "dma200" : 74.91,
    "volume" : 98130.00
  }, {
    "date" : "2025-04-11",
    "price" : 60.74,
    "dma50" : 61.72,
    "dma100" : null,
    "dma200" : 74.77,
    "volume" : 156754.00
  }, {
    "date" : "2025-04-15",
    "price" : 62.54,
    "dma50" : 61.75,
    "dma100" : null,
    "dma200" : 74.64,
    "volume" : 77509.00
  }, {
    "date" : "2025-04-16",
    "price" : 60.80,
    "dma50" : 61.71,
    "dma100" : null,
    "dma200" : 74.51,
    "volume" : 160257.00
  }, {
    "date" : "2025-04-17",
    "price" : 60.78,
    "dma50" : 61.68,
    "dma100" : null,
    "dma200" : 74.37,
    "volume" : 91333.00
  }, {
    "date" : "2025-04-21",
    "price" : 61.26,
    "dma50" : 61.66,
    "dma100" : null,
    "dma200" : 74.24,
    "volume" : 79699.00
  }, {
    "date" : "2025-04-22",
    "price" : 62.39,
    "dma50" : 61.69,
    "dma100" : null,
    "dma200" : 74.12,
    "volume" : 76557.00
  }, {
    "date" : "2025-04-23",
    "price" : 63.32,
    "dma50" : 61.75,
    "dma100" : null,
    "dma200" : 74.01,
    "volume" : 87028.00
  }, {
    "date" : "2025-04-24",
    "price" : 62.00,
    "dma50" : 61.76,
    "dma100" : null,
    "dma200" : 73.89,
    "volume" : 219860.00
  }, {
    "date" : "2025-04-25",
    "price" : 60.71,
    "dma50" : 61.72,
    "dma100" : null,
    "dma200" : 73.76,
    "volume" : 90592.00
  }, {
    "date" : "2025-04-28",
    "price" : 60.76,
    "dma50" : 61.68,
    "dma100" : 68.23,
    "dma200" : 73.63,
    "volume" : 54872.00
  }, {
    "date" : "2025-04-29",
    "price" : 61.66,
    "dma50" : 61.68,
    "dma100" : 68.05,
    "dma200" : 73.52,
    "volume" : 66872.00
  }, {
    "date" : "2025-04-30",
    "price" : 61.34,
    "dma50" : 61.67,
    "dma100" : 67.85,
    "dma200" : 73.39,
    "volume" : 67035.00
  }, {
    "date" : "2025-05-02",
    "price" : 63.90,
    "dma50" : 61.76,
    "dma100" : 67.67,
    "dma200" : 73.30,
    "volume" : 273517.00
  }, {
    "date" : "2025-05-05",
    "price" : 64.09,
    "dma50" : 61.85,
    "dma100" : 67.51,
    "dma200" : 73.21,
    "volume" : 31649.00
  }, {
    "date" : "2025-05-06",
    "price" : 62.21,
    "dma50" : 61.86,
    "dma100" : 67.33,
    "dma200" : 73.10,
    "volume" : 37864.00
  }, {
    "date" : "2025-05-07",
    "price" : 62.06,
    "dma50" : 61.87,
    "dma100" : 67.15,
    "dma200" : 72.99,
    "volume" : 45893.00
  }, {
    "date" : "2025-05-08",
    "price" : 62.11,
    "dma50" : 61.88,
    "dma100" : 66.96,
    "dma200" : 72.88,
    "volume" : 34642.00
  }, {
    "date" : "2025-05-09",
    "price" : 60.99,
    "dma50" : 61.84,
    "dma100" : 66.76,
    "dma200" : 72.76,
    "volume" : 48099.00
  }, {
    "date" : "2025-05-12",
    "price" : 63.36,
    "dma50" : 61.90,
    "dma100" : 66.59,
    "dma200" : 72.67,
    "volume" : 66554.00
  }, {
    "date" : "2025-05-13",
    "price" : 64.94,
    "dma50" : 62.02,
    "dma100" : 66.43,
    "dma200" : 72.59,
    "volume" : 52683.00
  }, {
    "date" : "2025-05-14",
    "price" : 64.38,
    "dma50" : 62.11,
    "dma100" : 66.27,
    "dma200" : 72.51,
    "volume" : 130834.00
  }, {
    "date" : "2025-05-15",
    "price" : 63.90,
    "dma50" : 62.18,
    "dma100" : 66.11,
    "dma200" : 72.42,
    "volume" : 135734.00
  }, {
    "date" : "2025-05-16",
    "price" : 65.69,
    "dma50" : 62.32,
    "dma100" : 65.98,
    "dma200" : 72.36,
    "volume" : 128974.00
  }, {
    "date" : "2025-05-19",
    "price" : 65.26,
    "dma50" : 62.44,
    "dma100" : 65.85,
    "dma200" : 72.29,
    "volume" : 52180.00
  }, {
    "date" : "2025-05-20",
    "price" : 64.85,
    "dma50" : 62.53,
    "dma100" : 65.73,
    "dma200" : 72.21,
    "volume" : 57748.00
  }, {
    "date" : "2025-05-21",
    "price" : 66.03,
    "dma50" : 62.67,
    "dma100" : 65.62,
    "dma200" : 72.15,
    "volume" : 61029.00
  }, {
    "date" : "2025-05-22",
    "price" : 66.95,
    "dma50" : 62.84,
    "dma100" : 65.52,
    "dma200" : 72.10,
    "volume" : 70844.00
  }, {
    "date" : "2025-05-23",
    "price" : 67.68,
    "dma50" : 63.03,
    "dma100" : 65.42,
    "dma200" : 72.06,
    "volume" : 71534.00
  }, {
    "date" : "2025-05-26",
    "price" : 67.27,
    "dma50" : 63.19,
    "dma100" : 65.32,
    "dma200" : 72.01,
    "volume" : 69012.00
  }, {
    "date" : "2025-05-27",
    "price" : 66.63,
    "dma50" : 63.33,
    "dma100" : 65.24,
    "dma200" : 71.95,
    "volume" : 45329.00
  }, {
    "date" : "2025-05-28",
    "price" : 66.83,
    "dma50" : 63.47,
    "dma100" : 65.15,
    "dma200" : 71.90,
    "volume" : 469082.00
  }, {
    "date" : "2025-05-29",
    "price" : 65.82,
    "dma50" : 63.56,
    "dma100" : 65.05,
    "dma200" : 71.84,
    "volume" : 123254.00
  }, {
    "date" : "2025-05-30",
    "price" : 65.86,
    "dma50" : 63.65,
    "dma100" : 64.93,
    "dma200" : 71.78,
    "volume" : 69439.00
  }, {
    "date" : "2025-06-02",
    "price" : 65.03,
    "dma50" : 63.70,
    "dma100" : 64.80,
    "dma200" : 71.72,
    "volume" : 90101.00
  }, {
    "date" : "2025-06-03",
    "price" : 64.64,
    "dma50" : 63.74,
    "dma100" : 64.70,
    "dma200" : 71.65,
    "volume" : 61982.00
  }, {
    "date" : "2025-06-04",
    "price" : 64.41,
    "dma50" : 63.77,
    "dma100" : 64.60,
    "dma200" : 71.57,
    "volume" : 45738.00
  }, {
    "date" : "2025-06-05",
    "price" : 65.63,
    "dma50" : 63.84,
    "dma100" : 64.51,
    "dma200" : 71.51,
    "volume" : 188859.00
  }, {
    "date" : "2025-06-06",
    "price" : 64.45,
    "dma50" : 63.86,
    "dma100" : 64.44,
    "dma200" : 71.44,
    "volume" : 114523.00
  }, {
    "date" : "2025-06-09",
    "price" : 65.55,
    "dma50" : 63.93,
    "dma100" : 64.38,
    "dma200" : 71.39,
    "volume" : 151191.00
  }, {
    "date" : "2025-06-10",
    "price" : 66.32,
    "dma50" : 64.02,
    "dma100" : 64.36,
    "dma200" : 71.34,
    "volume" : 75878.00
  }, {
    "date" : "2025-06-11",
    "price" : 66.82,
    "dma50" : 64.13,
    "dma100" : 64.33,
    "dma200" : 71.29,
    "volume" : 252970.00
  }, {
    "date" : "2025-06-12",
    "price" : 65.99,
    "dma50" : 64.21,
    "dma100" : 64.28,
    "dma200" : 71.24,
    "volume" : 111456.00
  }, {
    "date" : "2025-06-13",
    "price" : 65.14,
    "dma50" : 64.24,
    "dma100" : 64.22,
    "dma200" : 71.18,
    "volume" : 60357.00
  }, {
    "date" : "2025-06-16",
    "price" : 65.30,
    "dma50" : 64.28,
    "dma100" : 64.16,
    "dma200" : 71.12,
    "volume" : 51377.00
  }, {
    "date" : "2025-06-17",
    "price" : 64.65,
    "dma50" : 64.30,
    "dma100" : 64.07,
    "dma200" : 71.05,
    "volume" : 44994.00
  }, {
    "date" : "2025-06-18",
    "price" : 64.16,
    "dma50" : 64.29,
    "dma100" : 63.96,
    "dma200" : 70.99,
    "volume" : 44749.00
  }, {
    "date" : "2025-06-19",
    "price" : 63.80,
    "dma50" : 64.27,
    "dma100" : 63.85,
    "dma200" : 70.91,
    "volume" : 59094.00
  }, {
    "date" : "2025-06-20",
    "price" : 65.20,
    "dma50" : 64.31,
    "dma100" : 63.75,
    "dma200" : 70.86,
    "volume" : 52923.00
  }, {
    "date" : "2025-06-23",
    "price" : 64.18,
    "dma50" : 64.30,
    "dma100" : 63.65,
    "dma200" : 70.79,
    "volume" : 49168.00
  }, {
    "date" : "2025-06-24",
    "price" : 64.94,
    "dma50" : 64.33,
    "dma100" : 63.58,
    "dma200" : 70.73,
    "volume" : 60228.00
  }, {
    "date" : "2025-06-25",
    "price" : 65.72,
    "dma50" : 64.38,
    "dma100" : 63.51,
    "dma200" : 70.68,
    "volume" : 86248.00
  }, {
    "date" : "2025-06-26",
    "price" : 64.37,
    "dma50" : 64.38,
    "dma100" : 63.42,
    "dma200" : 70.62,
    "volume" : 199810.00
  }, {
    "date" : "2025-06-27",
    "price" : 66.77,
    "dma50" : 64.48,
    "dma100" : 63.31,
    "dma200" : 70.58,
    "volume" : 918572.00
  }, {
    "date" : "2025-06-30",
    "price" : 65.92,
    "dma50" : 64.53,
    "dma100" : 63.22,
    "dma200" : 70.53,
    "volume" : 90452.00
  }, {
    "date" : "2025-07-01",
    "price" : 65.74,
    "dma50" : 64.58,
    "dma100" : 63.11,
    "dma200" : 70.49,
    "volume" : 64997.00
  }, {
    "date" : "2025-07-02",
    "price" : 64.93,
    "dma50" : 64.59,
    "dma100" : 62.98,
    "dma200" : 70.43,
    "volume" : 68499.00
  }, {
    "date" : "2025-07-03",
    "price" : 65.49,
    "dma50" : 64.63,
    "dma100" : 62.87,
    "dma200" : 70.38,
    "volume" : 60636.00
  }, {
    "date" : "2025-07-04",
    "price" : 66.09,
    "dma50" : 64.69,
    "dma100" : 62.76,
    "dma200" : 70.34,
    "volume" : 62634.00
  }, {
    "date" : "2025-07-07",
    "price" : 67.09,
    "dma50" : 64.78,
    "dma100" : 62.66,
    "dma200" : 70.31,
    "volume" : 206067.00
  }, {
    "date" : "2025-07-08",
    "price" : 65.64,
    "dma50" : 64.81,
    "dma100" : 62.57,
    "dma200" : 70.26,
    "volume" : 59799.00
  }, {
    "date" : "2025-07-09",
    "price" : 66.16,
    "dma50" : 64.87,
    "dma100" : 62.48,
    "dma200" : 70.22,
    "volume" : 78917.00
  }, {
    "date" : "2025-07-10",
    "price" : 66.64,
    "dma50" : 64.94,
    "dma100" : 62.40,
    "dma200" : 70.18,
    "volume" : 90347.00
  }, {
    "date" : "2025-07-11",
    "price" : 66.50,
    "dma50" : 65.00,
    "dma100" : 62.32,
    "dma200" : 70.15,
    "volume" : 60732.00
  }, {
    "date" : "2025-07-14",
    "price" : 68.02,
    "dma50" : 65.12,
    "dma100" : 62.26,
    "dma200" : 70.13,
    "volume" : 387330.00
  }, {
    "date" : "2025-07-15",
    "price" : 68.10,
    "dma50" : 65.23,
    "dma100" : 62.26,
    "dma200" : 70.11,
    "volume" : 78751.00
  }, {
    "date" : "2025-07-16",
    "price" : 70.62,
    "dma50" : 65.44,
    "dma100" : 62.31,
    "dma200" : 70.11,
    "volume" : 606801.00
  }, {
    "date" : "2025-07-17",
    "price" : 69.28,
    "dma50" : 65.60,
    "dma100" : 62.36,
    "dma200" : 70.10,
    "volume" : 103191.00
  }, {
    "date" : "2025-07-18",
    "price" : 69.38,
    "dma50" : 65.74,
    "dma100" : 62.44,
    "dma200" : 70.10,
    "volume" : 84786.00
  }, {
    "date" : "2025-07-21",
    "price" : 69.03,
    "dma50" : 65.87,
    "dma100" : 62.49,
    "dma200" : 70.09,
    "volume" : 93765.00
  }, {
    "date" : "2025-07-22",
    "price" : 76.23,
    "dma50" : 66.28,
    "dma100" : 62.63,
    "dma200" : 70.15,
    "volume" : 2018322.00
  }, {
    "date" : "2025-07-23",
    "price" : 75.32,
    "dma50" : 66.63,
    "dma100" : 62.75,
    "dma200" : 70.20,
    "volume" : 265553.00
  }, {
    "date" : "2025-07-24",
    "price" : 75.52,
    "dma50" : 66.98,
    "dma100" : 62.89,
    "dma200" : 70.25,
    "volume" : 125703.00
  }, {
    "date" : "2025-07-25",
    "price" : 76.44,
    "dma50" : 67.35,
    "dma100" : 63.06,
    "dma200" : 70.31,
    "volume" : 356338.00
  }, {
    "date" : "2025-07-28",
    "price" : 72.84,
    "dma50" : 67.57,
    "dma100" : 63.23,
    "dma200" : 70.34,
    "volume" : 112993.00
  }, {
    "date" : "2025-07-29",
    "price" : 72.27,
    "dma50" : 67.75,
    "dma100" : 63.39,
    "dma200" : 70.36,
    "volume" : 57766.00
  }, {
    "date" : "2025-07-30",
    "price" : 74.86,
    "dma50" : 68.03,
    "dma100" : 63.57,
    "dma200" : 70.40,
    "volume" : 139297.00
  }, {
    "date" : "2025-07-31",
    "price" : 75.15,
    "dma50" : 68.31,
    "dma100" : 63.73,
    "dma200" : 70.45,
    "volume" : 75002.00
  }, {
    "date" : "2025-08-01",
    "price" : 75.87,
    "dma50" : 68.61,
    "dma100" : 63.89,
    "dma200" : 70.50,
    "volume" : 156216.00
  }, {
    "date" : "2025-08-04",
    "price" : 74.43,
    "dma50" : 68.84,
    "dma100" : 64.03,
    "dma200" : 70.54,
    "volume" : 47327.00
  }, {
    "date" : "2025-08-05",
    "price" : 72.84,
    "dma50" : 68.99,
    "dma100" : 64.19,
    "dma200" : 70.57,
    "volume" : 56244.00
  }, {
    "date" : "2025-08-06",
    "price" : 72.74,
    "dma50" : 69.14,
    "dma100" : 64.35,
    "dma200" : 70.59,
    "volume" : 26517.00
  }, {
    "date" : "2025-08-07",
    "price" : 69.50,
    "dma50" : 69.15,
    "dma100" : 64.49,
    "dma200" : 70.58,
    "volume" : 236832.00
  }, {
    "date" : "2025-08-08",
    "price" : 70.60,
    "dma50" : 69.21,
    "dma100" : 64.65,
    "dma200" : 70.58,
    "volume" : 64956.00
  }, {
    "date" : "2025-08-11",
    "price" : 70.48,
    "dma50" : 69.26,
    "dma100" : 64.83,
    "dma200" : 70.58,
    "volume" : 51004.00
  }, {
    "date" : "2025-08-12",
    "price" : 71.17,
    "dma50" : 69.33,
    "dma100" : 64.99,
    "dma200" : 70.58,
    "volume" : 68348.00
  }, {
    "date" : "2025-08-13",
    "price" : 73.53,
    "dma50" : 69.50,
    "dma100" : 65.16,
    "dma200" : 70.61,
    "volume" : 3343551.00
  }, {
    "date" : "2025-08-14",
    "price" : 72.68,
    "dma50" : 69.62,
    "dma100" : 65.31,
    "dma200" : 70.63,
    "volume" : 231092.00
  }, {
    "date" : "2025-08-18",
    "price" : 71.64,
    "dma50" : 69.70,
    "dma100" : 65.45,
    "dma200" : 70.64,
    "volume" : 117139.00
  }, {
    "date" : "2025-08-19",
    "price" : 72.07,
    "dma50" : 69.80,
    "dma100" : 65.59,
    "dma200" : 70.66,
    "volume" : 52622.00
  }, {
    "date" : "2025-08-20",
    "price" : 73.30,
    "dma50" : 69.93,
    "dma100" : 65.76,
    "dma200" : 70.68,
    "volume" : 178038.00
  }, {
    "date" : "2025-08-21",
    "price" : 72.58,
    "dma50" : 70.04,
    "dma100" : 65.92,
    "dma200" : 70.70,
    "volume" : 48141.00
  }, {
    "date" : "2025-08-22",
    "price" : 73.21,
    "dma50" : 70.16,
    "dma100" : 66.11,
    "dma200" : 70.73,
    "volume" : 76418.00
  }, {
    "date" : "2025-08-25",
    "price" : 73.84,
    "dma50" : 70.31,
    "dma100" : 66.31,
    "dma200" : 70.76,
    "volume" : 97019.00
  }, {
    "date" : "2025-08-26",
    "price" : 73.01,
    "dma50" : 70.41,
    "dma100" : 66.48,
    "dma200" : 70.78,
    "volume" : 49020.00
  }, {
    "date" : "2025-08-28",
    "price" : 72.43,
    "dma50" : 70.49,
    "dma100" : 66.63,
    "dma200" : 70.80,
    "volume" : 64531.00
  }, {
    "date" : "2025-08-29",
    "price" : 72.56,
    "dma50" : 70.57,
    "dma100" : 66.78,
    "dma200" : 70.81,
    "volume" : 57090.00
  }, {
    "date" : "2025-09-01",
    "price" : 72.43,
    "dma50" : 70.64,
    "dma100" : 66.95,
    "dma200" : 70.83,
    "volume" : 36389.00
  }, {
    "date" : "2025-09-02",
    "price" : 73.67,
    "dma50" : 70.76,
    "dma100" : 67.14,
    "dma200" : 70.86,
    "volume" : 62094.00
  }, {
    "date" : "2025-09-03",
    "price" : 73.82,
    "dma50" : 70.88,
    "dma100" : 67.32,
    "dma200" : 70.89,
    "volume" : 76291.00
  }, {
    "date" : "2025-09-04",
    "price" : 74.79,
    "dma50" : 71.04,
    "dma100" : 67.49,
    "dma200" : 70.93,
    "volume" : 192831.00
  }, {
    "date" : "2025-09-05",
    "price" : 74.90,
    "dma50" : 71.19,
    "dma100" : 67.63,
    "dma200" : 70.97,
    "volume" : 163533.00
  }, {
    "date" : "2025-09-08",
    "price" : 76.71,
    "dma50" : 71.40,
    "dma100" : 67.77,
    "dma200" : 71.02,
    "volume" : 236894.00
  }, {
    "date" : "2025-09-09",
    "price" : 77.60,
    "dma50" : 71.65,
    "dma100" : 67.94,
    "dma200" : 71.09,
    "volume" : 139005.00
  }, {
    "date" : "2025-09-10",
    "price" : 76.55,
    "dma50" : 71.84,
    "dma100" : 68.10,
    "dma200" : 71.14,
    "volume" : 240918.00
  }, {
    "date" : "2025-09-11",
    "price" : 76.54,
    "dma50" : 72.02,
    "dma100" : 68.25,
    "dma200" : 71.20,
    "volume" : 90600.00
  }, {
    "date" : "2025-09-12",
    "price" : 76.21,
    "dma50" : 72.19,
    "dma100" : 68.39,
    "dma200" : 71.25,
    "volume" : 56445.00
  }, {
    "date" : "2025-09-15",
    "price" : 74.18,
    "dma50" : 72.27,
    "dma100" : 68.49,
    "dma200" : 71.28,
    "volume" : 100807.00
  }, {
    "date" : "2025-09-16",
    "price" : 75.15,
    "dma50" : 72.38,
    "dma100" : 68.63,
    "dma200" : 71.31,
    "volume" : 57119.00
  }, {
    "date" : "2025-09-17",
    "price" : 76.61,
    "dma50" : 72.55,
    "dma100" : 68.79,
    "dma200" : 71.37,
    "volume" : 107542.00
  }, {
    "date" : "2025-09-18",
    "price" : 75.23,
    "dma50" : 72.65,
    "dma100" : 68.93,
    "dma200" : 71.40,
    "volume" : 36969.00
  }, {
    "date" : "2025-09-19",
    "price" : 74.83,
    "dma50" : 72.74,
    "dma100" : 69.06,
    "dma200" : 71.44,
    "volume" : 72947.00
  }, {
    "date" : "2025-09-22",
    "price" : 74.08,
    "dma50" : 72.79,
    "dma100" : 69.19,
    "dma200" : 71.47,
    "volume" : 40188.00
  }, {
    "date" : "2025-09-23",
    "price" : 74.08,
    "dma50" : 72.84,
    "dma100" : 69.29,
    "dma200" : 71.49,
    "volume" : 33778.00
  }, {
    "date" : "2025-09-24",
    "price" : 73.23,
    "dma50" : 72.85,
    "dma100" : 69.38,
    "dma200" : 71.51,
    "volume" : 33709.00
  }, {
    "date" : "2025-09-25",
    "price" : 71.45,
    "dma50" : 72.80,
    "dma100" : 69.47,
    "dma200" : 71.51,
    "volume" : 138700.00
  }, {
    "date" : "2025-09-26",
    "price" : 71.28,
    "dma50" : 72.74,
    "dma100" : 69.57,
    "dma200" : 71.51,
    "volume" : 65921.00
  }, {
    "date" : "2025-09-29",
    "price" : 71.42,
    "dma50" : 72.69,
    "dma100" : 69.66,
    "dma200" : 71.50,
    "volume" : 58685.00
  }, {
    "date" : "2025-09-30",
    "price" : 72.06,
    "dma50" : 72.66,
    "dma100" : 69.77,
    "dma200" : 71.51,
    "volume" : 96977.00
  }, {
    "date" : "2025-10-01",
    "price" : 72.35,
    "dma50" : 72.65,
    "dma100" : 69.86,
    "dma200" : 71.52,
    "volume" : 116036.00
  }, {
    "date" : "2025-10-03",
    "price" : 71.51,
    "dma50" : 72.61,
    "dma100" : 69.93,
    "dma200" : 71.52,
    "volume" : 128203.00
  }, {
    "date" : "2025-10-06",
    "price" : 71.39,
    "dma50" : 72.56,
    "dma100" : 70.00,
    "dma200" : 71.52,
    "volume" : 57922.00
  }, {
    "date" : "2025-10-07",
    "price" : 71.04,
    "dma50" : 72.50,
    "dma100" : 70.07,
    "dma200" : 71.51,
    "volume" : 33458.00
  }, {
    "date" : "2025-10-08",
    "price" : 71.03,
    "dma50" : 72.44,
    "dma100" : 70.12,
    "dma200" : 71.51,
    "volume" : 41650.00
  }, {
    "date" : "2025-10-09",
    "price" : 69.13,
    "dma50" : 72.31,
    "dma100" : 70.16,
    "dma200" : 71.48,
    "volume" : 113435.00
  }, {
    "date" : "2025-10-10",
    "price" : 69.29,
    "dma50" : 72.19,
    "dma100" : 70.20,
    "dma200" : 71.46,
    "volume" : 117854.00
  }, {
    "date" : "2025-10-13",
    "price" : 68.81,
    "dma50" : 72.06,
    "dma100" : 70.23,
    "dma200" : 71.44,
    "volume" : 38232.00
  }, {
    "date" : "2025-10-14",
    "price" : 68.08,
    "dma50" : 71.90,
    "dma100" : 70.24,
    "dma200" : 71.40,
    "volume" : 51569.00
  }, {
    "date" : "2025-10-15",
    "price" : 68.22,
    "dma50" : 71.76,
    "dma100" : 70.25,
    "dma200" : 71.37,
    "volume" : 44175.00
  }, {
    "date" : "2025-10-16",
    "price" : 68.49,
    "dma50" : 71.63,
    "dma100" : 70.26,
    "dma200" : 71.34,
    "volume" : 65024.00
  }, {
    "date" : "2025-10-17",
    "price" : 68.10,
    "dma50" : 71.49,
    "dma100" : 70.28,
    "dma200" : 71.31,
    "volume" : 47412.00
  }, {
    "date" : "2025-10-20",
    "price" : 68.36,
    "dma50" : 71.37,
    "dma100" : 70.29,
    "dma200" : 71.28,
    "volume" : 24376.00
  }, {
    "date" : "2025-10-21",
    "price" : 69.09,
    "dma50" : 71.28,
    "dma100" : 70.32,
    "dma200" : 71.26,
    "volume" : 17231.00
  }, {
    "date" : "2025-10-23",
    "price" : 69.46,
    "dma50" : 71.21,
    "dma100" : 70.36,
    "dma200" : 71.24,
    "volume" : 37734.00
  }, {
    "date" : "2025-10-24",
    "price" : 69.49,
    "dma50" : 71.14,
    "dma100" : 70.40,
    "dma200" : 71.22,
    "volume" : 29529.00
  }, {
    "date" : "2025-10-27",
    "price" : 68.21,
    "dma50" : 71.03,
    "dma100" : 70.44,
    "dma200" : 71.19,
    "volume" : 43619.00
  }, {
    "date" : "2025-10-28",
    "price" : 68.46,
    "dma50" : 70.93,
    "dma100" : 70.48,
    "dma200" : 71.17,
    "volume" : 23443.00
  }, {
    "date" : "2025-10-29",
    "price" : 69.46,
    "dma50" : 70.87,
    "dma100" : 70.52,
    "dma200" : 71.15,
    "volume" : 28096.00
  }, {
    "date" : "2025-10-30",
    "price" : 70.47,
    "dma50" : 70.85,
    "dma100" : 70.58,
    "dma200" : 71.14,
    "volume" : 69408.00
  }, {
    "date" : "2025-10-31",
    "price" : 74.07,
    "dma50" : 70.98,
    "dma100" : 70.66,
    "dma200" : 71.17,
    "volume" : 14821162.00
  }, {
    "date" : "2025-11-03",
    "price" : 73.56,
    "dma50" : 71.08,
    "dma100" : 70.74,
    "dma200" : 71.20,
    "volume" : 1239652.00
  }, {
    "date" : "2025-11-04",
    "price" : 72.80,
    "dma50" : 71.15,
    "dma100" : 70.80,
    "dma200" : 71.21,
    "volume" : 173334.00
  }, {
    "date" : "2025-11-06",
    "price" : 71.85,
    "dma50" : 71.18,
    "dma100" : 70.86,
    "dma200" : 71.22,
    "volume" : 106455.00
  }, {
    "date" : "2025-11-07",
    "price" : 72.19,
    "dma50" : 71.22,
    "dma100" : 70.93,
    "dma200" : 71.23,
    "volume" : 123571.00
  }, {
    "date" : "2025-11-10",
    "price" : 69.75,
    "dma50" : 71.16,
    "dma100" : 70.97,
    "dma200" : 71.21,
    "volume" : 217408.00
  }, {
    "date" : "2025-11-11",
    "price" : 69.33,
    "dma50" : 71.09,
    "dma100" : 71.02,
    "dma200" : 71.19,
    "volume" : 99792.00
  }, {
    "date" : "2025-11-12",
    "price" : 69.94,
    "dma50" : 71.04,
    "dma100" : 71.07,
    "dma200" : 71.18,
    "volume" : 72307.00
  }, {
    "date" : "2025-11-13",
    "price" : 70.03,
    "dma50" : 71.00,
    "dma100" : 71.14,
    "dma200" : 71.17,
    "volume" : 1043042.00
  }, {
    "date" : "2025-11-14",
    "price" : 71.35,
    "dma50" : 71.02,
    "dma100" : 71.20,
    "dma200" : 71.17,
    "volume" : 112754.00
  }, {
    "date" : "2025-11-17",
    "price" : 72.67,
    "dma50" : 71.08,
    "dma100" : 71.28,
    "dma200" : 71.19,
    "volume" : 152515.00
  }, {
    "date" : "2025-11-18",
    "price" : 70.98,
    "dma50" : 71.08,
    "dma100" : 71.34,
    "dma200" : 71.18,
    "volume" : 51747.00
  }, {
    "date" : "2025-11-19",
    "price" : 70.10,
    "dma50" : 71.04,
    "dma100" : 71.39,
    "dma200" : 71.17,
    "volume" : 32903.00
  }, {
    "date" : "2025-11-20",
    "price" : 69.30,
    "dma50" : 70.97,
    "dma100" : 71.44,
    "dma200" : 71.16,
    "volume" : 89186.00
  }, {
    "date" : "2025-11-21",
    "price" : 68.80,
    "dma50" : 70.88,
    "dma100" : 71.46,
    "dma200" : 71.13,
    "volume" : 80091.00
  }, {
    "date" : "2025-11-24",
    "price" : 69.26,
    "dma50" : 70.82,
    "dma100" : 71.49,
    "dma200" : 71.11,
    "volume" : 75227.00
  }, {
    "date" : "2025-11-25",
    "price" : 68.93,
    "dma50" : 70.75,
    "dma100" : 71.52,
    "dma200" : 71.09,
    "volume" : 72672.00
  }, {
    "date" : "2025-11-26",
    "price" : 68.82,
    "dma50" : 70.67,
    "dma100" : 71.56,
    "dma200" : 71.07,
    "volume" : 46595.00
  }, {
    "date" : "2025-11-27",
    "price" : 68.77,
    "dma50" : 70.60,
    "dma100" : 71.59,
    "dma200" : 71.05,
    "volume" : 24564.00
  }, {
    "date" : "2025-11-28",
    "price" : 68.70,
    "dma50" : 70.52,
    "dma100" : 71.62,
    "dma200" : 71.02,
    "volume" : 36569.00
  } ],
  "latestTechnicalAttributes" : {
    "date" : "2025-11-28",
    "price" : 68.70,
    "dma50" : 70.52,
    "dma100" : 71.62,
    "dma200" : 71.02,
    "volume" : 36569.00
  },
  "quarterlyResults" : [ {
    "date" : "2005-03-31",
    "sales" : 17.42,
    "salesGrowthYoY" : null,
    "grossProfitMargin" : 40.53,
    "grossProfit" : 7.06,
    "operatingProfitMargin" : 16.88,
    "operatingProfit" : 2.94,
    "netProfitMargin" : 7.63,
    "netProfit" : 1.33
  }, {
    "date" : "2005-06-30",
    "sales" : 12.34,
    "salesGrowthYoY" : null,
    "grossProfitMargin" : 44.33,
    "grossProfit" : 5.47,
    "operatingProfitMargin" : 1.30,
    "operatingProfit" : 0.16,
    "netProfitMargin" : -3.32,
    "netProfit" : -0.41
  }, {
    "date" : "2005-09-30",
    "sales" : 15.85,
    "salesGrowthYoY" : null,
    "grossProfitMargin" : 59.68,
    "grossProfit" : 9.46,
    "operatingProfitMargin" : 26.69,
    "operatingProfit" : 4.23,
    "netProfitMargin" : 14.89,
    "netProfit" : 2.36
  }, {
    "date" : "2005-12-31",
    "sales" : 22.39,
    "salesGrowthYoY" : null,
    "grossProfitMargin" : 53.24,
    "grossProfit" : 11.92,
    "operatingProfitMargin" : 27.42,
    "operatingProfit" : 6.14,
    "netProfitMargin" : 14.07,
    "netProfit" : 3.15
  }, {
    "date" : "2006-03-31",
    "sales" : 21.14,
    "salesGrowthYoY" : 21.35,
    "grossProfitMargin" : 47.30,
    "grossProfit" : 10.00,
    "operatingProfitMargin" : 24.93,
    "operatingProfit" : 5.27,
    "netProfitMargin" : 11.73,
    "netProfit" : 2.48
  }, {
    "date" : "2006-06-30",
    "sales" : 17.43,
    "salesGrowthYoY" : 41.25,
    "grossProfitMargin" : 40.79,
    "grossProfit" : 7.11,
    "operatingProfitMargin" : 13.08,
    "operatingProfit" : 2.28,
    "netProfitMargin" : 4.76,
    "netProfit" : 0.83
  }, {
    "date" : "2006-09-30",
    "sales" : 16.56,
    "salesGrowthYoY" : 4.48,
    "grossProfitMargin" : 63.22,
    "grossProfit" : 10.47,
    "operatingProfitMargin" : 24.94,
    "operatingProfit" : 4.13,
    "netProfitMargin" : 11.23,
    "netProfit" : 1.86
  }, {
    "date" : "2006-12-31",
    "sales" : 17.36,
    "salesGrowthYoY" : -22.47,
    "grossProfitMargin" : 55.41,
    "grossProfit" : 9.62,
    "operatingProfitMargin" : 27.30,
    "operatingProfit" : 4.74,
    "netProfitMargin" : 12.56,
    "netProfit" : 2.18
  }, {
    "date" : "2007-03-31",
    "sales" : 20.99,
    "salesGrowthYoY" : -0.71,
    "grossProfitMargin" : 55.45,
    "grossProfit" : 11.64,
    "operatingProfitMargin" : 32.40,
    "operatingProfit" : 6.80,
    "netProfitMargin" : 18.39,
    "netProfit" : 3.86
  }, {
    "date" : "2007-06-30",
    "sales" : 15.22,
    "salesGrowthYoY" : -12.68,
    "grossProfitMargin" : 42.18,
    "grossProfit" : 6.42,
    "operatingProfitMargin" : 11.96,
    "operatingProfit" : 1.82,
    "netProfitMargin" : 3.09,
    "netProfit" : 0.47
  }, {
    "date" : "2007-09-30",
    "sales" : 19.63,
    "salesGrowthYoY" : 18.54,
    "grossProfitMargin" : 49.92,
    "grossProfit" : 9.80,
    "operatingProfitMargin" : 22.01,
    "operatingProfit" : 4.32,
    "netProfitMargin" : 9.98,
    "netProfit" : 1.96
  }, {
    "date" : "2007-12-31",
    "sales" : 20.06,
    "salesGrowthYoY" : 15.55,
    "grossProfitMargin" : 40.53,
    "grossProfit" : 8.13,
    "operatingProfitMargin" : 17.25,
    "operatingProfit" : 3.46,
    "netProfitMargin" : 9.17,
    "netProfit" : 1.84
  }, {
    "date" : "2008-03-31",
    "sales" : 31.10,
    "salesGrowthYoY" : 48.17,
    "grossProfitMargin" : 47.85,
    "grossProfit" : 14.88,
    "operatingProfitMargin" : 25.98,
    "operatingProfit" : 8.08,
    "netProfitMargin" : 16.08,
    "netProfit" : 5.00
  }, {
    "date" : "2008-06-30",
    "sales" : 21.30,
    "salesGrowthYoY" : 39.95,
    "grossProfitMargin" : 30.33,
    "grossProfit" : 6.46,
    "operatingProfitMargin" : 8.40,
    "operatingProfit" : 1.79,
    "netProfitMargin" : 2.16,
    "netProfit" : 0.46
  }, {
    "date" : "2008-09-30",
    "sales" : 23.94,
    "salesGrowthYoY" : 21.96,
    "grossProfitMargin" : 48.87,
    "grossProfit" : 11.70,
    "operatingProfitMargin" : 14.20,
    "operatingProfit" : 3.40,
    "netProfitMargin" : 5.18,
    "netProfit" : 1.24
  }, {
    "date" : "2008-12-31",
    "sales" : 22.14,
    "salesGrowthYoY" : 10.37,
    "grossProfitMargin" : 44.85,
    "grossProfit" : 9.93,
    "operatingProfitMargin" : 21.64,
    "operatingProfit" : 4.79,
    "netProfitMargin" : 8.04,
    "netProfit" : 1.78
  }, {
    "date" : "2009-03-31",
    "sales" : 20.07,
    "salesGrowthYoY" : -35.47,
    "grossProfitMargin" : 69.01,
    "grossProfit" : 13.85,
    "operatingProfitMargin" : 33.33,
    "operatingProfit" : 6.69,
    "netProfitMargin" : 17.64,
    "netProfit" : 3.54
  }, {
    "date" : "2009-06-30",
    "sales" : 18.01,
    "salesGrowthYoY" : -15.45,
    "grossProfitMargin" : 38.92,
    "grossProfit" : 7.01,
    "operatingProfitMargin" : 9.55,
    "operatingProfit" : 1.72,
    "netProfitMargin" : 0.67,
    "netProfit" : 0.12
  }, {
    "date" : "2009-09-30",
    "sales" : 17.80,
    "salesGrowthYoY" : -25.65,
    "grossProfitMargin" : 44.72,
    "grossProfit" : 7.96,
    "operatingProfitMargin" : 11.46,
    "operatingProfit" : 2.04,
    "netProfitMargin" : 2.42,
    "netProfit" : 0.43
  }, {
    "date" : "2009-12-31",
    "sales" : 22.67,
    "salesGrowthYoY" : 2.39,
    "grossProfitMargin" : 64.01,
    "grossProfit" : 14.51,
    "operatingProfitMargin" : 27.75,
    "operatingProfit" : 6.29,
    "netProfitMargin" : 13.15,
    "netProfit" : 2.98
  }, {
    "date" : "2010-03-31",
    "sales" : 24.49,
    "salesGrowthYoY" : 22.02,
    "grossProfitMargin" : 49.69,
    "grossProfit" : 12.17,
    "operatingProfitMargin" : 23.89,
    "operatingProfit" : 5.85,
    "netProfitMargin" : 12.21,
    "netProfit" : 2.99
  }, {
    "date" : "2010-06-30",
    "sales" : 18.84,
    "salesGrowthYoY" : 4.61,
    "grossProfitMargin" : 31.69,
    "grossProfit" : 5.97,
    "operatingProfitMargin" : 1.01,
    "operatingProfit" : 0.19,
    "netProfitMargin" : -6.58,
    "netProfit" : -1.24
  }, {
    "date" : "2010-09-30",
    "sales" : 30.52,
    "salesGrowthYoY" : 71.46,
    "grossProfitMargin" : 46.40,
    "grossProfit" : 14.16,
    "operatingProfitMargin" : 20.38,
    "operatingProfit" : 6.22,
    "netProfitMargin" : 10.45,
    "netProfit" : 3.19
  }, {
    "date" : "2010-12-31",
    "sales" : 35.41,
    "salesGrowthYoY" : 56.20,
    "grossProfitMargin" : 50.78,
    "grossProfit" : 17.98,
    "operatingProfitMargin" : 22.90,
    "operatingProfit" : 8.11,
    "netProfitMargin" : 10.22,
    "netProfit" : 3.62
  }, {
    "date" : "2011-03-31",
    "sales" : 54.13,
    "salesGrowthYoY" : 121.03,
    "grossProfitMargin" : 34.47,
    "grossProfit" : 18.66,
    "operatingProfitMargin" : 17.16,
    "operatingProfit" : 9.29,
    "netProfitMargin" : 9.68,
    "netProfit" : 5.24
  }, {
    "date" : "2011-06-30",
    "sales" : 48.13,
    "salesGrowthYoY" : 155.47,
    "grossProfitMargin" : 59.61,
    "grossProfit" : 28.69,
    "operatingProfitMargin" : 40.62,
    "operatingProfit" : 19.55,
    "netProfitMargin" : 24.06,
    "netProfit" : 11.58
  }, {
    "date" : "2011-09-30",
    "sales" : 63.87,
    "salesGrowthYoY" : 109.27,
    "grossProfitMargin" : 69.28,
    "grossProfit" : 44.25,
    "operatingProfitMargin" : 41.24,
    "operatingProfit" : 26.34,
    "netProfitMargin" : 25.13,
    "netProfit" : 16.05
  }, {
    "date" : "2011-12-31",
    "sales" : 57.85,
    "salesGrowthYoY" : 63.37,
    "grossProfitMargin" : 55.82,
    "grossProfit" : 32.29,
    "operatingProfitMargin" : 36.28,
    "operatingProfit" : 20.99,
    "netProfitMargin" : 19.53,
    "netProfit" : 11.30
  }, {
    "date" : "2012-03-31",
    "sales" : 48.50,
    "salesGrowthYoY" : -10.40,
    "grossProfitMargin" : 62.82,
    "grossProfit" : 30.47,
    "operatingProfitMargin" : 33.38,
    "operatingProfit" : 16.19,
    "netProfitMargin" : 23.65,
    "netProfit" : 11.47
  }, {
    "date" : "2012-06-30",
    "sales" : 72.46,
    "salesGrowthYoY" : 50.55,
    "grossProfitMargin" : 49.99,
    "grossProfit" : 36.22,
    "operatingProfitMargin" : 33.41,
    "operatingProfit" : 24.21,
    "netProfitMargin" : 19.71,
    "netProfit" : 14.28
  }, {
    "date" : "2012-09-30",
    "sales" : 61.48,
    "salesGrowthYoY" : -3.74,
    "grossProfitMargin" : 62.85,
    "grossProfit" : 38.64,
    "operatingProfitMargin" : 34.27,
    "operatingProfit" : 21.07,
    "netProfitMargin" : 20.27,
    "netProfit" : 12.46
  }, {
    "date" : "2012-12-31",
    "sales" : 63.40,
    "salesGrowthYoY" : 9.59,
    "grossProfitMargin" : 54.89,
    "grossProfit" : 34.80,
    "operatingProfitMargin" : 31.96,
    "operatingProfit" : 20.26,
    "netProfitMargin" : 18.99,
    "netProfit" : 12.04
  }, {
    "date" : "2013-03-31",
    "sales" : 58.62,
    "salesGrowthYoY" : 20.87,
    "grossProfitMargin" : 46.84,
    "grossProfit" : 27.46,
    "operatingProfitMargin" : 31.87,
    "operatingProfit" : 18.68,
    "netProfitMargin" : 20.10,
    "netProfit" : 11.78
  }, {
    "date" : "2013-06-30",
    "sales" : 65.18,
    "salesGrowthYoY" : -10.05,
    "grossProfitMargin" : 54.07,
    "grossProfit" : 35.24,
    "operatingProfitMargin" : 31.96,
    "operatingProfit" : 20.83,
    "netProfitMargin" : 20.02,
    "netProfit" : 13.05
  }, {
    "date" : "2013-09-30",
    "sales" : 62.62,
    "salesGrowthYoY" : 1.85,
    "grossProfitMargin" : 58.77,
    "grossProfit" : 36.80,
    "operatingProfitMargin" : 31.86,
    "operatingProfit" : 19.95,
    "netProfitMargin" : 20.07,
    "netProfit" : 12.57
  }, {
    "date" : "2013-12-31",
    "sales" : 76.22,
    "salesGrowthYoY" : 20.22,
    "grossProfitMargin" : 51.73,
    "grossProfit" : 39.43,
    "operatingProfitMargin" : 29.90,
    "operatingProfit" : 22.79,
    "netProfitMargin" : 18.53,
    "netProfit" : 14.12
  }, {
    "date" : "2014-03-31",
    "sales" : 67.07,
    "salesGrowthYoY" : 14.41,
    "grossProfitMargin" : 52.02,
    "grossProfit" : 34.89,
    "operatingProfitMargin" : 21.71,
    "operatingProfit" : 14.56,
    "netProfitMargin" : 16.83,
    "netProfit" : 11.29
  }, {
    "date" : "2014-06-30",
    "sales" : 90.26,
    "salesGrowthYoY" : 38.48,
    "grossProfitMargin" : 40.41,
    "grossProfit" : 36.47,
    "operatingProfitMargin" : 22.60,
    "operatingProfit" : 20.40,
    "netProfitMargin" : 14.19,
    "netProfit" : 12.81
  }, {
    "date" : "2014-09-30",
    "sales" : 50.72,
    "salesGrowthYoY" : -19.00,
    "grossProfitMargin" : 49.17,
    "grossProfit" : 24.94,
    "operatingProfitMargin" : 17.23,
    "operatingProfit" : 8.74,
    "netProfitMargin" : 10.67,
    "netProfit" : 5.41
  }, {
    "date" : "2014-12-31",
    "sales" : 55.52,
    "salesGrowthYoY" : -27.16,
    "grossProfitMargin" : 53.35,
    "grossProfit" : 29.62,
    "operatingProfitMargin" : 20.43,
    "operatingProfit" : 11.34,
    "netProfitMargin" : 12.14,
    "netProfit" : 6.74
  }, {
    "date" : "2015-03-31",
    "sales" : 60.26,
    "salesGrowthYoY" : -10.15,
    "grossProfitMargin" : 53.72,
    "grossProfit" : 32.37,
    "operatingProfitMargin" : 14.59,
    "operatingProfit" : 8.79,
    "netProfitMargin" : 8.48,
    "netProfit" : 5.11
  }, {
    "date" : "2015-06-30",
    "sales" : 79.08,
    "salesGrowthYoY" : -12.39,
    "grossProfitMargin" : 32.41,
    "grossProfit" : 25.63,
    "operatingProfitMargin" : 12.70,
    "operatingProfit" : 10.04,
    "netProfitMargin" : 7.35,
    "netProfit" : 5.81
  }, {
    "date" : "2015-09-30",
    "sales" : 61.36,
    "salesGrowthYoY" : 20.98,
    "grossProfitMargin" : 42.05,
    "grossProfit" : 25.80,
    "operatingProfitMargin" : 16.48,
    "operatingProfit" : 10.11,
    "netProfitMargin" : 9.97,
    "netProfit" : 6.12
  }, {
    "date" : "2015-12-31",
    "sales" : 66.20,
    "salesGrowthYoY" : 19.24,
    "grossProfitMargin" : 40.85,
    "grossProfit" : 27.04,
    "operatingProfitMargin" : 14.73,
    "operatingProfit" : 9.75,
    "netProfitMargin" : 8.37,
    "netProfit" : 5.54
  }, {
    "date" : "2016-03-31",
    "sales" : 60.67,
    "salesGrowthYoY" : 0.68,
    "grossProfitMargin" : 52.17,
    "grossProfit" : 31.65,
    "operatingProfitMargin" : 16.47,
    "operatingProfit" : 9.99,
    "netProfitMargin" : 9.56,
    "netProfit" : 5.80
  }, {
    "date" : "2016-06-30",
    "sales" : 83.89,
    "salesGrowthYoY" : 6.08,
    "grossProfitMargin" : 38.26,
    "grossProfit" : 32.10,
    "operatingProfitMargin" : 13.48,
    "operatingProfit" : 11.31,
    "netProfitMargin" : 8.25,
    "netProfit" : 6.92
  }, {
    "date" : "2016-09-30",
    "sales" : 67.46,
    "salesGrowthYoY" : 9.94,
    "grossProfitMargin" : 40.97,
    "grossProfit" : 27.64,
    "operatingProfitMargin" : 16.38,
    "operatingProfit" : 11.05,
    "netProfitMargin" : 10.35,
    "netProfit" : 6.98
  }, {
    "date" : "2016-12-31",
    "sales" : 74.94,
    "salesGrowthYoY" : 13.20,
    "grossProfitMargin" : 42.65,
    "grossProfit" : 31.96,
    "operatingProfitMargin" : 17.57,
    "operatingProfit" : 13.17,
    "netProfitMargin" : 11.42,
    "netProfit" : 8.56
  }, {
    "date" : "2017-03-31",
    "sales" : 81.05,
    "salesGrowthYoY" : 33.59,
    "grossProfitMargin" : 49.14,
    "grossProfit" : 39.83,
    "operatingProfitMargin" : 10.55,
    "operatingProfit" : 8.55,
    "netProfitMargin" : 6.75,
    "netProfit" : 5.47
  }, {
    "date" : "2017-06-30",
    "sales" : 77.57,
    "salesGrowthYoY" : -7.53,
    "grossProfitMargin" : 42.72,
    "grossProfit" : 33.14,
    "operatingProfitMargin" : 10.65,
    "operatingProfit" : 8.26,
    "netProfitMargin" : 6.46,
    "netProfit" : 5.01
  }, {
    "date" : "2017-09-30",
    "sales" : 73.52,
    "salesGrowthYoY" : 8.98,
    "grossProfitMargin" : 42.78,
    "grossProfit" : 31.45,
    "operatingProfitMargin" : 7.36,
    "operatingProfit" : 5.41,
    "netProfitMargin" : 7.44,
    "netProfit" : 5.47
  }, {
    "date" : "2017-12-31",
    "sales" : 67.90,
    "salesGrowthYoY" : -9.39,
    "grossProfitMargin" : 49.90,
    "grossProfit" : 33.88,
    "operatingProfitMargin" : 10.25,
    "operatingProfit" : 6.96,
    "netProfitMargin" : 6.70,
    "netProfit" : 4.55
  }, {
    "date" : "2018-03-31",
    "sales" : 80.95,
    "salesGrowthYoY" : -0.12,
    "grossProfitMargin" : 44.58,
    "grossProfit" : 36.09,
    "operatingProfitMargin" : 11.43,
    "operatingProfit" : 9.25,
    "netProfitMargin" : 7.86,
    "netProfit" : 6.36
  }, {
    "date" : "2018-06-30",
    "sales" : 72.36,
    "salesGrowthYoY" : -6.72,
    "grossProfitMargin" : 40.77,
    "grossProfit" : 29.50,
    "operatingProfitMargin" : 8.02,
    "operatingProfit" : 5.80,
    "netProfitMargin" : 5.83,
    "netProfit" : 4.22
  }, {
    "date" : "2018-09-30",
    "sales" : 75.76,
    "salesGrowthYoY" : 3.05,
    "grossProfitMargin" : 58.99,
    "grossProfit" : 44.69,
    "operatingProfitMargin" : 9.23,
    "operatingProfit" : 6.99,
    "netProfitMargin" : 5.37,
    "netProfit" : 4.07
  }, {
    "date" : "2018-12-31",
    "sales" : 81.89,
    "salesGrowthYoY" : 20.60,
    "grossProfitMargin" : 63.18,
    "grossProfit" : 51.74,
    "operatingProfitMargin" : 14.63,
    "operatingProfit" : 11.98,
    "netProfitMargin" : 6.59,
    "netProfit" : 5.40
  }, {
    "date" : "2019-03-31",
    "sales" : 100.38,
    "salesGrowthYoY" : 24.00,
    "grossProfitMargin" : 53.84,
    "grossProfit" : 54.04,
    "operatingProfitMargin" : 15.41,
    "operatingProfit" : 15.47,
    "netProfitMargin" : 7.39,
    "netProfit" : 7.42
  }, {
    "date" : "2019-06-30",
    "sales" : 69.92,
    "salesGrowthYoY" : -3.37,
    "grossProfitMargin" : 55.51,
    "grossProfit" : 38.81,
    "operatingProfitMargin" : 12.87,
    "operatingProfit" : 9.00,
    "netProfitMargin" : 7.38,
    "netProfit" : 5.16
  }, {
    "date" : "2019-09-30",
    "sales" : 106.93,
    "salesGrowthYoY" : 41.14,
    "grossProfitMargin" : 51.95,
    "grossProfit" : 55.55,
    "operatingProfitMargin" : 15.24,
    "operatingProfit" : 16.30,
    "netProfitMargin" : 8.02,
    "netProfit" : 8.58
  }, {
    "date" : "2019-12-31",
    "sales" : 117.17,
    "salesGrowthYoY" : 43.08,
    "grossProfitMargin" : 49.30,
    "grossProfit" : 57.76,
    "operatingProfitMargin" : 19.73,
    "operatingProfit" : 23.12,
    "netProfitMargin" : 12.30,
    "netProfit" : 14.41
  }, {
    "date" : "2020-03-31",
    "sales" : 90.99,
    "salesGrowthYoY" : -9.35,
    "grossProfitMargin" : 53.96,
    "grossProfit" : 49.10,
    "operatingProfitMargin" : 12.08,
    "operatingProfit" : 10.99,
    "netProfitMargin" : 10.61,
    "netProfit" : 9.65
  }, {
    "date" : "2020-06-30",
    "sales" : 101.49,
    "salesGrowthYoY" : 45.15,
    "grossProfitMargin" : 51.04,
    "grossProfit" : 51.80,
    "operatingProfitMargin" : 13.97,
    "operatingProfit" : 14.18,
    "netProfitMargin" : 7.50,
    "netProfit" : 7.61
  }, {
    "date" : "2020-09-30",
    "sales" : 115.46,
    "salesGrowthYoY" : 7.98,
    "grossProfitMargin" : 47.64,
    "grossProfit" : 55.01,
    "operatingProfitMargin" : 11.25,
    "operatingProfit" : 12.99,
    "netProfitMargin" : 6.14,
    "netProfit" : 7.09
  }, {
    "date" : "2020-12-31",
    "sales" : 129.04,
    "salesGrowthYoY" : 10.13,
    "grossProfitMargin" : 48.36,
    "grossProfit" : 62.40,
    "operatingProfitMargin" : 19.69,
    "operatingProfit" : 25.41,
    "netProfitMargin" : 12.77,
    "netProfit" : 16.48
  }, {
    "date" : "2021-03-31",
    "sales" : 124.44,
    "salesGrowthYoY" : 36.76,
    "grossProfitMargin" : 57.34,
    "grossProfit" : 71.35,
    "operatingProfitMargin" : 12.82,
    "operatingProfit" : 15.95,
    "netProfitMargin" : 9.06,
    "netProfit" : 11.27
  }, {
    "date" : "2021-06-30",
    "sales" : 131.92,
    "salesGrowthYoY" : 29.98,
    "grossProfitMargin" : 47.87,
    "grossProfit" : 63.15,
    "operatingProfitMargin" : 17.07,
    "operatingProfit" : 22.52,
    "netProfitMargin" : 11.18,
    "netProfit" : 14.75
  }, {
    "date" : "2021-09-30",
    "sales" : 139.04,
    "salesGrowthYoY" : 20.42,
    "grossProfitMargin" : 50.36,
    "grossProfit" : 70.02,
    "operatingProfitMargin" : 16.97,
    "operatingProfit" : 23.60,
    "netProfitMargin" : 11.36,
    "netProfit" : 15.79
  }, {
    "date" : "2021-12-31",
    "sales" : 145.11,
    "salesGrowthYoY" : 12.45,
    "grossProfitMargin" : 60.64,
    "grossProfit" : 87.99,
    "operatingProfitMargin" : 26.30,
    "operatingProfit" : 38.16,
    "netProfitMargin" : 17.53,
    "netProfit" : 25.44
  }, {
    "date" : "2022-03-31",
    "sales" : 125.82,
    "salesGrowthYoY" : 1.11,
    "grossProfitMargin" : 61.25,
    "grossProfit" : 77.06,
    "operatingProfitMargin" : 14.31,
    "operatingProfit" : 18.00,
    "netProfitMargin" : 11.68,
    "netProfit" : 14.70
  }, {
    "date" : "2022-06-30",
    "sales" : 149.83,
    "salesGrowthYoY" : 13.58,
    "grossProfitMargin" : 58.53,
    "grossProfit" : 87.70,
    "operatingProfitMargin" : 22.77,
    "operatingProfit" : 34.12,
    "netProfitMargin" : 15.61,
    "netProfit" : 23.39
  }, {
    "date" : "2022-09-30",
    "sales" : 152.58,
    "salesGrowthYoY" : 9.74,
    "grossProfitMargin" : 56.76,
    "grossProfit" : 86.60,
    "operatingProfitMargin" : 21.49,
    "operatingProfit" : 32.79,
    "netProfitMargin" : 7.19,
    "netProfit" : 10.97
  }, {
    "date" : "2022-12-31",
    "sales" : 148.23,
    "salesGrowthYoY" : 2.15,
    "grossProfitMargin" : 53.78,
    "grossProfit" : 79.72,
    "operatingProfitMargin" : 18.71,
    "operatingProfit" : 27.73,
    "netProfitMargin" : 10.01,
    "netProfit" : 14.84
  }, {
    "date" : "2023-03-31",
    "sales" : 131.62,
    "salesGrowthYoY" : 4.61,
    "grossProfitMargin" : 68.41,
    "grossProfit" : 90.04,
    "operatingProfitMargin" : 17.29,
    "operatingProfit" : 22.76,
    "netProfitMargin" : 9.95,
    "netProfit" : 13.10
  }, {
    "date" : "2023-06-30",
    "sales" : 93.70,
    "salesGrowthYoY" : -37.46,
    "grossProfitMargin" : 50.25,
    "grossProfit" : 47.08,
    "operatingProfitMargin" : 7.68,
    "operatingProfit" : 7.20,
    "netProfitMargin" : 4.93,
    "netProfit" : 4.62
  }, {
    "date" : "2023-09-30",
    "sales" : 132.59,
    "salesGrowthYoY" : -13.10,
    "grossProfitMargin" : 47.91,
    "grossProfit" : 63.52,
    "operatingProfitMargin" : 11.75,
    "operatingProfit" : 15.58,
    "netProfitMargin" : 8.37,
    "netProfit" : 11.10
  }, {
    "date" : "2023-12-31",
    "sales" : 155.10,
    "salesGrowthYoY" : 4.63,
    "grossProfitMargin" : 55.41,
    "grossProfit" : 85.94,
    "operatingProfitMargin" : 20.37,
    "operatingProfit" : 31.59,
    "netProfitMargin" : 12.80,
    "netProfit" : 19.85
  }, {
    "date" : "2024-03-31",
    "sales" : 121.92,
    "salesGrowthYoY" : -7.37,
    "grossProfitMargin" : 62.16,
    "grossProfit" : 75.79,
    "operatingProfitMargin" : 11.66,
    "operatingProfit" : 14.22,
    "netProfitMargin" : 8.86,
    "netProfit" : 10.80
  }, {
    "date" : "2024-06-30",
    "sales" : 99.21,
    "salesGrowthYoY" : 5.88,
    "grossProfitMargin" : 53.76,
    "grossProfit" : 53.34,
    "operatingProfitMargin" : 5.61,
    "operatingProfit" : 5.57,
    "netProfitMargin" : 4.50,
    "netProfit" : 4.46
  }, {
    "date" : "2024-09-30",
    "sales" : 110.84,
    "salesGrowthYoY" : -16.40,
    "grossProfitMargin" : 56.07,
    "grossProfit" : 62.15,
    "operatingProfitMargin" : 4.22,
    "operatingProfit" : 4.68,
    "netProfitMargin" : 3.63,
    "netProfit" : 4.02
  }, {
    "date" : "2024-12-31",
    "sales" : 166.29,
    "salesGrowthYoY" : 7.21,
    "grossProfitMargin" : 51.86,
    "grossProfit" : 86.24,
    "operatingProfitMargin" : 15.09,
    "operatingProfit" : 25.09,
    "netProfitMargin" : 10.51,
    "netProfit" : 17.48
  }, {
    "date" : "2025-03-31",
    "sales" : 142.88,
    "salesGrowthYoY" : 17.19,
    "grossProfitMargin" : 53.51,
    "grossProfit" : 76.46,
    "operatingProfitMargin" : 13.22,
    "operatingProfit" : 18.89,
    "netProfitMargin" : 8.48,
    "netProfit" : 12.12
  }, {
    "date" : "2025-06-30",
    "sales" : 124.91,
    "salesGrowthYoY" : 25.90,
    "grossProfitMargin" : 52.92,
    "grossProfit" : 66.10,
    "operatingProfitMargin" : 10.05,
    "operatingProfit" : 12.55,
    "netProfitMargin" : 7.49,
    "netProfit" : 9.36
  }, {
    "date" : "2025-09-30",
    "sales" : 151.29,
    "salesGrowthYoY" : 36.49,
    "grossProfitMargin" : 52.11,
    "grossProfit" : 78.84,
    "operatingProfitMargin" : 7.48,
    "operatingProfit" : 11.32,
    "netProfitMargin" : 6.11,
    "netProfit" : 9.24
  } ],
  "latestQuarterlyResult" : {
    "date" : "2025-09-30",
    "sales" : 151.29,
    "salesGrowthYoY" : 36.49,
    "grossProfitMargin" : 52.11,
    "grossProfit" : 78.84,
    "operatingProfitMargin" : 7.48,
    "operatingProfit" : 11.32,
    "netProfitMargin" : 6.11,
    "netProfit" : 9.24
  },
  "companyScore" : {
    "priceHigherThanDma50" : 0.00,
    "priceHigherThanDma100" : 0.00,
    "priceHigherThanDma200" : 0.00,
    "dma50HigherThanDma100" : 0.00,
    "dma50HigherThanDma200" : 0.00,
    "dma100HigherThanDma200" : 5.00,
    "pricePercentageAboveDma50" : 5.13,
    "pricePercentageAboveDma100" : 5.20,
    "pricePercentageAboveDma200" : 5.16,
    "weeklyVolumeHigherThanYearlyVolume" : 0.00,
    "salesGrowthPercentile" : 16.20,
    "operatingProfitMarginPercentile" : 3.22,
    "netProfitMarginPercentile" : 4.00,
    "totalTechnicalScore" : 20.50,
    "totalFundamentalScore" : 23.42,
    "totalScore" : 43.92
  }
}