{
  "metadata" : {
    "screenerCompanyId" : "387",
    "companyCode" : "BALRAMCHIN",
    "companyName" : "Balrampur Chini",
    "screenerCompanyLink" : "https://www.screener.in/company/BALRAMCHIN",
    "screenerTechnicalHistoryLink" : "https://www.screener.in/api/company/387/chart/?q=Price-DMA50-DMA200-Volume&days=365",
    "screenerQuarterlyResultsLink" : "https://www.screener.in/api/company/387/chart/?q=GPM-OPM-NPM-Quarter+Sales&days=10000",
    "attributes" : {
      "companyCode" : "BALRAMCHIN",
      "companyName" : "Balrampur Chini",
      "marketCap" : 9166.00,
      "peRatio" : 24.60,
      "description" : "Balrampur Chini Mills Limited (BCML) is one of the largest integrated sugar companies in India. The allied businesses of the Company comprise distillery operations and cogeneration of power. BCML is one of the most efficient integrated sugar producers in the country. The Company has grown its capacity by well-planned capacity expansion projects and the acquisition of existing companies over recent years. [1]"
    },
    "companyScore" : {
      "priceHigherThanDma50" : 0.00,
      "priceHigherThanDma100" : 0.00,
      "priceHigherThanDma200" : 0.00,
      "dma50HigherThanDma100" : 0.00,
      "dma50HigherThanDma200" : 0.00,
      "dma100HigherThanDma200" : 5.00,
      "pricePercentageAboveDma50" : 5.24,
      "pricePercentageAboveDma100" : 5.66,
      "pricePercentageAboveDma200" : 5.62,
      "weeklyVolumeHigherThanYearlyVolume" : 0.00,
      "salesGrowthPercentile" : 15.44,
      "operatingProfitMarginPercentile" : 6.66,
      "netProfitMarginPercentile" : 4.40,
      "totalTechnicalScore" : 21.53,
      "totalFundamentalScore" : 26.50,
      "totalScore" : 48.03
    }
  },
  "attributes" : {
    "companyCode" : "BALRAMCHIN",
    "companyName" : "Balrampur Chini",
    "marketCap" : 9166.00,
    "peRatio" : 24.60,
    "description" : "Balrampur Chini Mills Limited (BCML) is one of the largest integrated sugar companies in India. The allied businesses of the Company comprise distillery operations and cogeneration of power. BCML is one of the most efficient integrated sugar producers in the country. The Company has grown its capacity by well-planned capacity expansion projects and the acquisition of existing companies over recent years. [1]"
  },
  "technicalHistory" : [ {
    "date" : "2024-11-27",
    "price" : 567.05,
    "dma50" : 581.34,
    "dma100" : null,
    "dma200" : 506.04,
    "volume" : 1299525.00
  }, {
    "date" : "2024-11-28",
    "price" : 561.10,
    "dma50" : 580.54,
    "dma100" : null,
    "dma200" : 506.59,
    "volume" : 818175.00
  }, {
    "date" : "2024-11-29",
    "price" : 585.10,
    "dma50" : 580.72,
    "dma100" : null,
    "dma200" : 507.37,
    "volume" : 1251689.00
  }, {
    "date" : "2024-12-02",
    "price" : 591.85,
    "dma50" : 581.16,
    "dma100" : null,
    "dma200" : 508.21,
    "volume" : 574164.00
  }, {
    "date" : "2024-12-03",
    "price" : 608.70,
    "dma50" : 582.24,
    "dma100" : null,
    "dma200" : 509.21,
    "volume" : 1170300.00
  }, {
    "date" : "2024-12-04",
    "price" : 591.20,
    "dma50" : 582.59,
    "dma100" : null,
    "dma200" : 510.02,
    "volume" : 2056829.00
  }, {
    "date" : "2024-12-05",
    "price" : 585.90,
    "dma50" : 582.72,
    "dma100" : null,
    "dma200" : 510.78,
    "volume" : 591516.00
  }, {
    "date" : "2024-12-06",
    "price" : 583.95,
    "dma50" : 582.77,
    "dma100" : null,
    "dma200" : 511.51,
    "volume" : 720260.00
  }, {
    "date" : "2024-12-09",
    "price" : 575.85,
    "dma50" : 582.50,
    "dma100" : null,
    "dma200" : 512.15,
    "volume" : 722474.00
  }, {
    "date" : "2024-12-10",
    "price" : 585.25,
    "dma50" : 582.60,
    "dma100" : null,
    "dma200" : 512.87,
    "volume" : 481174.00
  }, {
    "date" : "2024-12-11",
    "price" : 587.30,
    "dma50" : 582.79,
    "dma100" : null,
    "dma200" : 513.61,
    "volume" : 421647.00
  }, {
    "date" : "2024-12-12",
    "price" : 589.10,
    "dma50" : 583.04,
    "dma100" : null,
    "dma200" : 514.37,
    "volume" : 374483.00
  }, {
    "date" : "2024-12-13",
    "price" : 585.40,
    "dma50" : 583.13,
    "dma100" : null,
    "dma200" : 515.07,
    "volume" : 291871.00
  }, {
    "date" : "2024-12-16",
    "price" : 588.45,
    "dma50" : 583.34,
    "dma100" : null,
    "dma200" : 515.80,
    "volume" : 336408.00
  }, {
    "date" : "2024-12-17",
    "price" : 587.95,
    "dma50" : 583.52,
    "dma100" : null,
    "dma200" : 516.52,
    "volume" : 381491.00
  }, {
    "date" : "2024-12-18",
    "price" : 580.15,
    "dma50" : 583.39,
    "dma100" : null,
    "dma200" : 517.15,
    "volume" : 844117.00
  }, {
    "date" : "2024-12-19",
    "price" : 574.30,
    "dma50" : 583.03,
    "dma100" : null,
    "dma200" : 517.72,
    "volume" : 818043.00
  }, {
    "date" : "2024-12-20",
    "price" : 538.80,
    "dma50" : 581.30,
    "dma100" : null,
    "dma200" : 517.93,
    "volume" : 818997.00
  }, {
    "date" : "2024-12-23",
    "price" : 524.20,
    "dma50" : 579.06,
    "dma100" : null,
    "dma200" : 517.99,
    "volume" : 529249.00
  }, {
    "date" : "2024-12-24",
    "price" : 523.20,
    "dma50" : 576.87,
    "dma100" : null,
    "dma200" : 518.05,
    "volume" : 362855.00
  }, {
    "date" : "2024-12-26",
    "price" : 519.85,
    "dma50" : 574.63,
    "dma100" : null,
    "dma200" : 518.06,
    "volume" : 316956.00
  }, {
    "date" : "2024-12-27",
    "price" : 520.10,
    "dma50" : 572.49,
    "dma100" : null,
    "dma200" : 518.08,
    "volume" : 202150.00
  }, {
    "date" : "2024-12-30",
    "price" : 517.20,
    "dma50" : 570.32,
    "dma100" : null,
    "dma200" : 518.08,
    "volume" : 510316.00
  }, {
    "date" : "2024-12-31",
    "price" : 529.80,
    "dma50" : 568.73,
    "dma100" : null,
    "dma200" : 518.19,
    "volume" : 561212.00
  }, {
    "date" : "2025-01-01",
    "price" : 545.25,
    "dma50" : 567.81,
    "dma100" : null,
    "dma200" : 518.46,
    "volume" : 601352.00
  }, {
    "date" : "2025-01-02",
    "price" : 527.00,
    "dma50" : 566.21,
    "dma100" : null,
    "dma200" : 518.55,
    "volume" : 565040.00
  }, {
    "date" : "2025-01-03",
    "price" : 521.75,
    "dma50" : 564.47,
    "dma100" : null,
    "dma200" : 518.58,
    "volume" : 300194.00
  }, {
    "date" : "2025-01-06",
    "price" : 505.50,
    "dma50" : 562.16,
    "dma100" : null,
    "dma200" : 518.45,
    "volume" : 425483.00
  }, {
    "date" : "2025-01-07",
    "price" : 509.45,
    "dma50" : 560.09,
    "dma100" : null,
    "dma200" : 518.36,
    "volume" : 638122.00
  }, {
    "date" : "2025-01-08",
    "price" : 501.90,
    "dma50" : 557.81,
    "dma100" : null,
    "dma200" : 518.19,
    "volume" : 488174.00
  }, {
    "date" : "2025-01-09",
    "price" : 495.85,
    "dma50" : 555.38,
    "dma100" : null,
    "dma200" : 517.97,
    "volume" : 230317.00
  }, {
    "date" : "2025-01-10",
    "price" : 490.25,
    "dma50" : 552.82,
    "dma100" : null,
    "dma200" : 517.70,
    "volume" : 515215.00
  }, {
    "date" : "2025-01-13",
    "price" : 464.60,
    "dma50" : 549.36,
    "dma100" : null,
    "dma200" : 517.17,
    "volume" : 807918.00
  }, {
    "date" : "2025-01-14",
    "price" : 497.00,
    "dma50" : 547.31,
    "dma100" : null,
    "dma200" : 516.97,
    "volume" : 858100.00
  }, {
    "date" : "2025-01-15",
    "price" : 492.00,
    "dma50" : 545.14,
    "dma100" : null,
    "dma200" : 516.72,
    "volume" : 735209.00
  }, {
    "date" : "2025-01-16",
    "price" : 489.70,
    "dma50" : 542.97,
    "dma100" : null,
    "dma200" : 516.45,
    "volume" : 1230593.00
  }, {
    "date" : "2025-01-17",
    "price" : 496.05,
    "dma50" : 541.13,
    "dma100" : null,
    "dma200" : 516.25,
    "volume" : 394176.00
  }, {
    "date" : "2025-01-20",
    "price" : 502.05,
    "dma50" : 539.59,
    "dma100" : null,
    "dma200" : 516.11,
    "volume" : 1447081.00
  }, {
    "date" : "2025-01-21",
    "price" : 507.50,
    "dma50" : 538.34,
    "dma100" : null,
    "dma200" : 516.02,
    "volume" : 975123.00
  }, {
    "date" : "2025-01-22",
    "price" : 488.60,
    "dma50" : 536.39,
    "dma100" : null,
    "dma200" : 515.75,
    "volume" : 439813.00
  }, {
    "date" : "2025-01-23",
    "price" : 484.55,
    "dma50" : 534.35,
    "dma100" : null,
    "dma200" : 515.44,
    "volume" : 244765.00
  }, {
    "date" : "2025-01-24",
    "price" : 476.90,
    "dma50" : 532.10,
    "dma100" : null,
    "dma200" : 515.05,
    "volume" : 530159.00
  }, {
    "date" : "2025-01-27",
    "price" : 476.10,
    "dma50" : 529.90,
    "dma100" : null,
    "dma200" : 514.67,
    "volume" : 546650.00
  }, {
    "date" : "2025-01-28",
    "price" : 479.40,
    "dma50" : 527.92,
    "dma100" : null,
    "dma200" : 514.31,
    "volume" : 439051.00
  }, {
    "date" : "2025-01-29",
    "price" : 495.85,
    "dma50" : 526.67,
    "dma100" : null,
    "dma200" : 514.13,
    "volume" : 1548296.00
  }, {
    "date" : "2025-01-30",
    "price" : 470.20,
    "dma50" : 524.45,
    "dma100" : null,
    "dma200" : 513.69,
    "volume" : 1139135.00
  }, {
    "date" : "2025-01-31",
    "price" : 487.35,
    "dma50" : 523.00,
    "dma100" : null,
    "dma200" : 513.43,
    "volume" : 382686.00
  }, {
    "date" : "2025-02-01",
    "price" : 482.20,
    "dma50" : 521.40,
    "dma100" : null,
    "dma200" : 513.12,
    "volume" : 393918.00
  }, {
    "date" : "2025-02-03",
    "price" : 464.85,
    "dma50" : 519.18,
    "dma100" : null,
    "dma200" : 512.64,
    "volume" : 380354.00
  }, {
    "date" : "2025-02-04",
    "price" : 469.35,
    "dma50" : 517.22,
    "dma100" : null,
    "dma200" : 512.21,
    "volume" : 380185.00
  }, {
    "date" : "2025-02-05",
    "price" : 469.35,
    "dma50" : 515.35,
    "dma100" : null,
    "dma200" : 511.78,
    "volume" : 530623.00
  }, {
    "date" : "2025-02-06",
    "price" : 475.15,
    "dma50" : 513.77,
    "dma100" : null,
    "dma200" : 511.42,
    "volume" : 333762.00
  }, {
    "date" : "2025-02-07",
    "price" : 453.85,
    "dma50" : 511.42,
    "dma100" : null,
    "dma200" : 510.85,
    "volume" : 1198086.00
  }, {
    "date" : "2025-02-10",
    "price" : 459.05,
    "dma50" : 509.37,
    "dma100" : null,
    "dma200" : 510.33,
    "volume" : 529168.00
  }, {
    "date" : "2025-02-11",
    "price" : 444.65,
    "dma50" : 506.83,
    "dma100" : null,
    "dma200" : 509.68,
    "volume" : 762306.00
  }, {
    "date" : "2025-02-12",
    "price" : 440.20,
    "dma50" : 504.22,
    "dma100" : null,
    "dma200" : 508.99,
    "volume" : 1430773.00
  }, {
    "date" : "2025-02-13",
    "price" : 437.10,
    "dma50" : 501.58,
    "dma100" : null,
    "dma200" : 508.27,
    "volume" : 593935.00
  }, {
    "date" : "2025-02-14",
    "price" : 429.25,
    "dma50" : 498.75,
    "dma100" : null,
    "dma200" : 507.48,
    "volume" : 281842.00
  }, {
    "date" : "2025-02-17",
    "price" : 443.10,
    "dma50" : 496.57,
    "dma100" : null,
    "dma200" : 506.84,
    "volume" : 432243.00
  }, {
    "date" : "2025-02-18",
    "price" : 430.85,
    "dma50" : 493.99,
    "dma100" : null,
    "dma200" : 506.09,
    "volume" : 432744.00
  }, {
    "date" : "2025-02-19",
    "price" : 446.80,
    "dma50" : 492.14,
    "dma100" : null,
    "dma200" : 505.50,
    "volume" : 316700.00
  }, {
    "date" : "2025-02-20",
    "price" : 477.65,
    "dma50" : 491.57,
    "dma100" : null,
    "dma200" : 505.22,
    "volume" : 1040233.00
  }, {
    "date" : "2025-02-21",
    "price" : 480.30,
    "dma50" : 491.13,
    "dma100" : null,
    "dma200" : 504.97,
    "volume" : 566388.00
  }, {
    "date" : "2025-02-24",
    "price" : 469.40,
    "dma50" : 490.28,
    "dma100" : null,
    "dma200" : 504.62,
    "volume" : 292050.00
  }, {
    "date" : "2025-02-25",
    "price" : 451.70,
    "dma50" : 488.76,
    "dma100" : null,
    "dma200" : 504.09,
    "volume" : 256753.00
  }, {
    "date" : "2025-02-27",
    "price" : 447.00,
    "dma50" : 487.13,
    "dma100" : null,
    "dma200" : 503.52,
    "volume" : 379607.00
  }, {
    "date" : "2025-02-28",
    "price" : 444.25,
    "dma50" : 485.44,
    "dma100" : null,
    "dma200" : 502.93,
    "volume" : 340156.00
  }, {
    "date" : "2025-03-03",
    "price" : 445.25,
    "dma50" : 483.87,
    "dma100" : null,
    "dma200" : 502.36,
    "volume" : 361348.00
  }, {
    "date" : "2025-03-04",
    "price" : 440.90,
    "dma50" : 482.18,
    "dma100" : null,
    "dma200" : 501.75,
    "volume" : 368578.00
  }, {
    "date" : "2025-03-05",
    "price" : 449.30,
    "dma50" : 480.89,
    "dma100" : null,
    "dma200" : 501.23,
    "volume" : 243208.00
  }, {
    "date" : "2025-03-06",
    "price" : 458.85,
    "dma50" : 480.03,
    "dma100" : null,
    "dma200" : 500.81,
    "volume" : 218362.00
  }, {
    "date" : "2025-03-07",
    "price" : 465.50,
    "dma50" : 479.46,
    "dma100" : null,
    "dma200" : 500.45,
    "volume" : 379215.00
  }, {
    "date" : "2025-03-10",
    "price" : 453.15,
    "dma50" : 478.43,
    "dma100" : null,
    "dma200" : 499.98,
    "volume" : 299123.00
  }, {
    "date" : "2025-03-11",
    "price" : 450.60,
    "dma50" : 477.34,
    "dma100" : null,
    "dma200" : 499.49,
    "volume" : 270881.00
  }, {
    "date" : "2025-03-12",
    "price" : 486.95,
    "dma50" : 477.71,
    "dma100" : null,
    "dma200" : 499.37,
    "volume" : 2679254.00
  }, {
    "date" : "2025-03-13",
    "price" : 472.95,
    "dma50" : 477.53,
    "dma100" : null,
    "dma200" : 499.10,
    "volume" : 912155.00
  }, {
    "date" : "2025-03-17",
    "price" : 477.00,
    "dma50" : 477.51,
    "dma100" : null,
    "dma200" : 498.88,
    "volume" : 335143.00
  }, {
    "date" : "2025-03-18",
    "price" : 503.75,
    "dma50" : 478.53,
    "dma100" : null,
    "dma200" : 498.93,
    "volume" : 995187.00
  }, {
    "date" : "2025-03-19",
    "price" : 539.90,
    "dma50" : 480.94,
    "dma100" : null,
    "dma200" : 499.34,
    "volume" : 4682855.00
  }, {
    "date" : "2025-03-20",
    "price" : 541.05,
    "dma50" : 483.30,
    "dma100" : null,
    "dma200" : 499.76,
    "volume" : 534779.00
  }, {
    "date" : "2025-03-21",
    "price" : 534.65,
    "dma50" : 485.31,
    "dma100" : null,
    "dma200" : 500.10,
    "volume" : 441519.00
  }, {
    "date" : "2025-03-24",
    "price" : 534.75,
    "dma50" : 487.25,
    "dma100" : null,
    "dma200" : 500.45,
    "volume" : 381800.00
  }, {
    "date" : "2025-03-25",
    "price" : 538.10,
    "dma50" : 489.25,
    "dma100" : null,
    "dma200" : 500.82,
    "volume" : 461895.00
  }, {
    "date" : "2025-03-26",
    "price" : 529.70,
    "dma50" : 490.83,
    "dma100" : null,
    "dma200" : 501.11,
    "volume" : 830941.00
  }, {
    "date" : "2025-03-27",
    "price" : 535.70,
    "dma50" : 492.59,
    "dma100" : null,
    "dma200" : 501.45,
    "volume" : 582809.00
  }, {
    "date" : "2025-03-28",
    "price" : 547.50,
    "dma50" : 494.74,
    "dma100" : null,
    "dma200" : 501.91,
    "volume" : 714261.00
  }, {
    "date" : "2025-04-01",
    "price" : 556.95,
    "dma50" : 497.18,
    "dma100" : null,
    "dma200" : 502.46,
    "volume" : 689637.00
  }, {
    "date" : "2025-04-02",
    "price" : 555.40,
    "dma50" : 499.47,
    "dma100" : null,
    "dma200" : 502.99,
    "volume" : 781624.00
  }, {
    "date" : "2025-04-03",
    "price" : 568.05,
    "dma50" : 502.16,
    "dma100" : null,
    "dma200" : 503.63,
    "volume" : 407504.00
  }, {
    "date" : "2025-04-04",
    "price" : 551.95,
    "dma50" : 504.11,
    "dma100" : null,
    "dma200" : 504.11,
    "volume" : 334272.00
  }, {
    "date" : "2025-04-07",
    "price" : 536.10,
    "dma50" : 505.36,
    "dma100" : null,
    "dma200" : 504.43,
    "volume" : 325574.00
  }, {
    "date" : "2025-04-08",
    "price" : 527.00,
    "dma50" : 506.21,
    "dma100" : null,
    "dma200" : 504.66,
    "volume" : 492029.00
  }, {
    "date" : "2025-04-09",
    "price" : 520.65,
    "dma50" : 506.78,
    "dma100" : null,
    "dma200" : 504.82,
    "volume" : 403555.00
  }, {
    "date" : "2025-04-11",
    "price" : 529.90,
    "dma50" : 507.68,
    "dma100" : null,
    "dma200" : 505.07,
    "volume" : 716096.00
  }, {
    "date" : "2025-04-15",
    "price" : 551.20,
    "dma50" : 509.39,
    "dma100" : null,
    "dma200" : 505.52,
    "volume" : 629506.00
  }, {
    "date" : "2025-04-16",
    "price" : 564.80,
    "dma50" : 511.56,
    "dma100" : null,
    "dma200" : 506.11,
    "volume" : 593198.00
  }, {
    "date" : "2025-04-17",
    "price" : 554.20,
    "dma50" : 513.24,
    "dma100" : null,
    "dma200" : 506.59,
    "volume" : 220532.00
  }, {
    "date" : "2025-04-21",
    "price" : 566.05,
    "dma50" : 515.31,
    "dma100" : null,
    "dma200" : 507.18,
    "volume" : 408519.00
  }, {
    "date" : "2025-04-22",
    "price" : 591.60,
    "dma50" : 518.30,
    "dma100" : null,
    "dma200" : 508.02,
    "volume" : 1362910.00
  }, {
    "date" : "2025-04-23",
    "price" : 589.75,
    "dma50" : 521.10,
    "dma100" : null,
    "dma200" : 508.84,
    "volume" : 525149.00
  }, {
    "date" : "2025-04-24",
    "price" : 600.60,
    "dma50" : 524.22,
    "dma100" : 513.25,
    "dma200" : 509.75,
    "volume" : 768587.00
  }, {
    "date" : "2025-04-25",
    "price" : 571.95,
    "dma50" : 526.09,
    "dma100" : 513.36,
    "dma200" : 510.37,
    "volume" : 569009.00
  }, {
    "date" : "2025-04-28",
    "price" : 576.15,
    "dma50" : 528.05,
    "dma100" : 513.27,
    "dma200" : 511.02,
    "volume" : 267715.00
  }, {
    "date" : "2025-04-29",
    "price" : 565.80,
    "dma50" : 529.53,
    "dma100" : 513.01,
    "dma200" : 511.57,
    "volume" : 380789.00
  }, {
    "date" : "2025-04-30",
    "price" : 550.90,
    "dma50" : 530.37,
    "dma100" : 512.43,
    "dma200" : 511.96,
    "volume" : 351500.00
  }, {
    "date" : "2025-05-02",
    "price" : 547.65,
    "dma50" : 531.05,
    "dma100" : 512.00,
    "dma200" : 512.32,
    "volume" : 279889.00
  }, {
    "date" : "2025-05-05",
    "price" : 552.30,
    "dma50" : 531.88,
    "dma100" : 511.66,
    "dma200" : 512.71,
    "volume" : 339731.00
  }, {
    "date" : "2025-05-06",
    "price" : 553.85,
    "dma50" : 532.74,
    "dma100" : 511.36,
    "dma200" : 513.12,
    "volume" : 282244.00
  }, {
    "date" : "2025-05-07",
    "price" : 558.55,
    "dma50" : 533.76,
    "dma100" : 511.19,
    "dma200" : 513.58,
    "volume" : 523166.00
  }, {
    "date" : "2025-05-08",
    "price" : 539.95,
    "dma50" : 534.00,
    "dma100" : 510.73,
    "dma200" : 513.84,
    "volume" : 475779.00
  }, {
    "date" : "2025-05-09",
    "price" : 525.45,
    "dma50" : 533.66,
    "dma100" : 510.12,
    "dma200" : 513.95,
    "volume" : 723463.00
  }, {
    "date" : "2025-05-12",
    "price" : 558.30,
    "dma50" : 534.63,
    "dma100" : 509.81,
    "dma200" : 514.39,
    "volume" : 294082.00
  }, {
    "date" : "2025-05-13",
    "price" : 554.00,
    "dma50" : 535.39,
    "dma100" : 509.49,
    "dma200" : 514.79,
    "volume" : 212988.00
  }, {
    "date" : "2025-05-14",
    "price" : 559.00,
    "dma50" : 536.32,
    "dma100" : 509.20,
    "dma200" : 515.23,
    "volume" : 730195.00
  }, {
    "date" : "2025-05-15",
    "price" : 561.00,
    "dma50" : 537.28,
    "dma100" : 508.93,
    "dma200" : 515.68,
    "volume" : 758231.00
  }, {
    "date" : "2025-05-16",
    "price" : 558.70,
    "dma50" : 538.12,
    "dma100" : 508.72,
    "dma200" : 516.11,
    "volume" : 546597.00
  }, {
    "date" : "2025-05-19",
    "price" : 558.90,
    "dma50" : 538.94,
    "dma100" : 508.56,
    "dma200" : 516.54,
    "volume" : 900033.00
  }, {
    "date" : "2025-05-20",
    "price" : 550.20,
    "dma50" : 539.38,
    "dma100" : 508.68,
    "dma200" : 516.87,
    "volume" : 268290.00
  }, {
    "date" : "2025-05-21",
    "price" : 553.25,
    "dma50" : 539.92,
    "dma100" : 508.97,
    "dma200" : 517.23,
    "volume" : 292074.00
  }, {
    "date" : "2025-05-22",
    "price" : 554.60,
    "dma50" : 540.50,
    "dma100" : 509.28,
    "dma200" : 517.61,
    "volume" : 242195.00
  }, {
    "date" : "2025-05-23",
    "price" : 553.10,
    "dma50" : 540.99,
    "dma100" : 509.61,
    "dma200" : 517.96,
    "volume" : 287036.00
  }, {
    "date" : "2025-05-26",
    "price" : 566.30,
    "dma50" : 541.99,
    "dma100" : 510.07,
    "dma200" : 518.44,
    "volume" : 498005.00
  }, {
    "date" : "2025-05-27",
    "price" : 558.15,
    "dma50" : 542.62,
    "dma100" : 510.48,
    "dma200" : 518.84,
    "volume" : 355325.00
  }, {
    "date" : "2025-05-28",
    "price" : 579.40,
    "dma50" : 544.06,
    "dma100" : 510.98,
    "dma200" : 519.44,
    "volume" : 810664.00
  }, {
    "date" : "2025-05-29",
    "price" : 585.15,
    "dma50" : 545.67,
    "dma100" : 511.38,
    "dma200" : 520.09,
    "volume" : 659483.00
  }, {
    "date" : "2025-05-30",
    "price" : 590.30,
    "dma50" : 547.42,
    "dma100" : 512.01,
    "dma200" : 520.79,
    "volume" : 361065.00
  }, {
    "date" : "2025-06-02",
    "price" : 592.35,
    "dma50" : 549.19,
    "dma100" : 512.72,
    "dma200" : 521.50,
    "volume" : 348488.00
  }, {
    "date" : "2025-06-03",
    "price" : 594.25,
    "dma50" : 550.95,
    "dma100" : 513.61,
    "dma200" : 522.23,
    "volume" : 350747.00
  }, {
    "date" : "2025-06-04",
    "price" : 595.65,
    "dma50" : 552.71,
    "dma100" : 514.47,
    "dma200" : 522.96,
    "volume" : 502549.00
  }, {
    "date" : "2025-06-05",
    "price" : 604.50,
    "dma50" : 554.74,
    "dma100" : 515.49,
    "dma200" : 523.77,
    "volume" : 567840.00
  }, {
    "date" : "2025-06-06",
    "price" : 611.65,
    "dma50" : 556.97,
    "dma100" : 516.65,
    "dma200" : 524.64,
    "volume" : 694271.00
  }, {
    "date" : "2025-06-09",
    "price" : 616.15,
    "dma50" : 559.29,
    "dma100" : 517.91,
    "dma200" : 525.55,
    "volume" : 337098.00
  }, {
    "date" : "2025-06-10",
    "price" : 616.65,
    "dma50" : 561.54,
    "dma100" : 519.43,
    "dma200" : 526.46,
    "volume" : 292918.00
  }, {
    "date" : "2025-06-11",
    "price" : 621.20,
    "dma50" : 563.88,
    "dma100" : 520.67,
    "dma200" : 527.40,
    "volume" : 309500.00
  }, {
    "date" : "2025-06-12",
    "price" : 614.00,
    "dma50" : 565.84,
    "dma100" : 521.89,
    "dma200" : 528.26,
    "volume" : 314358.00
  }, {
    "date" : "2025-06-13",
    "price" : 610.30,
    "dma50" : 567.59,
    "dma100" : 523.10,
    "dma200" : 529.08,
    "volume" : 252200.00
  }, {
    "date" : "2025-06-16",
    "price" : 609.05,
    "dma50" : 569.21,
    "dma100" : 524.23,
    "dma200" : 529.88,
    "volume" : 212552.00
  }, {
    "date" : "2025-06-17",
    "price" : 606.85,
    "dma50" : 570.69,
    "dma100" : 525.28,
    "dma200" : 530.64,
    "volume" : 219552.00
  }, {
    "date" : "2025-06-18",
    "price" : 589.45,
    "dma50" : 571.42,
    "dma100" : 526.10,
    "dma200" : 531.23,
    "volume" : 250127.00
  }, {
    "date" : "2025-06-19",
    "price" : 589.15,
    "dma50" : 572.12,
    "dma100" : 527.10,
    "dma200" : 531.80,
    "volume" : 329215.00
  }, {
    "date" : "2025-06-20",
    "price" : 594.65,
    "dma50" : 573.00,
    "dma100" : 528.20,
    "dma200" : 532.43,
    "volume" : 159285.00
  }, {
    "date" : "2025-06-23",
    "price" : 590.55,
    "dma50" : 573.69,
    "dma100" : 529.34,
    "dma200" : 533.01,
    "volume" : 123927.00
  }, {
    "date" : "2025-06-24",
    "price" : 595.20,
    "dma50" : 574.54,
    "dma100" : 530.53,
    "dma200" : 533.63,
    "volume" : 233568.00
  }, {
    "date" : "2025-06-25",
    "price" : 597.25,
    "dma50" : 575.43,
    "dma100" : 531.71,
    "dma200" : 534.26,
    "volume" : 437747.00
  }, {
    "date" : "2025-06-26",
    "price" : 589.00,
    "dma50" : 575.96,
    "dma100" : 532.64,
    "dma200" : 534.80,
    "volume" : 201771.00
  }, {
    "date" : "2025-06-27",
    "price" : 590.05,
    "dma50" : 576.51,
    "dma100" : 533.84,
    "dma200" : 535.35,
    "volume" : 201967.00
  }, {
    "date" : "2025-06-30",
    "price" : 593.85,
    "dma50" : 577.19,
    "dma100" : 534.90,
    "dma200" : 535.94,
    "volume" : 179064.00
  }, {
    "date" : "2025-07-01",
    "price" : 586.00,
    "dma50" : 577.54,
    "dma100" : 535.94,
    "dma200" : 536.43,
    "volume" : 261212.00
  }, {
    "date" : "2025-07-02",
    "price" : 586.85,
    "dma50" : 577.90,
    "dma100" : 537.16,
    "dma200" : 536.94,
    "volume" : 317553.00
  }, {
    "date" : "2025-07-03",
    "price" : 588.25,
    "dma50" : 578.31,
    "dma100" : 538.35,
    "dma200" : 537.45,
    "volume" : 219696.00
  }, {
    "date" : "2025-07-04",
    "price" : 590.00,
    "dma50" : 578.77,
    "dma100" : 539.56,
    "dma200" : 537.97,
    "volume" : 298417.00
  }, {
    "date" : "2025-07-07",
    "price" : 602.80,
    "dma50" : 579.71,
    "dma100" : 540.83,
    "dma200" : 538.61,
    "volume" : 498810.00
  }, {
    "date" : "2025-07-08",
    "price" : 597.25,
    "dma50" : 580.40,
    "dma100" : 542.27,
    "dma200" : 539.20,
    "volume" : 322657.00
  }, {
    "date" : "2025-07-09",
    "price" : 601.50,
    "dma50" : 581.22,
    "dma100" : 543.69,
    "dma200" : 539.82,
    "volume" : 257261.00
  }, {
    "date" : "2025-07-10",
    "price" : 612.50,
    "dma50" : 582.45,
    "dma100" : 545.37,
    "dma200" : 540.54,
    "volume" : 1121353.00
  }, {
    "date" : "2025-07-11",
    "price" : 616.10,
    "dma50" : 583.77,
    "dma100" : 547.13,
    "dma200" : 541.29,
    "volume" : 528541.00
  }, {
    "date" : "2025-07-14",
    "price" : 610.50,
    "dma50" : 584.82,
    "dma100" : 548.86,
    "dma200" : 541.98,
    "volume" : 472746.00
  }, {
    "date" : "2025-07-15",
    "price" : 622.80,
    "dma50" : 586.31,
    "dma100" : 550.80,
    "dma200" : 542.79,
    "volume" : 425519.00
  }, {
    "date" : "2025-07-16",
    "price" : 619.90,
    "dma50" : 587.63,
    "dma100" : 552.57,
    "dma200" : 543.55,
    "volume" : 254065.00
  }, {
    "date" : "2025-07-17",
    "price" : 615.20,
    "dma50" : 588.71,
    "dma100" : 554.41,
    "dma200" : 544.27,
    "volume" : 181600.00
  }, {
    "date" : "2025-07-18",
    "price" : 617.75,
    "dma50" : 589.85,
    "dma100" : 556.12,
    "dma200" : 545.00,
    "volume" : 198671.00
  }, {
    "date" : "2025-07-21",
    "price" : 613.05,
    "dma50" : 590.76,
    "dma100" : 557.48,
    "dma200" : 545.67,
    "volume" : 125207.00
  }, {
    "date" : "2025-07-22",
    "price" : 612.25,
    "dma50" : 591.60,
    "dma100" : 558.79,
    "dma200" : 546.34,
    "volume" : 183223.00
  }, {
    "date" : "2025-07-23",
    "price" : 606.65,
    "dma50" : 592.19,
    "dma100" : 560.17,
    "dma200" : 546.94,
    "volume" : 212535.00
  }, {
    "date" : "2025-07-24",
    "price" : 594.85,
    "dma50" : 592.29,
    "dma100" : 561.60,
    "dma200" : 547.41,
    "volume" : 404244.00
  }, {
    "date" : "2025-07-25",
    "price" : 589.20,
    "dma50" : 592.17,
    "dma100" : 563.02,
    "dma200" : 547.83,
    "volume" : 267025.00
  }, {
    "date" : "2025-07-28",
    "price" : 586.10,
    "dma50" : 591.93,
    "dma100" : 564.44,
    "dma200" : 548.21,
    "volume" : 247159.00
  }, {
    "date" : "2025-07-29",
    "price" : 590.15,
    "dma50" : 591.86,
    "dma100" : 565.89,
    "dma200" : 548.63,
    "volume" : 255590.00
  }, {
    "date" : "2025-07-30",
    "price" : 591.35,
    "dma50" : 591.84,
    "dma100" : 567.39,
    "dma200" : 549.05,
    "volume" : 172665.00
  }, {
    "date" : "2025-07-31",
    "price" : 587.05,
    "dma50" : 591.66,
    "dma100" : 568.77,
    "dma200" : 549.43,
    "volume" : 271269.00
  }, {
    "date" : "2025-08-01",
    "price" : 563.15,
    "dma50" : 590.54,
    "dma100" : 569.81,
    "dma200" : 549.57,
    "volume" : 163617.00
  }, {
    "date" : "2025-08-04",
    "price" : 570.45,
    "dma50" : 589.75,
    "dma100" : 570.86,
    "dma200" : 549.77,
    "volume" : 134752.00
  }, {
    "date" : "2025-08-05",
    "price" : 569.05,
    "dma50" : 588.94,
    "dma100" : 572.02,
    "dma200" : 549.97,
    "volume" : 130751.00
  }, {
    "date" : "2025-08-06",
    "price" : 548.25,
    "dma50" : 587.34,
    "dma100" : 573.00,
    "dma200" : 549.95,
    "volume" : 514984.00
  }, {
    "date" : "2025-08-07",
    "price" : 550.15,
    "dma50" : 585.88,
    "dma100" : 573.63,
    "dma200" : 549.95,
    "volume" : 489124.00
  }, {
    "date" : "2025-08-08",
    "price" : 545.20,
    "dma50" : 584.29,
    "dma100" : 574.35,
    "dma200" : 549.90,
    "volume" : 136163.00
  }, {
    "date" : "2025-08-11",
    "price" : 551.80,
    "dma50" : 583.01,
    "dma100" : 575.10,
    "dma200" : 549.92,
    "volume" : 90752.00
  }, {
    "date" : "2025-08-12",
    "price" : 560.85,
    "dma50" : 582.15,
    "dma100" : 575.67,
    "dma200" : 550.03,
    "volume" : 979005.00
  }, {
    "date" : "2025-08-13",
    "price" : 548.30,
    "dma50" : 580.82,
    "dma100" : 575.76,
    "dma200" : 550.01,
    "volume" : 253246.00
  }, {
    "date" : "2025-08-14",
    "price" : 565.40,
    "dma50" : 580.21,
    "dma100" : 576.00,
    "dma200" : 550.17,
    "volume" : 317825.00
  }, {
    "date" : "2025-08-18",
    "price" : 558.25,
    "dma50" : 579.35,
    "dma100" : 576.24,
    "dma200" : 550.25,
    "volume" : 370609.00
  }, {
    "date" : "2025-08-19",
    "price" : 572.75,
    "dma50" : 579.09,
    "dma100" : 576.62,
    "dma200" : 550.47,
    "volume" : 133289.00
  }, {
    "date" : "2025-08-20",
    "price" : 583.75,
    "dma50" : 579.28,
    "dma100" : 577.07,
    "dma200" : 550.80,
    "volume" : 164528.00
  }, {
    "date" : "2025-08-21",
    "price" : 584.50,
    "dma50" : 579.48,
    "dma100" : 577.62,
    "dma200" : 551.14,
    "volume" : 72004.00
  }, {
    "date" : "2025-08-22",
    "price" : 584.85,
    "dma50" : 579.69,
    "dma100" : 578.11,
    "dma200" : 551.47,
    "volume" : 269830.00
  }, {
    "date" : "2025-08-25",
    "price" : 590.25,
    "dma50" : 580.11,
    "dma100" : 578.54,
    "dma200" : 551.86,
    "volume" : 196682.00
  }, {
    "date" : "2025-08-26",
    "price" : 558.70,
    "dma50" : 579.27,
    "dma100" : 578.56,
    "dma200" : 551.93,
    "volume" : 419004.00
  }, {
    "date" : "2025-08-28",
    "price" : 549.95,
    "dma50" : 578.12,
    "dma100" : 578.50,
    "dma200" : 551.91,
    "volume" : 328910.00
  }, {
    "date" : "2025-08-29",
    "price" : 536.20,
    "dma50" : 576.47,
    "dma100" : 578.18,
    "dma200" : 551.75,
    "volume" : 210785.00
  }, {
    "date" : "2025-09-01",
    "price" : 541.65,
    "dma50" : 575.11,
    "dma100" : 578.08,
    "dma200" : 551.65,
    "volume" : 247757.00
  }, {
    "date" : "2025-09-02",
    "price" : 566.85,
    "dma50" : 574.78,
    "dma100" : 578.39,
    "dma200" : 551.80,
    "volume" : 5503995.00
  }, {
    "date" : "2025-09-03",
    "price" : 559.55,
    "dma50" : 574.19,
    "dma100" : 578.71,
    "dma200" : 551.88,
    "volume" : 457082.00
  }, {
    "date" : "2025-09-04",
    "price" : 554.00,
    "dma50" : 573.39,
    "dma100" : 579.05,
    "dma200" : 551.90,
    "volume" : 281510.00
  }, {
    "date" : "2025-09-05",
    "price" : 549.45,
    "dma50" : 572.46,
    "dma100" : 579.24,
    "dma200" : 551.88,
    "volume" : 289927.00
  }, {
    "date" : "2025-09-08",
    "price" : 536.15,
    "dma50" : 571.03,
    "dma100" : 579.09,
    "dma200" : 551.72,
    "volume" : 332269.00
  }, {
    "date" : "2025-09-09",
    "price" : 519.60,
    "dma50" : 569.01,
    "dma100" : 578.64,
    "dma200" : 551.40,
    "volume" : 549193.00
  }, {
    "date" : "2025-09-10",
    "price" : 525.45,
    "dma50" : 567.31,
    "dma100" : 578.35,
    "dma200" : 551.14,
    "volume" : 333868.00
  }, {
    "date" : "2025-09-11",
    "price" : 515.65,
    "dma50" : 565.28,
    "dma100" : 577.85,
    "dma200" : 550.79,
    "volume" : 511551.00
  }, {
    "date" : "2025-09-12",
    "price" : 516.05,
    "dma50" : 563.35,
    "dma100" : 577.09,
    "dma200" : 550.44,
    "volume" : 308258.00
  }, {
    "date" : "2025-09-15",
    "price" : 519.30,
    "dma50" : 561.62,
    "dma100" : 576.39,
    "dma200" : 550.13,
    "volume" : 299181.00
  }, {
    "date" : "2025-09-16",
    "price" : 517.70,
    "dma50" : 559.90,
    "dma100" : 575.56,
    "dma200" : 549.81,
    "volume" : 212167.00
  }, {
    "date" : "2025-09-17",
    "price" : 515.85,
    "dma50" : 558.17,
    "dma100" : 575.00,
    "dma200" : 549.47,
    "volume" : 991743.00
  }, {
    "date" : "2025-09-18",
    "price" : 516.25,
    "dma50" : 556.53,
    "dma100" : 574.40,
    "dma200" : 549.14,
    "volume" : 749891.00
  }, {
    "date" : "2025-09-19",
    "price" : 509.75,
    "dma50" : 554.69,
    "dma100" : 573.84,
    "dma200" : 548.75,
    "volume" : 349930.00
  }, {
    "date" : "2025-09-22",
    "price" : 504.30,
    "dma50" : 552.72,
    "dma100" : 573.37,
    "dma200" : 548.31,
    "volume" : 310226.00
  }, {
    "date" : "2025-09-23",
    "price" : 496.25,
    "dma50" : 550.50,
    "dma100" : 572.86,
    "dma200" : 547.79,
    "volume" : 265687.00
  }, {
    "date" : "2025-09-24",
    "price" : 469.70,
    "dma50" : 547.33,
    "dma100" : 572.03,
    "dma200" : 547.01,
    "volume" : 1326631.00
  }, {
    "date" : "2025-09-25",
    "price" : 473.65,
    "dma50" : 544.44,
    "dma100" : 571.23,
    "dma200" : 546.28,
    "volume" : 348898.00
  }, {
    "date" : "2025-09-26",
    "price" : 451.90,
    "dma50" : 540.82,
    "dma100" : 570.16,
    "dma200" : 545.34,
    "volume" : 1727293.00
  }, {
    "date" : "2025-09-29",
    "price" : 451.50,
    "dma50" : 537.31,
    "dma100" : 569.28,
    "dma200" : 544.41,
    "volume" : 334491.00
  }, {
    "date" : "2025-09-30",
    "price" : 455.65,
    "dma50" : 534.11,
    "dma100" : 568.58,
    "dma200" : 543.53,
    "volume" : 164492.00
  }, {
    "date" : "2025-10-01",
    "price" : 456.95,
    "dma50" : 531.08,
    "dma100" : 567.57,
    "dma200" : 542.67,
    "volume" : 183908.00
  }, {
    "date" : "2025-10-03",
    "price" : 464.90,
    "dma50" : 528.49,
    "dma100" : 566.68,
    "dma200" : 541.89,
    "volume" : 280929.00
  }, {
    "date" : "2025-10-06",
    "price" : 475.60,
    "dma50" : 526.42,
    "dma100" : 565.84,
    "dma200" : 541.23,
    "volume" : 487304.00
  }, {
    "date" : "2025-10-07",
    "price" : 481.35,
    "dma50" : 524.65,
    "dma100" : 565.05,
    "dma200" : 540.64,
    "volume" : 365481.00
  }, {
    "date" : "2025-10-08",
    "price" : 479.45,
    "dma50" : 522.88,
    "dma100" : 564.25,
    "dma200" : 540.03,
    "volume" : 497361.00
  }, {
    "date" : "2025-10-09",
    "price" : 479.70,
    "dma50" : 521.18,
    "dma100" : 563.46,
    "dma200" : 539.43,
    "volume" : 425724.00
  }, {
    "date" : "2025-10-10",
    "price" : 478.20,
    "dma50" : 519.50,
    "dma100" : 562.74,
    "dma200" : 538.82,
    "volume" : 140579.00
  }, {
    "date" : "2025-10-13",
    "price" : 472.40,
    "dma50" : 517.65,
    "dma100" : 561.93,
    "dma200" : 538.16,
    "volume" : 676343.00
  }, {
    "date" : "2025-10-14",
    "price" : 463.30,
    "dma50" : 515.52,
    "dma100" : 561.02,
    "dma200" : 537.41,
    "volume" : 310982.00
  }, {
    "date" : "2025-10-15",
    "price" : 469.60,
    "dma50" : 513.72,
    "dma100" : 560.19,
    "dma200" : 536.74,
    "volume" : 214057.00
  }, {
    "date" : "2025-10-16",
    "price" : 467.70,
    "dma50" : 511.91,
    "dma100" : 559.20,
    "dma200" : 536.05,
    "volume" : 259857.00
  }, {
    "date" : "2025-10-17",
    "price" : 464.60,
    "dma50" : 510.06,
    "dma100" : 558.26,
    "dma200" : 535.34,
    "volume" : 157919.00
  }, {
    "date" : "2025-10-20",
    "price" : 459.80,
    "dma50" : 508.09,
    "dma100" : 557.07,
    "dma200" : 534.59,
    "volume" : 256740.00
  }, {
    "date" : "2025-10-21",
    "price" : 468.70,
    "dma50" : 506.54,
    "dma100" : 555.90,
    "dma200" : 533.93,
    "volume" : 62752.00
  }, {
    "date" : "2025-10-23",
    "price" : 468.85,
    "dma50" : 505.06,
    "dma100" : 554.69,
    "dma200" : 533.28,
    "volume" : 157222.00
  }, {
    "date" : "2025-10-24",
    "price" : 464.20,
    "dma50" : 503.46,
    "dma100" : 553.41,
    "dma200" : 532.60,
    "volume" : 167700.00
  }, {
    "date" : "2025-10-27",
    "price" : 463.10,
    "dma50" : 501.88,
    "dma100" : 552.10,
    "dma200" : 531.91,
    "volume" : 119517.00
  }, {
    "date" : "2025-10-28",
    "price" : 469.25,
    "dma50" : 500.60,
    "dma100" : 550.83,
    "dma200" : 531.28,
    "volume" : 1113793.00
  }, {
    "date" : "2025-10-29",
    "price" : 472.90,
    "dma50" : 499.51,
    "dma100" : 549.52,
    "dma200" : 530.70,
    "volume" : 642001.00
  }, {
    "date" : "2025-10-30",
    "price" : 469.55,
    "dma50" : 498.34,
    "dma100" : 548.10,
    "dma200" : 530.09,
    "volume" : 317967.00
  }, {
    "date" : "2025-10-31",
    "price" : 458.95,
    "dma50" : 496.79,
    "dma100" : 546.52,
    "dma200" : 529.38,
    "volume" : 252290.00
  }, {
    "date" : "2025-11-03",
    "price" : 461.75,
    "dma50" : 495.42,
    "dma100" : 544.97,
    "dma200" : 528.71,
    "volume" : 182067.00
  }, {
    "date" : "2025-11-04",
    "price" : 449.90,
    "dma50" : 493.63,
    "dma100" : 543.26,
    "dma200" : 527.93,
    "volume" : 283725.00
  }, {
    "date" : "2025-11-06",
    "price" : 445.40,
    "dma50" : 491.74,
    "dma100" : 541.58,
    "dma200" : 527.11,
    "volume" : 215553.00
  }, {
    "date" : "2025-11-07",
    "price" : 432.55,
    "dma50" : 489.42,
    "dma100" : 539.80,
    "dma200" : 526.17,
    "volume" : 1180172.00
  }, {
    "date" : "2025-11-10",
    "price" : 461.20,
    "dma50" : 488.31,
    "dma100" : 538.32,
    "dma200" : 525.52,
    "volume" : 1998096.00
  }, {
    "date" : "2025-11-11",
    "price" : 454.20,
    "dma50" : 486.98,
    "dma100" : 536.79,
    "dma200" : 524.81,
    "volume" : 887867.00
  }, {
    "date" : "2025-11-12",
    "price" : 449.15,
    "dma50" : 485.49,
    "dma100" : 535.39,
    "dma200" : 524.06,
    "volume" : 343209.00
  }, {
    "date" : "2025-11-13",
    "price" : 458.15,
    "dma50" : 484.42,
    "dma100" : 534.08,
    "dma200" : 523.40,
    "volume" : 286648.00
  }, {
    "date" : "2025-11-14",
    "price" : 465.50,
    "dma50" : 483.68,
    "dma100" : 532.79,
    "dma200" : 522.82,
    "volume" : 806565.00
  }, {
    "date" : "2025-11-17",
    "price" : 471.90,
    "dma50" : 483.22,
    "dma100" : 531.60,
    "dma200" : 522.32,
    "volume" : 494128.00
  }, {
    "date" : "2025-11-18",
    "price" : 461.90,
    "dma50" : 482.38,
    "dma100" : 530.27,
    "dma200" : 521.72,
    "volume" : 346349.00
  }, {
    "date" : "2025-11-19",
    "price" : 462.70,
    "dma50" : 481.61,
    "dma100" : 528.92,
    "dma200" : 521.13,
    "volume" : 253205.00
  }, {
    "date" : "2025-11-20",
    "price" : 457.45,
    "dma50" : 480.66,
    "dma100" : 527.61,
    "dma200" : 520.50,
    "volume" : 198684.00
  }, {
    "date" : "2025-11-21",
    "price" : 449.85,
    "dma50" : 479.45,
    "dma100" : 526.21,
    "dma200" : 519.79,
    "volume" : 182875.00
  }, {
    "date" : "2025-11-24",
    "price" : 452.35,
    "dma50" : 478.39,
    "dma100" : 524.79,
    "dma200" : 519.12,
    "volume" : 221773.00
  }, {
    "date" : "2025-11-25",
    "price" : 449.85,
    "dma50" : 477.27,
    "dma100" : 523.43,
    "dma200" : 518.43,
    "volume" : 471684.00
  }, {
    "date" : "2025-11-26",
    "price" : 453.10,
    "dma50" : 476.32,
    "dma100" : 522.09,
    "dma200" : 517.78,
    "volume" : 111254.00
  } ],
  "latestTechnicalAttributes" : {
    "date" : "2025-11-26",
    "price" : 453.10,
    "dma50" : 476.32,
    "dma100" : 522.09,
    "dma200" : 517.78,
    "volume" : 111254.00
  },
  "quarterlyResults" : [ {
    "date" : "2005-03-31",
    "sales" : 211.10,
    "salesGrowthYoY" : null,
    "grossProfitMargin" : 61.80,
    "grossProfit" : 130.46,
    "operatingProfitMargin" : 38.36,
    "operatingProfit" : 80.98,
    "netProfitMargin" : 26.35,
    "netProfit" : 55.62
  }, {
    "date" : "2005-06-30",
    "sales" : 210.97,
    "salesGrowthYoY" : null,
    "grossProfitMargin" : 40.63,
    "grossProfit" : 85.72,
    "operatingProfitMargin" : 29.82,
    "operatingProfit" : 62.91,
    "netProfitMargin" : 18.97,
    "netProfit" : 40.02
  }, {
    "date" : "2005-09-30",
    "sales" : 287.57,
    "salesGrowthYoY" : null,
    "grossProfitMargin" : 28.16,
    "grossProfit" : 80.98,
    "operatingProfitMargin" : 19.48,
    "operatingProfit" : 56.02,
    "netProfitMargin" : 12.04,
    "netProfit" : 34.62
  }, {
    "date" : "2005-12-31",
    "sales" : 286.78,
    "salesGrowthYoY" : null,
    "grossProfitMargin" : 33.62,
    "grossProfit" : 96.42,
    "operatingProfitMargin" : 19.71,
    "operatingProfit" : 56.52,
    "netProfitMargin" : 13.91,
    "netProfit" : 39.89
  }, {
    "date" : "2006-03-31",
    "sales" : 332.26,
    "salesGrowthYoY" : 57.39,
    "grossProfitMargin" : 53.30,
    "grossProfit" : 177.09,
    "operatingProfitMargin" : 35.63,
    "operatingProfit" : 118.38,
    "netProfitMargin" : 23.90,
    "netProfit" : 79.41
  }, {
    "date" : "2006-06-30",
    "sales" : 393.20,
    "salesGrowthYoY" : 86.38,
    "grossProfitMargin" : 36.43,
    "grossProfit" : 143.24,
    "operatingProfitMargin" : 27.03,
    "operatingProfit" : 106.28,
    "netProfitMargin" : 16.64,
    "netProfit" : 65.43
  }, {
    "date" : "2006-09-30",
    "sales" : 388.22,
    "salesGrowthYoY" : 35.00,
    "grossProfitMargin" : 23.49,
    "grossProfit" : 91.19,
    "operatingProfitMargin" : 15.20,
    "operatingProfit" : 59.01,
    "netProfitMargin" : 8.30,
    "netProfit" : 32.22
  }, {
    "date" : "2006-12-31",
    "sales" : 337.11,
    "salesGrowthYoY" : 17.55,
    "grossProfitMargin" : 32.71,
    "grossProfit" : 110.27,
    "operatingProfitMargin" : 15.28,
    "operatingProfit" : 51.51,
    "netProfitMargin" : 5.69,
    "netProfit" : 19.18
  }, {
    "date" : "2007-03-31",
    "sales" : 396.90,
    "salesGrowthYoY" : 19.45,
    "grossProfitMargin" : 34.05,
    "grossProfit" : 135.14,
    "operatingProfitMargin" : 14.09,
    "operatingProfit" : 55.92,
    "netProfitMargin" : 5.03,
    "netProfit" : 19.96
  }, {
    "date" : "2007-06-30",
    "sales" : 365.26,
    "salesGrowthYoY" : -7.11,
    "grossProfitMargin" : 9.69,
    "grossProfit" : 35.39,
    "operatingProfitMargin" : -4.50,
    "operatingProfit" : -16.44,
    "netProfitMargin" : -12.95,
    "netProfit" : -47.30
  }, {
    "date" : "2007-09-30",
    "sales" : 292.45,
    "salesGrowthYoY" : -24.67,
    "grossProfitMargin" : 14.70,
    "grossProfit" : 42.99,
    "operatingProfitMargin" : -0.96,
    "operatingProfit" : -2.81,
    "netProfitMargin" : -11.52,
    "netProfit" : -33.69
  }, {
    "date" : "2007-12-31",
    "sales" : 427.46,
    "salesGrowthYoY" : 26.80,
    "grossProfitMargin" : 21.68,
    "grossProfit" : 92.67,
    "operatingProfitMargin" : 7.77,
    "operatingProfit" : 33.21,
    "netProfitMargin" : -0.01,
    "netProfit" : -0.04
  }, {
    "date" : "2008-03-31",
    "sales" : 310.84,
    "salesGrowthYoY" : -21.68,
    "grossProfitMargin" : 72.67,
    "grossProfit" : 225.89,
    "operatingProfitMargin" : 43.18,
    "operatingProfit" : 134.22,
    "netProfitMargin" : 21.12,
    "netProfit" : 65.65
  }, {
    "date" : "2008-06-30",
    "sales" : 316.49,
    "salesGrowthYoY" : -13.35,
    "grossProfitMargin" : 42.02,
    "grossProfit" : 132.99,
    "operatingProfitMargin" : 26.45,
    "operatingProfit" : 83.71,
    "netProfitMargin" : 5.32,
    "netProfit" : 16.84
  }, {
    "date" : "2008-09-30",
    "sales" : 416.73,
    "salesGrowthYoY" : 42.50,
    "grossProfitMargin" : 31.06,
    "grossProfit" : 129.44,
    "operatingProfitMargin" : 17.34,
    "operatingProfit" : 72.26,
    "netProfitMargin" : 3.50,
    "netProfit" : 14.59
  }, {
    "date" : "2008-12-31",
    "sales" : 429.45,
    "salesGrowthYoY" : 0.47,
    "grossProfitMargin" : 41.98,
    "grossProfit" : 180.28,
    "operatingProfitMargin" : 26.95,
    "operatingProfit" : 115.74,
    "netProfitMargin" : 11.94,
    "netProfit" : 51.28
  }, {
    "date" : "2009-03-31",
    "sales" : 357.11,
    "salesGrowthYoY" : 14.89,
    "grossProfitMargin" : 58.97,
    "grossProfit" : 210.59,
    "operatingProfitMargin" : 36.73,
    "operatingProfit" : 131.17,
    "netProfitMargin" : 18.53,
    "netProfit" : 66.17
  }, {
    "date" : "2009-06-30",
    "sales" : 538.07,
    "salesGrowthYoY" : 70.01,
    "grossProfitMargin" : 30.27,
    "grossProfit" : 162.87,
    "operatingProfitMargin" : 24.16,
    "operatingProfit" : 130.00,
    "netProfitMargin" : 12.32,
    "netProfit" : 66.29
  }, {
    "date" : "2009-09-30",
    "sales" : 379.96,
    "salesGrowthYoY" : -8.82,
    "grossProfitMargin" : 32.69,
    "grossProfit" : 124.21,
    "operatingProfitMargin" : 19.96,
    "operatingProfit" : 75.84,
    "netProfitMargin" : 11.25,
    "netProfit" : 42.75
  }, {
    "date" : "2009-12-31",
    "sales" : 439.48,
    "salesGrowthYoY" : 2.34,
    "grossProfitMargin" : 43.51,
    "grossProfit" : 191.22,
    "operatingProfitMargin" : 29.95,
    "operatingProfit" : 131.62,
    "netProfitMargin" : 17.42,
    "netProfit" : 76.56
  }, {
    "date" : "2010-03-31",
    "sales" : 470.51,
    "salesGrowthYoY" : 31.75,
    "grossProfitMargin" : 34.62,
    "grossProfit" : 162.89,
    "operatingProfitMargin" : 17.31,
    "operatingProfit" : 81.45,
    "netProfitMargin" : 5.86,
    "netProfit" : 27.57
  }, {
    "date" : "2010-06-30",
    "sales" : 540.32,
    "salesGrowthYoY" : 0.42,
    "grossProfitMargin" : 20.73,
    "grossProfit" : 112.01,
    "operatingProfitMargin" : 11.87,
    "operatingProfit" : 64.14,
    "netProfitMargin" : 2.06,
    "netProfit" : 11.13
  }, {
    "date" : "2010-09-30",
    "sales" : 512.76,
    "salesGrowthYoY" : 34.95,
    "grossProfitMargin" : 5.05,
    "grossProfit" : 25.89,
    "operatingProfitMargin" : -4.91,
    "operatingProfit" : -25.18,
    "netProfitMargin" : -15.28,
    "netProfit" : -78.35
  }, {
    "date" : "2010-12-31",
    "sales" : 531.51,
    "salesGrowthYoY" : 20.94,
    "grossProfitMargin" : 26.71,
    "grossProfit" : 141.97,
    "operatingProfitMargin" : 13.62,
    "operatingProfit" : 72.39,
    "netProfitMargin" : 4.40,
    "netProfit" : 23.39
  }, {
    "date" : "2011-03-31",
    "sales" : 468.19,
    "salesGrowthYoY" : -0.49,
    "grossProfitMargin" : 67.42,
    "grossProfit" : 315.65,
    "operatingProfitMargin" : 43.86,
    "operatingProfit" : 205.35,
    "netProfitMargin" : 24.09,
    "netProfit" : 112.79
  }, {
    "date" : "2011-06-30",
    "sales" : 566.97,
    "salesGrowthYoY" : 4.93,
    "grossProfitMargin" : 16.41,
    "grossProfit" : 93.04,
    "operatingProfitMargin" : 7.04,
    "operatingProfit" : 39.91,
    "netProfitMargin" : -3.50,
    "netProfit" : -19.84
  }, {
    "date" : "2011-09-30",
    "sales" : 502.75,
    "salesGrowthYoY" : -1.95,
    "grossProfitMargin" : 14.84,
    "grossProfit" : 74.61,
    "operatingProfitMargin" : 2.95,
    "operatingProfit" : 14.83,
    "netProfitMargin" : -7.84,
    "netProfit" : -39.42
  }, {
    "date" : "2011-12-31",
    "sales" : 662.08,
    "salesGrowthYoY" : 24.57,
    "grossProfitMargin" : 9.74,
    "grossProfit" : 64.49,
    "operatingProfitMargin" : -1.52,
    "operatingProfit" : -10.06,
    "netProfitMargin" : -9.67,
    "netProfit" : -64.02
  }, {
    "date" : "2012-03-31",
    "sales" : 577.75,
    "salesGrowthYoY" : 23.40,
    "grossProfitMargin" : 52.22,
    "grossProfit" : 301.70,
    "operatingProfitMargin" : 33.50,
    "operatingProfit" : 193.55,
    "netProfitMargin" : 22.49,
    "netProfit" : 129.94
  }, {
    "date" : "2012-06-30",
    "sales" : 691.96,
    "salesGrowthYoY" : 22.05,
    "grossProfitMargin" : 17.01,
    "grossProfit" : 117.70,
    "operatingProfitMargin" : 8.26,
    "operatingProfit" : 57.16,
    "netProfitMargin" : -2.61,
    "netProfit" : -18.06
  }, {
    "date" : "2012-09-30",
    "sales" : 888.22,
    "salesGrowthYoY" : 76.67,
    "grossProfitMargin" : 20.49,
    "grossProfit" : 182.00,
    "operatingProfitMargin" : 13.58,
    "operatingProfit" : 120.62,
    "netProfitMargin" : 5.50,
    "netProfit" : 48.85
  }, {
    "date" : "2012-12-31",
    "sales" : 949.93,
    "salesGrowthYoY" : 43.48,
    "grossProfitMargin" : 21.14,
    "grossProfit" : 200.82,
    "operatingProfitMargin" : 12.46,
    "operatingProfit" : 118.36,
    "netProfitMargin" : 6.34,
    "netProfit" : 60.23
  }, {
    "date" : "2013-03-31",
    "sales" : 744.74,
    "salesGrowthYoY" : 28.90,
    "grossProfitMargin" : 34.29,
    "grossProfit" : 255.37,
    "operatingProfitMargin" : 16.60,
    "operatingProfit" : 123.63,
    "netProfitMargin" : 9.53,
    "netProfit" : 70.97
  }, {
    "date" : "2013-06-30",
    "sales" : 681.62,
    "salesGrowthYoY" : -1.49,
    "grossProfitMargin" : 17.39,
    "grossProfit" : 118.53,
    "operatingProfitMargin" : 7.18,
    "operatingProfit" : 48.94,
    "netProfitMargin" : -1.43,
    "netProfit" : -9.75
  }, {
    "date" : "2013-09-30",
    "sales" : 568.30,
    "salesGrowthYoY" : -36.02,
    "grossProfitMargin" : 2.35,
    "grossProfit" : 13.36,
    "operatingProfitMargin" : -11.10,
    "operatingProfit" : -63.08,
    "netProfitMargin" : -21.49,
    "netProfit" : -122.13
  }, {
    "date" : "2013-12-31",
    "sales" : 690.71,
    "salesGrowthYoY" : -27.29,
    "grossProfitMargin" : 9.48,
    "grossProfit" : 65.48,
    "operatingProfitMargin" : -1.17,
    "operatingProfit" : -8.08,
    "netProfitMargin" : -7.35,
    "netProfit" : -50.77
  }, {
    "date" : "2014-03-31",
    "sales" : 699.98,
    "salesGrowthYoY" : -6.01,
    "grossProfitMargin" : 53.87,
    "grossProfit" : 377.08,
    "operatingProfitMargin" : 34.05,
    "operatingProfit" : 238.34,
    "netProfitMargin" : 27.13,
    "netProfit" : 189.90
  }, {
    "date" : "2014-06-30",
    "sales" : 804.36,
    "salesGrowthYoY" : 18.01,
    "grossProfitMargin" : 14.92,
    "grossProfit" : 120.01,
    "operatingProfitMargin" : 5.80,
    "operatingProfit" : 46.65,
    "netProfitMargin" : -0.49,
    "netProfit" : -3.94
  }, {
    "date" : "2014-09-30",
    "sales" : 682.61,
    "salesGrowthYoY" : 20.11,
    "grossProfitMargin" : 9.89,
    "grossProfit" : 67.51,
    "operatingProfitMargin" : 0.01,
    "operatingProfit" : 0.07,
    "netProfitMargin" : -9.36,
    "netProfit" : -63.89
  }, {
    "date" : "2014-12-31",
    "sales" : 841.69,
    "salesGrowthYoY" : 21.86,
    "grossProfitMargin" : 7.18,
    "grossProfit" : 60.43,
    "operatingProfitMargin" : -3.18,
    "operatingProfit" : -26.77,
    "netProfitMargin" : -7.80,
    "netProfit" : -65.65
  }, {
    "date" : "2015-03-31",
    "sales" : 658.32,
    "salesGrowthYoY" : -5.95,
    "grossProfitMargin" : 34.79,
    "grossProfit" : 229.03,
    "operatingProfitMargin" : 16.18,
    "operatingProfit" : 106.52,
    "netProfitMargin" : 11.52,
    "netProfit" : 75.84
  }, {
    "date" : "2015-06-30",
    "sales" : 636.12,
    "salesGrowthYoY" : -20.92,
    "grossProfitMargin" : 8.47,
    "grossProfit" : 53.88,
    "operatingProfitMargin" : -2.91,
    "operatingProfit" : -18.51,
    "netProfitMargin" : -10.41,
    "netProfit" : -66.22
  }, {
    "date" : "2015-09-30",
    "sales" : 501.07,
    "salesGrowthYoY" : -26.59,
    "grossProfitMargin" : 14.87,
    "grossProfit" : 74.51,
    "operatingProfitMargin" : 0.27,
    "operatingProfit" : 1.35,
    "netProfitMargin" : -2.71,
    "netProfit" : -13.58
  }, {
    "date" : "2015-12-31",
    "sales" : 848.87,
    "salesGrowthYoY" : 0.85,
    "grossProfitMargin" : 24.83,
    "grossProfit" : 210.77,
    "operatingProfitMargin" : 13.85,
    "operatingProfit" : 117.57,
    "netProfitMargin" : 10.27,
    "netProfit" : 87.18
  }, {
    "date" : "2016-03-31",
    "sales" : 770.60,
    "salesGrowthYoY" : 17.06,
    "grossProfitMargin" : 57.25,
    "grossProfit" : 441.17,
    "operatingProfitMargin" : 40.29,
    "operatingProfit" : 310.47,
    "netProfitMargin" : 33.65,
    "netProfit" : 259.31
  }, {
    "date" : "2016-06-30",
    "sales" : 789.29,
    "salesGrowthYoY" : 24.08,
    "grossProfitMargin" : 31.95,
    "grossProfit" : 252.18,
    "operatingProfitMargin" : 23.53,
    "operatingProfit" : 185.72,
    "netProfitMargin" : 14.03,
    "netProfit" : 110.74
  }, {
    "date" : "2016-09-30",
    "sales" : 887.48,
    "salesGrowthYoY" : 77.12,
    "grossProfitMargin" : 28.25,
    "grossProfit" : 250.71,
    "operatingProfitMargin" : 19.44,
    "operatingProfit" : 172.53,
    "netProfitMargin" : 11.94,
    "netProfit" : 105.97
  }, {
    "date" : "2016-12-31",
    "sales" : 937.28,
    "salesGrowthYoY" : 10.42,
    "grossProfitMargin" : 39.79,
    "grossProfit" : 372.94,
    "operatingProfitMargin" : 26.28,
    "operatingProfit" : 246.32,
    "netProfitMargin" : 18.69,
    "netProfit" : 175.18
  }, {
    "date" : "2017-03-31",
    "sales" : 846.09,
    "salesGrowthYoY" : 9.80,
    "grossProfitMargin" : 50.46,
    "grossProfit" : 426.94,
    "operatingProfitMargin" : 31.30,
    "operatingProfit" : 264.83,
    "netProfitMargin" : 23.68,
    "netProfit" : 200.35
  }, {
    "date" : "2017-06-30",
    "sales" : 1078.27,
    "salesGrowthYoY" : 36.61,
    "grossProfitMargin" : 26.48,
    "grossProfit" : 285.53,
    "operatingProfitMargin" : 19.17,
    "operatingProfit" : 206.70,
    "netProfitMargin" : 11.13,
    "netProfit" : 120.01
  }, {
    "date" : "2017-09-30",
    "sales" : 1236.84,
    "salesGrowthYoY" : 39.37,
    "grossProfitMargin" : 18.32,
    "grossProfit" : 226.59,
    "operatingProfitMargin" : 11.62,
    "operatingProfit" : 143.72,
    "netProfitMargin" : 6.66,
    "netProfit" : 82.37
  }, {
    "date" : "2017-12-31",
    "sales" : 1001.91,
    "salesGrowthYoY" : 6.90,
    "grossProfitMargin" : 23.32,
    "grossProfit" : 233.65,
    "operatingProfitMargin" : 10.92,
    "operatingProfit" : 109.41,
    "netProfitMargin" : 6.13,
    "netProfit" : 61.42
  }, {
    "date" : "2018-03-31",
    "sales" : 1025.52,
    "salesGrowthYoY" : 21.21,
    "grossProfitMargin" : 11.92,
    "grossProfit" : 122.24,
    "operatingProfitMargin" : -0.80,
    "operatingProfit" : -8.20,
    "netProfitMargin" : -4.16,
    "netProfit" : -42.66
  }, {
    "date" : "2018-06-30",
    "sales" : 1002.54,
    "salesGrowthYoY" : -7.02,
    "grossProfitMargin" : 24.43,
    "grossProfit" : 244.92,
    "operatingProfitMargin" : 12.91,
    "operatingProfit" : 129.43,
    "netProfitMargin" : 7.34,
    "netProfit" : 73.59
  }, {
    "date" : "2018-09-30",
    "sales" : 1014.99,
    "salesGrowthYoY" : -17.94,
    "grossProfitMargin" : 25.77,
    "grossProfit" : 261.56,
    "operatingProfitMargin" : 13.90,
    "operatingProfit" : 141.08,
    "netProfitMargin" : 8.96,
    "netProfit" : 90.94
  }, {
    "date" : "2018-12-31",
    "sales" : 940.91,
    "salesGrowthYoY" : -6.09,
    "grossProfitMargin" : 31.49,
    "grossProfit" : 296.29,
    "operatingProfitMargin" : 17.02,
    "operatingProfit" : 160.14,
    "netProfitMargin" : 12.79,
    "netProfit" : 120.34
  }, {
    "date" : "2019-03-31",
    "sales" : 1327.34,
    "salesGrowthYoY" : 29.43,
    "grossProfitMargin" : 32.09,
    "grossProfit" : 425.94,
    "operatingProfitMargin" : 19.47,
    "operatingProfit" : 258.43,
    "netProfitMargin" : 21.53,
    "netProfit" : 285.78
  }, {
    "date" : "2019-06-30",
    "sales" : 948.50,
    "salesGrowthYoY" : -5.39,
    "grossProfitMargin" : 30.31,
    "grossProfit" : 287.49,
    "operatingProfitMargin" : 18.54,
    "operatingProfit" : 175.85,
    "netProfitMargin" : 11.25,
    "netProfit" : 106.71
  }, {
    "date" : "2019-09-30",
    "sales" : 856.98,
    "salesGrowthYoY" : -15.57,
    "grossProfitMargin" : 31.62,
    "grossProfit" : 270.98,
    "operatingProfitMargin" : 18.04,
    "operatingProfit" : 154.60,
    "netProfitMargin" : 11.41,
    "netProfit" : 97.78
  }, {
    "date" : "2019-12-31",
    "sales" : 1195.77,
    "salesGrowthYoY" : 27.09,
    "grossProfitMargin" : 21.10,
    "grossProfit" : 252.31,
    "operatingProfitMargin" : 9.22,
    "operatingProfit" : 110.25,
    "netProfitMargin" : 5.86,
    "netProfit" : 70.07
  }, {
    "date" : "2020-03-31",
    "sales" : 1740.05,
    "salesGrowthYoY" : 31.09,
    "grossProfitMargin" : 24.66,
    "grossProfit" : 429.10,
    "operatingProfitMargin" : 13.87,
    "operatingProfit" : 241.34,
    "netProfitMargin" : 13.50,
    "netProfit" : 234.91
  }, {
    "date" : "2020-06-30",
    "sales" : 1430.34,
    "salesGrowthYoY" : 50.80,
    "grossProfitMargin" : 24.81,
    "grossProfit" : 354.87,
    "operatingProfitMargin" : 15.20,
    "operatingProfit" : 217.41,
    "netProfitMargin" : 9.41,
    "netProfit" : 134.59
  }, {
    "date" : "2020-09-30",
    "sales" : 1289.80,
    "salesGrowthYoY" : 50.51,
    "grossProfitMargin" : 20.24,
    "grossProfit" : 261.06,
    "operatingProfitMargin" : 9.90,
    "operatingProfit" : 127.69,
    "netProfitMargin" : 5.81,
    "netProfit" : 74.94
  }, {
    "date" : "2020-12-31",
    "sales" : 1072.17,
    "salesGrowthYoY" : -10.34,
    "grossProfitMargin" : 16.96,
    "grossProfit" : 181.84,
    "operatingProfitMargin" : 3.39,
    "operatingProfit" : 36.35,
    "netProfitMargin" : 2.09,
    "netProfit" : 22.41
  }, {
    "date" : "2021-03-31",
    "sales" : 1019.36,
    "salesGrowthYoY" : -41.42,
    "grossProfitMargin" : 54.72,
    "grossProfit" : 557.79,
    "operatingProfitMargin" : 32.59,
    "operatingProfit" : 332.21,
    "netProfitMargin" : 23.33,
    "netProfit" : 237.82
  }, {
    "date" : "2021-06-30",
    "sales" : 1140.44,
    "salesGrowthYoY" : -20.27,
    "grossProfitMargin" : 25.29,
    "grossProfit" : 288.42,
    "operatingProfitMargin" : 11.75,
    "operatingProfit" : 134.00,
    "netProfitMargin" : 6.40,
    "netProfit" : 72.99
  }, {
    "date" : "2021-09-30",
    "sales" : 1213.83,
    "salesGrowthYoY" : -5.89,
    "grossProfitMargin" : 23.22,
    "grossProfit" : 281.85,
    "operatingProfitMargin" : 11.11,
    "operatingProfit" : 134.86,
    "netProfitMargin" : 6.72,
    "netProfit" : 81.57
  }, {
    "date" : "2021-12-31",
    "sales" : 1212.15,
    "salesGrowthYoY" : 13.06,
    "grossProfitMargin" : 22.14,
    "grossProfit" : 268.37,
    "operatingProfitMargin" : 8.23,
    "operatingProfit" : 99.76,
    "netProfitMargin" : 5.87,
    "netProfit" : 71.15
  }, {
    "date" : "2022-03-31",
    "sales" : 1279.61,
    "salesGrowthYoY" : 25.53,
    "grossProfitMargin" : 43.07,
    "grossProfit" : 551.13,
    "operatingProfitMargin" : 25.87,
    "operatingProfit" : 331.04,
    "netProfitMargin" : 19.27,
    "netProfit" : 246.58
  }, {
    "date" : "2022-06-30",
    "sales" : 1080.08,
    "salesGrowthYoY" : -5.29,
    "grossProfitMargin" : 17.57,
    "grossProfit" : 189.77,
    "operatingProfitMargin" : 4.11,
    "operatingProfit" : 44.39,
    "netProfitMargin" : 1.07,
    "netProfit" : 11.56
  }, {
    "date" : "2022-09-30",
    "sales" : 1113.10,
    "salesGrowthYoY" : -8.30,
    "grossProfitMargin" : 13.18,
    "grossProfit" : 146.71,
    "operatingProfitMargin" : -1.43,
    "operatingProfit" : -15.92,
    "netProfitMargin" : -2.81,
    "netProfit" : -31.28
  }, {
    "date" : "2022-12-31",
    "sales" : 981.16,
    "salesGrowthYoY" : -19.06,
    "grossProfitMargin" : 27.26,
    "grossProfit" : 267.46,
    "operatingProfitMargin" : 8.12,
    "operatingProfit" : 79.67,
    "netProfitMargin" : 4.53,
    "netProfit" : 44.45
  }, {
    "date" : "2023-03-31",
    "sales" : 1491.53,
    "salesGrowthYoY" : 16.56,
    "grossProfitMargin" : 43.76,
    "grossProfit" : 652.69,
    "operatingProfitMargin" : 27.10,
    "operatingProfit" : 404.20,
    "netProfitMargin" : 16.81,
    "netProfit" : 250.73
  }, {
    "date" : "2023-06-30",
    "sales" : 1389.62,
    "salesGrowthYoY" : 28.66,
    "grossProfitMargin" : 25.58,
    "grossProfit" : 355.46,
    "operatingProfitMargin" : 11.74,
    "operatingProfit" : 163.14,
    "netProfitMargin" : 4.99,
    "netProfit" : 69.34
  }, {
    "date" : "2023-09-30",
    "sales" : 1539.47,
    "salesGrowthYoY" : 38.30,
    "grossProfitMargin" : 23.99,
    "grossProfit" : 369.32,
    "operatingProfitMargin" : 10.71,
    "operatingProfit" : 164.88,
    "netProfitMargin" : 6.90,
    "netProfit" : 106.22
  }, {
    "date" : "2023-12-31",
    "sales" : 1230.39,
    "salesGrowthYoY" : 25.40,
    "grossProfitMargin" : 27.16,
    "grossProfit" : 334.17,
    "operatingProfitMargin" : 9.22,
    "operatingProfit" : 113.44,
    "netProfitMargin" : 4.90,
    "netProfit" : 60.29
  }, {
    "date" : "2024-03-31",
    "sales" : 1434.26,
    "salesGrowthYoY" : -3.84,
    "grossProfitMargin" : 43.08,
    "grossProfit" : 617.88,
    "operatingProfitMargin" : 24.04,
    "operatingProfit" : 344.80,
    "netProfitMargin" : 13.76,
    "netProfit" : 197.35
  }, {
    "date" : "2024-06-30",
    "sales" : 1421.60,
    "salesGrowthYoY" : 2.30,
    "grossProfitMargin" : 25.04,
    "grossProfit" : 355.97,
    "operatingProfitMargin" : 11.69,
    "operatingProfit" : 166.19,
    "netProfitMargin" : 4.55,
    "netProfit" : 64.68
  }, {
    "date" : "2024-09-30",
    "sales" : 1297.95,
    "salesGrowthYoY" : -15.69,
    "grossProfitMargin" : 17.12,
    "grossProfit" : 222.21,
    "operatingProfitMargin" : 3.78,
    "operatingProfit" : 49.06,
    "netProfitMargin" : -0.27,
    "netProfit" : -3.50
  }, {
    "date" : "2024-12-31",
    "sales" : 1192.15,
    "salesGrowthYoY" : -3.11,
    "grossProfitMargin" : 28.87,
    "grossProfit" : 344.17,
    "operatingProfitMargin" : 10.38,
    "operatingProfit" : 123.75,
    "netProfitMargin" : 5.26,
    "netProfit" : 62.71
  }, {
    "date" : "2025-03-31",
    "sales" : 1503.68,
    "salesGrowthYoY" : 4.84,
    "grossProfitMargin" : 42.23,
    "grossProfit" : 635.00,
    "operatingProfitMargin" : 24.29,
    "operatingProfit" : 365.24,
    "netProfitMargin" : 14.63,
    "netProfit" : 219.99
  }, {
    "date" : "2025-06-30",
    "sales" : 1542.27,
    "salesGrowthYoY" : 8.49,
    "grossProfitMargin" : 20.67,
    "grossProfit" : 318.79,
    "operatingProfitMargin" : 8.70,
    "operatingProfit" : 134.18,
    "netProfitMargin" : 2.79,
    "netProfit" : 43.03
  }, {
    "date" : "2025-09-30",
    "sales" : 1670.76,
    "salesGrowthYoY" : 28.72,
    "grossProfitMargin" : 18.90,
    "grossProfit" : 315.77,
    "operatingProfitMargin" : 7.21,
    "operatingProfit" : 120.46,
    "netProfitMargin" : 2.75,
    "netProfit" : 45.95
  } ],
  "latestQuarterlyResult" : {
    "date" : "2025-09-30",
    "sales" : 1670.76,
    "salesGrowthYoY" : 28.72,
    "grossProfitMargin" : 18.90,
    "grossProfit" : 315.77,
    "operatingProfitMargin" : 7.21,
    "operatingProfit" : 120.46,
    "netProfitMargin" : 2.75,
    "netProfit" : 45.95
  },
  "companyScore" : {
    "priceHigherThanDma50" : 0.00,
    "priceHigherThanDma100" : 0.00,
    "priceHigherThanDma200" : 0.00,
    "dma50HigherThanDma100" : 0.00,
    "dma50HigherThanDma200" : 0.00,
    "dma100HigherThanDma200" : 5.00,
    "pricePercentageAboveDma50" : 5.24,
    "pricePercentageAboveDma100" : 5.66,
    "pricePercentageAboveDma200" : 5.62,
    "weeklyVolumeHigherThanYearlyVolume" : 0.00,
    "salesGrowthPercentile" : 15.44,
    "operatingProfitMarginPercentile" : 6.66,
    "netProfitMarginPercentile" : 4.40,
    "totalTechnicalScore" : 21.53,
    "totalFundamentalScore" : 26.50,
    "totalScore" : 48.03
  }
}