{
  "metadata" : {
    "screenerCompanyId" : "455",
    "companyCode" : "BBL",
    "companyName" : "Bharat Bijlee",
    "screenerCompanyLink" : "https://www.screener.in/company/BBL/",
    "screenerTechnicalHistoryLink" : "https://www.screener.in/api/company/455/chart/?q=Price-DMA50-DMA200-Volume&days=365",
    "screenerQuarterlyResultsLink" : "https://www.screener.in/api/company/455/chart/?q=GPM-OPM-NPM-Quarter+Sales&days=10000",
    "attributes" : {
      "companyCode" : "BBL",
      "companyName" : "Bharat Bijlee",
      "marketCap" : 3207.00,
      "peRatio" : 21.80,
      "description" : "Established in 1946, Bharat Bijlee is a leading electrical engineering company in India engaged in manufacturing of transformers, electric motors, elevator systems, drives and automation. It also provides turnkey solutions for EHV switchyards, HV and MV substations, Electrical Balance of Plant, etc. [1]"
    },
    "companyScore" : {
      "priceHigherThanDma50" : 5.00,
      "priceHigherThanDma100" : 0.00,
      "priceHigherThanDma200" : 0.00,
      "dma50HigherThanDma100" : 0.00,
      "dma50HigherThanDma200" : 0.00,
      "dma100HigherThanDma200" : 0.00,
      "pricePercentageAboveDma50" : 4.87,
      "pricePercentageAboveDma100" : 5.13,
      "pricePercentageAboveDma200" : 5.23,
      "weeklyVolumeHigherThanYearlyVolume" : 0.00,
      "salesGrowthPercentile" : 12.66,
      "operatingProfitMarginPercentile" : 11.38,
      "netProfitMarginPercentile" : 6.39,
      "totalTechnicalScore" : 20.23,
      "totalFundamentalScore" : 30.42,
      "totalScore" : 50.65
    }
  },
  "attributes" : {
    "companyCode" : "BBL",
    "companyName" : "Bharat Bijlee",
    "marketCap" : 3207.00,
    "peRatio" : 21.80,
    "description" : "Established in 1946, Bharat Bijlee is a leading electrical engineering company in India engaged in manufacturing of transformers, electric motors, elevator systems, drives and automation. It also provides turnkey solutions for EHV switchyards, HV and MV substations, Electrical Balance of Plant, etc. [1]"
  },
  "technicalHistory" : [ {
    "date" : "2025-02-10",
    "price" : 3067.10,
    "dma50" : 3478.48,
    "dma100" : null,
    "dma200" : 3818.36,
    "volume" : 46279.00
  }, {
    "date" : "2025-02-11",
    "price" : 3001.70,
    "dma50" : 3459.78,
    "dma100" : null,
    "dma200" : 3810.24,
    "volume" : 80164.00
  }, {
    "date" : "2025-02-12",
    "price" : 3057.50,
    "dma50" : 3444.00,
    "dma100" : null,
    "dma200" : 3802.75,
    "volume" : 81079.00
  }, {
    "date" : "2025-02-13",
    "price" : 3053.85,
    "dma50" : 3428.70,
    "dma100" : null,
    "dma200" : 3795.30,
    "volume" : 37539.00
  }, {
    "date" : "2025-02-14",
    "price" : 2954.85,
    "dma50" : 3410.12,
    "dma100" : null,
    "dma200" : 3786.93,
    "volume" : 44424.00
  }, {
    "date" : "2025-02-17",
    "price" : 2894.00,
    "dma50" : 3389.88,
    "dma100" : null,
    "dma200" : 3778.05,
    "volume" : 38269.00
  }, {
    "date" : "2025-02-18",
    "price" : 2680.25,
    "dma50" : 3362.05,
    "dma100" : null,
    "dma200" : 3767.13,
    "volume" : 139414.00
  }, {
    "date" : "2025-02-19",
    "price" : 2847.65,
    "dma50" : 3341.88,
    "dma100" : null,
    "dma200" : 3757.98,
    "volume" : 62781.00
  }, {
    "date" : "2025-02-20",
    "price" : 2854.00,
    "dma50" : 3322.75,
    "dma100" : null,
    "dma200" : 3748.98,
    "volume" : 50807.00
  }, {
    "date" : "2025-02-21",
    "price" : 2773.65,
    "dma50" : 3301.21,
    "dma100" : null,
    "dma200" : 3739.28,
    "volume" : 88257.00
  }, {
    "date" : "2025-02-24",
    "price" : 2846.10,
    "dma50" : 3283.37,
    "dma100" : null,
    "dma200" : 3730.39,
    "volume" : 52799.00
  }, {
    "date" : "2025-02-25",
    "price" : 2763.55,
    "dma50" : 3262.98,
    "dma100" : null,
    "dma200" : 3720.77,
    "volume" : 36419.00
  }, {
    "date" : "2025-02-27",
    "price" : 2609.05,
    "dma50" : 3237.34,
    "dma100" : null,
    "dma200" : 3709.71,
    "volume" : 62118.00
  }, {
    "date" : "2025-02-28",
    "price" : 2494.80,
    "dma50" : 3208.22,
    "dma100" : null,
    "dma200" : 3697.62,
    "volume" : 202723.00
  }, {
    "date" : "2025-03-03",
    "price" : 2593.70,
    "dma50" : 3184.12,
    "dma100" : null,
    "dma200" : 3686.63,
    "volume" : 79181.00
  }, {
    "date" : "2025-03-04",
    "price" : 2532.65,
    "dma50" : 3158.57,
    "dma100" : null,
    "dma200" : 3675.15,
    "volume" : 110177.00
  }, {
    "date" : "2025-03-05",
    "price" : 2625.65,
    "dma50" : 3137.67,
    "dma100" : null,
    "dma200" : 3664.71,
    "volume" : 106291.00
  }, {
    "date" : "2025-03-06",
    "price" : 2674.35,
    "dma50" : 3119.50,
    "dma100" : null,
    "dma200" : 3654.85,
    "volume" : 81569.00
  }, {
    "date" : "2025-03-07",
    "price" : 2752.95,
    "dma50" : 3105.13,
    "dma100" : null,
    "dma200" : 3645.88,
    "volume" : 67890.00
  }, {
    "date" : "2025-03-10",
    "price" : 2604.80,
    "dma50" : 3085.51,
    "dma100" : null,
    "dma200" : 3635.52,
    "volume" : 75243.00
  }, {
    "date" : "2025-03-11",
    "price" : 2593.60,
    "dma50" : 3066.22,
    "dma100" : null,
    "dma200" : 3625.15,
    "volume" : 57207.00
  }, {
    "date" : "2025-03-12",
    "price" : 2546.55,
    "dma50" : 3045.84,
    "dma100" : null,
    "dma200" : 3614.42,
    "volume" : 49341.00
  }, {
    "date" : "2025-03-13",
    "price" : 2483.15,
    "dma50" : 3023.77,
    "dma100" : null,
    "dma200" : 3603.17,
    "volume" : 92208.00
  }, {
    "date" : "2025-03-17",
    "price" : 2525.00,
    "dma50" : 3004.21,
    "dma100" : null,
    "dma200" : 3592.44,
    "volume" : 47340.00
  }, {
    "date" : "2025-03-18",
    "price" : 2606.65,
    "dma50" : 2988.62,
    "dma100" : null,
    "dma200" : 3582.63,
    "volume" : 54846.00
  }, {
    "date" : "2025-03-19",
    "price" : 2645.45,
    "dma50" : 2975.16,
    "dma100" : null,
    "dma200" : 3573.30,
    "volume" : 66346.00
  }, {
    "date" : "2025-03-20",
    "price" : 2669.75,
    "dma50" : 2963.19,
    "dma100" : null,
    "dma200" : 3564.31,
    "volume" : 90894.00
  }, {
    "date" : "2025-03-21",
    "price" : 2794.20,
    "dma50" : 2956.56,
    "dma100" : null,
    "dma200" : 3556.65,
    "volume" : 146998.00
  }, {
    "date" : "2025-03-24",
    "price" : 3015.30,
    "dma50" : 2958.86,
    "dma100" : null,
    "dma200" : 3551.26,
    "volume" : 188673.00
  }, {
    "date" : "2025-03-25",
    "price" : 2917.45,
    "dma50" : 2957.24,
    "dma100" : null,
    "dma200" : 3544.96,
    "volume" : 103702.00
  }, {
    "date" : "2025-03-26",
    "price" : 2932.75,
    "dma50" : 2956.28,
    "dma100" : null,
    "dma200" : 3538.86,
    "volume" : 96323.00
  }, {
    "date" : "2025-03-27",
    "price" : 2986.55,
    "dma50" : 2957.47,
    "dma100" : null,
    "dma200" : 3533.37,
    "volume" : 86739.00
  }, {
    "date" : "2025-03-28",
    "price" : 2882.85,
    "dma50" : 2954.54,
    "dma100" : null,
    "dma200" : 3526.90,
    "volume" : 63683.00
  }, {
    "date" : "2025-04-01",
    "price" : 2831.30,
    "dma50" : 2949.71,
    "dma100" : null,
    "dma200" : 3519.98,
    "volume" : 41212.00
  }, {
    "date" : "2025-04-02",
    "price" : 2903.85,
    "dma50" : 2947.91,
    "dma100" : null,
    "dma200" : 3513.84,
    "volume" : 37625.00
  }, {
    "date" : "2025-04-03",
    "price" : 2960.70,
    "dma50" : 2948.41,
    "dma100" : null,
    "dma200" : 3508.34,
    "volume" : 53803.00
  }, {
    "date" : "2025-04-04",
    "price" : 2846.35,
    "dma50" : 2944.41,
    "dma100" : null,
    "dma200" : 3501.75,
    "volume" : 69151.00
  }, {
    "date" : "2025-04-07",
    "price" : 2714.20,
    "dma50" : 2935.38,
    "dma100" : null,
    "dma200" : 3493.92,
    "volume" : 74536.00
  }, {
    "date" : "2025-04-08",
    "price" : 2734.35,
    "dma50" : 2927.50,
    "dma100" : null,
    "dma200" : 3486.36,
    "volume" : 85619.00
  }, {
    "date" : "2025-04-09",
    "price" : 2772.70,
    "dma50" : 2921.43,
    "dma100" : null,
    "dma200" : 3479.26,
    "volume" : 35232.00
  }, {
    "date" : "2025-04-11",
    "price" : 2881.20,
    "dma50" : 2919.85,
    "dma100" : null,
    "dma200" : 3473.31,
    "volume" : 40881.00
  }, {
    "date" : "2025-04-15",
    "price" : 2998.00,
    "dma50" : 2922.91,
    "dma100" : null,
    "dma200" : 3468.58,
    "volume" : 65387.00
  }, {
    "date" : "2025-04-16",
    "price" : 2965.20,
    "dma50" : 2924.57,
    "dma100" : null,
    "dma200" : 3463.57,
    "volume" : 39866.00
  }, {
    "date" : "2025-04-17",
    "price" : 2948.00,
    "dma50" : 2925.49,
    "dma100" : null,
    "dma200" : 3458.44,
    "volume" : 43474.00
  }, {
    "date" : "2025-04-21",
    "price" : 3078.90,
    "dma50" : 2931.51,
    "dma100" : null,
    "dma200" : 3454.66,
    "volume" : 127875.00
  }, {
    "date" : "2025-04-22",
    "price" : 3081.10,
    "dma50" : 2937.37,
    "dma100" : null,
    "dma200" : 3450.95,
    "volume" : 66953.00
  }, {
    "date" : "2025-04-23",
    "price" : 3091.00,
    "dma50" : 2943.40,
    "dma100" : null,
    "dma200" : 3447.36,
    "volume" : 57839.00
  }, {
    "date" : "2025-04-24",
    "price" : 3084.00,
    "dma50" : 2948.91,
    "dma100" : null,
    "dma200" : 3443.75,
    "volume" : 59889.00
  }, {
    "date" : "2025-04-25",
    "price" : 2953.40,
    "dma50" : 2949.09,
    "dma100" : null,
    "dma200" : 3438.87,
    "volume" : 71233.00
  }, {
    "date" : "2025-04-28",
    "price" : 2992.20,
    "dma50" : 2950.78,
    "dma100" : null,
    "dma200" : 3434.43,
    "volume" : 49110.00
  }, {
    "date" : "2025-04-29",
    "price" : 2995.60,
    "dma50" : 2952.54,
    "dma100" : null,
    "dma200" : 3430.06,
    "volume" : 23486.00
  }, {
    "date" : "2025-04-30",
    "price" : 2921.80,
    "dma50" : 2951.33,
    "dma100" : null,
    "dma200" : 3425.00,
    "volume" : 32567.00
  }, {
    "date" : "2025-05-02",
    "price" : 2968.30,
    "dma50" : 2952.00,
    "dma100" : null,
    "dma200" : 3420.46,
    "volume" : 31066.00
  }, {
    "date" : "2025-05-05",
    "price" : 3050.10,
    "dma50" : 2955.84,
    "dma100" : null,
    "dma200" : 3416.77,
    "volume" : 52817.00
  }, {
    "date" : "2025-05-06",
    "price" : 2897.80,
    "dma50" : 2953.57,
    "dma100" : null,
    "dma200" : 3411.61,
    "volume" : 83747.00
  }, {
    "date" : "2025-05-07",
    "price" : 2956.30,
    "dma50" : 2953.67,
    "dma100" : null,
    "dma200" : 3407.08,
    "volume" : 54066.00
  }, {
    "date" : "2025-05-08",
    "price" : 2970.40,
    "dma50" : 2954.33,
    "dma100" : null,
    "dma200" : 3402.73,
    "volume" : 124472.00
  }, {
    "date" : "2025-05-09",
    "price" : 2998.10,
    "dma50" : 2956.05,
    "dma100" : null,
    "dma200" : 3398.71,
    "volume" : 48487.00
  }, {
    "date" : "2025-05-12",
    "price" : 3247.50,
    "dma50" : 2967.48,
    "dma100" : null,
    "dma200" : 3397.20,
    "volume" : 133143.00
  }, {
    "date" : "2025-05-13",
    "price" : 3247.40,
    "dma50" : 2978.45,
    "dma100" : null,
    "dma200" : 3395.71,
    "volume" : 60682.00
  }, {
    "date" : "2025-05-14",
    "price" : 3283.70,
    "dma50" : 2990.42,
    "dma100" : null,
    "dma200" : 3394.60,
    "volume" : 56505.00
  }, {
    "date" : "2025-05-15",
    "price" : 3353.30,
    "dma50" : 3004.65,
    "dma100" : null,
    "dma200" : 3394.19,
    "volume" : 63401.00
  }, {
    "date" : "2025-05-16",
    "price" : 3457.00,
    "dma50" : 3022.39,
    "dma100" : null,
    "dma200" : 3394.81,
    "volume" : 125249.00
  }, {
    "date" : "2025-05-19",
    "price" : 3096.10,
    "dma50" : 3025.28,
    "dma100" : null,
    "dma200" : 3391.84,
    "volume" : 771618.00
  }, {
    "date" : "2025-05-20",
    "price" : 3035.30,
    "dma50" : 3025.68,
    "dma100" : null,
    "dma200" : 3388.29,
    "volume" : 127301.00
  }, {
    "date" : "2025-05-21",
    "price" : 3014.80,
    "dma50" : 3025.25,
    "dma100" : null,
    "dma200" : 3384.57,
    "volume" : 96819.00
  }, {
    "date" : "2025-05-22",
    "price" : 3042.00,
    "dma50" : 3025.91,
    "dma100" : null,
    "dma200" : 3381.17,
    "volume" : 82783.00
  }, {
    "date" : "2025-05-23",
    "price" : 3001.70,
    "dma50" : 3024.96,
    "dma100" : null,
    "dma200" : 3377.39,
    "volume" : 60541.00
  }, {
    "date" : "2025-05-26",
    "price" : 2993.00,
    "dma50" : 3023.70,
    "dma100" : null,
    "dma200" : 3373.57,
    "volume" : 45496.00
  }, {
    "date" : "2025-05-27",
    "price" : 2985.60,
    "dma50" : 3022.21,
    "dma100" : null,
    "dma200" : 3369.70,
    "volume" : 122309.00
  }, {
    "date" : "2025-05-28",
    "price" : 2979.40,
    "dma50" : 3020.53,
    "dma100" : null,
    "dma200" : 3365.82,
    "volume" : 50202.00
  }, {
    "date" : "2025-05-29",
    "price" : 2981.40,
    "dma50" : 3019.00,
    "dma100" : null,
    "dma200" : 3362.00,
    "volume" : 53435.00
  }, {
    "date" : "2025-05-30",
    "price" : 2978.20,
    "dma50" : 3017.40,
    "dma100" : null,
    "dma200" : 3358.18,
    "volume" : 59752.00
  }, {
    "date" : "2025-06-02",
    "price" : 2922.00,
    "dma50" : 3013.66,
    "dma100" : null,
    "dma200" : 3353.84,
    "volume" : 69498.00
  }, {
    "date" : "2025-06-03",
    "price" : 2892.30,
    "dma50" : 3008.90,
    "dma100" : null,
    "dma200" : 3349.24,
    "volume" : 63125.00
  }, {
    "date" : "2025-06-04",
    "price" : 2916.40,
    "dma50" : 3005.27,
    "dma100" : null,
    "dma200" : 3344.94,
    "volume" : 66766.00
  }, {
    "date" : "2025-06-05",
    "price" : 3027.60,
    "dma50" : 3006.15,
    "dma100" : null,
    "dma200" : 3341.78,
    "volume" : 143989.00
  }, {
    "date" : "2025-06-06",
    "price" : 2987.30,
    "dma50" : 3005.41,
    "dma100" : null,
    "dma200" : 3338.25,
    "volume" : 73876.00
  }, {
    "date" : "2025-06-09",
    "price" : 3015.10,
    "dma50" : 3005.79,
    "dma100" : null,
    "dma200" : 3335.04,
    "volume" : 45980.00
  }, {
    "date" : "2025-06-10",
    "price" : 3051.90,
    "dma50" : 3007.59,
    "dma100" : null,
    "dma200" : 3332.22,
    "volume" : 67091.00
  }, {
    "date" : "2025-06-11",
    "price" : 3021.40,
    "dma50" : 3008.14,
    "dma100" : null,
    "dma200" : 3329.13,
    "volume" : 43831.00
  }, {
    "date" : "2025-06-12",
    "price" : 2968.80,
    "dma50" : 3006.59,
    "dma100" : null,
    "dma200" : 3325.54,
    "volume" : 44162.00
  }, {
    "date" : "2025-06-13",
    "price" : 2926.40,
    "dma50" : 3003.45,
    "dma100" : null,
    "dma200" : 3321.57,
    "volume" : 68788.00
  }, {
    "date" : "2025-06-16",
    "price" : 2930.60,
    "dma50" : 3000.59,
    "dma100" : null,
    "dma200" : 3317.68,
    "volume" : 33011.00
  }, {
    "date" : "2025-06-17",
    "price" : 2944.30,
    "dma50" : 2998.38,
    "dma100" : null,
    "dma200" : 3313.97,
    "volume" : 62684.00
  }, {
    "date" : "2025-06-18",
    "price" : 2894.80,
    "dma50" : 2994.32,
    "dma100" : null,
    "dma200" : 3309.79,
    "volume" : 42613.00
  }, {
    "date" : "2025-06-19",
    "price" : 2819.70,
    "dma50" : 2987.47,
    "dma100" : null,
    "dma200" : 3304.92,
    "volume" : 58043.00
  }, {
    "date" : "2025-06-20",
    "price" : 2817.00,
    "dma50" : 2980.79,
    "dma100" : null,
    "dma200" : 3300.06,
    "volume" : 40894.00
  }, {
    "date" : "2025-06-23",
    "price" : 2788.30,
    "dma50" : 2973.24,
    "dma100" : null,
    "dma200" : 3294.97,
    "volume" : 35871.00
  }, {
    "date" : "2025-06-24",
    "price" : 2799.70,
    "dma50" : 2966.43,
    "dma100" : null,
    "dma200" : 3290.04,
    "volume" : 70220.00
  }, {
    "date" : "2025-06-25",
    "price" : 3153.10,
    "dma50" : 2973.76,
    "dma100" : null,
    "dma200" : 3288.68,
    "volume" : 472997.00
  }, {
    "date" : "2025-06-26",
    "price" : 3094.30,
    "dma50" : 2978.48,
    "dma100" : null,
    "dma200" : 3286.75,
    "volume" : 110613.00
  }, {
    "date" : "2025-06-27",
    "price" : 3065.20,
    "dma50" : 2981.88,
    "dma100" : null,
    "dma200" : 3284.54,
    "volume" : 45150.00
  }, {
    "date" : "2025-06-30",
    "price" : 3103.70,
    "dma50" : 2986.66,
    "dma100" : null,
    "dma200" : 3282.74,
    "volume" : 53041.00
  }, {
    "date" : "2025-07-01",
    "price" : 3059.40,
    "dma50" : 2989.51,
    "dma100" : null,
    "dma200" : 3280.52,
    "volume" : 53294.00
  }, {
    "date" : "2025-07-02",
    "price" : 3039.80,
    "dma50" : 2991.48,
    "dma100" : null,
    "dma200" : 3278.12,
    "volume" : 22273.00
  }, {
    "date" : "2025-07-03",
    "price" : 3002.80,
    "dma50" : 2991.93,
    "dma100" : null,
    "dma200" : 3275.39,
    "volume" : 32112.00
  }, {
    "date" : "2025-07-04",
    "price" : 3027.40,
    "dma50" : 2993.32,
    "dma100" : null,
    "dma200" : 3272.92,
    "volume" : 25543.00
  }, {
    "date" : "2025-07-07",
    "price" : 3009.60,
    "dma50" : 2993.96,
    "dma100" : null,
    "dma200" : 3270.30,
    "volume" : 31612.00
  }, {
    "date" : "2025-07-08",
    "price" : 3007.10,
    "dma50" : 2994.47,
    "dma100" : null,
    "dma200" : 3267.68,
    "volume" : 22911.00
  }, {
    "date" : "2025-07-09",
    "price" : 3103.90,
    "dma50" : 2998.76,
    "dma100" : 2918.95,
    "dma200" : 3266.05,
    "volume" : 57081.00
  }, {
    "date" : "2025-07-10",
    "price" : 3204.20,
    "dma50" : 3006.82,
    "dma100" : 2920.98,
    "dma200" : 3265.43,
    "volume" : 124502.00
  }, {
    "date" : "2025-07-11",
    "price" : 3253.80,
    "dma50" : 3016.51,
    "dma100" : 2922.94,
    "dma200" : 3265.32,
    "volume" : 187332.00
  }, {
    "date" : "2025-07-14",
    "price" : 3234.20,
    "dma50" : 3025.04,
    "dma100" : 2924.75,
    "dma200" : 3265.01,
    "volume" : 43210.00
  }, {
    "date" : "2025-07-15",
    "price" : 3267.00,
    "dma50" : 3034.53,
    "dma100" : 2927.87,
    "dma200" : 3265.03,
    "volume" : 58036.00
  }, {
    "date" : "2025-07-16",
    "price" : 3345.40,
    "dma50" : 3046.72,
    "dma100" : 2932.38,
    "dma200" : 3265.83,
    "volume" : 93369.00
  }, {
    "date" : "2025-07-17",
    "price" : 3294.50,
    "dma50" : 3056.44,
    "dma100" : 2938.52,
    "dma200" : 3266.11,
    "volume" : 28658.00
  }, {
    "date" : "2025-07-18",
    "price" : 3349.60,
    "dma50" : 3067.94,
    "dma100" : 2943.54,
    "dma200" : 3266.94,
    "volume" : 59042.00
  }, {
    "date" : "2025-07-21",
    "price" : 3265.00,
    "dma50" : 3075.66,
    "dma100" : 2947.65,
    "dma200" : 3266.92,
    "volume" : 33839.00
  }, {
    "date" : "2025-07-22",
    "price" : 3273.40,
    "dma50" : 3083.42,
    "dma100" : 2952.65,
    "dma200" : 3266.99,
    "volume" : 36434.00
  }, {
    "date" : "2025-07-23",
    "price" : 3040.90,
    "dma50" : 3081.75,
    "dma100" : 2954.60,
    "dma200" : 3264.74,
    "volume" : 234221.00
  }, {
    "date" : "2025-07-24",
    "price" : 3084.30,
    "dma50" : 3081.85,
    "dma100" : 2957.81,
    "dma200" : 3262.94,
    "volume" : 52956.00
  }, {
    "date" : "2025-07-25",
    "price" : 2953.20,
    "dma50" : 3076.81,
    "dma100" : 2961.25,
    "dma200" : 3259.86,
    "volume" : 52227.00
  }, {
    "date" : "2025-07-28",
    "price" : 2847.90,
    "dma50" : 3067.83,
    "dma100" : 2964.78,
    "dma200" : 3255.76,
    "volume" : 72764.00
  }, {
    "date" : "2025-07-29",
    "price" : 2948.80,
    "dma50" : 3063.16,
    "dma100" : 2968.33,
    "dma200" : 3252.71,
    "volume" : 46705.00
  }, {
    "date" : "2025-07-30",
    "price" : 3001.70,
    "dma50" : 3060.75,
    "dma100" : 2973.02,
    "dma200" : 3250.21,
    "volume" : 45537.00
  }, {
    "date" : "2025-07-31",
    "price" : 2979.60,
    "dma50" : 3057.57,
    "dma100" : 2976.56,
    "dma200" : 3247.52,
    "volume" : 64960.00
  }, {
    "date" : "2025-08-01",
    "price" : 2912.00,
    "dma50" : 3051.86,
    "dma100" : 2978.94,
    "dma200" : 3244.18,
    "volume" : 32091.00
  }, {
    "date" : "2025-08-04",
    "price" : 2896.40,
    "dma50" : 3045.76,
    "dma100" : 2980.37,
    "dma200" : 3240.72,
    "volume" : 34237.00
  }, {
    "date" : "2025-08-05",
    "price" : 2885.10,
    "dma50" : 3039.46,
    "dma100" : 2983.17,
    "dma200" : 3237.18,
    "volume" : 14297.00
  }, {
    "date" : "2025-08-06",
    "price" : 2859.70,
    "dma50" : 3032.41,
    "dma100" : 2985.84,
    "dma200" : 3233.42,
    "volume" : 17353.00
  }, {
    "date" : "2025-08-07",
    "price" : 2832.20,
    "dma50" : 3024.56,
    "dma100" : 2988.69,
    "dma200" : 3229.43,
    "volume" : 38074.00
  }, {
    "date" : "2025-08-08",
    "price" : 2798.60,
    "dma50" : 3015.70,
    "dma100" : 2991.85,
    "dma200" : 3225.15,
    "volume" : 28836.00
  }, {
    "date" : "2025-08-11",
    "price" : 2804.50,
    "dma50" : 3007.42,
    "dma100" : 2994.64,
    "dma200" : 3220.96,
    "volume" : 20090.00
  }, {
    "date" : "2025-08-12",
    "price" : 2792.50,
    "dma50" : 2998.99,
    "dma100" : 2996.50,
    "dma200" : 3216.70,
    "volume" : 18768.00
  }, {
    "date" : "2025-08-13",
    "price" : 2832.70,
    "dma50" : 2992.47,
    "dma100" : 2998.37,
    "dma200" : 3212.88,
    "volume" : 16388.00
  }, {
    "date" : "2025-08-14",
    "price" : 2807.50,
    "dma50" : 2985.22,
    "dma100" : 2999.75,
    "dma200" : 3208.84,
    "volume" : 11401.00
  }, {
    "date" : "2025-08-18",
    "price" : 2810.10,
    "dma50" : 2978.35,
    "dma100" : 2999.91,
    "dma200" : 3204.87,
    "volume" : 24013.00
  }, {
    "date" : "2025-08-19",
    "price" : 2824.80,
    "dma50" : 2972.33,
    "dma100" : 2998.00,
    "dma200" : 3201.09,
    "volume" : 26921.00
  }, {
    "date" : "2025-08-20",
    "price" : 2799.80,
    "dma50" : 2965.56,
    "dma100" : 2996.83,
    "dma200" : 3197.10,
    "volume" : 33345.00
  }, {
    "date" : "2025-08-21",
    "price" : 2779.30,
    "dma50" : 2958.26,
    "dma100" : 2995.29,
    "dma200" : 3192.94,
    "volume" : 48414.00
  }, {
    "date" : "2025-08-22",
    "price" : 2794.60,
    "dma50" : 2951.84,
    "dma100" : 2993.37,
    "dma200" : 3188.98,
    "volume" : 23097.00
  }, {
    "date" : "2025-08-25",
    "price" : 2898.80,
    "dma50" : 2949.76,
    "dma100" : 2993.53,
    "dma200" : 3186.09,
    "volume" : 172101.00
  }, {
    "date" : "2025-08-26",
    "price" : 2981.90,
    "dma50" : 2951.02,
    "dma100" : 2995.04,
    "dma200" : 3184.06,
    "volume" : 141259.00
  }, {
    "date" : "2025-08-28",
    "price" : 2925.90,
    "dma50" : 2950.03,
    "dma100" : 2995.26,
    "dma200" : 3181.49,
    "volume" : 33415.00
  }, {
    "date" : "2025-08-29",
    "price" : 2969.20,
    "dma50" : 2950.79,
    "dma100" : 2995.34,
    "dma200" : 3179.38,
    "volume" : 37903.00
  }, {
    "date" : "2025-09-01",
    "price" : 2978.90,
    "dma50" : 2951.89,
    "dma100" : 2996.67,
    "dma200" : 3177.38,
    "volume" : 17275.00
  }, {
    "date" : "2025-09-02",
    "price" : 3029.80,
    "dma50" : 2954.94,
    "dma100" : 2999.83,
    "dma200" : 3175.92,
    "volume" : 67637.00
  }, {
    "date" : "2025-09-03",
    "price" : 3030.30,
    "dma50" : 2957.90,
    "dma100" : 3002.79,
    "dma200" : 3174.47,
    "volume" : 27878.00
  }, {
    "date" : "2025-09-04",
    "price" : 2997.90,
    "dma50" : 2959.47,
    "dma100" : 3005.04,
    "dma200" : 3172.71,
    "volume" : 26599.00
  }, {
    "date" : "2025-09-05",
    "price" : 3017.00,
    "dma50" : 2961.72,
    "dma100" : 3006.40,
    "dma200" : 3171.16,
    "volume" : 44589.00
  }, {
    "date" : "2025-09-08",
    "price" : 3048.30,
    "dma50" : 2965.12,
    "dma100" : 3006.90,
    "dma200" : 3169.94,
    "volume" : 33338.00
  }, {
    "date" : "2025-09-09",
    "price" : 2988.90,
    "dma50" : 2966.05,
    "dma100" : 3007.14,
    "dma200" : 3168.14,
    "volume" : 25158.00
  }, {
    "date" : "2025-09-10",
    "price" : 3008.90,
    "dma50" : 2967.73,
    "dma100" : 3007.74,
    "dma200" : 3166.55,
    "volume" : 29362.00
  }, {
    "date" : "2025-09-11",
    "price" : 3072.00,
    "dma50" : 2971.82,
    "dma100" : 3007.68,
    "dma200" : 3165.61,
    "volume" : 49565.00
  }, {
    "date" : "2025-09-12",
    "price" : 3122.60,
    "dma50" : 2977.73,
    "dma100" : 3008.09,
    "dma200" : 3165.18,
    "volume" : 46340.00
  }, {
    "date" : "2025-09-15",
    "price" : 3102.60,
    "dma50" : 2982.63,
    "dma100" : 3008.21,
    "dma200" : 3164.56,
    "volume" : 22906.00
  }, {
    "date" : "2025-09-16",
    "price" : 3093.50,
    "dma50" : 2986.98,
    "dma100" : 3008.30,
    "dma200" : 3163.85,
    "volume" : 31874.00
  }, {
    "date" : "2025-09-17",
    "price" : 3096.40,
    "dma50" : 2991.27,
    "dma100" : 3009.73,
    "dma200" : 3163.18,
    "volume" : 16094.00
  }, {
    "date" : "2025-09-18",
    "price" : 3081.90,
    "dma50" : 2994.82,
    "dma100" : 3010.63,
    "dma200" : 3162.37,
    "volume" : 19059.00
  }, {
    "date" : "2025-09-19",
    "price" : 3123.00,
    "dma50" : 2999.85,
    "dma100" : 3011.90,
    "dma200" : 3161.98,
    "volume" : 29301.00
  }, {
    "date" : "2025-09-22",
    "price" : 3102.90,
    "dma50" : 3003.89,
    "dma100" : 3013.71,
    "dma200" : 3161.39,
    "volume" : 17345.00
  }, {
    "date" : "2025-09-23",
    "price" : 3089.70,
    "dma50" : 3007.26,
    "dma100" : 3014.93,
    "dma200" : 3160.68,
    "volume" : 17029.00
  }, {
    "date" : "2025-09-24",
    "price" : 3223.80,
    "dma50" : 3015.75,
    "dma100" : 3016.66,
    "dma200" : 3161.31,
    "volume" : 124466.00
  }, {
    "date" : "2025-09-25",
    "price" : 3164.80,
    "dma50" : 3021.59,
    "dma100" : 3019.33,
    "dma200" : 3161.34,
    "volume" : 36108.00
  }, {
    "date" : "2025-09-26",
    "price" : 3163.10,
    "dma50" : 3027.14,
    "dma100" : 3021.40,
    "dma200" : 3161.36,
    "volume" : 65614.00
  }, {
    "date" : "2025-09-29",
    "price" : 3182.60,
    "dma50" : 3033.24,
    "dma100" : 3023.52,
    "dma200" : 3161.57,
    "volume" : 35683.00
  }, {
    "date" : "2025-09-30",
    "price" : 3138.30,
    "dma50" : 3037.36,
    "dma100" : 3024.93,
    "dma200" : 3161.34,
    "volume" : 23015.00
  }, {
    "date" : "2025-10-01",
    "price" : 3307.70,
    "dma50" : 3047.96,
    "dma100" : 3025.53,
    "dma200" : 3162.80,
    "volume" : 119933.00
  }, {
    "date" : "2025-10-03",
    "price" : 3299.40,
    "dma50" : 3057.82,
    "dma100" : 3026.05,
    "dma200" : 3164.16,
    "volume" : 34358.00
  }, {
    "date" : "2025-10-06",
    "price" : 3289.80,
    "dma50" : 3066.92,
    "dma100" : 3026.11,
    "dma200" : 3165.41,
    "volume" : 21949.00
  }, {
    "date" : "2025-10-07",
    "price" : 3269.00,
    "dma50" : 3074.84,
    "dma100" : 3025.27,
    "dma200" : 3166.44,
    "volume" : 26503.00
  }, {
    "date" : "2025-10-08",
    "price" : 3233.10,
    "dma50" : 3081.05,
    "dma100" : 3023.03,
    "dma200" : 3167.10,
    "volume" : 23613.00
  }, {
    "date" : "2025-10-09",
    "price" : 3318.50,
    "dma50" : 3090.36,
    "dma100" : 3025.25,
    "dma200" : 3168.61,
    "volume" : 34582.00
  }, {
    "date" : "2025-10-10",
    "price" : 3299.70,
    "dma50" : 3098.57,
    "dma100" : 3027.90,
    "dma200" : 3169.91,
    "volume" : 20902.00
  }, {
    "date" : "2025-10-13",
    "price" : 3190.30,
    "dma50" : 3102.17,
    "dma100" : 3029.65,
    "dma200" : 3170.11,
    "volume" : 29835.00
  }, {
    "date" : "2025-10-14",
    "price" : 3153.30,
    "dma50" : 3104.17,
    "dma100" : 3030.76,
    "dma200" : 3169.95,
    "volume" : 24930.00
  }, {
    "date" : "2025-10-15",
    "price" : 3263.90,
    "dma50" : 3110.44,
    "dma100" : 3033.39,
    "dma200" : 3170.88,
    "volume" : 25516.00
  }, {
    "date" : "2025-10-16",
    "price" : 3138.40,
    "dma50" : 3111.53,
    "dma100" : 3034.84,
    "dma200" : 3170.56,
    "volume" : 247855.00
  }, {
    "date" : "2025-10-17",
    "price" : 3105.70,
    "dma50" : 3111.30,
    "dma100" : 3036.04,
    "dma200" : 3169.91,
    "volume" : 63382.00
  }, {
    "date" : "2025-10-20",
    "price" : 3065.80,
    "dma50" : 3109.52,
    "dma100" : 3036.90,
    "dma200" : 3168.88,
    "volume" : 38221.00
  }, {
    "date" : "2025-10-21",
    "price" : 3116.70,
    "dma50" : 3109.80,
    "dma100" : 3038.26,
    "dma200" : 3168.36,
    "volume" : 9929.00
  }, {
    "date" : "2025-10-23",
    "price" : 3090.10,
    "dma50" : 3109.03,
    "dma100" : 3039.38,
    "dma200" : 3167.58,
    "volume" : 65787.00
  }, {
    "date" : "2025-10-24",
    "price" : 3025.70,
    "dma50" : 3105.76,
    "dma100" : 3040.41,
    "dma200" : 3166.17,
    "volume" : 32361.00
  }, {
    "date" : "2025-10-27",
    "price" : 3019.70,
    "dma50" : 3102.39,
    "dma100" : 3041.69,
    "dma200" : 3164.71,
    "volume" : 23360.00
  }, {
    "date" : "2025-10-28",
    "price" : 3018.80,
    "dma50" : 3099.11,
    "dma100" : 3042.71,
    "dma200" : 3163.26,
    "volume" : 17439.00
  }, {
    "date" : "2025-10-29",
    "price" : 3041.40,
    "dma50" : 3096.85,
    "dma100" : 3042.85,
    "dma200" : 3162.05,
    "volume" : 22943.00
  }, {
    "date" : "2025-10-30",
    "price" : 3025.80,
    "dma50" : 3094.06,
    "dma100" : 3043.23,
    "dma200" : 3160.69,
    "volume" : 47828.00
  }, {
    "date" : "2025-10-31",
    "price" : 3023.40,
    "dma50" : 3091.29,
    "dma100" : 3043.32,
    "dma200" : 3159.32,
    "volume" : 13720.00
  }, {
    "date" : "2025-11-03",
    "price" : 3016.70,
    "dma50" : 3088.36,
    "dma100" : 3042.97,
    "dma200" : 3157.90,
    "volume" : 18956.00
  }, {
    "date" : "2025-11-04",
    "price" : 3009.30,
    "dma50" : 3085.26,
    "dma100" : 3042.84,
    "dma200" : 3156.43,
    "volume" : 18607.00
  }, {
    "date" : "2025-11-06",
    "price" : 2933.30,
    "dma50" : 3079.30,
    "dma100" : 3042.49,
    "dma200" : 3154.21,
    "volume" : 18670.00
  }, {
    "date" : "2025-11-07",
    "price" : 2939.30,
    "dma50" : 3073.81,
    "dma100" : 3042.62,
    "dma200" : 3152.07,
    "volume" : 14835.00
  }, {
    "date" : "2025-11-10",
    "price" : 2952.60,
    "dma50" : 3069.06,
    "dma100" : 3042.84,
    "dma200" : 3150.08,
    "volume" : 14499.00
  }, {
    "date" : "2025-11-11",
    "price" : 2916.50,
    "dma50" : 3063.08,
    "dma100" : 3042.56,
    "dma200" : 3147.76,
    "volume" : 18699.00
  }, {
    "date" : "2025-11-12",
    "price" : 2966.70,
    "dma50" : 3059.30,
    "dma100" : 3043.28,
    "dma200" : 3145.96,
    "volume" : 13063.00
  }, {
    "date" : "2025-11-13",
    "price" : 2940.50,
    "dma50" : 3054.64,
    "dma100" : 3044.49,
    "dma200" : 3143.91,
    "volume" : 12155.00
  }, {
    "date" : "2025-11-14",
    "price" : 2934.70,
    "dma50" : 3049.94,
    "dma100" : 3045.66,
    "dma200" : 3141.83,
    "volume" : 11749.00
  }, {
    "date" : "2025-11-17",
    "price" : 2967.50,
    "dma50" : 3046.70,
    "dma100" : 3047.46,
    "dma200" : 3140.10,
    "volume" : 11435.00
  }, {
    "date" : "2025-11-18",
    "price" : 2932.40,
    "dma50" : 3042.22,
    "dma100" : 3048.78,
    "dma200" : 3138.03,
    "volume" : 12055.00
  }, {
    "date" : "2025-11-19",
    "price" : 2937.90,
    "dma50" : 3038.13,
    "dma100" : 3046.63,
    "dma200" : 3136.04,
    "volume" : 10390.00
  }, {
    "date" : "2025-11-20",
    "price" : 2979.30,
    "dma50" : 3035.82,
    "dma100" : 3045.48,
    "dma200" : 3134.48,
    "volume" : 15319.00
  }, {
    "date" : "2025-11-21",
    "price" : 2917.20,
    "dma50" : 3031.17,
    "dma100" : 3044.00,
    "dma200" : 3132.32,
    "volume" : 16321.00
  }, {
    "date" : "2025-11-24",
    "price" : 2875.90,
    "dma50" : 3025.08,
    "dma100" : 3041.72,
    "dma200" : 3129.77,
    "volume" : 12526.00
  }, {
    "date" : "2025-11-25",
    "price" : 2852.00,
    "dma50" : 3018.29,
    "dma100" : 3039.65,
    "dma200" : 3127.00,
    "volume" : 10216.00
  }, {
    "date" : "2025-11-26",
    "price" : 2893.80,
    "dma50" : 3013.41,
    "dma100" : 3038.19,
    "dma200" : 3124.68,
    "volume" : 9195.00
  }, {
    "date" : "2025-11-27",
    "price" : 2886.50,
    "dma50" : 3008.43,
    "dma100" : 3037.03,
    "dma200" : 3122.31,
    "volume" : 13969.00
  }, {
    "date" : "2025-11-28",
    "price" : 2887.50,
    "dma50" : 3003.69,
    "dma100" : 3035.63,
    "dma200" : 3119.97,
    "volume" : 11384.00
  }, {
    "date" : "2025-12-01",
    "price" : 2858.50,
    "dma50" : 2998.00,
    "dma100" : 3034.12,
    "dma200" : 3117.37,
    "volume" : 13513.00
  }, {
    "date" : "2025-12-02",
    "price" : 2850.80,
    "dma50" : 2992.23,
    "dma100" : 3032.55,
    "dma200" : 3114.72,
    "volume" : 9912.00
  }, {
    "date" : "2025-12-03",
    "price" : 2894.60,
    "dma50" : 2988.40,
    "dma100" : 3030.46,
    "dma200" : 3112.53,
    "volume" : 14035.00
  }, {
    "date" : "2025-12-04",
    "price" : 2885.60,
    "dma50" : 2984.37,
    "dma100" : 3027.27,
    "dma200" : 3110.27,
    "volume" : 20647.00
  }, {
    "date" : "2025-12-05",
    "price" : 2887.80,
    "dma50" : 2980.58,
    "dma100" : 3023.61,
    "dma200" : 3108.06,
    "volume" : 9003.00
  }, {
    "date" : "2025-12-08",
    "price" : 2779.20,
    "dma50" : 2972.68,
    "dma100" : 3019.06,
    "dma200" : 3104.79,
    "volume" : 23924.00
  }, {
    "date" : "2025-12-09",
    "price" : 2785.10,
    "dma50" : 2965.33,
    "dma100" : 3014.25,
    "dma200" : 3101.61,
    "volume" : 22295.00
  }, {
    "date" : "2025-12-10",
    "price" : 2760.20,
    "dma50" : 2957.28,
    "dma100" : 3008.39,
    "dma200" : 3098.21,
    "volume" : 12512.00
  }, {
    "date" : "2025-12-11",
    "price" : 2808.00,
    "dma50" : 2951.43,
    "dma100" : 3003.53,
    "dma200" : 3095.32,
    "volume" : 9461.00
  }, {
    "date" : "2025-12-12",
    "price" : 2826.00,
    "dma50" : 2946.51,
    "dma100" : 2998.29,
    "dma200" : 3092.64,
    "volume" : 8858.00
  }, {
    "date" : "2025-12-15",
    "price" : 2827.00,
    "dma50" : 2941.82,
    "dma100" : 2993.91,
    "dma200" : 3090.00,
    "volume" : 8534.00
  }, {
    "date" : "2025-12-16",
    "price" : 2804.30,
    "dma50" : 2936.43,
    "dma100" : 2989.22,
    "dma200" : 3087.16,
    "volume" : 9904.00
  }, {
    "date" : "2025-12-17",
    "price" : 2751.00,
    "dma50" : 2929.16,
    "dma100" : 2986.32,
    "dma200" : 3083.81,
    "volume" : 9598.00
  }, {
    "date" : "2025-12-18",
    "price" : 2717.30,
    "dma50" : 2920.85,
    "dma100" : 2982.65,
    "dma200" : 3080.16,
    "volume" : 20166.00
  }, {
    "date" : "2025-12-19",
    "price" : 2721.40,
    "dma50" : 2913.03,
    "dma100" : 2980.33,
    "dma200" : 3076.59,
    "volume" : 8453.00
  }, {
    "date" : "2025-12-22",
    "price" : 2756.30,
    "dma50" : 2906.88,
    "dma100" : 2979.42,
    "dma200" : 3073.41,
    "volume" : 24847.00
  }, {
    "date" : "2025-12-23",
    "price" : 2752.20,
    "dma50" : 2900.82,
    "dma100" : 2977.45,
    "dma200" : 3070.21,
    "volume" : 11938.00
  }, {
    "date" : "2025-12-24",
    "price" : 2727.20,
    "dma50" : 2894.01,
    "dma100" : 2974.71,
    "dma200" : 3066.80,
    "volume" : 17123.00
  }, {
    "date" : "2025-12-26",
    "price" : 2706.70,
    "dma50" : 2886.66,
    "dma100" : 2971.98,
    "dma200" : 3063.21,
    "volume" : 13984.00
  }, {
    "date" : "2025-12-29",
    "price" : 2671.20,
    "dma50" : 2878.21,
    "dma100" : 2969.57,
    "dma200" : 3059.31,
    "volume" : 15738.00
  }, {
    "date" : "2025-12-30",
    "price" : 2699.50,
    "dma50" : 2871.20,
    "dma100" : 2967.60,
    "dma200" : 3055.73,
    "volume" : 13410.00
  }, {
    "date" : "2025-12-31",
    "price" : 2684.00,
    "dma50" : 2863.86,
    "dma100" : 2965.59,
    "dma200" : 3052.03,
    "volume" : 12495.00
  }, {
    "date" : "2026-01-01",
    "price" : 2675.80,
    "dma50" : 2856.49,
    "dma100" : 2963.75,
    "dma200" : 3048.29,
    "volume" : 8375.00
  }, {
    "date" : "2026-01-02",
    "price" : 2759.90,
    "dma50" : 2852.70,
    "dma100" : 2963.03,
    "dma200" : 3045.42,
    "volume" : 19856.00
  }, {
    "date" : "2026-01-05",
    "price" : 2867.70,
    "dma50" : 2853.29,
    "dma100" : 2963.72,
    "dma200" : 3043.65,
    "volume" : 83297.00
  }, {
    "date" : "2026-01-06",
    "price" : 2832.30,
    "dma50" : 2852.46,
    "dma100" : 2964.00,
    "dma200" : 3041.55,
    "volume" : 21771.00
  }, {
    "date" : "2026-01-07",
    "price" : 2870.10,
    "dma50" : 2853.16,
    "dma100" : 2964.77,
    "dma200" : 3039.84,
    "volume" : 20465.00
  }, {
    "date" : "2026-01-08",
    "price" : 2891.70,
    "dma50" : 2854.67,
    "dma100" : 2965.36,
    "dma200" : 3038.37,
    "volume" : 86379.00
  }, {
    "date" : "2026-01-09",
    "price" : 2881.00,
    "dma50" : 2855.70,
    "dma100" : 2966.10,
    "dma200" : 3036.80,
    "volume" : 28462.00
  }, {
    "date" : "2026-01-12",
    "price" : 2758.50,
    "dma50" : 2851.89,
    "dma100" : 2965.58,
    "dma200" : 3034.03,
    "volume" : 33635.00
  }, {
    "date" : "2026-01-13",
    "price" : 2789.20,
    "dma50" : 2849.43,
    "dma100" : 2965.23,
    "dma200" : 3031.60,
    "volume" : 15322.00
  }, {
    "date" : "2026-01-14",
    "price" : 2766.90,
    "dma50" : 2846.19,
    "dma100" : 2964.90,
    "dma200" : 3028.96,
    "volume" : 9439.00
  }, {
    "date" : "2026-01-16",
    "price" : 2709.70,
    "dma50" : 2840.84,
    "dma100" : 2964.20,
    "dma200" : 3025.79,
    "volume" : 10710.00
  }, {
    "date" : "2026-01-19",
    "price" : 2615.30,
    "dma50" : 2832.00,
    "dma100" : 2962.41,
    "dma200" : 3021.70,
    "volume" : 29977.00
  }, {
    "date" : "2026-01-20",
    "price" : 2535.70,
    "dma50" : 2820.38,
    "dma100" : 2958.78,
    "dma200" : 3016.87,
    "volume" : 26398.00
  }, {
    "date" : "2026-01-21",
    "price" : 2478.50,
    "dma50" : 2806.97,
    "dma100" : 2953.74,
    "dma200" : 3011.51,
    "volume" : 33209.00
  }, {
    "date" : "2026-01-22",
    "price" : 2504.70,
    "dma50" : 2795.12,
    "dma100" : 2949.53,
    "dma200" : 3006.47,
    "volume" : 18598.00
  }, {
    "date" : "2026-01-23",
    "price" : 2445.00,
    "dma50" : 2781.39,
    "dma100" : 2944.29,
    "dma200" : 3000.88,
    "volume" : 15380.00
  }, {
    "date" : "2026-01-27",
    "price" : 2464.20,
    "dma50" : 2768.95,
    "dma100" : 2939.14,
    "dma200" : 2995.54,
    "volume" : 22569.00
  }, {
    "date" : "2026-01-28",
    "price" : 2529.10,
    "dma50" : 2759.54,
    "dma100" : 2934.14,
    "dma200" : 2990.90,
    "volume" : 17354.00
  }, {
    "date" : "2026-01-29",
    "price" : 2494.60,
    "dma50" : 2749.15,
    "dma100" : 2928.78,
    "dma200" : 2985.96,
    "volume" : 12354.00
  }, {
    "date" : "2026-01-30",
    "price" : 2809.80,
    "dma50" : 2751.53,
    "dma100" : 2926.90,
    "dma200" : 2984.21,
    "volume" : 256315.00
  }, {
    "date" : "2026-02-01",
    "price" : 2834.30,
    "dma50" : 2754.78,
    "dma100" : 2925.07,
    "dma200" : 2982.72,
    "volume" : 49733.00
  }, {
    "date" : "2026-02-02",
    "price" : 2709.80,
    "dma50" : 2753.01,
    "dma100" : 2921.69,
    "dma200" : 2980.00,
    "volume" : 39785.00
  }, {
    "date" : "2026-02-03",
    "price" : 2766.50,
    "dma50" : 2753.54,
    "dma100" : 2919.46,
    "dma200" : 2977.88,
    "volume" : 24125.00
  }, {
    "date" : "2026-02-04",
    "price" : 2818.00,
    "dma50" : 2756.07,
    "dma100" : 2917.55,
    "dma200" : 2976.29,
    "volume" : 10333.00
  }, {
    "date" : "2026-02-05",
    "price" : 2861.00,
    "dma50" : 2760.18,
    "dma100" : 2915.44,
    "dma200" : 2975.14,
    "volume" : 21070.00
  }, {
    "date" : "2026-02-06",
    "price" : 2837.10,
    "dma50" : 2763.20,
    "dma100" : 2912.59,
    "dma200" : 2973.77,
    "volume" : 11585.00
  } ],
  "latestTechnicalAttributes" : {
    "date" : "2026-02-06",
    "price" : 2837.10,
    "dma50" : 2763.20,
    "dma100" : 2912.59,
    "dma200" : 2973.77,
    "volume" : 11585.00
  },
  "quarterlyResults" : [ {
    "date" : "2005-03-31",
    "sales" : 76.48,
    "salesGrowthYoY" : null,
    "grossProfitMargin" : 33.20,
    "grossProfit" : 25.39,
    "operatingProfitMargin" : 8.62,
    "operatingProfit" : 6.59,
    "netProfitMargin" : 3.94,
    "netProfit" : 3.01
  }, {
    "date" : "2005-06-30",
    "sales" : 58.30,
    "salesGrowthYoY" : null,
    "grossProfitMargin" : 33.10,
    "grossProfit" : 19.30,
    "operatingProfitMargin" : 11.89,
    "operatingProfit" : 6.93,
    "netProfitMargin" : 7.27,
    "netProfit" : 4.24
  }, {
    "date" : "2005-09-30",
    "sales" : 54.05,
    "salesGrowthYoY" : null,
    "grossProfitMargin" : 38.56,
    "grossProfit" : 20.84,
    "operatingProfitMargin" : 12.90,
    "operatingProfit" : 6.97,
    "netProfitMargin" : 9.08,
    "netProfit" : 4.91
  }, {
    "date" : "2005-12-31",
    "sales" : 85.37,
    "salesGrowthYoY" : null,
    "grossProfitMargin" : 32.46,
    "grossProfit" : 27.71,
    "operatingProfitMargin" : 18.38,
    "operatingProfit" : 15.69,
    "netProfitMargin" : 11.21,
    "netProfit" : 9.57
  }, {
    "date" : "2006-03-31",
    "sales" : 103.06,
    "salesGrowthYoY" : 34.75,
    "grossProfitMargin" : 35.08,
    "grossProfit" : 36.15,
    "operatingProfitMargin" : 21.10,
    "operatingProfit" : 21.75,
    "netProfitMargin" : 12.95,
    "netProfit" : 13.35
  }, {
    "date" : "2006-06-30",
    "sales" : 71.00,
    "salesGrowthYoY" : 21.78,
    "grossProfitMargin" : 30.68,
    "grossProfit" : 21.78,
    "operatingProfitMargin" : 10.75,
    "operatingProfit" : 7.63,
    "netProfitMargin" : 6.37,
    "netProfit" : 4.52
  }, {
    "date" : "2006-09-30",
    "sales" : 110.15,
    "salesGrowthYoY" : 103.79,
    "grossProfitMargin" : 29.11,
    "grossProfit" : 32.06,
    "operatingProfitMargin" : 12.76,
    "operatingProfit" : 14.06,
    "netProfitMargin" : 7.83,
    "netProfit" : 8.62
  }, {
    "date" : "2006-12-31",
    "sales" : 109.75,
    "salesGrowthYoY" : 28.56,
    "grossProfitMargin" : 35.86,
    "grossProfit" : 39.36,
    "operatingProfitMargin" : 20.24,
    "operatingProfit" : 22.21,
    "netProfitMargin" : 12.40,
    "netProfit" : 13.61
  }, {
    "date" : "2007-03-31",
    "sales" : 178.96,
    "salesGrowthYoY" : 73.65,
    "grossProfitMargin" : 37.20,
    "grossProfit" : 66.57,
    "operatingProfitMargin" : 24.85,
    "operatingProfit" : 44.47,
    "netProfitMargin" : 16.38,
    "netProfit" : 29.31
  }, {
    "date" : "2007-06-30",
    "sales" : 115.56,
    "salesGrowthYoY" : 62.76,
    "grossProfitMargin" : 34.81,
    "grossProfit" : 40.23,
    "operatingProfitMargin" : 17.18,
    "operatingProfit" : 19.85,
    "netProfitMargin" : 10.90,
    "netProfit" : 12.60
  }, {
    "date" : "2007-09-30",
    "sales" : 135.91,
    "salesGrowthYoY" : 23.39,
    "grossProfitMargin" : 33.80,
    "grossProfit" : 45.94,
    "operatingProfitMargin" : 19.05,
    "operatingProfit" : 25.89,
    "netProfitMargin" : 12.04,
    "netProfit" : 16.36
  }, {
    "date" : "2007-12-31",
    "sales" : 111.59,
    "salesGrowthYoY" : 1.68,
    "grossProfitMargin" : 37.26,
    "grossProfit" : 41.58,
    "operatingProfitMargin" : 18.16,
    "operatingProfit" : 20.26,
    "netProfitMargin" : 11.05,
    "netProfit" : 12.33
  }, {
    "date" : "2008-03-31",
    "sales" : 199.54,
    "salesGrowthYoY" : 11.50,
    "grossProfitMargin" : 33.56,
    "grossProfit" : 66.97,
    "operatingProfitMargin" : 24.59,
    "operatingProfit" : 49.07,
    "netProfitMargin" : 15.64,
    "netProfit" : 31.21
  }, {
    "date" : "2008-06-30",
    "sales" : 105.65,
    "salesGrowthYoY" : -8.58,
    "grossProfitMargin" : 32.25,
    "grossProfit" : 34.07,
    "operatingProfitMargin" : 12.55,
    "operatingProfit" : 13.26,
    "netProfitMargin" : 7.25,
    "netProfit" : 7.66
  }, {
    "date" : "2008-09-30",
    "sales" : 151.12,
    "salesGrowthYoY" : 11.19,
    "grossProfitMargin" : 32.06,
    "grossProfit" : 48.45,
    "operatingProfitMargin" : 14.07,
    "operatingProfit" : 21.26,
    "netProfitMargin" : 8.26,
    "netProfit" : 12.48
  }, {
    "date" : "2008-12-31",
    "sales" : 140.72,
    "salesGrowthYoY" : 26.10,
    "grossProfitMargin" : 34.47,
    "grossProfit" : 48.51,
    "operatingProfitMargin" : 17.45,
    "operatingProfit" : 24.56,
    "netProfitMargin" : 9.47,
    "netProfit" : 13.33
  }, {
    "date" : "2009-03-31",
    "sales" : 148.98,
    "salesGrowthYoY" : -25.34,
    "grossProfitMargin" : 32.90,
    "grossProfit" : 49.01,
    "operatingProfitMargin" : 16.20,
    "operatingProfit" : 24.13,
    "netProfitMargin" : 9.44,
    "netProfit" : 14.06
  }, {
    "date" : "2009-06-30",
    "sales" : 113.64,
    "salesGrowthYoY" : 7.56,
    "grossProfitMargin" : 26.60,
    "grossProfit" : 30.23,
    "operatingProfitMargin" : 7.67,
    "operatingProfit" : 8.72,
    "netProfitMargin" : 3.64,
    "netProfit" : 4.14
  }, {
    "date" : "2009-09-30",
    "sales" : 170.25,
    "salesGrowthYoY" : 12.66,
    "grossProfitMargin" : 28.90,
    "grossProfit" : 49.20,
    "operatingProfitMargin" : 12.42,
    "operatingProfit" : 21.15,
    "netProfitMargin" : 7.31,
    "netProfit" : 12.45
  }, {
    "date" : "2009-12-31",
    "sales" : 161.58,
    "salesGrowthYoY" : 14.82,
    "grossProfitMargin" : 25.53,
    "grossProfit" : 41.25,
    "operatingProfitMargin" : 8.59,
    "operatingProfit" : 13.88,
    "netProfitMargin" : 4.58,
    "netProfit" : 7.40
  }, {
    "date" : "2010-03-31",
    "sales" : 210.55,
    "salesGrowthYoY" : 41.33,
    "grossProfitMargin" : 26.99,
    "grossProfit" : 56.83,
    "operatingProfitMargin" : 12.70,
    "operatingProfit" : 26.74,
    "netProfitMargin" : 8.19,
    "netProfit" : 17.24
  }, {
    "date" : "2010-06-30",
    "sales" : 105.07,
    "salesGrowthYoY" : -7.54,
    "grossProfitMargin" : 35.21,
    "grossProfit" : 37.00,
    "operatingProfitMargin" : 10.81,
    "operatingProfit" : 11.36,
    "netProfitMargin" : 5.59,
    "netProfit" : 5.87
  }, {
    "date" : "2010-09-30",
    "sales" : 186.34,
    "salesGrowthYoY" : 9.45,
    "grossProfitMargin" : 29.99,
    "grossProfit" : 55.88,
    "operatingProfitMargin" : 13.65,
    "operatingProfit" : 25.44,
    "netProfitMargin" : 8.09,
    "netProfit" : 15.07
  }, {
    "date" : "2010-12-31",
    "sales" : 208.03,
    "salesGrowthYoY" : 28.75,
    "grossProfitMargin" : 27.30,
    "grossProfit" : 56.79,
    "operatingProfitMargin" : 11.74,
    "operatingProfit" : 24.42,
    "netProfitMargin" : 6.82,
    "netProfit" : 14.19
  }, {
    "date" : "2011-03-31",
    "sales" : 204.06,
    "salesGrowthYoY" : -3.08,
    "grossProfitMargin" : 20.03,
    "grossProfit" : 40.87,
    "operatingProfitMargin" : 3.44,
    "operatingProfit" : 7.02,
    "netProfitMargin" : 2.90,
    "netProfit" : 5.92
  }, {
    "date" : "2011-06-30",
    "sales" : 114.77,
    "salesGrowthYoY" : 9.23,
    "grossProfitMargin" : 26.80,
    "grossProfit" : 30.76,
    "operatingProfitMargin" : 2.20,
    "operatingProfit" : 2.52,
    "netProfitMargin" : 1.86,
    "netProfit" : 2.13
  }, {
    "date" : "2011-09-30",
    "sales" : 182.33,
    "salesGrowthYoY" : -2.15,
    "grossProfitMargin" : 21.67,
    "grossProfit" : 39.51,
    "operatingProfitMargin" : 5.17,
    "operatingProfit" : 9.43,
    "netProfitMargin" : 3.24,
    "netProfit" : 5.91
  }, {
    "date" : "2011-12-31",
    "sales" : 197.93,
    "salesGrowthYoY" : -4.86,
    "grossProfitMargin" : 25.07,
    "grossProfit" : 49.62,
    "operatingProfitMargin" : 5.98,
    "operatingProfit" : 11.84,
    "netProfitMargin" : 4.01,
    "netProfit" : 7.94
  }, {
    "date" : "2012-03-31",
    "sales" : 222.76,
    "salesGrowthYoY" : 9.16,
    "grossProfitMargin" : 26.19,
    "grossProfit" : 58.34,
    "operatingProfitMargin" : 8.78,
    "operatingProfit" : 19.56,
    "netProfitMargin" : 5.54,
    "netProfit" : 12.34
  }, {
    "date" : "2012-06-30",
    "sales" : 104.16,
    "salesGrowthYoY" : -9.24,
    "grossProfitMargin" : 28.88,
    "grossProfit" : 30.08,
    "operatingProfitMargin" : -1.46,
    "operatingProfit" : -1.52,
    "netProfitMargin" : -2.33,
    "netProfit" : -2.43
  }, {
    "date" : "2012-09-30",
    "sales" : 136.54,
    "salesGrowthYoY" : -25.11,
    "grossProfitMargin" : 21.29,
    "grossProfit" : 29.07,
    "operatingProfitMargin" : -1.66,
    "operatingProfit" : -2.27,
    "netProfitMargin" : -1.79,
    "netProfit" : -2.44
  }, {
    "date" : "2012-12-31",
    "sales" : 112.24,
    "salesGrowthYoY" : -43.29,
    "grossProfitMargin" : 25.96,
    "grossProfit" : 29.14,
    "operatingProfitMargin" : -1.44,
    "operatingProfit" : -1.62,
    "netProfitMargin" : -1.41,
    "netProfit" : -1.58
  }, {
    "date" : "2013-03-31",
    "sales" : 189.59,
    "salesGrowthYoY" : -14.89,
    "grossProfitMargin" : 17.62,
    "grossProfit" : 33.41,
    "operatingProfitMargin" : 1.52,
    "operatingProfit" : 2.88,
    "netProfitMargin" : 0.83,
    "netProfit" : 1.57
  }, {
    "date" : "2013-06-30",
    "sales" : 105.15,
    "salesGrowthYoY" : 0.95,
    "grossProfitMargin" : 19.53,
    "grossProfit" : 20.54,
    "operatingProfitMargin" : -7.09,
    "operatingProfit" : -7.46,
    "netProfitMargin" : -7.39,
    "netProfit" : -7.77
  }, {
    "date" : "2013-09-30",
    "sales" : 104.58,
    "salesGrowthYoY" : -23.41,
    "grossProfitMargin" : 26.76,
    "grossProfit" : 27.99,
    "operatingProfitMargin" : -5.82,
    "operatingProfit" : -6.09,
    "netProfitMargin" : -6.25,
    "netProfit" : -6.54
  }, {
    "date" : "2013-12-31",
    "sales" : 150.49,
    "salesGrowthYoY" : 34.08,
    "grossProfitMargin" : 23.90,
    "grossProfit" : 35.97,
    "operatingProfitMargin" : 2.83,
    "operatingProfit" : 4.26,
    "netProfitMargin" : 0.47,
    "netProfit" : 0.71
  }, {
    "date" : "2014-03-31",
    "sales" : 126.27,
    "salesGrowthYoY" : -33.40,
    "grossProfitMargin" : 24.15,
    "grossProfit" : 30.49,
    "operatingProfitMargin" : 1.39,
    "operatingProfit" : 1.76,
    "netProfitMargin" : 1.83,
    "netProfit" : 2.31
  }, {
    "date" : "2014-06-30",
    "sales" : 120.84,
    "salesGrowthYoY" : 14.92,
    "grossProfitMargin" : 19.46,
    "grossProfit" : 23.52,
    "operatingProfitMargin" : -6.17,
    "operatingProfit" : -7.46,
    "netProfitMargin" : -9.27,
    "netProfit" : -11.20
  }, {
    "date" : "2014-09-30",
    "sales" : 149.71,
    "salesGrowthYoY" : 43.15,
    "grossProfitMargin" : 19.25,
    "grossProfit" : 28.82,
    "operatingProfitMargin" : -4.17,
    "operatingProfit" : -6.24,
    "netProfitMargin" : -6.69,
    "netProfit" : -10.02
  }, {
    "date" : "2014-12-31",
    "sales" : 169.49,
    "salesGrowthYoY" : 12.63,
    "grossProfitMargin" : 21.31,
    "grossProfit" : 36.12,
    "operatingProfitMargin" : 0.51,
    "operatingProfit" : 0.86,
    "netProfitMargin" : -2.41,
    "netProfit" : -4.08
  }, {
    "date" : "2015-03-31",
    "sales" : 170.85,
    "salesGrowthYoY" : 35.31,
    "grossProfitMargin" : 17.48,
    "grossProfit" : 29.86,
    "operatingProfitMargin" : -4.61,
    "operatingProfit" : -7.88,
    "netProfitMargin" : -5.12,
    "netProfit" : -8.75
  }, {
    "date" : "2015-06-30",
    "sales" : 131.79,
    "salesGrowthYoY" : 9.06,
    "grossProfitMargin" : 23.26,
    "grossProfit" : 30.65,
    "operatingProfitMargin" : -0.81,
    "operatingProfit" : -1.07,
    "netProfitMargin" : -3.66,
    "netProfit" : -4.82
  }, {
    "date" : "2015-09-30",
    "sales" : 133.57,
    "salesGrowthYoY" : -10.78,
    "grossProfitMargin" : 26.94,
    "grossProfit" : 35.98,
    "operatingProfitMargin" : 1.81,
    "operatingProfit" : 2.42,
    "netProfitMargin" : 0.50,
    "netProfit" : 0.67
  }, {
    "date" : "2015-12-31",
    "sales" : 204.79,
    "salesGrowthYoY" : 20.83,
    "grossProfitMargin" : 24.22,
    "grossProfit" : 49.60,
    "operatingProfitMargin" : 6.13,
    "operatingProfit" : 12.55,
    "netProfitMargin" : 4.34,
    "netProfit" : 8.89
  }, {
    "date" : "2016-03-31",
    "sales" : 169.36,
    "salesGrowthYoY" : -0.87,
    "grossProfitMargin" : 23.80,
    "grossProfit" : 40.31,
    "operatingProfitMargin" : 1.98,
    "operatingProfit" : 3.35,
    "netProfitMargin" : 1.45,
    "netProfit" : 2.46
  }, {
    "date" : "2016-06-30",
    "sales" : 133.52,
    "salesGrowthYoY" : 1.31,
    "grossProfitMargin" : 27.10,
    "grossProfit" : 36.18,
    "operatingProfitMargin" : -1.11,
    "operatingProfit" : -1.48,
    "netProfitMargin" : -1.61,
    "netProfit" : -2.15
  }, {
    "date" : "2016-09-30",
    "sales" : 146.27,
    "salesGrowthYoY" : 9.51,
    "grossProfitMargin" : 27.56,
    "grossProfit" : 40.31,
    "operatingProfitMargin" : 1.18,
    "operatingProfit" : 1.73,
    "netProfitMargin" : 4.48,
    "netProfit" : 6.55
  }, {
    "date" : "2016-12-31",
    "sales" : 169.55,
    "salesGrowthYoY" : -17.21,
    "grossProfitMargin" : 25.28,
    "grossProfit" : 42.86,
    "operatingProfitMargin" : 4.06,
    "operatingProfit" : 6.88,
    "netProfitMargin" : 1.96,
    "netProfit" : 3.32
  }, {
    "date" : "2017-03-31",
    "sales" : 228.14,
    "salesGrowthYoY" : 34.71,
    "grossProfitMargin" : 25.09,
    "grossProfit" : 57.24,
    "operatingProfitMargin" : 4.39,
    "operatingProfit" : 10.02,
    "netProfitMargin" : 2.94,
    "netProfit" : 6.71
  }, {
    "date" : "2017-06-30",
    "sales" : 148.35,
    "salesGrowthYoY" : 11.11,
    "grossProfitMargin" : 25.08,
    "grossProfit" : 37.21,
    "operatingProfitMargin" : -2.50,
    "operatingProfit" : -3.71,
    "netProfitMargin" : -2.61,
    "netProfit" : -3.87
  }, {
    "date" : "2017-09-30",
    "sales" : 175.12,
    "salesGrowthYoY" : 19.72,
    "grossProfitMargin" : 28.02,
    "grossProfit" : 49.07,
    "operatingProfitMargin" : 5.97,
    "operatingProfit" : 10.45,
    "netProfitMargin" : 3.62,
    "netProfit" : 6.34
  }, {
    "date" : "2017-12-31",
    "sales" : 227.71,
    "salesGrowthYoY" : 34.30,
    "grossProfitMargin" : 26.49,
    "grossProfit" : 60.32,
    "operatingProfitMargin" : 6.21,
    "operatingProfit" : 14.14,
    "netProfitMargin" : 4.24,
    "netProfit" : 9.65
  }, {
    "date" : "2018-03-31",
    "sales" : 222.81,
    "salesGrowthYoY" : -2.34,
    "grossProfitMargin" : 27.53,
    "grossProfit" : 61.34,
    "operatingProfitMargin" : 5.58,
    "operatingProfit" : 12.43,
    "netProfitMargin" : 5.26,
    "netProfit" : 11.72
  }, {
    "date" : "2018-06-30",
    "sales" : 196.72,
    "salesGrowthYoY" : 32.61,
    "grossProfitMargin" : 27.68,
    "grossProfit" : 54.45,
    "operatingProfitMargin" : 7.91,
    "operatingProfit" : 15.56,
    "netProfitMargin" : 6.51,
    "netProfit" : 12.81
  }, {
    "date" : "2018-09-30",
    "sales" : 237.79,
    "salesGrowthYoY" : 35.79,
    "grossProfitMargin" : 25.01,
    "grossProfit" : 59.47,
    "operatingProfitMargin" : 4.43,
    "operatingProfit" : 10.53,
    "netProfitMargin" : 2.56,
    "netProfit" : 6.09
  }, {
    "date" : "2018-12-31",
    "sales" : 224.76,
    "salesGrowthYoY" : -1.30,
    "grossProfitMargin" : 28.33,
    "grossProfit" : 63.67,
    "operatingProfitMargin" : 8.41,
    "operatingProfit" : 18.90,
    "netProfitMargin" : 5.79,
    "netProfit" : 13.01
  }, {
    "date" : "2019-03-31",
    "sales" : 273.05,
    "salesGrowthYoY" : 22.55,
    "grossProfitMargin" : 26.40,
    "grossProfit" : 72.09,
    "operatingProfitMargin" : 4.62,
    "operatingProfit" : 12.61,
    "netProfitMargin" : 3.53,
    "netProfit" : 9.64
  }, {
    "date" : "2019-06-30",
    "sales" : 224.73,
    "salesGrowthYoY" : 14.24,
    "grossProfitMargin" : 28.55,
    "grossProfit" : 64.16,
    "operatingProfitMargin" : 7.18,
    "operatingProfit" : 16.14,
    "netProfitMargin" : 4.75,
    "netProfit" : 10.67
  }, {
    "date" : "2019-09-30",
    "sales" : 196.98,
    "salesGrowthYoY" : -17.16,
    "grossProfitMargin" : 29.09,
    "grossProfit" : 57.30,
    "operatingProfitMargin" : 5.30,
    "operatingProfit" : 10.44,
    "netProfitMargin" : 3.45,
    "netProfit" : 6.80
  }, {
    "date" : "2019-12-31",
    "sales" : 246.94,
    "salesGrowthYoY" : 9.87,
    "grossProfitMargin" : 29.69,
    "grossProfit" : 73.32,
    "operatingProfitMargin" : 8.59,
    "operatingProfit" : 21.21,
    "netProfitMargin" : 5.66,
    "netProfit" : 13.98
  }, {
    "date" : "2020-03-31",
    "sales" : 260.08,
    "salesGrowthYoY" : -4.75,
    "grossProfitMargin" : 31.29,
    "grossProfit" : 81.38,
    "operatingProfitMargin" : 7.79,
    "operatingProfit" : 20.26,
    "netProfitMargin" : 5.45,
    "netProfit" : 14.17
  }, {
    "date" : "2020-06-30",
    "sales" : 72.50,
    "salesGrowthYoY" : -67.74,
    "grossProfitMargin" : 24.03,
    "grossProfit" : 17.42,
    "operatingProfitMargin" : -15.75,
    "operatingProfit" : -11.42,
    "netProfitMargin" : -12.06,
    "netProfit" : -8.74
  }, {
    "date" : "2020-09-30",
    "sales" : 146.15,
    "salesGrowthYoY" : -25.80,
    "grossProfitMargin" : 32.64,
    "grossProfit" : 47.70,
    "operatingProfitMargin" : 6.38,
    "operatingProfit" : 9.32,
    "netProfitMargin" : 4.14,
    "netProfit" : 6.05
  }, {
    "date" : "2020-12-31",
    "sales" : 222.30,
    "salesGrowthYoY" : -9.98,
    "grossProfitMargin" : 32.52,
    "grossProfit" : 72.29,
    "operatingProfitMargin" : 10.97,
    "operatingProfit" : 24.39,
    "netProfitMargin" : 7.06,
    "netProfit" : 15.69
  }, {
    "date" : "2021-03-31",
    "sales" : 290.10,
    "salesGrowthYoY" : 11.54,
    "grossProfitMargin" : 26.84,
    "grossProfit" : 77.86,
    "operatingProfitMargin" : 4.91,
    "operatingProfit" : 14.24,
    "netProfitMargin" : 4.50,
    "netProfit" : 13.05
  }, {
    "date" : "2021-06-30",
    "sales" : 288.02,
    "salesGrowthYoY" : 297.27,
    "grossProfitMargin" : 26.86,
    "grossProfit" : 77.36,
    "operatingProfitMargin" : 7.54,
    "operatingProfit" : 21.72,
    "netProfitMargin" : 4.75,
    "netProfit" : 13.68
  }, {
    "date" : "2021-09-30",
    "sales" : 305.37,
    "salesGrowthYoY" : 108.94,
    "grossProfitMargin" : 25.76,
    "grossProfit" : 78.66,
    "operatingProfitMargin" : 7.38,
    "operatingProfit" : 22.54,
    "netProfitMargin" : 4.71,
    "netProfit" : 14.38
  }, {
    "date" : "2021-12-31",
    "sales" : 323.05,
    "salesGrowthYoY" : 45.32,
    "grossProfitMargin" : 25.64,
    "grossProfit" : 82.83,
    "operatingProfitMargin" : 7.71,
    "operatingProfit" : 24.91,
    "netProfitMargin" : 4.92,
    "netProfit" : 15.89
  }, {
    "date" : "2022-03-31",
    "sales" : 349.30,
    "salesGrowthYoY" : 20.41,
    "grossProfitMargin" : 22.64,
    "grossProfit" : 79.08,
    "operatingProfitMargin" : 4.22,
    "operatingProfit" : 14.74,
    "netProfitMargin" : 3.32,
    "netProfit" : 11.60
  }, {
    "date" : "2022-06-30",
    "sales" : 277.14,
    "salesGrowthYoY" : -3.78,
    "grossProfitMargin" : 28.21,
    "grossProfit" : 78.18,
    "operatingProfitMargin" : 7.94,
    "operatingProfit" : 22.00,
    "netProfitMargin" : 5.89,
    "netProfit" : 16.32
  }, {
    "date" : "2022-09-30",
    "sales" : 323.55,
    "salesGrowthYoY" : 5.95,
    "grossProfitMargin" : 26.03,
    "grossProfit" : 84.22,
    "operatingProfitMargin" : 7.40,
    "operatingProfit" : 23.94,
    "netProfitMargin" : 5.24,
    "netProfit" : 16.95
  }, {
    "date" : "2022-12-31",
    "sales" : 388.03,
    "salesGrowthYoY" : 20.11,
    "grossProfitMargin" : 26.59,
    "grossProfit" : 103.18,
    "operatingProfitMargin" : 8.41,
    "operatingProfit" : 32.63,
    "netProfitMargin" : 5.95,
    "netProfit" : 23.09
  }, {
    "date" : "2023-03-31",
    "sales" : 429.78,
    "salesGrowthYoY" : 23.04,
    "grossProfitMargin" : 26.60,
    "grossProfit" : 114.32,
    "operatingProfitMargin" : 9.01,
    "operatingProfit" : 38.72,
    "netProfitMargin" : 6.25,
    "netProfit" : 26.86
  }, {
    "date" : "2023-06-30",
    "sales" : 441.45,
    "salesGrowthYoY" : 59.29,
    "grossProfitMargin" : 23.51,
    "grossProfit" : 103.78,
    "operatingProfitMargin" : 7.40,
    "operatingProfit" : 32.67,
    "netProfitMargin" : 5.74,
    "netProfit" : 25.34
  }, {
    "date" : "2023-09-30",
    "sales" : 419.82,
    "salesGrowthYoY" : 29.75,
    "grossProfitMargin" : 27.48,
    "grossProfit" : 115.37,
    "operatingProfitMargin" : 9.17,
    "operatingProfit" : 38.50,
    "netProfitMargin" : 6.64,
    "netProfit" : 27.88
  }, {
    "date" : "2023-12-31",
    "sales" : 423.74,
    "salesGrowthYoY" : 9.20,
    "grossProfitMargin" : 28.29,
    "grossProfit" : 119.88,
    "operatingProfitMargin" : 9.20,
    "operatingProfit" : 38.98,
    "netProfitMargin" : 7.01,
    "netProfit" : 29.70
  }, {
    "date" : "2024-03-31",
    "sales" : 587.47,
    "salesGrowthYoY" : 36.69,
    "grossProfitMargin" : 26.66,
    "grossProfit" : 156.62,
    "operatingProfitMargin" : 10.51,
    "operatingProfit" : 61.74,
    "netProfitMargin" : 8.26,
    "netProfit" : 48.53
  }, {
    "date" : "2024-06-30",
    "sales" : 374.76,
    "salesGrowthYoY" : -15.11,
    "grossProfitMargin" : 29.01,
    "grossProfit" : 108.72,
    "operatingProfitMargin" : 7.86,
    "operatingProfit" : 29.46,
    "netProfitMargin" : 6.39,
    "netProfit" : 23.95
  }, {
    "date" : "2024-09-30",
    "sales" : 394.08,
    "salesGrowthYoY" : -6.13,
    "grossProfitMargin" : 27.44,
    "grossProfit" : 108.14,
    "operatingProfitMargin" : 5.51,
    "operatingProfit" : 21.71,
    "netProfitMargin" : 4.77,
    "netProfit" : 18.80
  }, {
    "date" : "2024-12-31",
    "sales" : 513.75,
    "salesGrowthYoY" : 21.24,
    "grossProfitMargin" : 27.18,
    "grossProfit" : 139.64,
    "operatingProfitMargin" : 10.27,
    "operatingProfit" : 52.76,
    "netProfitMargin" : 7.91,
    "netProfit" : 40.64
  }, {
    "date" : "2025-03-31",
    "sales" : 619.10,
    "salesGrowthYoY" : 5.38,
    "grossProfitMargin" : 25.74,
    "grossProfit" : 159.36,
    "operatingProfitMargin" : 10.24,
    "operatingProfit" : 63.40,
    "netProfitMargin" : 8.13,
    "netProfit" : 50.33
  }, {
    "date" : "2025-06-30",
    "sales" : 464.90,
    "salesGrowthYoY" : 24.05,
    "grossProfitMargin" : 25.78,
    "grossProfit" : 119.85,
    "operatingProfitMargin" : 7.24,
    "operatingProfit" : 33.66,
    "netProfitMargin" : 6.00,
    "netProfit" : 27.89
  }, {
    "date" : "2025-09-30",
    "sales" : 473.44,
    "salesGrowthYoY" : 20.14,
    "grossProfitMargin" : 26.90,
    "grossProfit" : 127.36,
    "operatingProfitMargin" : 7.35,
    "operatingProfit" : 34.80,
    "netProfitMargin" : 5.96,
    "netProfit" : 28.22
  } ],
  "latestQuarterlyResult" : {
    "date" : "2025-09-30",
    "sales" : 473.44,
    "salesGrowthYoY" : 20.14,
    "grossProfitMargin" : 26.90,
    "grossProfit" : 127.36,
    "operatingProfitMargin" : 7.35,
    "operatingProfit" : 34.80,
    "netProfitMargin" : 5.96,
    "netProfit" : 28.22
  },
  "companyScore" : {
    "priceHigherThanDma50" : 5.00,
    "priceHigherThanDma100" : 0.00,
    "priceHigherThanDma200" : 0.00,
    "dma50HigherThanDma100" : 0.00,
    "dma50HigherThanDma200" : 0.00,
    "dma100HigherThanDma200" : 0.00,
    "pricePercentageAboveDma50" : 4.87,
    "pricePercentageAboveDma100" : 5.13,
    "pricePercentageAboveDma200" : 5.23,
    "weeklyVolumeHigherThanYearlyVolume" : 0.00,
    "salesGrowthPercentile" : 12.66,
    "operatingProfitMarginPercentile" : 11.38,
    "netProfitMarginPercentile" : 6.39,
    "totalTechnicalScore" : 20.23,
    "totalFundamentalScore" : 30.42,
    "totalScore" : 50.65
  }
}