{
  "metadata" : {
    "screenerCompanyId" : "438",
    "companyCode" : "BFINVEST",
    "companyName" : "BF Investment",
    "screenerCompanyLink" : "https://www.screener.in/company/BFINVEST",
    "screenerTechnicalHistoryLink" : "https://www.screener.in/api/company/438/chart/?q=Price-DMA50-DMA200-Volume&days=365",
    "screenerQuarterlyResultsLink" : "https://www.screener.in/api/company/438/chart/?q=GPM-OPM-NPM-Quarter+Sales&days=10000",
    "attributes" : {
      "companyCode" : "BFINVEST",
      "companyName" : "BF Investment",
      "marketCap" : 1673.00,
      "peRatio" : 18.60,
      "description" : "BF Investment Ltd is a Non-Deposit taking Core Investment Company. It is primarily engaged in the business of making investments in Kalyani Group companies. [1][2]"
    },
    "companyScore" : {
      "priceHigherThanDma50" : 0.00,
      "priceHigherThanDma100" : 0.00,
      "priceHigherThanDma200" : 0.00,
      "dma50HigherThanDma100" : 0.00,
      "dma50HigherThanDma200" : 0.00,
      "dma100HigherThanDma200" : 0.00,
      "pricePercentageAboveDma50" : 5.21,
      "pricePercentageAboveDma100" : 5.28,
      "pricePercentageAboveDma200" : 5.51,
      "weeklyVolumeHigherThanYearlyVolume" : 0.00,
      "salesGrowthPercentile" : 5.71,
      "operatingProfitMarginPercentile" : 19.83,
      "netProfitMarginPercentile" : 5.17,
      "totalTechnicalScore" : 16.01,
      "totalFundamentalScore" : 30.71,
      "totalScore" : 46.72
    }
  },
  "attributes" : {
    "companyCode" : "BFINVEST",
    "companyName" : "BF Investment",
    "marketCap" : 1673.00,
    "peRatio" : 18.60,
    "description" : "BF Investment Ltd is a Non-Deposit taking Core Investment Company. It is primarily engaged in the business of making investments in Kalyani Group companies. [1][2]"
  },
  "technicalHistory" : [ {
    "date" : "2024-12-02",
    "price" : 740.05,
    "dma50" : 687.18,
    "dma100" : null,
    "dma200" : 614.83,
    "volume" : 69572.00
  }, {
    "date" : "2024-12-03",
    "price" : 734.60,
    "dma50" : 689.04,
    "dma100" : null,
    "dma200" : 616.03,
    "volume" : 43096.00
  }, {
    "date" : "2024-12-04",
    "price" : 719.45,
    "dma50" : 690.23,
    "dma100" : null,
    "dma200" : 617.05,
    "volume" : 69074.00
  }, {
    "date" : "2024-12-05",
    "price" : 717.00,
    "dma50" : 691.28,
    "dma100" : null,
    "dma200" : 618.05,
    "volume" : 37732.00
  }, {
    "date" : "2024-12-06",
    "price" : 715.50,
    "dma50" : 692.23,
    "dma100" : null,
    "dma200" : 619.02,
    "volume" : 25513.00
  }, {
    "date" : "2024-12-09",
    "price" : 728.70,
    "dma50" : 693.66,
    "dma100" : null,
    "dma200" : 620.11,
    "volume" : 107812.00
  }, {
    "date" : "2024-12-10",
    "price" : 739.80,
    "dma50" : 695.47,
    "dma100" : null,
    "dma200" : 621.30,
    "volume" : 91893.00
  }, {
    "date" : "2024-12-11",
    "price" : 739.55,
    "dma50" : 697.20,
    "dma100" : null,
    "dma200" : 622.48,
    "volume" : 70871.00
  }, {
    "date" : "2024-12-12",
    "price" : 724.45,
    "dma50" : 698.27,
    "dma100" : null,
    "dma200" : 623.49,
    "volume" : 38092.00
  }, {
    "date" : "2024-12-13",
    "price" : 717.30,
    "dma50" : 699.01,
    "dma100" : null,
    "dma200" : 624.43,
    "volume" : 37942.00
  }, {
    "date" : "2024-12-16",
    "price" : 730.60,
    "dma50" : 700.25,
    "dma100" : null,
    "dma200" : 625.48,
    "volume" : 52828.00
  }, {
    "date" : "2024-12-17",
    "price" : 739.30,
    "dma50" : 701.78,
    "dma100" : null,
    "dma200" : 626.61,
    "volume" : 94884.00
  }, {
    "date" : "2024-12-18",
    "price" : 731.90,
    "dma50" : 702.96,
    "dma100" : null,
    "dma200" : 627.66,
    "volume" : 55524.00
  }, {
    "date" : "2024-12-19",
    "price" : 720.60,
    "dma50" : 703.66,
    "dma100" : null,
    "dma200" : 628.59,
    "volume" : 29635.00
  }, {
    "date" : "2024-12-20",
    "price" : 686.45,
    "dma50" : 702.98,
    "dma100" : null,
    "dma200" : 629.16,
    "volume" : 49187.00
  }, {
    "date" : "2024-12-23",
    "price" : 694.80,
    "dma50" : 702.66,
    "dma100" : null,
    "dma200" : 629.82,
    "volume" : 77226.00
  }, {
    "date" : "2024-12-24",
    "price" : 730.90,
    "dma50" : 703.77,
    "dma100" : null,
    "dma200" : 630.82,
    "volume" : 172566.00
  }, {
    "date" : "2024-12-26",
    "price" : 696.25,
    "dma50" : 703.47,
    "dma100" : null,
    "dma200" : 631.47,
    "volume" : 68994.00
  }, {
    "date" : "2024-12-27",
    "price" : 690.60,
    "dma50" : 702.97,
    "dma100" : null,
    "dma200" : 632.06,
    "volume" : 54329.00
  }, {
    "date" : "2024-12-30",
    "price" : 678.80,
    "dma50" : 702.02,
    "dma100" : null,
    "dma200" : 632.53,
    "volume" : 30272.00
  }, {
    "date" : "2024-12-31",
    "price" : 683.65,
    "dma50" : 701.30,
    "dma100" : null,
    "dma200" : 633.03,
    "volume" : 21954.00
  }, {
    "date" : "2025-01-01",
    "price" : 678.15,
    "dma50" : 700.39,
    "dma100" : null,
    "dma200" : 633.48,
    "volume" : 33815.00
  }, {
    "date" : "2025-01-02",
    "price" : 685.60,
    "dma50" : 699.81,
    "dma100" : null,
    "dma200" : 634.00,
    "volume" : 30966.00
  }, {
    "date" : "2025-01-03",
    "price" : 669.30,
    "dma50" : 698.62,
    "dma100" : null,
    "dma200" : 634.35,
    "volume" : 110209.00
  }, {
    "date" : "2025-01-06",
    "price" : 622.30,
    "dma50" : 695.62,
    "dma100" : null,
    "dma200" : 634.23,
    "volume" : 113011.00
  }, {
    "date" : "2025-01-07",
    "price" : 638.10,
    "dma50" : 693.37,
    "dma100" : null,
    "dma200" : 634.27,
    "volume" : 41293.00
  }, {
    "date" : "2025-01-08",
    "price" : 625.40,
    "dma50" : 690.70,
    "dma100" : null,
    "dma200" : 634.18,
    "volume" : 21164.00
  }, {
    "date" : "2025-01-09",
    "price" : 609.50,
    "dma50" : 687.52,
    "dma100" : null,
    "dma200" : 633.94,
    "volume" : 22171.00
  }, {
    "date" : "2025-01-10",
    "price" : 586.75,
    "dma50" : 683.57,
    "dma100" : null,
    "dma200" : 633.47,
    "volume" : 33127.00
  }, {
    "date" : "2025-01-13",
    "price" : 552.10,
    "dma50" : 678.41,
    "dma100" : null,
    "dma200" : 632.66,
    "volume" : 44551.00
  }, {
    "date" : "2025-01-14",
    "price" : 571.15,
    "dma50" : 674.20,
    "dma100" : null,
    "dma200" : 632.05,
    "volume" : 36015.00
  }, {
    "date" : "2025-01-15",
    "price" : 591.50,
    "dma50" : 670.96,
    "dma100" : null,
    "dma200" : 631.64,
    "volume" : 41368.00
  }, {
    "date" : "2025-01-16",
    "price" : 592.70,
    "dma50" : 667.89,
    "dma100" : null,
    "dma200" : 631.26,
    "volume" : 21781.00
  }, {
    "date" : "2025-01-17",
    "price" : 589.15,
    "dma50" : 664.80,
    "dma100" : null,
    "dma200" : 630.84,
    "volume" : 18546.00
  }, {
    "date" : "2025-01-20",
    "price" : 602.90,
    "dma50" : 662.38,
    "dma100" : null,
    "dma200" : 630.56,
    "volume" : 22335.00
  }, {
    "date" : "2025-01-21",
    "price" : 588.70,
    "dma50" : 659.49,
    "dma100" : null,
    "dma200" : 630.14,
    "volume" : 20864.00
  }, {
    "date" : "2025-01-22",
    "price" : 591.45,
    "dma50" : 656.82,
    "dma100" : null,
    "dma200" : 629.76,
    "volume" : 20519.00
  }, {
    "date" : "2025-01-23",
    "price" : 582.90,
    "dma50" : 653.92,
    "dma100" : null,
    "dma200" : 629.29,
    "volume" : 14683.00
  }, {
    "date" : "2025-01-24",
    "price" : 567.35,
    "dma50" : 650.52,
    "dma100" : null,
    "dma200" : 628.68,
    "volume" : 32122.00
  }, {
    "date" : "2025-01-27",
    "price" : 536.60,
    "dma50" : 646.06,
    "dma100" : null,
    "dma200" : 627.76,
    "volume" : 26905.00
  }, {
    "date" : "2025-01-28",
    "price" : 523.95,
    "dma50" : 641.27,
    "dma100" : null,
    "dma200" : 626.73,
    "volume" : 34717.00
  }, {
    "date" : "2025-01-29",
    "price" : 540.75,
    "dma50" : 637.33,
    "dma100" : null,
    "dma200" : 625.87,
    "volume" : 23138.00
  }, {
    "date" : "2025-01-30",
    "price" : 540.80,
    "dma50" : 633.54,
    "dma100" : null,
    "dma200" : 625.02,
    "volume" : 17544.00
  }, {
    "date" : "2025-01-31",
    "price" : 550.70,
    "dma50" : 630.29,
    "dma100" : null,
    "dma200" : 624.28,
    "volume" : 14823.00
  }, {
    "date" : "2025-02-01",
    "price" : 538.70,
    "dma50" : 626.70,
    "dma100" : null,
    "dma200" : 623.43,
    "volume" : 19973.00
  }, {
    "date" : "2025-02-03",
    "price" : 531.30,
    "dma50" : 622.96,
    "dma100" : null,
    "dma200" : 622.52,
    "volume" : 11340.00
  }, {
    "date" : "2025-02-04",
    "price" : 543.65,
    "dma50" : 619.85,
    "dma100" : null,
    "dma200" : 621.73,
    "volume" : 19823.00
  }, {
    "date" : "2025-02-05",
    "price" : 563.75,
    "dma50" : 617.65,
    "dma100" : null,
    "dma200" : 621.15,
    "volume" : 33941.00
  }, {
    "date" : "2025-02-06",
    "price" : 574.45,
    "dma50" : 615.96,
    "dma100" : null,
    "dma200" : 620.69,
    "volume" : 51431.00
  }, {
    "date" : "2025-02-07",
    "price" : 559.50,
    "dma50" : 613.74,
    "dma100" : null,
    "dma200" : 620.08,
    "volume" : 14263.00
  }, {
    "date" : "2025-02-10",
    "price" : 539.30,
    "dma50" : 610.82,
    "dma100" : null,
    "dma200" : 619.28,
    "volume" : 24588.00
  }, {
    "date" : "2025-02-11",
    "price" : 513.20,
    "dma50" : 606.99,
    "dma100" : null,
    "dma200" : 618.22,
    "volume" : 32632.00
  }, {
    "date" : "2025-02-12",
    "price" : 499.30,
    "dma50" : 602.77,
    "dma100" : null,
    "dma200" : 617.04,
    "volume" : 31993.00
  }, {
    "date" : "2025-02-13",
    "price" : 494.90,
    "dma50" : 598.54,
    "dma100" : null,
    "dma200" : 615.82,
    "volume" : 30089.00
  }, {
    "date" : "2025-02-14",
    "price" : 465.35,
    "dma50" : 593.32,
    "dma100" : null,
    "dma200" : 614.33,
    "volume" : 58902.00
  }, {
    "date" : "2025-02-17",
    "price" : 453.25,
    "dma50" : 587.82,
    "dma100" : null,
    "dma200" : 612.72,
    "volume" : 26244.00
  }, {
    "date" : "2025-02-18",
    "price" : 439.65,
    "dma50" : 582.01,
    "dma100" : null,
    "dma200" : 611.00,
    "volume" : 20306.00
  }, {
    "date" : "2025-02-19",
    "price" : 451.65,
    "dma50" : 576.90,
    "dma100" : null,
    "dma200" : 609.42,
    "volume" : 46679.00
  }, {
    "date" : "2025-02-20",
    "price" : 460.60,
    "dma50" : 572.34,
    "dma100" : null,
    "dma200" : 607.93,
    "volume" : 17683.00
  }, {
    "date" : "2025-02-21",
    "price" : 456.25,
    "dma50" : 567.79,
    "dma100" : null,
    "dma200" : 606.43,
    "volume" : 22491.00
  }, {
    "date" : "2025-02-24",
    "price" : 453.15,
    "dma50" : 563.29,
    "dma100" : null,
    "dma200" : 604.90,
    "volume" : 18430.00
  }, {
    "date" : "2025-02-25",
    "price" : 449.40,
    "dma50" : 558.83,
    "dma100" : null,
    "dma200" : 603.35,
    "volume" : 15211.00
  }, {
    "date" : "2025-02-27",
    "price" : 437.35,
    "dma50" : 554.06,
    "dma100" : null,
    "dma200" : 601.70,
    "volume" : 30320.00
  }, {
    "date" : "2025-02-28",
    "price" : 424.00,
    "dma50" : 548.96,
    "dma100" : null,
    "dma200" : 599.93,
    "volume" : 33099.00
  }, {
    "date" : "2025-03-03",
    "price" : 412.05,
    "dma50" : 543.59,
    "dma100" : null,
    "dma200" : 598.06,
    "volume" : 26582.00
  }, {
    "date" : "2025-03-04",
    "price" : 413.40,
    "dma50" : 538.49,
    "dma100" : null,
    "dma200" : 596.23,
    "volume" : 23223.00
  }, {
    "date" : "2025-03-05",
    "price" : 432.75,
    "dma50" : 534.34,
    "dma100" : null,
    "dma200" : 594.60,
    "volume" : 55142.00
  }, {
    "date" : "2025-03-06",
    "price" : 451.10,
    "dma50" : 531.08,
    "dma100" : null,
    "dma200" : 593.17,
    "volume" : 38984.00
  }, {
    "date" : "2025-03-07",
    "price" : 478.75,
    "dma50" : 529.02,
    "dma100" : null,
    "dma200" : 592.03,
    "volume" : 106197.00
  }, {
    "date" : "2025-03-10",
    "price" : 461.40,
    "dma50" : 526.37,
    "dma100" : null,
    "dma200" : 590.73,
    "volume" : 20106.00
  }, {
    "date" : "2025-03-11",
    "price" : 462.80,
    "dma50" : 523.88,
    "dma100" : null,
    "dma200" : 589.46,
    "volume" : 22095.00
  }, {
    "date" : "2025-03-12",
    "price" : 452.30,
    "dma50" : 521.07,
    "dma100" : null,
    "dma200" : 588.10,
    "volume" : 17737.00
  }, {
    "date" : "2025-03-13",
    "price" : 437.35,
    "dma50" : 517.79,
    "dma100" : null,
    "dma200" : 586.60,
    "volume" : 19189.00
  }, {
    "date" : "2025-03-17",
    "price" : 424.40,
    "dma50" : 514.13,
    "dma100" : null,
    "dma200" : 584.98,
    "volume" : 41187.00
  }, {
    "date" : "2025-03-18",
    "price" : 447.55,
    "dma50" : 511.52,
    "dma100" : null,
    "dma200" : 583.61,
    "volume" : 89502.00
  }, {
    "date" : "2025-03-19",
    "price" : 470.55,
    "dma50" : 509.91,
    "dma100" : null,
    "dma200" : 582.49,
    "volume" : 46050.00
  }, {
    "date" : "2025-03-20",
    "price" : 482.55,
    "dma50" : 508.84,
    "dma100" : null,
    "dma200" : 581.49,
    "volume" : 110190.00
  }, {
    "date" : "2025-03-21",
    "price" : 497.10,
    "dma50" : 508.38,
    "dma100" : null,
    "dma200" : 580.65,
    "volume" : 77566.00
  }, {
    "date" : "2025-03-24",
    "price" : 496.90,
    "dma50" : 507.93,
    "dma100" : null,
    "dma200" : 579.82,
    "volume" : 38410.00
  }, {
    "date" : "2025-03-25",
    "price" : 478.45,
    "dma50" : 506.77,
    "dma100" : null,
    "dma200" : 578.81,
    "volume" : 48325.00
  }, {
    "date" : "2025-03-26",
    "price" : 466.35,
    "dma50" : 505.19,
    "dma100" : null,
    "dma200" : 577.69,
    "volume" : 78533.00
  }, {
    "date" : "2025-03-27",
    "price" : 486.40,
    "dma50" : 504.45,
    "dma100" : null,
    "dma200" : 576.79,
    "volume" : 248499.00
  }, {
    "date" : "2025-03-28",
    "price" : 486.10,
    "dma50" : 503.73,
    "dma100" : null,
    "dma200" : 575.88,
    "volume" : 77079.00
  }, {
    "date" : "2025-04-01",
    "price" : 495.05,
    "dma50" : 503.39,
    "dma100" : null,
    "dma200" : 575.08,
    "volume" : 39213.00
  }, {
    "date" : "2025-04-02",
    "price" : 505.35,
    "dma50" : 503.47,
    "dma100" : null,
    "dma200" : 574.38,
    "volume" : 60753.00
  }, {
    "date" : "2025-04-03",
    "price" : 515.65,
    "dma50" : 503.94,
    "dma100" : null,
    "dma200" : 573.80,
    "volume" : 82958.00
  }, {
    "date" : "2025-04-04",
    "price" : 491.45,
    "dma50" : 503.45,
    "dma100" : null,
    "dma200" : 572.98,
    "volume" : 49138.00
  }, {
    "date" : "2025-04-07",
    "price" : 464.80,
    "dma50" : 501.94,
    "dma100" : null,
    "dma200" : 571.90,
    "volume" : 46338.00
  }, {
    "date" : "2025-04-08",
    "price" : 485.75,
    "dma50" : 501.30,
    "dma100" : null,
    "dma200" : 571.05,
    "volume" : 31048.00
  }, {
    "date" : "2025-04-09",
    "price" : 483.25,
    "dma50" : 500.59,
    "dma100" : null,
    "dma200" : 570.17,
    "volume" : 34529.00
  }, {
    "date" : "2025-04-11",
    "price" : 494.40,
    "dma50" : 500.35,
    "dma100" : null,
    "dma200" : 569.42,
    "volume" : 21083.00
  }, {
    "date" : "2025-04-15",
    "price" : 509.30,
    "dma50" : 500.70,
    "dma100" : null,
    "dma200" : 568.82,
    "volume" : 21005.00
  }, {
    "date" : "2025-04-16",
    "price" : 521.20,
    "dma50" : 501.51,
    "dma100" : null,
    "dma200" : 568.35,
    "volume" : 61747.00
  }, {
    "date" : "2025-04-17",
    "price" : 525.55,
    "dma50" : 502.45,
    "dma100" : null,
    "dma200" : 567.92,
    "volume" : 24616.00
  }, {
    "date" : "2025-04-21",
    "price" : 532.80,
    "dma50" : 503.64,
    "dma100" : null,
    "dma200" : 567.57,
    "volume" : 26759.00
  }, {
    "date" : "2025-04-22",
    "price" : 527.10,
    "dma50" : 504.56,
    "dma100" : null,
    "dma200" : 567.17,
    "volume" : 24462.00
  }, {
    "date" : "2025-04-23",
    "price" : 522.05,
    "dma50" : 505.25,
    "dma100" : null,
    "dma200" : 566.72,
    "volume" : 19858.00
  }, {
    "date" : "2025-04-24",
    "price" : 520.70,
    "dma50" : 505.85,
    "dma100" : null,
    "dma200" : 566.26,
    "volume" : 17590.00
  }, {
    "date" : "2025-04-25",
    "price" : 497.25,
    "dma50" : 505.51,
    "dma100" : null,
    "dma200" : 565.58,
    "volume" : 26795.00
  }, {
    "date" : "2025-04-28",
    "price" : 496.20,
    "dma50" : 505.15,
    "dma100" : null,
    "dma200" : 564.89,
    "volume" : 18232.00
  }, {
    "date" : "2025-04-29",
    "price" : 499.50,
    "dma50" : 504.93,
    "dma100" : 556.32,
    "dma200" : 564.24,
    "volume" : 18676.00
  }, {
    "date" : "2025-04-30",
    "price" : 486.75,
    "dma50" : 504.21,
    "dma100" : 553.84,
    "dma200" : 563.46,
    "volume" : 12752.00
  }, {
    "date" : "2025-05-02",
    "price" : 492.70,
    "dma50" : 503.76,
    "dma100" : 551.58,
    "dma200" : 562.76,
    "volume" : 11725.00
  }, {
    "date" : "2025-05-05",
    "price" : 507.45,
    "dma50" : 503.91,
    "dma100" : 549.48,
    "dma200" : 562.21,
    "volume" : 31679.00
  }, {
    "date" : "2025-05-06",
    "price" : 485.90,
    "dma50" : 503.20,
    "dma100" : 547.19,
    "dma200" : 561.45,
    "volume" : 25430.00
  }, {
    "date" : "2025-05-07",
    "price" : 494.05,
    "dma50" : 502.84,
    "dma100" : 544.84,
    "dma200" : 560.78,
    "volume" : 21125.00
  }, {
    "date" : "2025-05-08",
    "price" : 482.30,
    "dma50" : 502.04,
    "dma100" : 542.26,
    "dma200" : 560.00,
    "volume" : 15616.00
  }, {
    "date" : "2025-05-09",
    "price" : 477.40,
    "dma50" : 501.07,
    "dma100" : 539.64,
    "dma200" : 559.18,
    "volume" : 15365.00
  }, {
    "date" : "2025-05-12",
    "price" : 507.65,
    "dma50" : 501.33,
    "dma100" : 537.47,
    "dma200" : 558.66,
    "volume" : 27860.00
  }, {
    "date" : "2025-05-13",
    "price" : 511.35,
    "dma50" : 501.72,
    "dma100" : 535.42,
    "dma200" : 558.19,
    "volume" : 26566.00
  }, {
    "date" : "2025-05-14",
    "price" : 523.90,
    "dma50" : 502.59,
    "dma100" : 533.35,
    "dma200" : 557.85,
    "volume" : 25318.00
  }, {
    "date" : "2025-05-15",
    "price" : 531.00,
    "dma50" : 503.71,
    "dma100" : 531.27,
    "dma200" : 557.59,
    "volume" : 39106.00
  }, {
    "date" : "2025-05-16",
    "price" : 536.65,
    "dma50" : 505.00,
    "dma100" : 529.31,
    "dma200" : 557.38,
    "volume" : 29643.00
  }, {
    "date" : "2025-05-19",
    "price" : 551.60,
    "dma50" : 506.83,
    "dma100" : 527.62,
    "dma200" : 557.32,
    "volume" : 58173.00
  }, {
    "date" : "2025-05-20",
    "price" : 537.05,
    "dma50" : 508.01,
    "dma100" : 526.13,
    "dma200" : 557.12,
    "volume" : 26991.00
  }, {
    "date" : "2025-05-21",
    "price" : 540.35,
    "dma50" : 509.28,
    "dma100" : 524.58,
    "dma200" : 556.95,
    "volume" : 16864.00
  }, {
    "date" : "2025-05-22",
    "price" : 525.25,
    "dma50" : 509.90,
    "dma100" : 522.53,
    "dma200" : 556.64,
    "volume" : 53743.00
  }, {
    "date" : "2025-05-23",
    "price" : 520.30,
    "dma50" : 510.31,
    "dma100" : 520.77,
    "dma200" : 556.27,
    "volume" : 44987.00
  }, {
    "date" : "2025-05-26",
    "price" : 519.45,
    "dma50" : 510.67,
    "dma100" : 519.06,
    "dma200" : 555.91,
    "volume" : 31811.00
  }, {
    "date" : "2025-05-27",
    "price" : 511.45,
    "dma50" : 510.70,
    "dma100" : 517.38,
    "dma200" : 555.47,
    "volume" : 29121.00
  }, {
    "date" : "2025-05-28",
    "price" : 512.10,
    "dma50" : 510.76,
    "dma100" : 515.67,
    "dma200" : 555.03,
    "volume" : 54257.00
  }, {
    "date" : "2025-05-29",
    "price" : 512.10,
    "dma50" : 510.81,
    "dma100" : 514.01,
    "dma200" : 554.61,
    "volume" : 99673.00
  }, {
    "date" : "2025-05-30",
    "price" : 501.35,
    "dma50" : 510.44,
    "dma100" : 512.16,
    "dma200" : 554.08,
    "volume" : 54886.00
  }, {
    "date" : "2025-06-02",
    "price" : 500.75,
    "dma50" : 510.06,
    "dma100" : 510.48,
    "dma200" : 553.55,
    "volume" : 59182.00
  }, {
    "date" : "2025-06-03",
    "price" : 495.70,
    "dma50" : 509.50,
    "dma100" : 509.21,
    "dma200" : 552.97,
    "volume" : 34112.00
  }, {
    "date" : "2025-06-04",
    "price" : 500.85,
    "dma50" : 509.16,
    "dma100" : 507.84,
    "dma200" : 552.45,
    "volume" : 39734.00
  }, {
    "date" : "2025-06-05",
    "price" : 503.05,
    "dma50" : 508.92,
    "dma100" : 506.62,
    "dma200" : 551.96,
    "volume" : 192979.00
  }, {
    "date" : "2025-06-06",
    "price" : 512.35,
    "dma50" : 509.05,
    "dma100" : 505.65,
    "dma200" : 551.57,
    "volume" : 283920.00
  }, {
    "date" : "2025-06-09",
    "price" : 505.05,
    "dma50" : 508.89,
    "dma100" : 504.83,
    "dma200" : 551.10,
    "volume" : 193220.00
  }, {
    "date" : "2025-06-10",
    "price" : 502.75,
    "dma50" : 508.65,
    "dma100" : 504.34,
    "dma200" : 550.62,
    "volume" : 400264.00
  }, {
    "date" : "2025-06-11",
    "price" : 501.55,
    "dma50" : 508.37,
    "dma100" : 503.64,
    "dma200" : 550.13,
    "volume" : 161589.00
  }, {
    "date" : "2025-06-12",
    "price" : 486.70,
    "dma50" : 507.52,
    "dma100" : 502.59,
    "dma200" : 549.50,
    "volume" : 82531.00
  }, {
    "date" : "2025-06-13",
    "price" : 483.90,
    "dma50" : 506.60,
    "dma100" : 501.50,
    "dma200" : 548.85,
    "volume" : 64583.00
  }, {
    "date" : "2025-06-16",
    "price" : 486.25,
    "dma50" : 505.80,
    "dma100" : 500.47,
    "dma200" : 548.23,
    "volume" : 49393.00
  }, {
    "date" : "2025-06-17",
    "price" : 486.70,
    "dma50" : 505.05,
    "dma100" : 499.31,
    "dma200" : 547.61,
    "volume" : 108486.00
  }, {
    "date" : "2025-06-18",
    "price" : 491.40,
    "dma50" : 504.52,
    "dma100" : 498.34,
    "dma200" : 547.06,
    "volume" : 66965.00
  }, {
    "date" : "2025-06-19",
    "price" : 477.10,
    "dma50" : 503.44,
    "dma100" : 497.20,
    "dma200" : 546.36,
    "volume" : 31203.00
  }, {
    "date" : "2025-06-20",
    "price" : 480.10,
    "dma50" : 502.53,
    "dma100" : 496.17,
    "dma200" : 545.70,
    "volume" : 23221.00
  }, {
    "date" : "2025-06-23",
    "price" : 482.30,
    "dma50" : 501.73,
    "dma100" : 495.32,
    "dma200" : 545.07,
    "volume" : 21518.00
  }, {
    "date" : "2025-06-24",
    "price" : 481.65,
    "dma50" : 500.94,
    "dma100" : 494.77,
    "dma200" : 544.44,
    "volume" : 23703.00
  }, {
    "date" : "2025-06-25",
    "price" : 490.50,
    "dma50" : 500.54,
    "dma100" : 494.43,
    "dma200" : 543.90,
    "volume" : 50721.00
  }, {
    "date" : "2025-06-26",
    "price" : 491.60,
    "dma50" : 500.18,
    "dma100" : 493.94,
    "dma200" : 543.38,
    "volume" : 35995.00
  }, {
    "date" : "2025-06-27",
    "price" : 490.55,
    "dma50" : 499.81,
    "dma100" : 493.44,
    "dma200" : 542.86,
    "volume" : 60311.00
  }, {
    "date" : "2025-06-30",
    "price" : 498.10,
    "dma50" : 499.74,
    "dma100" : 492.91,
    "dma200" : 542.41,
    "volume" : 95866.00
  }, {
    "date" : "2025-07-01",
    "price" : 498.10,
    "dma50" : 499.68,
    "dma100" : 492.51,
    "dma200" : 541.97,
    "volume" : 23143.00
  }, {
    "date" : "2025-07-02",
    "price" : 492.95,
    "dma50" : 499.41,
    "dma100" : 492.12,
    "dma200" : 541.48,
    "volume" : 49506.00
  }, {
    "date" : "2025-07-03",
    "price" : 495.65,
    "dma50" : 499.26,
    "dma100" : 491.64,
    "dma200" : 541.03,
    "volume" : 39714.00
  }, {
    "date" : "2025-07-04",
    "price" : 493.10,
    "dma50" : 499.02,
    "dma100" : 490.94,
    "dma200" : 540.55,
    "volume" : 24893.00
  }, {
    "date" : "2025-07-07",
    "price" : 489.60,
    "dma50" : 498.65,
    "dma100" : 490.09,
    "dma200" : 540.04,
    "volume" : 27220.00
  }, {
    "date" : "2025-07-08",
    "price" : 498.95,
    "dma50" : 498.66,
    "dma100" : 489.48,
    "dma200" : 539.63,
    "volume" : 58603.00
  }, {
    "date" : "2025-07-09",
    "price" : 499.05,
    "dma50" : 498.68,
    "dma100" : 489.08,
    "dma200" : 539.23,
    "volume" : 125905.00
  }, {
    "date" : "2025-07-10",
    "price" : 498.35,
    "dma50" : 498.67,
    "dma100" : 488.93,
    "dma200" : 538.82,
    "volume" : 112535.00
  }, {
    "date" : "2025-07-11",
    "price" : 493.25,
    "dma50" : 498.45,
    "dma100" : 488.87,
    "dma200" : 538.37,
    "volume" : 39780.00
  }, {
    "date" : "2025-07-14",
    "price" : 495.45,
    "dma50" : 498.34,
    "dma100" : 488.88,
    "dma200" : 537.94,
    "volume" : 24227.00
  }, {
    "date" : "2025-07-15",
    "price" : 496.05,
    "dma50" : 498.25,
    "dma100" : 489.18,
    "dma200" : 537.52,
    "volume" : 49349.00
  }, {
    "date" : "2025-07-16",
    "price" : 499.10,
    "dma50" : 498.28,
    "dma100" : 489.64,
    "dma200" : 537.14,
    "volume" : 31775.00
  }, {
    "date" : "2025-07-17",
    "price" : 499.30,
    "dma50" : 498.32,
    "dma100" : 490.24,
    "dma200" : 536.77,
    "volume" : 33731.00
  }, {
    "date" : "2025-07-18",
    "price" : 495.20,
    "dma50" : 498.20,
    "dma100" : 490.67,
    "dma200" : 536.35,
    "volume" : 25762.00
  }, {
    "date" : "2025-07-21",
    "price" : 489.50,
    "dma50" : 497.86,
    "dma100" : 490.96,
    "dma200" : 535.89,
    "volume" : 27262.00
  }, {
    "date" : "2025-07-22",
    "price" : 487.90,
    "dma50" : 497.47,
    "dma100" : 491.28,
    "dma200" : 535.41,
    "volume" : 18526.00
  }, {
    "date" : "2025-07-23",
    "price" : 486.25,
    "dma50" : 497.03,
    "dma100" : 491.61,
    "dma200" : 534.92,
    "volume" : 19654.00
  }, {
    "date" : "2025-07-24",
    "price" : 487.05,
    "dma50" : 496.64,
    "dma100" : 491.99,
    "dma200" : 534.44,
    "volume" : 15380.00
  }, {
    "date" : "2025-07-25",
    "price" : 484.95,
    "dma50" : 496.18,
    "dma100" : 492.46,
    "dma200" : 533.95,
    "volume" : 28386.00
  }, {
    "date" : "2025-07-28",
    "price" : 477.90,
    "dma50" : 495.46,
    "dma100" : 493.00,
    "dma200" : 533.39,
    "volume" : 20348.00
  }, {
    "date" : "2025-07-29",
    "price" : 482.40,
    "dma50" : 494.95,
    "dma100" : 493.71,
    "dma200" : 532.89,
    "volume" : 15669.00
  }, {
    "date" : "2025-07-30",
    "price" : 482.50,
    "dma50" : 494.46,
    "dma100" : 494.40,
    "dma200" : 532.38,
    "volume" : 11320.00
  }, {
    "date" : "2025-07-31",
    "price" : 484.70,
    "dma50" : 494.08,
    "dma100" : 494.92,
    "dma200" : 531.91,
    "volume" : 23773.00
  }, {
    "date" : "2025-08-01",
    "price" : 474.90,
    "dma50" : 493.33,
    "dma100" : 495.15,
    "dma200" : 531.34,
    "volume" : 13792.00
  }, {
    "date" : "2025-08-04",
    "price" : 473.45,
    "dma50" : 492.55,
    "dma100" : 495.10,
    "dma200" : 530.77,
    "volume" : 23838.00
  }, {
    "date" : "2025-08-05",
    "price" : 468.35,
    "dma50" : 491.60,
    "dma100" : 495.17,
    "dma200" : 530.15,
    "volume" : 9668.00
  }, {
    "date" : "2025-08-06",
    "price" : 456.45,
    "dma50" : 490.22,
    "dma100" : 495.11,
    "dma200" : 529.41,
    "volume" : 38341.00
  }, {
    "date" : "2025-08-07",
    "price" : 454.35,
    "dma50" : 488.81,
    "dma100" : 495.13,
    "dma200" : 528.67,
    "volume" : 13457.00
  }, {
    "date" : "2025-08-08",
    "price" : 452.60,
    "dma50" : 487.39,
    "dma100" : 495.28,
    "dma200" : 527.91,
    "volume" : 10376.00
  }, {
    "date" : "2025-08-11",
    "price" : 449.40,
    "dma50" : 485.90,
    "dma100" : 495.53,
    "dma200" : 527.13,
    "volume" : 13812.00
  }, {
    "date" : "2025-08-12",
    "price" : 452.80,
    "dma50" : 484.60,
    "dma100" : 495.58,
    "dma200" : 526.39,
    "volume" : 12089.00
  }, {
    "date" : "2025-08-13",
    "price" : 455.15,
    "dma50" : 483.45,
    "dma100" : 495.43,
    "dma200" : 525.68,
    "volume" : 23137.00
  }, {
    "date" : "2025-08-14",
    "price" : 454.30,
    "dma50" : 482.31,
    "dma100" : 495.15,
    "dma200" : 524.97,
    "volume" : 12434.00
  }, {
    "date" : "2025-08-18",
    "price" : 462.65,
    "dma50" : 481.54,
    "dma100" : 494.80,
    "dma200" : 524.35,
    "volume" : 20724.00
  }, {
    "date" : "2025-08-19",
    "price" : 462.40,
    "dma50" : 480.78,
    "dma100" : 494.46,
    "dma200" : 523.73,
    "volume" : 14530.00
  }, {
    "date" : "2025-08-20",
    "price" : 463.20,
    "dma50" : 480.10,
    "dma100" : 494.30,
    "dma200" : 523.13,
    "volume" : 7962.00
  }, {
    "date" : "2025-08-21",
    "price" : 483.00,
    "dma50" : 480.21,
    "dma100" : 494.47,
    "dma200" : 522.73,
    "volume" : 1198909.00
  }, {
    "date" : "2025-08-22",
    "price" : 472.60,
    "dma50" : 479.91,
    "dma100" : 494.33,
    "dma200" : 522.23,
    "volume" : 121841.00
  }, {
    "date" : "2025-08-25",
    "price" : 471.25,
    "dma50" : 479.57,
    "dma100" : 494.18,
    "dma200" : 521.72,
    "volume" : 82158.00
  }, {
    "date" : "2025-08-26",
    "price" : 470.25,
    "dma50" : 479.21,
    "dma100" : 493.94,
    "dma200" : 521.21,
    "volume" : 63810.00
  }, {
    "date" : "2025-08-28",
    "price" : 463.80,
    "dma50" : 478.60,
    "dma100" : 493.52,
    "dma200" : 520.64,
    "volume" : 19930.00
  }, {
    "date" : "2025-08-29",
    "price" : 448.90,
    "dma50" : 477.44,
    "dma100" : 492.85,
    "dma200" : 519.93,
    "volume" : 36059.00
  }, {
    "date" : "2025-09-01",
    "price" : 456.80,
    "dma50" : 476.63,
    "dma100" : 492.51,
    "dma200" : 519.30,
    "volume" : 18147.00
  }, {
    "date" : "2025-09-02",
    "price" : 458.10,
    "dma50" : 475.90,
    "dma100" : 492.44,
    "dma200" : 518.69,
    "volume" : 42430.00
  }, {
    "date" : "2025-09-03",
    "price" : 468.35,
    "dma50" : 475.60,
    "dma100" : 492.27,
    "dma200" : 518.19,
    "volume" : 62182.00
  }, {
    "date" : "2025-09-04",
    "price" : 462.10,
    "dma50" : 475.07,
    "dma100" : 492.05,
    "dma200" : 517.63,
    "volume" : 32132.00
  }, {
    "date" : "2025-09-05",
    "price" : 460.05,
    "dma50" : 474.49,
    "dma100" : 491.71,
    "dma200" : 517.06,
    "volume" : 17927.00
  }, {
    "date" : "2025-09-08",
    "price" : 460.55,
    "dma50" : 473.94,
    "dma100" : 491.22,
    "dma200" : 516.50,
    "volume" : 26918.00
  }, {
    "date" : "2025-09-09",
    "price" : 461.75,
    "dma50" : 473.46,
    "dma100" : 490.63,
    "dma200" : 515.95,
    "volume" : 11091.00
  }, {
    "date" : "2025-09-10",
    "price" : 464.85,
    "dma50" : 473.12,
    "dma100" : 490.02,
    "dma200" : 515.44,
    "volume" : 21795.00
  }, {
    "date" : "2025-09-11",
    "price" : 464.40,
    "dma50" : 472.78,
    "dma100" : 489.34,
    "dma200" : 514.93,
    "volume" : 20362.00
  }, {
    "date" : "2025-09-12",
    "price" : 465.40,
    "dma50" : 472.49,
    "dma100" : 488.72,
    "dma200" : 514.44,
    "volume" : 16880.00
  }, {
    "date" : "2025-09-15",
    "price" : 465.70,
    "dma50" : 472.23,
    "dma100" : 488.16,
    "dma200" : 513.96,
    "volume" : 14743.00
  }, {
    "date" : "2025-09-16",
    "price" : 467.90,
    "dma50" : 472.06,
    "dma100" : 487.63,
    "dma200" : 513.50,
    "volume" : 14975.00
  }, {
    "date" : "2025-09-17",
    "price" : 468.20,
    "dma50" : 471.90,
    "dma100" : 487.34,
    "dma200" : 513.05,
    "volume" : 13917.00
  }, {
    "date" : "2025-09-18",
    "price" : 468.15,
    "dma50" : 471.76,
    "dma100" : 487.06,
    "dma200" : 512.60,
    "volume" : 20673.00
  }, {
    "date" : "2025-09-19",
    "price" : 467.35,
    "dma50" : 471.58,
    "dma100" : 486.74,
    "dma200" : 512.15,
    "volume" : 19176.00
  }, {
    "date" : "2025-09-22",
    "price" : 468.30,
    "dma50" : 471.46,
    "dma100" : 486.55,
    "dma200" : 511.71,
    "volume" : 10367.00
  }, {
    "date" : "2025-09-23",
    "price" : 472.60,
    "dma50" : 471.50,
    "dma100" : 486.35,
    "dma200" : 511.33,
    "volume" : 2296584.00
  }, {
    "date" : "2025-09-24",
    "price" : 480.85,
    "dma50" : 471.87,
    "dma100" : 486.09,
    "dma200" : 511.02,
    "volume" : 303338.00
  }, {
    "date" : "2025-09-25",
    "price" : 472.75,
    "dma50" : 471.90,
    "dma100" : 485.95,
    "dma200" : 510.64,
    "volume" : 50826.00
  }, {
    "date" : "2025-09-26",
    "price" : 460.05,
    "dma50" : 471.44,
    "dma100" : 485.61,
    "dma200" : 510.14,
    "volume" : 58216.00
  }, {
    "date" : "2025-09-29",
    "price" : 456.55,
    "dma50" : 470.85,
    "dma100" : 485.36,
    "dma200" : 509.60,
    "volume" : 32622.00
  }, {
    "date" : "2025-09-30",
    "price" : 452.00,
    "dma50" : 470.11,
    "dma100" : 485.10,
    "dma200" : 509.03,
    "volume" : 36869.00
  }, {
    "date" : "2025-10-01",
    "price" : 465.65,
    "dma50" : 469.94,
    "dma100" : 484.68,
    "dma200" : 508.60,
    "volume" : 51494.00
  }, {
    "date" : "2025-10-03",
    "price" : 485.00,
    "dma50" : 470.53,
    "dma100" : 484.42,
    "dma200" : 508.36,
    "volume" : 111237.00
  }, {
    "date" : "2025-10-06",
    "price" : 475.70,
    "dma50" : 470.73,
    "dma100" : 483.94,
    "dma200" : 508.04,
    "volume" : 41124.00
  }, {
    "date" : "2025-10-07",
    "price" : 480.20,
    "dma50" : 471.10,
    "dma100" : 483.43,
    "dma200" : 507.76,
    "volume" : 37896.00
  }, {
    "date" : "2025-10-08",
    "price" : 476.50,
    "dma50" : 471.32,
    "dma100" : 482.83,
    "dma200" : 507.45,
    "volume" : 54902.00
  }, {
    "date" : "2025-10-09",
    "price" : 477.55,
    "dma50" : 471.56,
    "dma100" : 482.09,
    "dma200" : 507.15,
    "volume" : 21412.00
  }, {
    "date" : "2025-10-10",
    "price" : 481.25,
    "dma50" : 471.94,
    "dma100" : 481.53,
    "dma200" : 506.90,
    "volume" : 76725.00
  }, {
    "date" : "2025-10-13",
    "price" : 480.10,
    "dma50" : 472.26,
    "dma100" : 480.93,
    "dma200" : 506.63,
    "volume" : 25995.00
  }, {
    "date" : "2025-10-14",
    "price" : 473.65,
    "dma50" : 472.31,
    "dma100" : 480.41,
    "dma200" : 506.30,
    "volume" : 35577.00
  }, {
    "date" : "2025-10-15",
    "price" : 474.85,
    "dma50" : 472.41,
    "dma100" : 479.96,
    "dma200" : 505.99,
    "volume" : 28146.00
  }, {
    "date" : "2025-10-16",
    "price" : 476.60,
    "dma50" : 472.58,
    "dma100" : 479.53,
    "dma200" : 505.70,
    "volume" : 39785.00
  }, {
    "date" : "2025-10-17",
    "price" : 481.85,
    "dma50" : 472.94,
    "dma100" : 479.23,
    "dma200" : 505.46,
    "volume" : 129151.00
  }, {
    "date" : "2025-10-20",
    "price" : 481.70,
    "dma50" : 473.29,
    "dma100" : 478.93,
    "dma200" : 505.22,
    "volume" : 36639.00
  }, {
    "date" : "2025-10-21",
    "price" : 484.50,
    "dma50" : 473.72,
    "dma100" : 478.65,
    "dma200" : 505.02,
    "volume" : 9277.00
  }, {
    "date" : "2025-10-23",
    "price" : 492.00,
    "dma50" : 474.44,
    "dma100" : 478.56,
    "dma200" : 504.89,
    "volume" : 70863.00
  }, {
    "date" : "2025-10-24",
    "price" : 488.40,
    "dma50" : 474.99,
    "dma100" : 478.43,
    "dma200" : 504.72,
    "volume" : 47139.00
  }, {
    "date" : "2025-10-27",
    "price" : 488.25,
    "dma50" : 475.51,
    "dma100" : 478.36,
    "dma200" : 504.56,
    "volume" : 45569.00
  }, {
    "date" : "2025-10-28",
    "price" : 485.55,
    "dma50" : 475.90,
    "dma100" : 478.21,
    "dma200" : 504.37,
    "volume" : 24453.00
  }, {
    "date" : "2025-10-29",
    "price" : 486.70,
    "dma50" : 476.33,
    "dma100" : 478.04,
    "dma200" : 504.19,
    "volume" : 27437.00
  }, {
    "date" : "2025-10-30",
    "price" : 480.70,
    "dma50" : 476.50,
    "dma100" : 477.73,
    "dma200" : 503.96,
    "volume" : 22745.00
  }, {
    "date" : "2025-10-31",
    "price" : 474.90,
    "dma50" : 476.43,
    "dma100" : 477.43,
    "dma200" : 503.67,
    "volume" : 15705.00
  }, {
    "date" : "2025-11-03",
    "price" : 470.70,
    "dma50" : 476.21,
    "dma100" : 477.10,
    "dma200" : 503.34,
    "volume" : 22823.00
  }, {
    "date" : "2025-11-04",
    "price" : 466.60,
    "dma50" : 475.83,
    "dma100" : 476.76,
    "dma200" : 502.98,
    "volume" : 14236.00
  }, {
    "date" : "2025-11-06",
    "price" : 458.75,
    "dma50" : 475.16,
    "dma100" : 476.48,
    "dma200" : 502.54,
    "volume" : 24728.00
  }, {
    "date" : "2025-11-07",
    "price" : 458.65,
    "dma50" : 474.52,
    "dma100" : 476.22,
    "dma200" : 502.10,
    "volume" : 21612.00
  }, {
    "date" : "2025-11-10",
    "price" : 469.35,
    "dma50" : 474.31,
    "dma100" : 476.05,
    "dma200" : 501.77,
    "volume" : 49125.00
  }, {
    "date" : "2025-11-11",
    "price" : 464.35,
    "dma50" : 473.92,
    "dma100" : 475.83,
    "dma200" : 501.40,
    "volume" : 12778.00
  }, {
    "date" : "2025-11-12",
    "price" : 467.40,
    "dma50" : 473.67,
    "dma100" : 475.59,
    "dma200" : 501.06,
    "volume" : 21515.00
  }, {
    "date" : "2025-11-13",
    "price" : 463.55,
    "dma50" : 473.27,
    "dma100" : 475.46,
    "dma200" : 500.69,
    "volume" : 19264.00
  }, {
    "date" : "2025-11-14",
    "price" : 463.40,
    "dma50" : 472.88,
    "dma100" : 475.29,
    "dma200" : 500.32,
    "volume" : 9060.00
  }, {
    "date" : "2025-11-17",
    "price" : 459.60,
    "dma50" : 472.36,
    "dma100" : 475.06,
    "dma200" : 499.91,
    "volume" : 14693.00
  }, {
    "date" : "2025-11-18",
    "price" : 452.50,
    "dma50" : 471.58,
    "dma100" : 474.77,
    "dma200" : 499.44,
    "volume" : 17320.00
  }, {
    "date" : "2025-11-19",
    "price" : 448.10,
    "dma50" : 470.66,
    "dma100" : 474.35,
    "dma200" : 498.93,
    "volume" : 20395.00
  }, {
    "date" : "2025-11-20",
    "price" : 458.00,
    "dma50" : 470.17,
    "dma100" : 474.01,
    "dma200" : 498.52,
    "volume" : 14948.00
  }, {
    "date" : "2025-11-21",
    "price" : 447.95,
    "dma50" : 469.29,
    "dma100" : 473.58,
    "dma200" : 498.02,
    "volume" : 7451.00
  }, {
    "date" : "2025-11-24",
    "price" : 436.30,
    "dma50" : 468.00,
    "dma100" : 472.97,
    "dma200" : 497.41,
    "volume" : 19431.00
  }, {
    "date" : "2025-11-25",
    "price" : 437.15,
    "dma50" : 466.79,
    "dma100" : 472.36,
    "dma200" : 496.81,
    "volume" : 7989.00
  }, {
    "date" : "2025-11-26",
    "price" : 441.95,
    "dma50" : 465.82,
    "dma100" : 471.85,
    "dma200" : 496.26,
    "volume" : 9899.00
  }, {
    "date" : "2025-11-27",
    "price" : 440.35,
    "dma50" : 464.82,
    "dma100" : 471.29,
    "dma200" : 495.71,
    "volume" : 11957.00
  }, {
    "date" : "2025-11-28",
    "price" : 444.30,
    "dma50" : 464.01,
    "dma100" : 470.81,
    "dma200" : 495.19,
    "volume" : 11872.00
  } ],
  "latestTechnicalAttributes" : {
    "date" : "2025-11-28",
    "price" : 444.30,
    "dma50" : 464.01,
    "dma100" : 470.81,
    "dma200" : 495.19,
    "volume" : 11872.00
  },
  "quarterlyResults" : [ {
    "date" : "2010-12-31",
    "sales" : 6.49,
    "salesGrowthYoY" : null,
    "grossProfitMargin" : 100.00,
    "grossProfit" : 6.49,
    "operatingProfitMargin" : 92.76,
    "operatingProfit" : 6.02,
    "netProfitMargin" : 60.71,
    "netProfit" : 3.94
  }, {
    "date" : "2011-03-31",
    "sales" : 6.55,
    "salesGrowthYoY" : null,
    "grossProfitMargin" : 100.00,
    "grossProfit" : 6.55,
    "operatingProfitMargin" : 92.52,
    "operatingProfit" : 6.06,
    "netProfitMargin" : 140.46,
    "netProfit" : 9.20
  }, {
    "date" : "2011-06-30",
    "sales" : 2.34,
    "salesGrowthYoY" : null,
    "grossProfitMargin" : 100.00,
    "grossProfit" : 2.34,
    "operatingProfitMargin" : 83.33,
    "operatingProfit" : 1.95,
    "netProfitMargin" : 72.65,
    "netProfit" : 1.70
  }, {
    "date" : "2011-09-30",
    "sales" : 9.48,
    "salesGrowthYoY" : null,
    "grossProfitMargin" : 100.00,
    "grossProfit" : 9.48,
    "operatingProfitMargin" : 94.94,
    "operatingProfit" : 9.00,
    "netProfitMargin" : 179.11,
    "netProfit" : 16.98
  }, {
    "date" : "2011-12-31",
    "sales" : 5.96,
    "salesGrowthYoY" : -8.17,
    "grossProfitMargin" : 100.00,
    "grossProfit" : 5.96,
    "operatingProfitMargin" : 93.46,
    "operatingProfit" : 5.57,
    "netProfitMargin" : 56.54,
    "netProfit" : 3.37
  }, {
    "date" : "2012-03-31",
    "sales" : 5.73,
    "salesGrowthYoY" : -12.52,
    "grossProfitMargin" : 95.46,
    "grossProfit" : 5.47,
    "operatingProfitMargin" : 84.47,
    "operatingProfit" : 4.84,
    "netProfitMargin" : 318.32,
    "netProfit" : 18.24
  }, {
    "date" : "2012-06-30",
    "sales" : 5.72,
    "salesGrowthYoY" : 144.44,
    "grossProfitMargin" : 100.00,
    "grossProfit" : 5.72,
    "operatingProfitMargin" : 93.01,
    "operatingProfit" : 5.32,
    "netProfitMargin" : 71.68,
    "netProfit" : 4.10
  }, {
    "date" : "2012-09-30",
    "sales" : 1.60,
    "salesGrowthYoY" : -83.12,
    "grossProfitMargin" : 100.00,
    "grossProfit" : 1.60,
    "operatingProfitMargin" : 76.25,
    "operatingProfit" : 1.22,
    "netProfitMargin" : 706.88,
    "netProfit" : 11.31
  }, {
    "date" : "2012-12-31",
    "sales" : 3.68,
    "salesGrowthYoY" : -38.26,
    "grossProfitMargin" : 100.00,
    "grossProfit" : 3.68,
    "operatingProfitMargin" : 89.40,
    "operatingProfit" : 3.29,
    "netProfitMargin" : 63.04,
    "netProfit" : 2.32
  }, {
    "date" : "2013-03-31",
    "sales" : 3.60,
    "salesGrowthYoY" : -37.17,
    "grossProfitMargin" : 100.00,
    "grossProfit" : 3.60,
    "operatingProfitMargin" : 64.44,
    "operatingProfit" : 2.32,
    "netProfitMargin" : 433.61,
    "netProfit" : 15.61
  }, {
    "date" : "2013-06-30",
    "sales" : 1.90,
    "salesGrowthYoY" : -66.78,
    "grossProfitMargin" : 100.00,
    "grossProfit" : 1.90,
    "operatingProfitMargin" : 78.42,
    "operatingProfit" : 1.49,
    "netProfitMargin" : 61.58,
    "netProfit" : 1.17
  }, {
    "date" : "2013-09-30",
    "sales" : 2.13,
    "salesGrowthYoY" : 33.12,
    "grossProfitMargin" : 100.00,
    "grossProfit" : 2.13,
    "operatingProfitMargin" : 82.16,
    "operatingProfit" : 1.75,
    "netProfitMargin" : 440.85,
    "netProfit" : 9.39
  }, {
    "date" : "2013-12-31",
    "sales" : 2.26,
    "salesGrowthYoY" : -38.59,
    "grossProfitMargin" : 100.00,
    "grossProfit" : 2.26,
    "operatingProfitMargin" : 65.49,
    "operatingProfit" : 1.48,
    "netProfitMargin" : 34.07,
    "netProfit" : 0.77
  }, {
    "date" : "2014-03-31",
    "sales" : 0.40,
    "salesGrowthYoY" : -88.89,
    "grossProfitMargin" : 100.00,
    "grossProfit" : 0.40,
    "operatingProfitMargin" : 22.50,
    "operatingProfit" : 0.09,
    "netProfitMargin" : 1907.50,
    "netProfit" : 7.63
  }, {
    "date" : "2014-06-30",
    "sales" : 0.67,
    "salesGrowthYoY" : -64.74,
    "grossProfitMargin" : 100.00,
    "grossProfit" : 0.67,
    "operatingProfitMargin" : 83.58,
    "operatingProfit" : 0.56,
    "netProfitMargin" : 61.19,
    "netProfit" : 0.41
  }, {
    "date" : "2014-09-30",
    "sales" : 0.65,
    "salesGrowthYoY" : -69.48,
    "grossProfitMargin" : 100.00,
    "grossProfit" : 0.65,
    "operatingProfitMargin" : 63.08,
    "operatingProfit" : 0.41,
    "netProfitMargin" : 1575.38,
    "netProfit" : 10.24
  }, {
    "date" : "2014-12-31",
    "sales" : 0.71,
    "salesGrowthYoY" : -68.58,
    "grossProfitMargin" : 100.00,
    "grossProfit" : 0.71,
    "operatingProfitMargin" : 76.06,
    "operatingProfit" : 0.54,
    "netProfitMargin" : 69.01,
    "netProfit" : 0.49
  }, {
    "date" : "2015-03-31",
    "sales" : 0.72,
    "salesGrowthYoY" : 80.00,
    "grossProfitMargin" : 100.00,
    "grossProfit" : 0.72,
    "operatingProfitMargin" : 31.94,
    "operatingProfit" : 0.23,
    "netProfitMargin" : 1056.94,
    "netProfit" : 7.61
  }, {
    "date" : "2015-06-30",
    "sales" : 0.76,
    "salesGrowthYoY" : 13.43,
    "grossProfitMargin" : 100.00,
    "grossProfit" : 0.76,
    "operatingProfitMargin" : 61.84,
    "operatingProfit" : 0.47,
    "netProfitMargin" : 63.16,
    "netProfit" : 0.48
  }, {
    "date" : "2015-09-30",
    "sales" : 0.81,
    "salesGrowthYoY" : 24.62,
    "grossProfitMargin" : 100.00,
    "grossProfit" : 0.81,
    "operatingProfitMargin" : 37.04,
    "operatingProfit" : 0.30,
    "netProfitMargin" : 1016.05,
    "netProfit" : 8.23
  }, {
    "date" : "2015-12-31",
    "sales" : 0.88,
    "salesGrowthYoY" : 23.94,
    "grossProfitMargin" : 100.00,
    "grossProfit" : 0.88,
    "operatingProfitMargin" : 4.55,
    "operatingProfit" : 0.04,
    "netProfitMargin" : -11.36,
    "netProfit" : -0.10
  }, {
    "date" : "2016-03-31",
    "sales" : 0.42,
    "salesGrowthYoY" : -41.67,
    "grossProfitMargin" : 100.00,
    "grossProfit" : 0.42,
    "operatingProfitMargin" : 28.57,
    "operatingProfit" : 0.12,
    "netProfitMargin" : 3078.57,
    "netProfit" : 12.93
  }, {
    "date" : "2016-06-30",
    "sales" : 0.82,
    "salesGrowthYoY" : 7.89,
    "grossProfitMargin" : 100.00,
    "grossProfit" : 0.82,
    "operatingProfitMargin" : 24.39,
    "operatingProfit" : 0.20,
    "netProfitMargin" : 67.07,
    "netProfit" : 0.55
  }, {
    "date" : "2016-09-30",
    "sales" : 0.75,
    "salesGrowthYoY" : -7.41,
    "grossProfitMargin" : 100.00,
    "grossProfit" : 0.75,
    "operatingProfitMargin" : 66.67,
    "operatingProfit" : 0.50,
    "netProfitMargin" : 1425.33,
    "netProfit" : 10.69
  }, {
    "date" : "2016-12-31",
    "sales" : 0.40,
    "salesGrowthYoY" : -54.55,
    "grossProfitMargin" : 100.00,
    "grossProfit" : 0.40,
    "operatingProfitMargin" : -225.00,
    "operatingProfit" : -0.90,
    "netProfitMargin" : -262.50,
    "netProfit" : -1.05
  }, {
    "date" : "2017-03-31",
    "sales" : 0.43,
    "salesGrowthYoY" : 2.38,
    "grossProfitMargin" : 100.00,
    "grossProfit" : 0.43,
    "operatingProfitMargin" : -183.72,
    "operatingProfit" : -0.79,
    "netProfitMargin" : 1746.51,
    "netProfit" : 7.51
  }, {
    "date" : "2017-06-30",
    "sales" : 0.40,
    "salesGrowthYoY" : -51.22,
    "grossProfitMargin" : 100.00,
    "grossProfit" : 0.40,
    "operatingProfitMargin" : 22.50,
    "operatingProfit" : 0.09,
    "netProfitMargin" : 245.00,
    "netProfit" : 0.98
  }, {
    "date" : "2017-09-30",
    "sales" : 24.17,
    "salesGrowthYoY" : 3122.67,
    "grossProfitMargin" : 100.00,
    "grossProfit" : 24.17,
    "operatingProfitMargin" : 96.32,
    "operatingProfit" : 23.28,
    "netProfitMargin" : 94.62,
    "netProfit" : 22.87
  }, {
    "date" : "2017-12-31",
    "sales" : 4.37,
    "salesGrowthYoY" : 992.50,
    "grossProfitMargin" : 100.00,
    "grossProfit" : 4.37,
    "operatingProfitMargin" : 75.97,
    "operatingProfit" : 3.32,
    "netProfitMargin" : 61.33,
    "netProfit" : 2.68
  }, {
    "date" : "2018-03-31",
    "sales" : 5.89,
    "salesGrowthYoY" : 1269.77,
    "grossProfitMargin" : 100.00,
    "grossProfit" : 5.89,
    "operatingProfitMargin" : 81.83,
    "operatingProfit" : 4.82,
    "netProfitMargin" : 97.11,
    "netProfit" : 5.72
  }, {
    "date" : "2018-06-30",
    "sales" : 1.10,
    "salesGrowthYoY" : 175.00,
    "grossProfitMargin" : 100.00,
    "grossProfit" : 1.10,
    "operatingProfitMargin" : 43.64,
    "operatingProfit" : 0.48,
    "netProfitMargin" : 66.36,
    "netProfit" : 0.73
  }, {
    "date" : "2018-09-30",
    "sales" : 27.67,
    "salesGrowthYoY" : 14.48,
    "grossProfitMargin" : 100.00,
    "grossProfit" : 27.67,
    "operatingProfitMargin" : 97.72,
    "operatingProfit" : 27.04,
    "netProfitMargin" : 98.63,
    "netProfit" : 27.29
  }, {
    "date" : "2018-12-31",
    "sales" : 5.35,
    "salesGrowthYoY" : 22.43,
    "grossProfitMargin" : 100.00,
    "grossProfit" : 5.35,
    "operatingProfitMargin" : 75.33,
    "operatingProfit" : 4.03,
    "netProfitMargin" : 69.35,
    "netProfit" : 3.71
  }, {
    "date" : "2019-03-31",
    "sales" : 14.79,
    "salesGrowthYoY" : 151.10,
    "grossProfitMargin" : 100.00,
    "grossProfit" : 14.79,
    "operatingProfitMargin" : 87.49,
    "operatingProfit" : 12.94,
    "netProfitMargin" : 75.19,
    "netProfit" : 11.12
  }, {
    "date" : "2019-06-30",
    "sales" : 3.34,
    "salesGrowthYoY" : 203.64,
    "grossProfitMargin" : 100.00,
    "grossProfit" : 3.34,
    "operatingProfitMargin" : 86.53,
    "operatingProfit" : 2.89,
    "netProfitMargin" : 74.25,
    "netProfit" : 2.48
  }, {
    "date" : "2019-09-30",
    "sales" : 33.27,
    "salesGrowthYoY" : 20.24,
    "grossProfitMargin" : 100.00,
    "grossProfit" : 33.27,
    "operatingProfitMargin" : 97.32,
    "operatingProfit" : 32.38,
    "netProfitMargin" : 91.22,
    "netProfit" : 30.35
  }, {
    "date" : "2019-12-31",
    "sales" : 6.30,
    "salesGrowthYoY" : 17.76,
    "grossProfitMargin" : 100.00,
    "grossProfit" : 6.30,
    "operatingProfitMargin" : 67.46,
    "operatingProfit" : 4.25,
    "netProfitMargin" : 54.13,
    "netProfit" : 3.41
  }, {
    "date" : "2020-03-31",
    "sales" : 28.92,
    "salesGrowthYoY" : 95.54,
    "grossProfitMargin" : 100.00,
    "grossProfit" : 28.92,
    "operatingProfitMargin" : 91.29,
    "operatingProfit" : 26.40,
    "netProfitMargin" : 88.69,
    "netProfit" : 25.65
  }, {
    "date" : "2020-06-30",
    "sales" : 3.88,
    "salesGrowthYoY" : 16.17,
    "grossProfitMargin" : 100.00,
    "grossProfit" : 3.88,
    "operatingProfitMargin" : 80.93,
    "operatingProfit" : 3.14,
    "netProfitMargin" : 56.70,
    "netProfit" : 2.20
  }, {
    "date" : "2020-09-30",
    "sales" : 13.19,
    "salesGrowthYoY" : -60.35,
    "grossProfitMargin" : 100.00,
    "grossProfit" : 13.19,
    "operatingProfitMargin" : 90.90,
    "operatingProfit" : 11.99,
    "netProfitMargin" : 67.02,
    "netProfit" : 8.84
  }, {
    "date" : "2020-12-31",
    "sales" : 3.47,
    "salesGrowthYoY" : -44.92,
    "grossProfitMargin" : 100.00,
    "grossProfit" : 3.47,
    "operatingProfitMargin" : 74.93,
    "operatingProfit" : 2.60,
    "netProfitMargin" : 61.96,
    "netProfit" : 2.15
  }, {
    "date" : "2021-03-31",
    "sales" : 11.19,
    "salesGrowthYoY" : -61.31,
    "grossProfitMargin" : 100.00,
    "grossProfit" : 11.19,
    "operatingProfitMargin" : 73.01,
    "operatingProfit" : 8.17,
    "netProfitMargin" : 46.11,
    "netProfit" : 5.16
  }, {
    "date" : "2021-06-30",
    "sales" : 5.15,
    "salesGrowthYoY" : 32.73,
    "grossProfitMargin" : 100.00,
    "grossProfit" : 5.15,
    "operatingProfitMargin" : 88.54,
    "operatingProfit" : 4.56,
    "netProfitMargin" : 51.26,
    "netProfit" : 2.64
  }, {
    "date" : "2021-09-30",
    "sales" : 27.79,
    "salesGrowthYoY" : 110.69,
    "grossProfitMargin" : 100.00,
    "grossProfit" : 27.79,
    "operatingProfitMargin" : 96.55,
    "operatingProfit" : 26.83,
    "netProfitMargin" : 75.60,
    "netProfit" : 21.01
  }, {
    "date" : "2021-12-31",
    "sales" : 6.68,
    "salesGrowthYoY" : 92.51,
    "grossProfitMargin" : 100.00,
    "grossProfit" : 6.68,
    "operatingProfitMargin" : 90.57,
    "operatingProfit" : 6.05,
    "netProfitMargin" : 68.86,
    "netProfit" : 4.60
  }, {
    "date" : "2022-03-31",
    "sales" : 12.98,
    "salesGrowthYoY" : 16.00,
    "grossProfitMargin" : 100.00,
    "grossProfit" : 12.98,
    "operatingProfitMargin" : 83.59,
    "operatingProfit" : 10.85,
    "netProfitMargin" : 60.94,
    "netProfit" : 7.91
  }, {
    "date" : "2022-06-30",
    "sales" : 4.49,
    "salesGrowthYoY" : -12.82,
    "grossProfitMargin" : 100.00,
    "grossProfit" : 4.49,
    "operatingProfitMargin" : 87.97,
    "operatingProfit" : 3.95,
    "netProfitMargin" : 61.69,
    "netProfit" : 2.77
  }, {
    "date" : "2022-09-30",
    "sales" : 57.02,
    "salesGrowthYoY" : 105.18,
    "grossProfitMargin" : 100.00,
    "grossProfit" : 57.02,
    "operatingProfitMargin" : 98.54,
    "operatingProfit" : 56.19,
    "netProfitMargin" : 73.78,
    "netProfit" : 42.07
  }, {
    "date" : "2022-12-31",
    "sales" : 7.86,
    "salesGrowthYoY" : 17.66,
    "grossProfitMargin" : 100.00,
    "grossProfit" : 7.86,
    "operatingProfitMargin" : 89.44,
    "operatingProfit" : 7.03,
    "netProfitMargin" : 79.26,
    "netProfit" : 6.23
  }, {
    "date" : "2023-03-31",
    "sales" : 25.18,
    "salesGrowthYoY" : 93.99,
    "grossProfitMargin" : 100.00,
    "grossProfit" : 25.18,
    "operatingProfitMargin" : 86.38,
    "operatingProfit" : 21.75,
    "netProfitMargin" : 67.28,
    "netProfit" : 16.94
  }, {
    "date" : "2023-06-30",
    "sales" : 5.84,
    "salesGrowthYoY" : 30.07,
    "grossProfitMargin" : 100.00,
    "grossProfit" : 5.84,
    "operatingProfitMargin" : 85.45,
    "operatingProfit" : 4.99,
    "netProfitMargin" : 64.38,
    "netProfit" : 3.76
  }, {
    "date" : "2023-09-30",
    "sales" : 69.88,
    "salesGrowthYoY" : 22.55,
    "grossProfitMargin" : 100.00,
    "grossProfit" : 69.88,
    "operatingProfitMargin" : 98.53,
    "operatingProfit" : 68.85,
    "netProfitMargin" : 73.65,
    "netProfit" : 51.47
  }, {
    "date" : "2023-12-31",
    "sales" : 9.05,
    "salesGrowthYoY" : 15.14,
    "grossProfitMargin" : 100.00,
    "grossProfit" : 9.05,
    "operatingProfitMargin" : 92.93,
    "operatingProfit" : 8.41,
    "netProfitMargin" : 69.50,
    "netProfit" : 6.29
  }, {
    "date" : "2024-03-31",
    "sales" : 32.96,
    "salesGrowthYoY" : 30.90,
    "grossProfitMargin" : 100.00,
    "grossProfit" : 32.96,
    "operatingProfitMargin" : 88.56,
    "operatingProfit" : 29.19,
    "netProfitMargin" : 67.29,
    "netProfit" : 22.18
  }, {
    "date" : "2024-06-30",
    "sales" : 7.72,
    "salesGrowthYoY" : 32.19,
    "grossProfitMargin" : 100.00,
    "grossProfit" : 7.72,
    "operatingProfitMargin" : 92.23,
    "operatingProfit" : 7.12,
    "netProfitMargin" : 80.70,
    "netProfit" : 6.23
  }, {
    "date" : "2024-09-30",
    "sales" : 73.81,
    "salesGrowthYoY" : 5.62,
    "grossProfitMargin" : 100.00,
    "grossProfit" : 73.81,
    "operatingProfitMargin" : 98.39,
    "operatingProfit" : 72.62,
    "netProfitMargin" : 66.86,
    "netProfit" : 49.35
  }, {
    "date" : "2024-12-31",
    "sales" : 9.26,
    "salesGrowthYoY" : 2.32,
    "grossProfitMargin" : 100.00,
    "grossProfit" : 9.26,
    "operatingProfitMargin" : 95.03,
    "operatingProfit" : 8.80,
    "netProfitMargin" : 65.23,
    "netProfit" : 6.04
  }, {
    "date" : "2025-03-31",
    "sales" : 45.23,
    "salesGrowthYoY" : 37.23,
    "grossProfitMargin" : 100.00,
    "grossProfit" : 45.23,
    "operatingProfitMargin" : 89.06,
    "operatingProfit" : 40.28,
    "netProfitMargin" : 68.25,
    "netProfit" : 30.87
  }, {
    "date" : "2025-06-30",
    "sales" : 9.43,
    "salesGrowthYoY" : 22.15,
    "grossProfitMargin" : 100.00,
    "grossProfit" : 9.43,
    "operatingProfitMargin" : 85.15,
    "operatingProfit" : 8.03,
    "netProfitMargin" : 76.78,
    "netProfit" : 7.24
  }, {
    "date" : "2025-09-30",
    "sales" : 63.74,
    "salesGrowthYoY" : -13.64,
    "grossProfitMargin" : 100.00,
    "grossProfit" : 63.74,
    "operatingProfitMargin" : 95.75,
    "operatingProfit" : 61.03,
    "netProfitMargin" : 71.63,
    "netProfit" : 45.66
  } ],
  "latestQuarterlyResult" : {
    "date" : "2025-09-30",
    "sales" : 63.74,
    "salesGrowthYoY" : -13.64,
    "grossProfitMargin" : 100.00,
    "grossProfit" : 63.74,
    "operatingProfitMargin" : 95.75,
    "operatingProfit" : 61.03,
    "netProfitMargin" : 71.63,
    "netProfit" : 45.66
  },
  "companyScore" : {
    "priceHigherThanDma50" : 0.00,
    "priceHigherThanDma100" : 0.00,
    "priceHigherThanDma200" : 0.00,
    "dma50HigherThanDma100" : 0.00,
    "dma50HigherThanDma200" : 0.00,
    "dma100HigherThanDma200" : 0.00,
    "pricePercentageAboveDma50" : 5.21,
    "pricePercentageAboveDma100" : 5.28,
    "pricePercentageAboveDma200" : 5.51,
    "weeklyVolumeHigherThanYearlyVolume" : 0.00,
    "salesGrowthPercentile" : 5.71,
    "operatingProfitMarginPercentile" : 19.83,
    "netProfitMarginPercentile" : 5.17,
    "totalTechnicalScore" : 16.01,
    "totalFundamentalScore" : 30.71,
    "totalScore" : 46.72
  }
}