{
  "metadata" : {
    "screenerCompanyId" : "439",
    "companyCode" : "BFUTILITIE",
    "companyName" : "BF Utilities",
    "screenerCompanyLink" : "https://www.screener.in/company/BFUTILITIE",
    "screenerTechnicalHistoryLink" : "https://www.screener.in/api/company/439/chart/?q=Price-DMA50-DMA200-Volume&days=365",
    "screenerQuarterlyResultsLink" : "https://www.screener.in/api/company/439/chart/?q=GPM-OPM-NPM-Quarter+Sales&days=10000",
    "attributes" : {
      "companyCode" : "BFUTILITIE",
      "companyName" : "BF Utilities",
      "marketCap" : 2414.00,
      "peRatio" : 315.00,
      "description" : "Incorporated in 2000, BF Utilities Ltd is engaged in the generation of electricity through wind mills and Infrastructure activities. [1]"
    },
    "companyScore" : {
      "priceHigherThanDma50" : 0.00,
      "priceHigherThanDma100" : 0.00,
      "priceHigherThanDma200" : 0.00,
      "dma50HigherThanDma100" : 0.00,
      "dma50HigherThanDma200" : 0.00,
      "dma100HigherThanDma200" : 0.00,
      "pricePercentageAboveDma50" : 5.60,
      "pricePercentageAboveDma100" : 5.84,
      "pricePercentageAboveDma200" : 5.84,
      "weeklyVolumeHigherThanYearlyVolume" : 0.00,
      "salesGrowthPercentile" : 6.33,
      "operatingProfitMarginPercentile" : 13.37,
      "netProfitMarginPercentile" : 6.75,
      "totalTechnicalScore" : 17.27,
      "totalFundamentalScore" : 26.45,
      "totalScore" : 43.72
    }
  },
  "attributes" : {
    "companyCode" : "BFUTILITIE",
    "companyName" : "BF Utilities",
    "marketCap" : 2414.00,
    "peRatio" : 315.00,
    "description" : "Incorporated in 2000, BF Utilities Ltd is engaged in the generation of electricity through wind mills and Infrastructure activities. [1]"
  },
  "technicalHistory" : [ {
    "date" : "2024-11-28",
    "price" : 988.35,
    "dma50" : 922.87,
    "dma100" : null,
    "dma200" : 831.68,
    "volume" : 43537.00
  }, {
    "date" : "2024-11-29",
    "price" : 986.15,
    "dma50" : 925.35,
    "dma100" : null,
    "dma200" : 833.22,
    "volume" : 57395.00
  }, {
    "date" : "2024-12-02",
    "price" : 976.70,
    "dma50" : 927.36,
    "dma100" : null,
    "dma200" : 834.65,
    "volume" : 21953.00
  }, {
    "date" : "2024-12-03",
    "price" : 973.40,
    "dma50" : 929.17,
    "dma100" : null,
    "dma200" : 836.03,
    "volume" : 27947.00
  }, {
    "date" : "2024-12-04",
    "price" : 936.20,
    "dma50" : 929.44,
    "dma100" : null,
    "dma200" : 837.02,
    "volume" : 96451.00
  }, {
    "date" : "2024-12-05",
    "price" : 918.05,
    "dma50" : 929.00,
    "dma100" : null,
    "dma200" : 837.83,
    "volume" : 55535.00
  }, {
    "date" : "2024-12-06",
    "price" : 922.55,
    "dma50" : 928.74,
    "dma100" : null,
    "dma200" : 838.67,
    "volume" : 39667.00
  }, {
    "date" : "2024-12-09",
    "price" : 930.45,
    "dma50" : 928.81,
    "dma100" : null,
    "dma200" : 839.59,
    "volume" : 33499.00
  }, {
    "date" : "2024-12-10",
    "price" : 918.70,
    "dma50" : 928.41,
    "dma100" : null,
    "dma200" : 840.37,
    "volume" : 52148.00
  }, {
    "date" : "2024-12-11",
    "price" : 929.90,
    "dma50" : 928.47,
    "dma100" : null,
    "dma200" : 841.26,
    "volume" : 56419.00
  }, {
    "date" : "2024-12-12",
    "price" : 928.50,
    "dma50" : 928.47,
    "dma100" : null,
    "dma200" : 842.13,
    "volume" : 24783.00
  }, {
    "date" : "2024-12-13",
    "price" : 900.60,
    "dma50" : 927.38,
    "dma100" : null,
    "dma200" : 842.71,
    "volume" : 41023.00
  }, {
    "date" : "2024-12-16",
    "price" : 945.60,
    "dma50" : 928.09,
    "dma100" : null,
    "dma200" : 843.74,
    "volume" : 145109.00
  }, {
    "date" : "2024-12-17",
    "price" : 991.90,
    "dma50" : 930.60,
    "dma100" : null,
    "dma200" : 845.21,
    "volume" : 334663.00
  }, {
    "date" : "2024-12-18",
    "price" : 1039.70,
    "dma50" : 934.88,
    "dma100" : null,
    "dma200" : 847.15,
    "volume" : 242314.00
  }, {
    "date" : "2024-12-19",
    "price" : 1057.35,
    "dma50" : 939.68,
    "dma100" : null,
    "dma200" : 849.24,
    "volume" : 133476.00
  }, {
    "date" : "2024-12-20",
    "price" : 1004.50,
    "dma50" : 942.22,
    "dma100" : null,
    "dma200" : 850.78,
    "volume" : 67394.00
  }, {
    "date" : "2024-12-23",
    "price" : 973.60,
    "dma50" : 943.45,
    "dma100" : null,
    "dma200" : 852.01,
    "volume" : 42922.00
  }, {
    "date" : "2024-12-24",
    "price" : 1018.30,
    "dma50" : 946.39,
    "dma100" : null,
    "dma200" : 853.66,
    "volume" : 106302.00
  }, {
    "date" : "2024-12-26",
    "price" : 1012.75,
    "dma50" : 948.99,
    "dma100" : null,
    "dma200" : 855.24,
    "volume" : 58903.00
  }, {
    "date" : "2024-12-27",
    "price" : 977.45,
    "dma50" : 950.10,
    "dma100" : null,
    "dma200" : 856.46,
    "volume" : 34554.00
  }, {
    "date" : "2024-12-30",
    "price" : 963.85,
    "dma50" : 950.64,
    "dma100" : null,
    "dma200" : 857.53,
    "volume" : 47766.00
  }, {
    "date" : "2024-12-31",
    "price" : 977.50,
    "dma50" : 951.70,
    "dma100" : null,
    "dma200" : 858.72,
    "volume" : 50709.00
  }, {
    "date" : "2025-01-01",
    "price" : 974.75,
    "dma50" : 952.60,
    "dma100" : null,
    "dma200" : 859.88,
    "volume" : 18663.00
  }, {
    "date" : "2025-01-02",
    "price" : 970.80,
    "dma50" : 953.31,
    "dma100" : null,
    "dma200" : 860.98,
    "volume" : 63437.00
  }, {
    "date" : "2025-01-03",
    "price" : 1019.30,
    "dma50" : 955.90,
    "dma100" : null,
    "dma200" : 862.56,
    "volume" : 79202.00
  }, {
    "date" : "2025-01-06",
    "price" : 968.35,
    "dma50" : 956.39,
    "dma100" : null,
    "dma200" : 863.61,
    "volume" : 70117.00
  }, {
    "date" : "2025-01-07",
    "price" : 971.05,
    "dma50" : 956.97,
    "dma100" : null,
    "dma200" : 864.68,
    "volume" : 63243.00
  }, {
    "date" : "2025-01-08",
    "price" : 955.20,
    "dma50" : 956.90,
    "dma100" : null,
    "dma200" : 865.58,
    "volume" : 27745.00
  }, {
    "date" : "2025-01-09",
    "price" : 925.10,
    "dma50" : 955.65,
    "dma100" : null,
    "dma200" : 866.17,
    "volume" : 42475.00
  }, {
    "date" : "2025-01-10",
    "price" : 879.90,
    "dma50" : 952.68,
    "dma100" : null,
    "dma200" : 866.31,
    "volume" : 38851.00
  }, {
    "date" : "2025-01-13",
    "price" : 835.90,
    "dma50" : 948.10,
    "dma100" : null,
    "dma200" : 866.00,
    "volume" : 37855.00
  }, {
    "date" : "2025-01-14",
    "price" : 827.35,
    "dma50" : 943.36,
    "dma100" : null,
    "dma200" : 865.62,
    "volume" : 37620.00
  }, {
    "date" : "2025-01-15",
    "price" : 868.70,
    "dma50" : 940.44,
    "dma100" : null,
    "dma200" : 865.65,
    "volume" : 40716.00
  }, {
    "date" : "2025-01-16",
    "price" : 865.25,
    "dma50" : 937.49,
    "dma100" : null,
    "dma200" : 865.65,
    "volume" : 78925.00
  }, {
    "date" : "2025-01-17",
    "price" : 846.75,
    "dma50" : 933.93,
    "dma100" : null,
    "dma200" : 865.46,
    "volume" : 27585.00
  }, {
    "date" : "2025-01-20",
    "price" : 889.00,
    "dma50" : 932.17,
    "dma100" : null,
    "dma200" : 865.69,
    "volume" : 110488.00
  }, {
    "date" : "2025-01-21",
    "price" : 861.45,
    "dma50" : 929.39,
    "dma100" : null,
    "dma200" : 865.65,
    "volume" : 14611.00
  }, {
    "date" : "2025-01-22",
    "price" : 838.90,
    "dma50" : 925.85,
    "dma100" : null,
    "dma200" : 865.38,
    "volume" : 19356.00
  }, {
    "date" : "2025-01-23",
    "price" : 846.05,
    "dma50" : 922.72,
    "dma100" : null,
    "dma200" : 865.19,
    "volume" : 6681.00
  }, {
    "date" : "2025-01-24",
    "price" : 824.95,
    "dma50" : 918.88,
    "dma100" : null,
    "dma200" : 864.79,
    "volume" : 20152.00
  }, {
    "date" : "2025-01-27",
    "price" : 783.70,
    "dma50" : 913.58,
    "dma100" : null,
    "dma200" : 863.98,
    "volume" : 41161.00
  }, {
    "date" : "2025-01-28",
    "price" : 744.55,
    "dma50" : 906.95,
    "dma100" : null,
    "dma200" : 862.80,
    "volume" : 35943.00
  }, {
    "date" : "2025-01-29",
    "price" : 775.40,
    "dma50" : 901.79,
    "dma100" : null,
    "dma200" : 861.93,
    "volume" : 66112.00
  }, {
    "date" : "2025-01-30",
    "price" : 768.65,
    "dma50" : 896.57,
    "dma100" : null,
    "dma200" : 861.00,
    "volume" : 29912.00
  }, {
    "date" : "2025-01-31",
    "price" : 804.00,
    "dma50" : 892.94,
    "dma100" : null,
    "dma200" : 860.43,
    "volume" : 62704.00
  }, {
    "date" : "2025-02-01",
    "price" : 799.60,
    "dma50" : 889.28,
    "dma100" : null,
    "dma200" : 859.83,
    "volume" : 57551.00
  }, {
    "date" : "2025-02-03",
    "price" : 767.25,
    "dma50" : 884.50,
    "dma100" : null,
    "dma200" : 858.90,
    "volume" : 22339.00
  }, {
    "date" : "2025-02-04",
    "price" : 805.60,
    "dma50" : 881.40,
    "dma100" : null,
    "dma200" : 858.37,
    "volume" : 54477.00
  }, {
    "date" : "2025-02-05",
    "price" : 845.85,
    "dma50" : 880.01,
    "dma100" : null,
    "dma200" : 858.25,
    "volume" : 35855.00
  }, {
    "date" : "2025-02-06",
    "price" : 845.65,
    "dma50" : 878.66,
    "dma100" : null,
    "dma200" : 858.12,
    "volume" : 142570.00
  }, {
    "date" : "2025-02-07",
    "price" : 816.35,
    "dma50" : 876.22,
    "dma100" : null,
    "dma200" : 857.71,
    "volume" : 48830.00
  }, {
    "date" : "2025-02-10",
    "price" : 789.05,
    "dma50" : 872.80,
    "dma100" : null,
    "dma200" : 857.03,
    "volume" : 55219.00
  }, {
    "date" : "2025-02-11",
    "price" : 731.10,
    "dma50" : 867.24,
    "dma100" : null,
    "dma200" : 855.77,
    "volume" : 69334.00
  }, {
    "date" : "2025-02-12",
    "price" : 708.70,
    "dma50" : 861.02,
    "dma100" : null,
    "dma200" : 854.31,
    "volume" : 135423.00
  }, {
    "date" : "2025-02-13",
    "price" : 726.65,
    "dma50" : 855.75,
    "dma100" : null,
    "dma200" : 853.04,
    "volume" : 82155.00
  }, {
    "date" : "2025-02-14",
    "price" : 715.10,
    "dma50" : 850.24,
    "dma100" : null,
    "dma200" : 851.67,
    "volume" : 76469.00
  }, {
    "date" : "2025-02-17",
    "price" : 699.55,
    "dma50" : 844.33,
    "dma100" : null,
    "dma200" : 850.15,
    "volume" : 62174.00
  }, {
    "date" : "2025-02-18",
    "price" : 692.50,
    "dma50" : 838.38,
    "dma100" : null,
    "dma200" : 848.58,
    "volume" : 44910.00
  }, {
    "date" : "2025-02-19",
    "price" : 713.40,
    "dma50" : 833.47,
    "dma100" : null,
    "dma200" : 847.24,
    "volume" : 86293.00
  }, {
    "date" : "2025-02-20",
    "price" : 707.15,
    "dma50" : 828.52,
    "dma100" : null,
    "dma200" : 845.84,
    "volume" : 82896.00
  }, {
    "date" : "2025-02-21",
    "price" : 698.15,
    "dma50" : 823.41,
    "dma100" : null,
    "dma200" : 844.38,
    "volume" : 53217.00
  }, {
    "date" : "2025-02-24",
    "price" : 690.35,
    "dma50" : 818.19,
    "dma100" : null,
    "dma200" : 842.84,
    "volume" : 30629.00
  }, {
    "date" : "2025-02-25",
    "price" : 673.95,
    "dma50" : 812.53,
    "dma100" : null,
    "dma200" : 841.16,
    "volume" : 50764.00
  }, {
    "date" : "2025-02-27",
    "price" : 631.85,
    "dma50" : 805.45,
    "dma100" : null,
    "dma200" : 839.08,
    "volume" : 67135.00
  }, {
    "date" : "2025-02-28",
    "price" : 611.95,
    "dma50" : 797.86,
    "dma100" : null,
    "dma200" : 836.82,
    "volume" : 73774.00
  }, {
    "date" : "2025-03-03",
    "price" : 603.20,
    "dma50" : 790.23,
    "dma100" : null,
    "dma200" : 834.49,
    "volume" : 132427.00
  }, {
    "date" : "2025-03-04",
    "price" : 616.35,
    "dma50" : 783.41,
    "dma100" : null,
    "dma200" : 832.32,
    "volume" : 61883.00
  }, {
    "date" : "2025-03-05",
    "price" : 651.05,
    "dma50" : 778.22,
    "dma100" : null,
    "dma200" : 830.52,
    "volume" : 335646.00
  }, {
    "date" : "2025-03-06",
    "price" : 666.20,
    "dma50" : 773.82,
    "dma100" : null,
    "dma200" : 828.89,
    "volume" : 111931.00
  }, {
    "date" : "2025-03-07",
    "price" : 678.50,
    "dma50" : 770.09,
    "dma100" : null,
    "dma200" : 827.39,
    "volume" : 197803.00
  }, {
    "date" : "2025-03-10",
    "price" : 636.60,
    "dma50" : 764.85,
    "dma100" : null,
    "dma200" : 825.49,
    "volume" : 235239.00
  }, {
    "date" : "2025-03-11",
    "price" : 637.95,
    "dma50" : 759.87,
    "dma100" : null,
    "dma200" : 823.62,
    "volume" : 86704.00
  }, {
    "date" : "2025-03-12",
    "price" : 627.10,
    "dma50" : 754.67,
    "dma100" : null,
    "dma200" : 821.67,
    "volume" : 131919.00
  }, {
    "date" : "2025-03-13",
    "price" : 612.85,
    "dma50" : 749.11,
    "dma100" : null,
    "dma200" : 819.59,
    "volume" : 102568.00
  }, {
    "date" : "2025-03-17",
    "price" : 586.20,
    "dma50" : 742.72,
    "dma100" : null,
    "dma200" : 817.27,
    "volume" : 144396.00
  }, {
    "date" : "2025-03-18",
    "price" : 626.45,
    "dma50" : 738.16,
    "dma100" : null,
    "dma200" : 815.37,
    "volume" : 167486.00
  }, {
    "date" : "2025-03-19",
    "price" : 659.10,
    "dma50" : 735.06,
    "dma100" : null,
    "dma200" : 813.82,
    "volume" : 170643.00
  }, {
    "date" : "2025-03-20",
    "price" : 653.10,
    "dma50" : 731.84,
    "dma100" : null,
    "dma200" : 812.22,
    "volume" : 137693.00
  }, {
    "date" : "2025-03-21",
    "price" : 697.55,
    "dma50" : 730.50,
    "dma100" : null,
    "dma200" : 811.08,
    "volume" : 295433.00
  }, {
    "date" : "2025-03-24",
    "price" : 697.90,
    "dma50" : 729.22,
    "dma100" : null,
    "dma200" : 809.95,
    "volume" : 229084.00
  }, {
    "date" : "2025-03-25",
    "price" : 658.75,
    "dma50" : 726.46,
    "dma100" : null,
    "dma200" : 808.44,
    "volume" : 289085.00
  }, {
    "date" : "2025-03-26",
    "price" : 645.75,
    "dma50" : 723.29,
    "dma100" : null,
    "dma200" : 806.83,
    "volume" : 203941.00
  }, {
    "date" : "2025-03-27",
    "price" : 765.35,
    "dma50" : 724.94,
    "dma100" : null,
    "dma200" : 806.41,
    "volume" : 1406221.00
  }, {
    "date" : "2025-03-28",
    "price" : 751.65,
    "dma50" : 725.99,
    "dma100" : null,
    "dma200" : 805.87,
    "volume" : 565834.00
  }, {
    "date" : "2025-04-01",
    "price" : 745.35,
    "dma50" : 726.75,
    "dma100" : null,
    "dma200" : 805.27,
    "volume" : 137143.00
  }, {
    "date" : "2025-04-02",
    "price" : 739.05,
    "dma50" : 727.23,
    "dma100" : null,
    "dma200" : 804.61,
    "volume" : 121985.00
  }, {
    "date" : "2025-04-03",
    "price" : 786.10,
    "dma50" : 729.54,
    "dma100" : null,
    "dma200" : 804.42,
    "volume" : 375743.00
  }, {
    "date" : "2025-04-04",
    "price" : 734.30,
    "dma50" : 729.73,
    "dma100" : null,
    "dma200" : 803.73,
    "volume" : 207277.00
  }, {
    "date" : "2025-04-07",
    "price" : 708.60,
    "dma50" : 728.90,
    "dma100" : null,
    "dma200" : 802.78,
    "volume" : 161392.00
  }, {
    "date" : "2025-04-08",
    "price" : 753.45,
    "dma50" : 729.86,
    "dma100" : null,
    "dma200" : 802.29,
    "volume" : 216660.00
  }, {
    "date" : "2025-04-09",
    "price" : 753.90,
    "dma50" : 730.80,
    "dma100" : null,
    "dma200" : 801.81,
    "volume" : 313665.00
  }, {
    "date" : "2025-04-11",
    "price" : 749.90,
    "dma50" : 731.55,
    "dma100" : null,
    "dma200" : 801.29,
    "volume" : 173646.00
  }, {
    "date" : "2025-04-15",
    "price" : 750.85,
    "dma50" : 732.31,
    "dma100" : null,
    "dma200" : 800.79,
    "volume" : 145963.00
  }, {
    "date" : "2025-04-16",
    "price" : 777.20,
    "dma50" : 734.07,
    "dma100" : null,
    "dma200" : 800.55,
    "volume" : 677825.00
  }, {
    "date" : "2025-04-17",
    "price" : 792.40,
    "dma50" : 736.36,
    "dma100" : null,
    "dma200" : 800.47,
    "volume" : 121481.00
  }, {
    "date" : "2025-04-21",
    "price" : 795.75,
    "dma50" : 738.69,
    "dma100" : null,
    "dma200" : 800.43,
    "volume" : 93539.00
  }, {
    "date" : "2025-04-22",
    "price" : 784.85,
    "dma50" : 740.50,
    "dma100" : null,
    "dma200" : 800.27,
    "volume" : 134094.00
  }, {
    "date" : "2025-04-23",
    "price" : 779.40,
    "dma50" : 742.02,
    "dma100" : null,
    "dma200" : 800.06,
    "volume" : 80725.00
  }, {
    "date" : "2025-04-24",
    "price" : 772.75,
    "dma50" : 743.23,
    "dma100" : null,
    "dma200" : 799.79,
    "volume" : 69375.00
  }, {
    "date" : "2025-04-25",
    "price" : 736.65,
    "dma50" : 742.97,
    "dma100" : 806.31,
    "dma200" : 799.16,
    "volume" : 162041.00
  }, {
    "date" : "2025-04-28",
    "price" : 739.80,
    "dma50" : 742.84,
    "dma100" : 803.84,
    "dma200" : 798.57,
    "volume" : 92289.00
  }, {
    "date" : "2025-04-29",
    "price" : 727.60,
    "dma50" : 742.25,
    "dma100" : 801.35,
    "dma200" : 797.87,
    "volume" : 65310.00
  }, {
    "date" : "2025-04-30",
    "price" : 705.85,
    "dma50" : 740.82,
    "dma100" : 798.68,
    "dma200" : 796.95,
    "volume" : 67944.00
  }, {
    "date" : "2025-05-02",
    "price" : 711.55,
    "dma50" : 739.67,
    "dma100" : 796.43,
    "dma200" : 796.10,
    "volume" : 62001.00
  }, {
    "date" : "2025-05-05",
    "price" : 721.40,
    "dma50" : 738.96,
    "dma100" : 794.46,
    "dma200" : 795.36,
    "volume" : 70389.00
  }, {
    "date" : "2025-05-06",
    "price" : 694.85,
    "dma50" : 737.23,
    "dma100" : 792.19,
    "dma200" : 794.36,
    "volume" : 115731.00
  }, {
    "date" : "2025-05-07",
    "price" : 708.45,
    "dma50" : 736.10,
    "dma100" : 789.97,
    "dma200" : 793.50,
    "volume" : 60813.00
  }, {
    "date" : "2025-05-08",
    "price" : 685.70,
    "dma50" : 734.12,
    "dma100" : 787.64,
    "dma200" : 792.43,
    "volume" : 55616.00
  }, {
    "date" : "2025-05-09",
    "price" : 689.90,
    "dma50" : 732.39,
    "dma100" : 785.24,
    "dma200" : 791.41,
    "volume" : 38634.00
  }, {
    "date" : "2025-05-12",
    "price" : 737.30,
    "dma50" : 732.58,
    "dma100" : 783.32,
    "dma200" : 790.87,
    "volume" : 93918.00
  }, {
    "date" : "2025-05-13",
    "price" : 734.45,
    "dma50" : 732.65,
    "dma100" : 781.66,
    "dma200" : 790.31,
    "volume" : 78310.00
  }, {
    "date" : "2025-05-14",
    "price" : 750.45,
    "dma50" : 733.35,
    "dma100" : 779.71,
    "dma200" : 789.91,
    "volume" : 74208.00
  }, {
    "date" : "2025-05-15",
    "price" : 759.00,
    "dma50" : 734.36,
    "dma100" : 777.38,
    "dma200" : 789.61,
    "volume" : 82516.00
  }, {
    "date" : "2025-05-16",
    "price" : 759.55,
    "dma50" : 735.34,
    "dma100" : 774.58,
    "dma200" : 789.31,
    "volume" : 83841.00
  }, {
    "date" : "2025-05-19",
    "price" : 761.10,
    "dma50" : 736.35,
    "dma100" : 771.62,
    "dma200" : 789.03,
    "volume" : 112973.00
  }, {
    "date" : "2025-05-20",
    "price" : 748.10,
    "dma50" : 736.81,
    "dma100" : 769.05,
    "dma200" : 788.62,
    "volume" : 67495.00
  }, {
    "date" : "2025-05-21",
    "price" : 751.40,
    "dma50" : 737.39,
    "dma100" : 766.83,
    "dma200" : 788.25,
    "volume" : 57697.00
  }, {
    "date" : "2025-05-22",
    "price" : 735.95,
    "dma50" : 737.33,
    "dma100" : 764.01,
    "dma200" : 787.73,
    "volume" : 51814.00
  }, {
    "date" : "2025-05-23",
    "price" : 746.40,
    "dma50" : 737.69,
    "dma100" : 761.34,
    "dma200" : 787.32,
    "volume" : 57285.00
  }, {
    "date" : "2025-05-26",
    "price" : 750.80,
    "dma50" : 738.20,
    "dma100" : 759.08,
    "dma200" : 786.95,
    "volume" : 41505.00
  }, {
    "date" : "2025-05-27",
    "price" : 747.05,
    "dma50" : 738.55,
    "dma100" : 756.91,
    "dma200" : 786.56,
    "volume" : 41734.00
  }, {
    "date" : "2025-05-28",
    "price" : 752.50,
    "dma50" : 739.09,
    "dma100" : 754.66,
    "dma200" : 786.22,
    "volume" : 44521.00
  }, {
    "date" : "2025-05-29",
    "price" : 757.95,
    "dma50" : 739.83,
    "dma100" : 752.49,
    "dma200" : 785.94,
    "volume" : 180320.00
  }, {
    "date" : "2025-05-30",
    "price" : 748.30,
    "dma50" : 740.17,
    "dma100" : 750.27,
    "dma200" : 785.56,
    "volume" : 65233.00
  }, {
    "date" : "2025-06-02",
    "price" : 755.35,
    "dma50" : 740.76,
    "dma100" : 747.63,
    "dma200" : 785.26,
    "volume" : 63164.00
  }, {
    "date" : "2025-06-03",
    "price" : 746.75,
    "dma50" : 741.00,
    "dma100" : 745.41,
    "dma200" : 784.88,
    "volume" : 56702.00
  }, {
    "date" : "2025-06-04",
    "price" : 746.35,
    "dma50" : 741.21,
    "dma100" : 743.16,
    "dma200" : 784.49,
    "volume" : 59178.00
  }, {
    "date" : "2025-06-05",
    "price" : 771.70,
    "dma50" : 742.40,
    "dma100" : 741.33,
    "dma200" : 784.37,
    "volume" : 465122.00
  }, {
    "date" : "2025-06-06",
    "price" : 770.45,
    "dma50" : 743.50,
    "dma100" : 739.78,
    "dma200" : 784.23,
    "volume" : 98493.00
  }, {
    "date" : "2025-06-09",
    "price" : 785.60,
    "dma50" : 745.15,
    "dma100" : 738.84,
    "dma200" : 784.24,
    "volume" : 223720.00
  }, {
    "date" : "2025-06-10",
    "price" : 824.95,
    "dma50" : 748.28,
    "dma100" : 738.73,
    "dma200" : 784.65,
    "volume" : 1199005.00
  }, {
    "date" : "2025-06-11",
    "price" : 810.20,
    "dma50" : 750.71,
    "dma100" : 738.56,
    "dma200" : 784.90,
    "volume" : 276163.00
  }, {
    "date" : "2025-06-12",
    "price" : 793.15,
    "dma50" : 752.37,
    "dma100" : 737.80,
    "dma200" : 784.98,
    "volume" : 150421.00
  }, {
    "date" : "2025-06-13",
    "price" : 773.20,
    "dma50" : 753.19,
    "dma100" : 736.88,
    "dma200" : 784.87,
    "volume" : 99856.00
  }, {
    "date" : "2025-06-16",
    "price" : 772.85,
    "dma50" : 753.96,
    "dma100" : 736.14,
    "dma200" : 784.75,
    "volume" : 83659.00
  }, {
    "date" : "2025-06-17",
    "price" : 778.60,
    "dma50" : 754.93,
    "dma100" : 735.04,
    "dma200" : 784.69,
    "volume" : 404012.00
  }, {
    "date" : "2025-06-18",
    "price" : 783.10,
    "dma50" : 756.03,
    "dma100" : 734.26,
    "dma200" : 784.67,
    "volume" : 162688.00
  }, {
    "date" : "2025-06-19",
    "price" : 766.40,
    "dma50" : 756.44,
    "dma100" : 733.53,
    "dma200" : 784.49,
    "volume" : 128848.00
  }, {
    "date" : "2025-06-20",
    "price" : 780.55,
    "dma50" : 757.39,
    "dma100" : 732.88,
    "dma200" : 784.45,
    "volume" : 90891.00
  }, {
    "date" : "2025-06-23",
    "price" : 766.45,
    "dma50" : 757.74,
    "dma100" : 732.29,
    "dma200" : 784.27,
    "volume" : 60789.00
  }, {
    "date" : "2025-06-24",
    "price" : 767.65,
    "dma50" : 758.13,
    "dma100" : 732.13,
    "dma200" : 784.10,
    "volume" : 88332.00
  }, {
    "date" : "2025-06-25",
    "price" : 775.25,
    "dma50" : 758.80,
    "dma100" : 732.44,
    "dma200" : 784.02,
    "volume" : 68512.00
  }, {
    "date" : "2025-06-26",
    "price" : 783.35,
    "dma50" : 759.76,
    "dma100" : 732.52,
    "dma200" : 784.01,
    "volume" : 121298.00
  }, {
    "date" : "2025-06-27",
    "price" : 781.15,
    "dma50" : 760.60,
    "dma100" : 732.64,
    "dma200" : 783.98,
    "volume" : 79043.00
  }, {
    "date" : "2025-06-30",
    "price" : 789.50,
    "dma50" : 761.74,
    "dma100" : 732.50,
    "dma200" : 784.04,
    "volume" : 80184.00
  }, {
    "date" : "2025-07-01",
    "price" : 786.85,
    "dma50" : 762.72,
    "dma100" : 732.37,
    "dma200" : 784.06,
    "volume" : 46900.00
  }, {
    "date" : "2025-07-02",
    "price" : 783.10,
    "dma50" : 763.52,
    "dma100" : 732.53,
    "dma200" : 784.05,
    "volume" : 42213.00
  }, {
    "date" : "2025-07-03",
    "price" : 800.10,
    "dma50" : 764.95,
    "dma100" : 732.47,
    "dma200" : 784.21,
    "volume" : 210885.00
  }, {
    "date" : "2025-07-04",
    "price" : 794.10,
    "dma50" : 766.10,
    "dma100" : 731.96,
    "dma200" : 784.31,
    "volume" : 55800.00
  }, {
    "date" : "2025-07-07",
    "price" : 783.05,
    "dma50" : 766.76,
    "dma100" : 731.33,
    "dma200" : 784.30,
    "volume" : 40842.00
  }, {
    "date" : "2025-07-08",
    "price" : 835.00,
    "dma50" : 769.44,
    "dma100" : 731.52,
    "dma200" : 784.80,
    "volume" : 505318.00
  }, {
    "date" : "2025-07-09",
    "price" : 822.85,
    "dma50" : 771.53,
    "dma100" : 731.86,
    "dma200" : 785.18,
    "volume" : 364671.00
  }, {
    "date" : "2025-07-10",
    "price" : 851.95,
    "dma50" : 774.69,
    "dma100" : 733.06,
    "dma200" : 785.85,
    "volume" : 420846.00
  }, {
    "date" : "2025-07-11",
    "price" : 828.35,
    "dma50" : 776.79,
    "dma100" : 734.26,
    "dma200" : 786.27,
    "volume" : 135913.00
  }, {
    "date" : "2025-07-14",
    "price" : 820.15,
    "dma50" : 778.49,
    "dma100" : 735.20,
    "dma200" : 786.61,
    "volume" : 104592.00
  }, {
    "date" : "2025-07-15",
    "price" : 834.60,
    "dma50" : 780.69,
    "dma100" : 736.39,
    "dma200" : 787.08,
    "volume" : 253363.00
  }, {
    "date" : "2025-07-16",
    "price" : 827.20,
    "dma50" : 782.52,
    "dma100" : 737.67,
    "dma200" : 787.48,
    "volume" : 63828.00
  }, {
    "date" : "2025-07-17",
    "price" : 835.15,
    "dma50" : 784.58,
    "dma100" : 739.09,
    "dma200" : 787.96,
    "volume" : 67057.00
  }, {
    "date" : "2025-07-18",
    "price" : 815.85,
    "dma50" : 785.81,
    "dma100" : 740.12,
    "dma200" : 788.24,
    "volume" : 72119.00
  }, {
    "date" : "2025-07-21",
    "price" : 809.60,
    "dma50" : 786.74,
    "dma100" : 741.14,
    "dma200" : 788.45,
    "volume" : 46020.00
  }, {
    "date" : "2025-07-22",
    "price" : 805.70,
    "dma50" : 787.48,
    "dma100" : 742.22,
    "dma200" : 788.62,
    "volume" : 44793.00
  }, {
    "date" : "2025-07-23",
    "price" : 801.20,
    "dma50" : 788.02,
    "dma100" : 743.33,
    "dma200" : 788.75,
    "volume" : 50117.00
  }, {
    "date" : "2025-07-24",
    "price" : 790.30,
    "dma50" : 788.11,
    "dma100" : 744.49,
    "dma200" : 788.76,
    "volume" : 40634.00
  }, {
    "date" : "2025-07-25",
    "price" : 766.30,
    "dma50" : 787.25,
    "dma100" : 745.83,
    "dma200" : 788.54,
    "volume" : 60339.00
  }, {
    "date" : "2025-07-28",
    "price" : 733.45,
    "dma50" : 785.14,
    "dma100" : 747.05,
    "dma200" : 787.99,
    "volume" : 94696.00
  }, {
    "date" : "2025-07-29",
    "price" : 745.60,
    "dma50" : 783.59,
    "dma100" : 748.47,
    "dma200" : 787.57,
    "volume" : 58841.00
  }, {
    "date" : "2025-07-30",
    "price" : 744.80,
    "dma50" : 782.07,
    "dma100" : 749.76,
    "dma200" : 787.14,
    "volume" : 32991.00
  }, {
    "date" : "2025-07-31",
    "price" : 749.15,
    "dma50" : 780.78,
    "dma100" : 750.74,
    "dma200" : 786.76,
    "volume" : 61803.00
  }, {
    "date" : "2025-08-01",
    "price" : 722.05,
    "dma50" : 778.48,
    "dma100" : 751.30,
    "dma200" : 786.12,
    "volume" : 51105.00
  }, {
    "date" : "2025-08-04",
    "price" : 752.05,
    "dma50" : 777.44,
    "dma100" : 752.03,
    "dma200" : 785.78,
    "volume" : 74915.00
  }, {
    "date" : "2025-08-05",
    "price" : 746.15,
    "dma50" : 776.21,
    "dma100" : 753.13,
    "dma200" : 785.39,
    "volume" : 26317.00
  }, {
    "date" : "2025-08-06",
    "price" : 734.60,
    "dma50" : 774.58,
    "dma100" : 754.09,
    "dma200" : 784.88,
    "volume" : 21686.00
  }, {
    "date" : "2025-08-07",
    "price" : 731.45,
    "dma50" : 772.89,
    "dma100" : 755.14,
    "dma200" : 784.35,
    "volume" : 45557.00
  }, {
    "date" : "2025-08-08",
    "price" : 715.60,
    "dma50" : 770.64,
    "dma100" : 756.17,
    "dma200" : 783.67,
    "volume" : 39942.00
  }, {
    "date" : "2025-08-11",
    "price" : 718.65,
    "dma50" : 768.61,
    "dma100" : 757.49,
    "dma200" : 783.02,
    "volume" : 47841.00
  }, {
    "date" : "2025-08-12",
    "price" : 710.05,
    "dma50" : 766.31,
    "dma100" : 758.33,
    "dma200" : 782.29,
    "volume" : 46273.00
  }, {
    "date" : "2025-08-13",
    "price" : 720.70,
    "dma50" : 764.52,
    "dma100" : 758.94,
    "dma200" : 781.68,
    "volume" : 39238.00
  }, {
    "date" : "2025-08-14",
    "price" : 708.55,
    "dma50" : 762.33,
    "dma100" : 759.50,
    "dma200" : 780.95,
    "volume" : 28964.00
  }, {
    "date" : "2025-08-18",
    "price" : 726.20,
    "dma50" : 760.91,
    "dma100" : 759.78,
    "dma200" : 780.41,
    "volume" : 52403.00
  }, {
    "date" : "2025-08-19",
    "price" : 735.25,
    "dma50" : 759.90,
    "dma100" : 760.16,
    "dma200" : 779.96,
    "volume" : 46269.00
  }, {
    "date" : "2025-08-20",
    "price" : 731.75,
    "dma50" : 758.80,
    "dma100" : 760.89,
    "dma200" : 779.48,
    "volume" : 21049.00
  }, {
    "date" : "2025-08-21",
    "price" : 831.25,
    "dma50" : 761.64,
    "dma100" : 762.74,
    "dma200" : 779.99,
    "volume" : 3668155.00
  }, {
    "date" : "2025-08-22",
    "price" : 817.90,
    "dma50" : 763.85,
    "dma100" : 763.27,
    "dma200" : 780.37,
    "volume" : 437092.00
  }, {
    "date" : "2025-08-25",
    "price" : 829.20,
    "dma50" : 766.41,
    "dma100" : 764.04,
    "dma200" : 780.86,
    "volume" : 251159.00
  }, {
    "date" : "2025-08-26",
    "price" : 833.65,
    "dma50" : 769.05,
    "dma100" : 764.93,
    "dma200" : 781.38,
    "volume" : 484033.00
  }, {
    "date" : "2025-08-28",
    "price" : 824.95,
    "dma50" : 771.24,
    "dma100" : 765.78,
    "dma200" : 781.82,
    "volume" : 85776.00
  }, {
    "date" : "2025-08-29",
    "price" : 805.20,
    "dma50" : 772.57,
    "dma100" : 765.98,
    "dma200" : 782.05,
    "volume" : 109959.00
  }, {
    "date" : "2025-09-01",
    "price" : 812.30,
    "dma50" : 774.13,
    "dma100" : 766.76,
    "dma200" : 782.35,
    "volume" : 76011.00
  }, {
    "date" : "2025-09-02",
    "price" : 814.20,
    "dma50" : 775.70,
    "dma100" : 767.81,
    "dma200" : 782.67,
    "volume" : 201008.00
  }, {
    "date" : "2025-09-03",
    "price" : 829.80,
    "dma50" : 777.82,
    "dma100" : 768.57,
    "dma200" : 783.13,
    "volume" : 204493.00
  }, {
    "date" : "2025-09-04",
    "price" : 813.95,
    "dma50" : 779.24,
    "dma100" : 769.18,
    "dma200" : 783.44,
    "volume" : 135773.00
  }, {
    "date" : "2025-09-05",
    "price" : 804.45,
    "dma50" : 780.23,
    "dma100" : 769.72,
    "dma200" : 783.65,
    "volume" : 57497.00
  }, {
    "date" : "2025-09-08",
    "price" : 795.15,
    "dma50" : 780.81,
    "dma100" : 770.16,
    "dma200" : 783.76,
    "volume" : 93229.00
  }, {
    "date" : "2025-09-09",
    "price" : 801.75,
    "dma50" : 781.63,
    "dma100" : 770.41,
    "dma200" : 783.94,
    "volume" : 79204.00
  }, {
    "date" : "2025-09-10",
    "price" : 801.30,
    "dma50" : 782.40,
    "dma100" : 770.50,
    "dma200" : 784.12,
    "volume" : 67604.00
  }, {
    "date" : "2025-09-11",
    "price" : 802.35,
    "dma50" : 783.19,
    "dma100" : 770.56,
    "dma200" : 784.30,
    "volume" : 119283.00
  }, {
    "date" : "2025-09-12",
    "price" : 806.60,
    "dma50" : 784.10,
    "dma100" : 770.78,
    "dma200" : 784.52,
    "volume" : 49121.00
  }, {
    "date" : "2025-09-15",
    "price" : 800.50,
    "dma50" : 784.75,
    "dma100" : 770.99,
    "dma200" : 784.68,
    "volume" : 61760.00
  }, {
    "date" : "2025-09-16",
    "price" : 797.40,
    "dma50" : 785.24,
    "dma100" : 771.24,
    "dma200" : 784.81,
    "volume" : 58629.00
  }, {
    "date" : "2025-09-17",
    "price" : 780.95,
    "dma50" : 785.08,
    "dma100" : 771.68,
    "dma200" : 784.77,
    "volume" : 91163.00
  }, {
    "date" : "2025-09-18",
    "price" : 779.30,
    "dma50" : 784.85,
    "dma100" : 772.08,
    "dma200" : 784.71,
    "volume" : 64150.00
  }, {
    "date" : "2025-09-19",
    "price" : 778.50,
    "dma50" : 784.60,
    "dma100" : 772.59,
    "dma200" : 784.65,
    "volume" : 53631.00
  }, {
    "date" : "2025-09-22",
    "price" : 778.05,
    "dma50" : 784.34,
    "dma100" : 773.31,
    "dma200" : 784.59,
    "volume" : 38221.00
  }, {
    "date" : "2025-09-23",
    "price" : 857.65,
    "dma50" : 787.22,
    "dma100" : 774.77,
    "dma200" : 785.31,
    "volume" : 5762371.00
  }, {
    "date" : "2025-09-24",
    "price" : 851.25,
    "dma50" : 789.73,
    "dma100" : 776.07,
    "dma200" : 785.97,
    "volume" : 479636.00
  }, {
    "date" : "2025-09-25",
    "price" : 834.25,
    "dma50" : 791.47,
    "dma100" : 777.46,
    "dma200" : 786.45,
    "volume" : 161667.00
  }, {
    "date" : "2025-09-26",
    "price" : 809.25,
    "dma50" : 792.17,
    "dma100" : 778.47,
    "dma200" : 786.68,
    "volume" : 108199.00
  }, {
    "date" : "2025-09-29",
    "price" : 807.85,
    "dma50" : 792.79,
    "dma100" : 779.69,
    "dma200" : 786.89,
    "volume" : 77542.00
  }, {
    "date" : "2025-09-30",
    "price" : 781.35,
    "dma50" : 792.34,
    "dma100" : 780.61,
    "dma200" : 786.83,
    "volume" : 132012.00
  }, {
    "date" : "2025-10-01",
    "price" : 798.65,
    "dma50" : 792.59,
    "dma100" : 781.22,
    "dma200" : 786.95,
    "volume" : 98045.00
  }, {
    "date" : "2025-10-03",
    "price" : 813.20,
    "dma50" : 793.39,
    "dma100" : 782.01,
    "dma200" : 787.21,
    "volume" : 210300.00
  }, {
    "date" : "2025-10-06",
    "price" : 801.45,
    "dma50" : 793.71,
    "dma100" : 782.52,
    "dma200" : 787.35,
    "volume" : 67463.00
  }, {
    "date" : "2025-10-07",
    "price" : 802.65,
    "dma50" : 794.06,
    "dma100" : 782.95,
    "dma200" : 787.50,
    "volume" : 79000.00
  }, {
    "date" : "2025-10-08",
    "price" : 815.75,
    "dma50" : 794.91,
    "dma100" : 783.52,
    "dma200" : 787.78,
    "volume" : 314201.00
  }, {
    "date" : "2025-10-09",
    "price" : 808.95,
    "dma50" : 795.46,
    "dma100" : 783.99,
    "dma200" : 788.00,
    "volume" : 74031.00
  }, {
    "date" : "2025-10-10",
    "price" : 810.95,
    "dma50" : 796.07,
    "dma100" : 784.62,
    "dma200" : 788.22,
    "volume" : 228007.00
  }, {
    "date" : "2025-10-13",
    "price" : 805.40,
    "dma50" : 796.44,
    "dma100" : 785.16,
    "dma200" : 788.39,
    "volume" : 69566.00
  }, {
    "date" : "2025-10-14",
    "price" : 784.35,
    "dma50" : 795.96,
    "dma100" : 785.65,
    "dma200" : 788.35,
    "volume" : 89225.00
  }, {
    "date" : "2025-10-15",
    "price" : 796.55,
    "dma50" : 795.98,
    "dma100" : 786.15,
    "dma200" : 788.44,
    "volume" : 151291.00
  }, {
    "date" : "2025-10-16",
    "price" : 791.80,
    "dma50" : 795.82,
    "dma100" : 786.56,
    "dma200" : 788.47,
    "volume" : 72215.00
  }, {
    "date" : "2025-10-17",
    "price" : 789.25,
    "dma50" : 795.56,
    "dma100" : 786.98,
    "dma200" : 788.48,
    "volume" : 106588.00
  }, {
    "date" : "2025-10-20",
    "price" : 778.20,
    "dma50" : 794.88,
    "dma100" : 787.24,
    "dma200" : 788.38,
    "volume" : 90666.00
  }, {
    "date" : "2025-10-21",
    "price" : 780.55,
    "dma50" : 794.32,
    "dma100" : 787.46,
    "dma200" : 788.30,
    "volume" : 19724.00
  }, {
    "date" : "2025-10-23",
    "price" : 746.65,
    "dma50" : 792.45,
    "dma100" : 787.45,
    "dma200" : 787.88,
    "volume" : 197410.00
  }, {
    "date" : "2025-10-24",
    "price" : 733.05,
    "dma50" : 790.12,
    "dma100" : 787.22,
    "dma200" : 787.34,
    "volume" : 125361.00
  }, {
    "date" : "2025-10-27",
    "price" : 743.60,
    "dma50" : 788.30,
    "dma100" : 787.19,
    "dma200" : 786.90,
    "volume" : 45973.00
  }, {
    "date" : "2025-10-28",
    "price" : 735.65,
    "dma50" : 786.23,
    "dma100" : 787.08,
    "dma200" : 786.39,
    "volume" : 29964.00
  }, {
    "date" : "2025-10-29",
    "price" : 736.65,
    "dma50" : 784.29,
    "dma100" : 786.73,
    "dma200" : 785.90,
    "volume" : 27889.00
  }, {
    "date" : "2025-10-30",
    "price" : 730.95,
    "dma50" : 782.20,
    "dma100" : 786.34,
    "dma200" : 785.35,
    "volume" : 17616.00
  }, {
    "date" : "2025-10-31",
    "price" : 736.50,
    "dma50" : 780.40,
    "dma100" : 785.85,
    "dma200" : 784.86,
    "volume" : 30386.00
  }, {
    "date" : "2025-11-03",
    "price" : 731.70,
    "dma50" : 778.49,
    "dma100" : 784.92,
    "dma200" : 784.34,
    "volume" : 11864.00
  }, {
    "date" : "2025-11-04",
    "price" : 711.10,
    "dma50" : 775.85,
    "dma100" : 783.92,
    "dma200" : 783.61,
    "volume" : 27460.00
  }, {
    "date" : "2025-11-06",
    "price" : 683.30,
    "dma50" : 772.22,
    "dma100" : 782.83,
    "dma200" : 782.61,
    "volume" : 22150.00
  }, {
    "date" : "2025-11-07",
    "price" : 679.55,
    "dma50" : 768.59,
    "dma100" : 781.89,
    "dma200" : 781.58,
    "volume" : 14701.00
  }, {
    "date" : "2025-11-10",
    "price" : 677.15,
    "dma50" : 765.00,
    "dma100" : 780.93,
    "dma200" : 780.54,
    "volume" : 12388.00
  }, {
    "date" : "2025-11-11",
    "price" : 660.90,
    "dma50" : 760.92,
    "dma100" : 779.76,
    "dma200" : 779.35,
    "volume" : 18067.00
  }, {
    "date" : "2025-11-12",
    "price" : 693.90,
    "dma50" : 758.29,
    "dma100" : 778.86,
    "dma200" : 778.50,
    "volume" : 22836.00
  }, {
    "date" : "2025-11-13",
    "price" : 673.65,
    "dma50" : 754.97,
    "dma100" : 777.94,
    "dma200" : 777.46,
    "volume" : 18499.00
  }, {
    "date" : "2025-11-14",
    "price" : 674.75,
    "dma50" : 751.83,
    "dma100" : 776.88,
    "dma200" : 776.44,
    "volume" : 13240.00
  }, {
    "date" : "2025-11-17",
    "price" : 682.10,
    "dma50" : 749.09,
    "dma100" : 776.03,
    "dma200" : 775.50,
    "volume" : 13659.00
  }, {
    "date" : "2025-11-18",
    "price" : 684.55,
    "dma50" : 746.56,
    "dma100" : 775.20,
    "dma200" : 774.59,
    "volume" : 25806.00
  }, {
    "date" : "2025-11-19",
    "price" : 684.90,
    "dma50" : 744.14,
    "dma100" : 774.30,
    "dma200" : 773.70,
    "volume" : 6290.00
  }, {
    "date" : "2025-11-20",
    "price" : 680.60,
    "dma50" : 741.65,
    "dma100" : 773.27,
    "dma200" : 772.78,
    "volume" : 5079.00
  }, {
    "date" : "2025-11-21",
    "price" : 653.25,
    "dma50" : 738.18,
    "dma100" : 771.99,
    "dma200" : 771.59,
    "volume" : 19140.00
  }, {
    "date" : "2025-11-24",
    "price" : 639.55,
    "dma50" : 734.32,
    "dma100" : 770.49,
    "dma200" : 770.27,
    "volume" : 18050.00
  }, {
    "date" : "2025-11-25",
    "price" : 647.75,
    "dma50" : 730.92,
    "dma100" : 769.10,
    "dma200" : 769.05,
    "volume" : 13745.00
  }, {
    "date" : "2025-11-26",
    "price" : 645.30,
    "dma50" : 727.56,
    "dma100" : 767.73,
    "dma200" : 767.82,
    "volume" : 9283.00
  }, {
    "date" : "2025-11-27",
    "price" : 637.70,
    "dma50" : 724.04,
    "dma100" : 766.10,
    "dma200" : 766.53,
    "volume" : 12811.00
  } ],
  "latestTechnicalAttributes" : {
    "date" : "2025-11-27",
    "price" : 637.70,
    "dma50" : 724.04,
    "dma100" : 766.10,
    "dma200" : 766.53,
    "volume" : 12811.00
  },
  "quarterlyResults" : [ {
    "date" : "2005-03-31",
    "sales" : 0.99,
    "salesGrowthYoY" : null,
    "grossProfitMargin" : 100.00,
    "grossProfit" : 0.99,
    "operatingProfitMargin" : -32.32,
    "operatingProfit" : -0.32,
    "netProfitMargin" : -477.78,
    "netProfit" : -4.73
  }, {
    "date" : "2005-06-30",
    "sales" : 8.03,
    "salesGrowthYoY" : null,
    "grossProfitMargin" : 100.00,
    "grossProfit" : 8.03,
    "operatingProfitMargin" : 83.56,
    "operatingProfit" : 6.71,
    "netProfitMargin" : 24.53,
    "netProfit" : 1.97
  }, {
    "date" : "2005-09-30",
    "sales" : 5.78,
    "salesGrowthYoY" : null,
    "grossProfitMargin" : 100.00,
    "grossProfit" : 5.78,
    "operatingProfitMargin" : 75.43,
    "operatingProfit" : 4.36,
    "netProfitMargin" : 30.80,
    "netProfit" : 1.78
  }, {
    "date" : "2005-12-31",
    "sales" : 1.05,
    "salesGrowthYoY" : null,
    "grossProfitMargin" : 100.00,
    "grossProfit" : 1.05,
    "operatingProfitMargin" : 6.67,
    "operatingProfit" : 0.07,
    "netProfitMargin" : -45.71,
    "netProfit" : -0.48
  }, {
    "date" : "2006-03-31",
    "sales" : 0.96,
    "salesGrowthYoY" : -3.03,
    "grossProfitMargin" : 100.00,
    "grossProfit" : 0.96,
    "operatingProfitMargin" : -32.29,
    "operatingProfit" : -0.31,
    "netProfitMargin" : -20.83,
    "netProfit" : -0.20
  }, {
    "date" : "2006-06-30",
    "sales" : 3.74,
    "salesGrowthYoY" : -53.42,
    "grossProfitMargin" : 100.00,
    "grossProfit" : 3.74,
    "operatingProfitMargin" : 56.95,
    "operatingProfit" : 2.13,
    "netProfitMargin" : -4.01,
    "netProfit" : -0.15
  }, {
    "date" : "2006-09-30",
    "sales" : 7.02,
    "salesGrowthYoY" : 21.45,
    "grossProfitMargin" : 95.30,
    "grossProfit" : 6.69,
    "operatingProfitMargin" : 82.19,
    "operatingProfit" : 5.77,
    "netProfitMargin" : 49.86,
    "netProfit" : 3.50
  }, {
    "date" : "2006-12-31",
    "sales" : 2.11,
    "salesGrowthYoY" : 100.95,
    "grossProfitMargin" : 100.00,
    "grossProfit" : 2.11,
    "operatingProfitMargin" : 28.91,
    "operatingProfit" : 0.61,
    "netProfitMargin" : -15.17,
    "netProfit" : -0.32
  }, {
    "date" : "2007-03-31",
    "sales" : 1.63,
    "salesGrowthYoY" : 69.79,
    "grossProfitMargin" : 100.00,
    "grossProfit" : 1.63,
    "operatingProfitMargin" : -30.06,
    "operatingProfit" : -0.49,
    "netProfitMargin" : -150.92,
    "netProfit" : -2.46
  }, {
    "date" : "2007-06-30",
    "sales" : 4.94,
    "salesGrowthYoY" : 32.09,
    "grossProfitMargin" : 100.00,
    "grossProfit" : 4.94,
    "operatingProfitMargin" : 65.59,
    "operatingProfit" : 3.24,
    "netProfitMargin" : 35.63,
    "netProfit" : 1.76
  }, {
    "date" : "2007-09-30",
    "sales" : 6.61,
    "salesGrowthYoY" : -5.84,
    "grossProfitMargin" : 100.00,
    "grossProfit" : 6.61,
    "operatingProfitMargin" : 66.72,
    "operatingProfit" : 4.41,
    "netProfitMargin" : 14.83,
    "netProfit" : 0.98
  }, {
    "date" : "2007-12-31",
    "sales" : 2.18,
    "salesGrowthYoY" : 3.32,
    "grossProfitMargin" : 100.00,
    "grossProfit" : 2.18,
    "operatingProfitMargin" : 29.36,
    "operatingProfit" : 0.64,
    "netProfitMargin" : 105.96,
    "netProfit" : 2.31
  }, {
    "date" : "2008-03-31",
    "sales" : 1.48,
    "salesGrowthYoY" : -9.20,
    "grossProfitMargin" : 100.00,
    "grossProfit" : 1.48,
    "operatingProfitMargin" : -47.30,
    "operatingProfit" : -0.70,
    "netProfitMargin" : -85.81,
    "netProfit" : -1.27
  }, {
    "date" : "2008-06-30",
    "sales" : 5.83,
    "salesGrowthYoY" : 18.02,
    "grossProfitMargin" : 100.00,
    "grossProfit" : 5.83,
    "operatingProfitMargin" : 57.12,
    "operatingProfit" : 3.33,
    "netProfitMargin" : -22.64,
    "netProfit" : -1.32
  }, {
    "date" : "2008-09-30",
    "sales" : 10.25,
    "salesGrowthYoY" : 55.07,
    "grossProfitMargin" : 100.00,
    "grossProfit" : 10.25,
    "operatingProfitMargin" : 82.44,
    "operatingProfit" : 8.45,
    "netProfitMargin" : 47.90,
    "netProfit" : 4.91
  }, {
    "date" : "2008-12-31",
    "sales" : 2.45,
    "salesGrowthYoY" : 12.39,
    "grossProfitMargin" : 100.00,
    "grossProfit" : 2.45,
    "operatingProfitMargin" : -0.82,
    "operatingProfit" : -0.02,
    "netProfitMargin" : -100.82,
    "netProfit" : -2.47
  }, {
    "date" : "2009-03-31",
    "sales" : 1.60,
    "salesGrowthYoY" : 8.11,
    "grossProfitMargin" : 100.00,
    "grossProfit" : 1.60,
    "operatingProfitMargin" : -45.00,
    "operatingProfit" : -0.72,
    "netProfitMargin" : -126.88,
    "netProfit" : -2.03
  }, {
    "date" : "2009-06-30",
    "sales" : 5.32,
    "salesGrowthYoY" : -8.75,
    "grossProfitMargin" : 100.00,
    "grossProfit" : 5.32,
    "operatingProfitMargin" : 58.27,
    "operatingProfit" : 3.10,
    "netProfitMargin" : 16.73,
    "netProfit" : 0.89
  }, {
    "date" : "2009-09-30",
    "sales" : 24.32,
    "salesGrowthYoY" : 137.27,
    "grossProfitMargin" : 83.84,
    "grossProfit" : 20.39,
    "operatingProfitMargin" : 74.10,
    "operatingProfit" : 18.02,
    "netProfitMargin" : 12.58,
    "netProfit" : 3.06
  }, {
    "date" : "2009-12-31",
    "sales" : 2.91,
    "salesGrowthYoY" : 18.78,
    "grossProfitMargin" : 100.00,
    "grossProfit" : 2.91,
    "operatingProfitMargin" : 23.02,
    "operatingProfit" : 0.67,
    "netProfitMargin" : -53.26,
    "netProfit" : -1.55
  }, {
    "date" : "2010-03-31",
    "sales" : 1.03,
    "salesGrowthYoY" : -35.62,
    "grossProfitMargin" : 100.00,
    "grossProfit" : 1.03,
    "operatingProfitMargin" : -79.61,
    "operatingProfit" : -0.82,
    "netProfitMargin" : -278.64,
    "netProfit" : -2.87
  }, {
    "date" : "2010-06-30",
    "sales" : 5.04,
    "salesGrowthYoY" : -5.26,
    "grossProfitMargin" : 100.00,
    "grossProfit" : 5.04,
    "operatingProfitMargin" : 46.63,
    "operatingProfit" : 2.35,
    "netProfitMargin" : 13.10,
    "netProfit" : 0.66
  }, {
    "date" : "2010-09-30",
    "sales" : 8.59,
    "salesGrowthYoY" : -64.68,
    "grossProfitMargin" : 100.00,
    "grossProfit" : 8.59,
    "operatingProfitMargin" : 54.95,
    "operatingProfit" : 4.72,
    "netProfitMargin" : 28.87,
    "netProfit" : 2.48
  }, {
    "date" : "2010-12-31",
    "sales" : 1.64,
    "salesGrowthYoY" : -43.64,
    "grossProfitMargin" : 100.00,
    "grossProfit" : 1.64,
    "operatingProfitMargin" : -57.93,
    "operatingProfit" : -0.95,
    "netProfitMargin" : -174.39,
    "netProfit" : -2.86
  }, {
    "date" : "2011-03-31",
    "sales" : 1.92,
    "salesGrowthYoY" : 86.41,
    "grossProfitMargin" : 100.00,
    "grossProfit" : 1.92,
    "operatingProfitMargin" : -29.17,
    "operatingProfit" : -0.56,
    "netProfitMargin" : -147.40,
    "netProfit" : -2.83
  }, {
    "date" : "2011-06-30",
    "sales" : 6.59,
    "salesGrowthYoY" : 30.75,
    "grossProfitMargin" : 100.00,
    "grossProfit" : 6.59,
    "operatingProfitMargin" : 65.10,
    "operatingProfit" : 4.29,
    "netProfitMargin" : 28.68,
    "netProfit" : 1.89
  }, {
    "date" : "2011-09-30",
    "sales" : 12.22,
    "salesGrowthYoY" : 42.26,
    "grossProfitMargin" : 100.00,
    "grossProfit" : 12.22,
    "operatingProfitMargin" : 89.36,
    "operatingProfit" : 10.92,
    "netProfitMargin" : 13.26,
    "netProfit" : 1.62
  }, {
    "date" : "2011-12-31",
    "sales" : 7.29,
    "salesGrowthYoY" : 344.51,
    "grossProfitMargin" : 100.00,
    "grossProfit" : 7.29,
    "operatingProfitMargin" : 78.46,
    "operatingProfit" : 5.72,
    "netProfitMargin" : 24.01,
    "netProfit" : 1.75
  }, {
    "date" : "2012-03-31",
    "sales" : 2.65,
    "salesGrowthYoY" : 38.02,
    "grossProfitMargin" : 100.00,
    "grossProfit" : 2.65,
    "operatingProfitMargin" : 15.47,
    "operatingProfit" : 0.41,
    "netProfitMargin" : -69.81,
    "netProfit" : -1.85
  }, {
    "date" : "2012-06-30",
    "sales" : 6.77,
    "salesGrowthYoY" : 2.73,
    "grossProfitMargin" : 100.00,
    "grossProfit" : 6.77,
    "operatingProfitMargin" : 70.46,
    "operatingProfit" : 4.77,
    "netProfitMargin" : 29.69,
    "netProfit" : 2.01
  }, {
    "date" : "2012-09-30",
    "sales" : 19.69,
    "salesGrowthYoY" : 61.13,
    "grossProfitMargin" : 100.00,
    "grossProfit" : 19.69,
    "operatingProfitMargin" : 74.50,
    "operatingProfit" : 14.67,
    "netProfitMargin" : 56.58,
    "netProfit" : 11.14
  }, {
    "date" : "2012-12-31",
    "sales" : 5.10,
    "salesGrowthYoY" : -30.04,
    "grossProfitMargin" : 100.00,
    "grossProfit" : 5.10,
    "operatingProfitMargin" : 7.06,
    "operatingProfit" : 0.36,
    "netProfitMargin" : -39.02,
    "netProfit" : -1.99
  }, {
    "date" : "2013-03-31",
    "sales" : 3.23,
    "salesGrowthYoY" : 21.89,
    "grossProfitMargin" : 100.62,
    "grossProfit" : 3.25,
    "operatingProfitMargin" : 29.72,
    "operatingProfit" : 0.96,
    "netProfitMargin" : -45.82,
    "netProfit" : -1.48
  }, {
    "date" : "2013-06-30",
    "sales" : 7.63,
    "salesGrowthYoY" : 12.70,
    "grossProfitMargin" : 100.13,
    "grossProfit" : 7.64,
    "operatingProfitMargin" : 68.28,
    "operatingProfit" : 5.21,
    "netProfitMargin" : 34.34,
    "netProfit" : 2.62
  }, {
    "date" : "2013-09-30",
    "sales" : 11.98,
    "salesGrowthYoY" : -39.16,
    "grossProfitMargin" : 100.25,
    "grossProfit" : 12.01,
    "operatingProfitMargin" : 68.95,
    "operatingProfit" : 8.26,
    "netProfitMargin" : 47.91,
    "netProfit" : 5.74
  }, {
    "date" : "2013-12-31",
    "sales" : 5.26,
    "salesGrowthYoY" : 3.14,
    "grossProfitMargin" : 99.81,
    "grossProfit" : 5.25,
    "operatingProfitMargin" : 59.51,
    "operatingProfit" : 3.13,
    "netProfitMargin" : 14.26,
    "netProfit" : 0.75
  }, {
    "date" : "2014-03-31",
    "sales" : 3.42,
    "salesGrowthYoY" : 5.88,
    "grossProfitMargin" : 100.00,
    "grossProfit" : 3.42,
    "operatingProfitMargin" : 12.87,
    "operatingProfit" : 0.44,
    "netProfitMargin" : -76.61,
    "netProfit" : -2.62
  }, {
    "date" : "2014-06-30",
    "sales" : 5.20,
    "salesGrowthYoY" : -31.85,
    "grossProfitMargin" : 100.19,
    "grossProfit" : 5.21,
    "operatingProfitMargin" : 36.54,
    "operatingProfit" : 1.90,
    "netProfitMargin" : -21.15,
    "netProfit" : -1.10
  }, {
    "date" : "2014-09-30",
    "sales" : 9.59,
    "salesGrowthYoY" : -19.95,
    "grossProfitMargin" : 100.00,
    "grossProfit" : 9.59,
    "operatingProfitMargin" : 64.03,
    "operatingProfit" : 6.14,
    "netProfitMargin" : 44.42,
    "netProfit" : 4.26
  }, {
    "date" : "2014-12-31",
    "sales" : 1.68,
    "salesGrowthYoY" : -68.06,
    "grossProfitMargin" : 100.00,
    "grossProfit" : 1.68,
    "operatingProfitMargin" : 11.90,
    "operatingProfit" : 0.20,
    "netProfitMargin" : -161.31,
    "netProfit" : -2.71
  }, {
    "date" : "2015-03-31",
    "sales" : 1.38,
    "salesGrowthYoY" : -59.65,
    "grossProfitMargin" : 99.28,
    "grossProfit" : 1.37,
    "operatingProfitMargin" : -48.55,
    "operatingProfit" : -0.67,
    "netProfitMargin" : -113.77,
    "netProfit" : -1.57
  }, {
    "date" : "2015-06-30",
    "sales" : 6.12,
    "salesGrowthYoY" : 17.69,
    "grossProfitMargin" : 100.00,
    "grossProfit" : 6.12,
    "operatingProfitMargin" : 61.60,
    "operatingProfit" : 3.77,
    "netProfitMargin" : 24.18,
    "netProfit" : 1.48
  }, {
    "date" : "2015-09-30",
    "sales" : 9.89,
    "salesGrowthYoY" : 3.13,
    "grossProfitMargin" : 77.65,
    "grossProfit" : 7.68,
    "operatingProfitMargin" : 72.40,
    "operatingProfit" : 7.16,
    "netProfitMargin" : 44.89,
    "netProfit" : 4.44
  }, {
    "date" : "2015-12-31",
    "sales" : 2.60,
    "salesGrowthYoY" : 54.76,
    "grossProfitMargin" : 57.31,
    "grossProfit" : 1.49,
    "operatingProfitMargin" : 26.15,
    "operatingProfit" : 0.68,
    "netProfitMargin" : -24.23,
    "netProfit" : -0.63
  }, {
    "date" : "2016-03-31",
    "sales" : 2.61,
    "salesGrowthYoY" : 89.13,
    "grossProfitMargin" : 100.77,
    "grossProfit" : 2.63,
    "operatingProfitMargin" : 34.10,
    "operatingProfit" : 0.89,
    "netProfitMargin" : -14.56,
    "netProfit" : -0.38
  }, {
    "date" : "2016-06-30",
    "sales" : 6.30,
    "salesGrowthYoY" : 2.94,
    "grossProfitMargin" : 99.84,
    "grossProfit" : 6.29,
    "operatingProfitMargin" : 68.25,
    "operatingProfit" : 4.30,
    "netProfitMargin" : 43.02,
    "netProfit" : 2.71
  }, {
    "date" : "2016-09-30",
    "sales" : 9.64,
    "salesGrowthYoY" : -2.53,
    "grossProfitMargin" : 99.90,
    "grossProfit" : 9.63,
    "operatingProfitMargin" : 65.56,
    "operatingProfit" : 6.32,
    "netProfitMargin" : 53.84,
    "netProfit" : 5.19
  }, {
    "date" : "2016-12-31",
    "sales" : 3.14,
    "salesGrowthYoY" : 20.77,
    "grossProfitMargin" : 100.00,
    "grossProfit" : 3.14,
    "operatingProfitMargin" : 37.58,
    "operatingProfit" : 1.18,
    "netProfitMargin" : -9.55,
    "netProfit" : -0.30
  }, {
    "date" : "2017-03-31",
    "sales" : 2.17,
    "salesGrowthYoY" : -16.86,
    "grossProfitMargin" : 110.14,
    "grossProfit" : 2.39,
    "operatingProfitMargin" : 94.01,
    "operatingProfit" : 2.04,
    "netProfitMargin" : -14.75,
    "netProfit" : -0.32
  }, {
    "date" : "2017-06-30",
    "sales" : 2.46,
    "salesGrowthYoY" : -60.95,
    "grossProfitMargin" : 97.97,
    "grossProfit" : 2.41,
    "operatingProfitMargin" : -3.66,
    "operatingProfit" : -0.09,
    "netProfitMargin" : -32.93,
    "netProfit" : -0.81
  }, {
    "date" : "2017-09-30",
    "sales" : 3.80,
    "salesGrowthYoY" : -60.58,
    "grossProfitMargin" : 99.74,
    "grossProfit" : 3.79,
    "operatingProfitMargin" : 10.26,
    "operatingProfit" : 0.39,
    "netProfitMargin" : -6.32,
    "netProfit" : -0.24
  }, {
    "date" : "2017-12-31",
    "sales" : 4.90,
    "salesGrowthYoY" : 56.05,
    "grossProfitMargin" : 99.59,
    "grossProfit" : 4.88,
    "operatingProfitMargin" : 51.02,
    "operatingProfit" : 2.50,
    "netProfitMargin" : 320.20,
    "netProfit" : 15.69
  }, {
    "date" : "2018-03-31",
    "sales" : 3.69,
    "salesGrowthYoY" : 70.05,
    "grossProfitMargin" : 98.92,
    "grossProfit" : 3.65,
    "operatingProfitMargin" : 21.14,
    "operatingProfit" : 0.78,
    "netProfitMargin" : 31.98,
    "netProfit" : 1.18
  }, {
    "date" : "2018-06-30",
    "sales" : 4.10,
    "salesGrowthYoY" : 66.67,
    "grossProfitMargin" : 99.27,
    "grossProfit" : 4.07,
    "operatingProfitMargin" : -5.85,
    "operatingProfit" : -0.24,
    "netProfitMargin" : 191.46,
    "netProfit" : 7.85
  }, {
    "date" : "2018-09-30",
    "sales" : 8.17,
    "salesGrowthYoY" : 115.00,
    "grossProfitMargin" : 99.27,
    "grossProfit" : 8.11,
    "operatingProfitMargin" : 23.13,
    "operatingProfit" : 1.89,
    "netProfitMargin" : 18.60,
    "netProfit" : 1.52
  }, {
    "date" : "2018-12-31",
    "sales" : 3.39,
    "salesGrowthYoY" : -30.82,
    "grossProfitMargin" : 100.00,
    "grossProfit" : 3.39,
    "operatingProfitMargin" : 15.34,
    "operatingProfit" : 0.52,
    "netProfitMargin" : 554.57,
    "netProfit" : 18.80
  }, {
    "date" : "2019-03-31",
    "sales" : 2.14,
    "salesGrowthYoY" : -42.01,
    "grossProfitMargin" : 100.00,
    "grossProfit" : 2.14,
    "operatingProfitMargin" : -57.94,
    "operatingProfit" : -1.24,
    "netProfitMargin" : -47.20,
    "netProfit" : -1.01
  }, {
    "date" : "2019-06-30",
    "sales" : 4.89,
    "salesGrowthYoY" : 19.27,
    "grossProfitMargin" : 100.41,
    "grossProfit" : 4.91,
    "operatingProfitMargin" : 12.07,
    "operatingProfit" : 0.59,
    "netProfitMargin" : 12.27,
    "netProfit" : 0.60
  }, {
    "date" : "2019-09-30",
    "sales" : 8.10,
    "salesGrowthYoY" : -0.86,
    "grossProfitMargin" : 100.00,
    "grossProfit" : 8.10,
    "operatingProfitMargin" : 21.23,
    "operatingProfit" : 1.72,
    "netProfitMargin" : 22.10,
    "netProfit" : 1.79
  }, {
    "date" : "2019-12-31",
    "sales" : 2.81,
    "salesGrowthYoY" : -17.11,
    "grossProfitMargin" : 98.93,
    "grossProfit" : 2.78,
    "operatingProfitMargin" : -17.08,
    "operatingProfit" : -0.48,
    "netProfitMargin" : -21.00,
    "netProfit" : -0.59
  }, {
    "date" : "2020-03-31",
    "sales" : 3.45,
    "salesGrowthYoY" : 61.21,
    "grossProfitMargin" : 100.87,
    "grossProfit" : 3.48,
    "operatingProfitMargin" : 16.81,
    "operatingProfit" : 0.58,
    "netProfitMargin" : 20.87,
    "netProfit" : 0.72
  }, {
    "date" : "2020-06-30",
    "sales" : 3.75,
    "salesGrowthYoY" : -23.31,
    "grossProfitMargin" : 99.20,
    "grossProfit" : 3.72,
    "operatingProfitMargin" : -18.93,
    "operatingProfit" : -0.71,
    "netProfitMargin" : -12.53,
    "netProfit" : -0.47
  }, {
    "date" : "2020-09-30",
    "sales" : 7.79,
    "salesGrowthYoY" : -3.83,
    "grossProfitMargin" : 99.87,
    "grossProfit" : 7.78,
    "operatingProfitMargin" : 16.94,
    "operatingProfit" : 1.32,
    "netProfitMargin" : 15.92,
    "netProfit" : 1.24
  }, {
    "date" : "2020-12-31",
    "sales" : 1.88,
    "salesGrowthYoY" : -33.10,
    "grossProfitMargin" : 100.00,
    "grossProfit" : 1.88,
    "operatingProfitMargin" : -92.55,
    "operatingProfit" : -1.74,
    "netProfitMargin" : -94.68,
    "netProfit" : -1.78
  }, {
    "date" : "2021-03-31",
    "sales" : 1.17,
    "salesGrowthYoY" : -66.09,
    "grossProfitMargin" : 100.85,
    "grossProfit" : 1.18,
    "operatingProfitMargin" : -126.50,
    "operatingProfit" : -1.48,
    "netProfitMargin" : -59.83,
    "netProfit" : -0.70
  }, {
    "date" : "2021-06-30",
    "sales" : 4.30,
    "salesGrowthYoY" : 14.67,
    "grossProfitMargin" : 100.00,
    "grossProfit" : 4.30,
    "operatingProfitMargin" : -14.19,
    "operatingProfit" : -0.61,
    "netProfitMargin" : -11.16,
    "netProfit" : -0.48
  }, {
    "date" : "2021-09-30",
    "sales" : 6.89,
    "salesGrowthYoY" : -11.55,
    "grossProfitMargin" : 100.00,
    "grossProfit" : 6.89,
    "operatingProfitMargin" : -13.93,
    "operatingProfit" : -0.96,
    "netProfitMargin" : -13.50,
    "netProfit" : -0.93
  }, {
    "date" : "2021-12-31",
    "sales" : 4.04,
    "salesGrowthYoY" : 114.89,
    "grossProfitMargin" : 99.01,
    "grossProfit" : 4.00,
    "operatingProfitMargin" : 23.27,
    "operatingProfit" : 0.94,
    "netProfitMargin" : 20.30,
    "netProfit" : 0.82
  }, {
    "date" : "2022-03-31",
    "sales" : 3.15,
    "salesGrowthYoY" : 169.23,
    "grossProfitMargin" : 99.68,
    "grossProfit" : 3.14,
    "operatingProfitMargin" : 8.57,
    "operatingProfit" : 0.27,
    "netProfitMargin" : 108.25,
    "netProfit" : 3.41
  }, {
    "date" : "2022-06-30",
    "sales" : 5.34,
    "salesGrowthYoY" : 24.19,
    "grossProfitMargin" : 100.00,
    "grossProfit" : 5.34,
    "operatingProfitMargin" : -7.49,
    "operatingProfit" : -0.40,
    "netProfitMargin" : -3.56,
    "netProfit" : -0.19
  }, {
    "date" : "2022-09-30",
    "sales" : 7.68,
    "salesGrowthYoY" : 11.47,
    "grossProfitMargin" : 100.00,
    "grossProfit" : 7.68,
    "operatingProfitMargin" : 11.07,
    "operatingProfit" : 0.85,
    "netProfitMargin" : 13.93,
    "netProfit" : 1.07
  }, {
    "date" : "2022-12-31",
    "sales" : 2.96,
    "salesGrowthYoY" : -26.73,
    "grossProfitMargin" : 100.00,
    "grossProfit" : 2.96,
    "operatingProfitMargin" : -15.54,
    "operatingProfit" : -0.46,
    "netProfitMargin" : 200.00,
    "netProfit" : 5.92
  }, {
    "date" : "2023-03-31",
    "sales" : 2.05,
    "salesGrowthYoY" : -34.92,
    "grossProfitMargin" : 100.00,
    "grossProfit" : 2.05,
    "operatingProfitMargin" : -52.20,
    "operatingProfit" : -1.07,
    "netProfitMargin" : -49.76,
    "netProfit" : -1.02
  }, {
    "date" : "2023-06-30",
    "sales" : 5.36,
    "salesGrowthYoY" : 0.37,
    "grossProfitMargin" : 100.19,
    "grossProfit" : 5.37,
    "operatingProfitMargin" : -7.46,
    "operatingProfit" : -0.40,
    "netProfitMargin" : -0.75,
    "netProfit" : -0.04
  }, {
    "date" : "2023-09-30",
    "sales" : 10.29,
    "salesGrowthYoY" : 33.98,
    "grossProfitMargin" : 100.00,
    "grossProfit" : 10.29,
    "operatingProfitMargin" : 11.08,
    "operatingProfit" : 1.14,
    "netProfitMargin" : 14.29,
    "netProfit" : 1.47
  }, {
    "date" : "2023-12-31",
    "sales" : 1.37,
    "salesGrowthYoY" : -53.72,
    "grossProfitMargin" : 100.73,
    "grossProfit" : 1.38,
    "operatingProfitMargin" : -102.19,
    "operatingProfit" : -1.40,
    "netProfitMargin" : -52.55,
    "netProfit" : -0.72
  }, {
    "date" : "2024-03-31",
    "sales" : 2.38,
    "salesGrowthYoY" : 16.10,
    "grossProfitMargin" : 99.16,
    "grossProfit" : 2.36,
    "operatingProfitMargin" : -47.48,
    "operatingProfit" : -1.13,
    "netProfitMargin" : 394.12,
    "netProfit" : 9.38
  }, {
    "date" : "2024-06-30",
    "sales" : 5.45,
    "salesGrowthYoY" : 1.68,
    "grossProfitMargin" : 100.18,
    "grossProfit" : 5.46,
    "operatingProfitMargin" : 1.28,
    "operatingProfit" : 0.07,
    "netProfitMargin" : 321.10,
    "netProfit" : 17.50
  }, {
    "date" : "2024-09-30",
    "sales" : 8.92,
    "salesGrowthYoY" : -13.31,
    "grossProfitMargin" : 100.11,
    "grossProfit" : 8.93,
    "operatingProfitMargin" : 8.86,
    "operatingProfit" : 0.79,
    "netProfitMargin" : -10.87,
    "netProfit" : -0.97
  }, {
    "date" : "2024-12-31",
    "sales" : 1.84,
    "salesGrowthYoY" : 34.31,
    "grossProfitMargin" : 101.09,
    "grossProfit" : 1.86,
    "operatingProfitMargin" : -65.76,
    "operatingProfit" : -1.21,
    "netProfitMargin" : -33.70,
    "netProfit" : -0.62
  }, {
    "date" : "2025-03-31",
    "sales" : 2.37,
    "salesGrowthYoY" : -0.42,
    "grossProfitMargin" : 98.31,
    "grossProfit" : 2.33,
    "operatingProfitMargin" : -23.63,
    "operatingProfit" : -0.56,
    "netProfitMargin" : 2.95,
    "netProfit" : 0.07
  }, {
    "date" : "2025-06-30",
    "sales" : 5.77,
    "salesGrowthYoY" : 5.87,
    "grossProfitMargin" : 99.83,
    "grossProfit" : 5.76,
    "operatingProfitMargin" : -35.18,
    "operatingProfit" : -2.03,
    "netProfitMargin" : 111.27,
    "netProfit" : 6.42
  }, {
    "date" : "2025-09-30",
    "sales" : 7.97,
    "salesGrowthYoY" : -10.65,
    "grossProfitMargin" : 100.00,
    "grossProfit" : 7.97,
    "operatingProfitMargin" : 20.95,
    "operatingProfit" : 1.67,
    "netProfitMargin" : 22.46,
    "netProfit" : 1.79
  } ],
  "latestQuarterlyResult" : {
    "date" : "2025-09-30",
    "sales" : 7.97,
    "salesGrowthYoY" : -10.65,
    "grossProfitMargin" : 100.00,
    "grossProfit" : 7.97,
    "operatingProfitMargin" : 20.95,
    "operatingProfit" : 1.67,
    "netProfitMargin" : 22.46,
    "netProfit" : 1.79
  },
  "companyScore" : {
    "priceHigherThanDma50" : 0.00,
    "priceHigherThanDma100" : 0.00,
    "priceHigherThanDma200" : 0.00,
    "dma50HigherThanDma100" : 0.00,
    "dma50HigherThanDma200" : 0.00,
    "dma100HigherThanDma200" : 0.00,
    "pricePercentageAboveDma50" : 5.60,
    "pricePercentageAboveDma100" : 5.84,
    "pricePercentageAboveDma200" : 5.84,
    "weeklyVolumeHigherThanYearlyVolume" : 0.00,
    "salesGrowthPercentile" : 6.33,
    "operatingProfitMarginPercentile" : 13.37,
    "netProfitMarginPercentile" : 6.75,
    "totalTechnicalScore" : 17.27,
    "totalFundamentalScore" : 26.45,
    "totalScore" : 43.72
  }
}