{
  "metadata" : {
    "screenerCompanyId" : "490",
    "companyCode" : "BIRLACORPN",
    "companyName" : "Birla Corpn.",
    "screenerCompanyLink" : "https://www.screener.in/company/BIRLACORPN",
    "screenerTechnicalHistoryLink" : "https://www.screener.in/api/company/490/chart/?q=Price-DMA50-DMA200-Volume&days=365",
    "screenerQuarterlyResultsLink" : "https://www.screener.in/api/company/490/chart/?q=GPM-OPM-NPM-Quarter+Sales&days=10000",
    "attributes" : {
      "companyCode" : "BIRLACORPN",
      "companyName" : "Birla Corpn.",
      "marketCap" : 8037.00,
      "peRatio" : 28.10,
      "description" : "Birla corporation It is a company of M.P Birla Group. The Co is engaged in the manufacturing of cement of various kinds and also has a presence in the jute goods industry. [1]"
    },
    "companyScore" : {
      "priceHigherThanDma50" : 0.00,
      "priceHigherThanDma100" : 0.00,
      "priceHigherThanDma200" : 0.00,
      "dma50HigherThanDma100" : 0.00,
      "dma50HigherThanDma200" : 0.00,
      "dma100HigherThanDma200" : 5.00,
      "pricePercentageAboveDma50" : 5.52,
      "pricePercentageAboveDma100" : 5.80,
      "pricePercentageAboveDma200" : 5.75,
      "weeklyVolumeHigherThanYearlyVolume" : 0.00,
      "salesGrowthPercentile" : 11.38,
      "operatingProfitMarginPercentile" : 8.67,
      "netProfitMarginPercentile" : 3.25,
      "totalTechnicalScore" : 22.07,
      "totalFundamentalScore" : 23.31,
      "totalScore" : 45.38
    }
  },
  "attributes" : {
    "companyCode" : "BIRLACORPN",
    "companyName" : "Birla Corpn.",
    "marketCap" : 8037.00,
    "peRatio" : 28.10,
    "description" : "Birla corporation It is a company of M.P Birla Group. The Co is engaged in the manufacturing of cement of various kinds and also has a presence in the jute goods industry. [1]"
  },
  "technicalHistory" : [ {
    "date" : "2024-12-10",
    "price" : 1287.40,
    "dma50" : 1216.49,
    "dma100" : null,
    "dma200" : 1322.64,
    "volume" : 103878.00
  }, {
    "date" : "2024-12-11",
    "price" : 1302.55,
    "dma50" : 1219.87,
    "dma100" : null,
    "dma200" : 1322.44,
    "volume" : 163828.00
  }, {
    "date" : "2024-12-12",
    "price" : 1295.80,
    "dma50" : 1222.84,
    "dma100" : null,
    "dma200" : 1322.17,
    "volume" : 64008.00
  }, {
    "date" : "2024-12-13",
    "price" : 1282.15,
    "dma50" : 1225.17,
    "dma100" : null,
    "dma200" : 1321.78,
    "volume" : 50448.00
  }, {
    "date" : "2024-12-16",
    "price" : 1272.25,
    "dma50" : 1227.02,
    "dma100" : null,
    "dma200" : 1321.28,
    "volume" : 30619.00
  }, {
    "date" : "2024-12-17",
    "price" : 1264.95,
    "dma50" : 1228.50,
    "dma100" : null,
    "dma200" : 1320.72,
    "volume" : 47223.00
  }, {
    "date" : "2024-12-18",
    "price" : 1272.85,
    "dma50" : 1230.24,
    "dma100" : null,
    "dma200" : 1320.25,
    "volume" : 57165.00
  }, {
    "date" : "2024-12-19",
    "price" : 1239.05,
    "dma50" : 1230.59,
    "dma100" : null,
    "dma200" : 1319.44,
    "volume" : 42400.00
  }, {
    "date" : "2024-12-20",
    "price" : 1264.05,
    "dma50" : 1231.90,
    "dma100" : null,
    "dma200" : 1318.89,
    "volume" : 74835.00
  }, {
    "date" : "2024-12-23",
    "price" : 1247.90,
    "dma50" : 1232.53,
    "dma100" : null,
    "dma200" : 1318.18,
    "volume" : 68839.00
  }, {
    "date" : "2024-12-24",
    "price" : 1245.35,
    "dma50" : 1233.03,
    "dma100" : null,
    "dma200" : 1317.46,
    "volume" : 59930.00
  }, {
    "date" : "2024-12-26",
    "price" : 1242.70,
    "dma50" : 1233.41,
    "dma100" : null,
    "dma200" : 1316.71,
    "volume" : 28289.00
  }, {
    "date" : "2024-12-27",
    "price" : 1246.70,
    "dma50" : 1233.93,
    "dma100" : null,
    "dma200" : 1316.02,
    "volume" : 15776.00
  }, {
    "date" : "2024-12-30",
    "price" : 1196.85,
    "dma50" : 1232.48,
    "dma100" : null,
    "dma200" : 1314.83,
    "volume" : 64915.00
  }, {
    "date" : "2024-12-31",
    "price" : 1237.50,
    "dma50" : 1232.67,
    "dma100" : null,
    "dma200" : 1314.06,
    "volume" : 87446.00
  }, {
    "date" : "2025-01-01",
    "price" : 1236.05,
    "dma50" : 1232.81,
    "dma100" : null,
    "dma200" : 1313.28,
    "volume" : 31047.00
  }, {
    "date" : "2025-01-02",
    "price" : 1244.75,
    "dma50" : 1233.27,
    "dma100" : null,
    "dma200" : 1312.60,
    "volume" : 83141.00
  }, {
    "date" : "2025-01-03",
    "price" : 1231.35,
    "dma50" : 1233.20,
    "dma100" : null,
    "dma200" : 1311.79,
    "volume" : 49042.00
  }, {
    "date" : "2025-01-06",
    "price" : 1204.75,
    "dma50" : 1232.08,
    "dma100" : null,
    "dma200" : 1310.73,
    "volume" : 47657.00
  }, {
    "date" : "2025-01-07",
    "price" : 1221.55,
    "dma50" : 1231.67,
    "dma100" : null,
    "dma200" : 1309.84,
    "volume" : 25027.00
  }, {
    "date" : "2025-01-08",
    "price" : 1220.50,
    "dma50" : 1231.23,
    "dma100" : null,
    "dma200" : 1308.95,
    "volume" : 24066.00
  }, {
    "date" : "2025-01-09",
    "price" : 1230.55,
    "dma50" : 1231.21,
    "dma100" : null,
    "dma200" : 1308.17,
    "volume" : 39902.00
  }, {
    "date" : "2025-01-10",
    "price" : 1189.40,
    "dma50" : 1229.57,
    "dma100" : null,
    "dma200" : 1306.99,
    "volume" : 53780.00
  }, {
    "date" : "2025-01-13",
    "price" : 1176.70,
    "dma50" : 1227.49,
    "dma100" : null,
    "dma200" : 1305.69,
    "volume" : 147350.00
  }, {
    "date" : "2025-01-14",
    "price" : 1176.05,
    "dma50" : 1225.48,
    "dma100" : null,
    "dma200" : 1304.40,
    "volume" : 46983.00
  }, {
    "date" : "2025-01-15",
    "price" : 1155.85,
    "dma50" : 1222.74,
    "dma100" : null,
    "dma200" : 1302.93,
    "volume" : 211925.00
  }, {
    "date" : "2025-01-16",
    "price" : 1182.45,
    "dma50" : 1221.16,
    "dma100" : null,
    "dma200" : 1301.73,
    "volume" : 51176.00
  }, {
    "date" : "2025-01-17",
    "price" : 1186.85,
    "dma50" : 1219.82,
    "dma100" : null,
    "dma200" : 1300.58,
    "volume" : 30456.00
  }, {
    "date" : "2025-01-20",
    "price" : 1179.30,
    "dma50" : 1218.23,
    "dma100" : null,
    "dma200" : 1299.38,
    "volume" : 37504.00
  }, {
    "date" : "2025-01-21",
    "price" : 1164.55,
    "dma50" : 1216.12,
    "dma100" : null,
    "dma200" : 1298.04,
    "volume" : 51137.00
  }, {
    "date" : "2025-01-22",
    "price" : 1149.85,
    "dma50" : 1213.53,
    "dma100" : null,
    "dma200" : 1296.56,
    "volume" : 289205.00
  }, {
    "date" : "2025-01-23",
    "price" : 1179.70,
    "dma50" : 1212.20,
    "dma100" : null,
    "dma200" : 1295.40,
    "volume" : 116081.00
  }, {
    "date" : "2025-01-24",
    "price" : 1169.35,
    "dma50" : 1210.52,
    "dma100" : null,
    "dma200" : 1294.14,
    "volume" : 59122.00
  }, {
    "date" : "2025-01-27",
    "price" : 1141.95,
    "dma50" : 1207.83,
    "dma100" : null,
    "dma200" : 1292.63,
    "volume" : 66014.00
  }, {
    "date" : "2025-01-28",
    "price" : 1115.35,
    "dma50" : 1204.20,
    "dma100" : null,
    "dma200" : 1290.87,
    "volume" : 88654.00
  }, {
    "date" : "2025-01-29",
    "price" : 1139.90,
    "dma50" : 1201.68,
    "dma100" : null,
    "dma200" : 1289.36,
    "volume" : 47625.00
  }, {
    "date" : "2025-01-30",
    "price" : 1160.60,
    "dma50" : 1200.07,
    "dma100" : null,
    "dma200" : 1288.08,
    "volume" : 43870.00
  }, {
    "date" : "2025-01-31",
    "price" : 1167.50,
    "dma50" : 1198.79,
    "dma100" : null,
    "dma200" : 1286.88,
    "volume" : 28108.00
  }, {
    "date" : "2025-02-01",
    "price" : 1167.75,
    "dma50" : 1197.58,
    "dma100" : null,
    "dma200" : 1285.70,
    "volume" : 42384.00
  }, {
    "date" : "2025-02-03",
    "price" : 1139.85,
    "dma50" : 1195.31,
    "dma100" : null,
    "dma200" : 1284.25,
    "volume" : 124086.00
  }, {
    "date" : "2025-02-04",
    "price" : 1173.30,
    "dma50" : 1194.45,
    "dma100" : null,
    "dma200" : 1283.14,
    "volume" : 72440.00
  }, {
    "date" : "2025-02-05",
    "price" : 1160.60,
    "dma50" : 1193.12,
    "dma100" : null,
    "dma200" : 1281.92,
    "volume" : 218794.00
  }, {
    "date" : "2025-02-06",
    "price" : 1189.90,
    "dma50" : 1193.00,
    "dma100" : null,
    "dma200" : 1281.01,
    "volume" : 245416.00
  }, {
    "date" : "2025-02-07",
    "price" : 1174.80,
    "dma50" : 1192.28,
    "dma100" : null,
    "dma200" : 1279.95,
    "volume" : 142113.00
  }, {
    "date" : "2025-02-10",
    "price" : 1121.15,
    "dma50" : 1189.49,
    "dma100" : null,
    "dma200" : 1278.37,
    "volume" : 64120.00
  }, {
    "date" : "2025-02-11",
    "price" : 1060.35,
    "dma50" : 1184.43,
    "dma100" : null,
    "dma200" : 1276.20,
    "volume" : 249952.00
  }, {
    "date" : "2025-02-12",
    "price" : 1026.30,
    "dma50" : 1178.23,
    "dma100" : null,
    "dma200" : 1273.71,
    "volume" : 154928.00
  }, {
    "date" : "2025-02-13",
    "price" : 1027.00,
    "dma50" : 1172.30,
    "dma100" : null,
    "dma200" : 1271.26,
    "volume" : 93766.00
  }, {
    "date" : "2025-02-14",
    "price" : 993.15,
    "dma50" : 1165.27,
    "dma100" : null,
    "dma200" : 1268.49,
    "volume" : 243639.00
  }, {
    "date" : "2025-02-17",
    "price" : 989.55,
    "dma50" : 1158.38,
    "dma100" : null,
    "dma200" : 1265.72,
    "volume" : 121459.00
  }, {
    "date" : "2025-02-18",
    "price" : 948.65,
    "dma50" : 1150.16,
    "dma100" : null,
    "dma200" : 1262.56,
    "volume" : 112872.00
  }, {
    "date" : "2025-02-19",
    "price" : 974.95,
    "dma50" : 1143.28,
    "dma100" : null,
    "dma200" : 1259.70,
    "volume" : 87909.00
  }, {
    "date" : "2025-02-20",
    "price" : 1009.90,
    "dma50" : 1138.05,
    "dma100" : null,
    "dma200" : 1257.21,
    "volume" : 273863.00
  }, {
    "date" : "2025-02-21",
    "price" : 1010.05,
    "dma50" : 1133.03,
    "dma100" : null,
    "dma200" : 1254.76,
    "volume" : 121692.00
  }, {
    "date" : "2025-02-24",
    "price" : 1009.55,
    "dma50" : 1128.19,
    "dma100" : null,
    "dma200" : 1252.32,
    "volume" : 69742.00
  }, {
    "date" : "2025-02-25",
    "price" : 1005.35,
    "dma50" : 1123.37,
    "dma100" : null,
    "dma200" : 1249.86,
    "volume" : 190438.00
  }, {
    "date" : "2025-02-27",
    "price" : 992.45,
    "dma50" : 1118.24,
    "dma100" : null,
    "dma200" : 1247.30,
    "volume" : 130483.00
  }, {
    "date" : "2025-02-28",
    "price" : 972.60,
    "dma50" : 1112.53,
    "dma100" : null,
    "dma200" : 1244.56,
    "volume" : 101248.00
  }, {
    "date" : "2025-03-03",
    "price" : 934.25,
    "dma50" : 1105.54,
    "dma100" : null,
    "dma200" : 1241.48,
    "volume" : 286968.00
  }, {
    "date" : "2025-03-04",
    "price" : 949.60,
    "dma50" : 1099.42,
    "dma100" : null,
    "dma200" : 1238.57,
    "volume" : 155215.00
  }, {
    "date" : "2025-03-05",
    "price" : 971.20,
    "dma50" : 1094.39,
    "dma100" : null,
    "dma200" : 1235.91,
    "volume" : 137543.00
  }, {
    "date" : "2025-03-06",
    "price" : 993.05,
    "dma50" : 1090.42,
    "dma100" : null,
    "dma200" : 1233.49,
    "volume" : 100588.00
  }, {
    "date" : "2025-03-07",
    "price" : 1015.80,
    "dma50" : 1087.49,
    "dma100" : null,
    "dma200" : 1231.33,
    "volume" : 106290.00
  }, {
    "date" : "2025-03-10",
    "price" : 1010.55,
    "dma50" : 1084.48,
    "dma100" : null,
    "dma200" : 1229.13,
    "volume" : 133961.00
  }, {
    "date" : "2025-03-11",
    "price" : 1036.15,
    "dma50" : 1082.58,
    "dma100" : null,
    "dma200" : 1227.21,
    "volume" : 128959.00
  }, {
    "date" : "2025-03-12",
    "price" : 1024.15,
    "dma50" : 1080.29,
    "dma100" : null,
    "dma200" : 1225.19,
    "volume" : 69091.00
  }, {
    "date" : "2025-03-13",
    "price" : 996.50,
    "dma50" : 1077.00,
    "dma100" : null,
    "dma200" : 1222.92,
    "volume" : 606415.00
  }, {
    "date" : "2025-03-17",
    "price" : 1003.65,
    "dma50" : 1074.13,
    "dma100" : null,
    "dma200" : 1220.73,
    "volume" : 305550.00
  }, {
    "date" : "2025-03-18",
    "price" : 1024.60,
    "dma50" : 1072.18,
    "dma100" : null,
    "dma200" : 1218.78,
    "volume" : 154475.00
  }, {
    "date" : "2025-03-19",
    "price" : 1033.05,
    "dma50" : 1070.65,
    "dma100" : null,
    "dma200" : 1216.93,
    "volume" : 262227.00
  }, {
    "date" : "2025-03-20",
    "price" : 1040.35,
    "dma50" : 1069.46,
    "dma100" : null,
    "dma200" : 1215.18,
    "volume" : 118090.00
  }, {
    "date" : "2025-03-21",
    "price" : 1042.80,
    "dma50" : 1068.42,
    "dma100" : null,
    "dma200" : 1213.46,
    "volume" : 94014.00
  }, {
    "date" : "2025-03-24",
    "price" : 1060.40,
    "dma50" : 1068.10,
    "dma100" : null,
    "dma200" : 1211.94,
    "volume" : 182423.00
  }, {
    "date" : "2025-03-25",
    "price" : 1090.60,
    "dma50" : 1068.98,
    "dma100" : null,
    "dma200" : 1210.73,
    "volume" : 493093.00
  }, {
    "date" : "2025-03-26",
    "price" : 1059.05,
    "dma50" : 1068.59,
    "dma100" : null,
    "dma200" : 1209.22,
    "volume" : 137696.00
  }, {
    "date" : "2025-03-27",
    "price" : 1077.70,
    "dma50" : 1068.95,
    "dma100" : null,
    "dma200" : 1207.91,
    "volume" : 349159.00
  }, {
    "date" : "2025-03-28",
    "price" : 1055.85,
    "dma50" : 1068.44,
    "dma100" : null,
    "dma200" : 1206.40,
    "volume" : 149280.00
  }, {
    "date" : "2025-04-01",
    "price" : 1094.35,
    "dma50" : 1069.45,
    "dma100" : null,
    "dma200" : 1205.29,
    "volume" : 111564.00
  }, {
    "date" : "2025-04-02",
    "price" : 1093.95,
    "dma50" : 1070.41,
    "dma100" : null,
    "dma200" : 1204.18,
    "volume" : 66379.00
  }, {
    "date" : "2025-04-03",
    "price" : 1144.85,
    "dma50" : 1073.33,
    "dma100" : null,
    "dma200" : 1203.59,
    "volume" : 201618.00
  }, {
    "date" : "2025-04-04",
    "price" : 1099.70,
    "dma50" : 1074.37,
    "dma100" : null,
    "dma200" : 1202.55,
    "volume" : 76229.00
  }, {
    "date" : "2025-04-07",
    "price" : 1090.15,
    "dma50" : 1074.99,
    "dma100" : null,
    "dma200" : 1201.44,
    "volume" : 134812.00
  }, {
    "date" : "2025-04-08",
    "price" : 1132.90,
    "dma50" : 1077.26,
    "dma100" : null,
    "dma200" : 1200.75,
    "volume" : 124319.00
  }, {
    "date" : "2025-04-09",
    "price" : 1091.55,
    "dma50" : 1077.82,
    "dma100" : null,
    "dma200" : 1199.67,
    "volume" : 105856.00
  }, {
    "date" : "2025-04-11",
    "price" : 1109.95,
    "dma50" : 1079.08,
    "dma100" : null,
    "dma200" : 1198.77,
    "volume" : 54072.00
  }, {
    "date" : "2025-04-15",
    "price" : 1134.10,
    "dma50" : 1081.24,
    "dma100" : null,
    "dma200" : 1198.13,
    "volume" : 78048.00
  }, {
    "date" : "2025-04-16",
    "price" : 1112.20,
    "dma50" : 1082.45,
    "dma100" : null,
    "dma200" : 1197.28,
    "volume" : 57296.00
  }, {
    "date" : "2025-04-17",
    "price" : 1105.60,
    "dma50" : 1083.36,
    "dma100" : null,
    "dma200" : 1196.36,
    "volume" : 59282.00
  }, {
    "date" : "2025-04-21",
    "price" : 1104.80,
    "dma50" : 1084.20,
    "dma100" : null,
    "dma200" : 1195.45,
    "volume" : 71691.00
  }, {
    "date" : "2025-04-22",
    "price" : 1112.80,
    "dma50" : 1085.32,
    "dma100" : null,
    "dma200" : 1194.63,
    "volume" : 44779.00
  }, {
    "date" : "2025-04-23",
    "price" : 1102.60,
    "dma50" : 1086.00,
    "dma100" : null,
    "dma200" : 1193.71,
    "volume" : 66005.00
  }, {
    "date" : "2025-04-24",
    "price" : 1115.50,
    "dma50" : 1087.16,
    "dma100" : null,
    "dma200" : 1192.94,
    "volume" : 67880.00
  }, {
    "date" : "2025-04-25",
    "price" : 1084.60,
    "dma50" : 1087.05,
    "dma100" : null,
    "dma200" : 1191.86,
    "volume" : 95076.00
  }, {
    "date" : "2025-04-28",
    "price" : 1088.50,
    "dma50" : 1087.11,
    "dma100" : null,
    "dma200" : 1190.83,
    "volume" : 50240.00
  }, {
    "date" : "2025-04-29",
    "price" : 1097.70,
    "dma50" : 1087.53,
    "dma100" : null,
    "dma200" : 1189.90,
    "volume" : 65250.00
  }, {
    "date" : "2025-04-30",
    "price" : 1060.00,
    "dma50" : 1086.45,
    "dma100" : null,
    "dma200" : 1188.61,
    "volume" : 63970.00
  }, {
    "date" : "2025-05-02",
    "price" : 1071.60,
    "dma50" : 1085.87,
    "dma100" : null,
    "dma200" : 1187.45,
    "volume" : 58066.00
  }, {
    "date" : "2025-05-05",
    "price" : 1072.10,
    "dma50" : 1085.33,
    "dma100" : null,
    "dma200" : 1186.30,
    "volume" : 39589.00
  }, {
    "date" : "2025-05-06",
    "price" : 1050.10,
    "dma50" : 1083.94,
    "dma100" : null,
    "dma200" : 1184.94,
    "volume" : 55338.00
  }, {
    "date" : "2025-05-07",
    "price" : 1054.50,
    "dma50" : 1082.79,
    "dma100" : null,
    "dma200" : 1183.65,
    "volume" : 119908.00
  }, {
    "date" : "2025-05-08",
    "price" : 1058.40,
    "dma50" : 1081.83,
    "dma100" : 1116.85,
    "dma200" : 1182.40,
    "volume" : 71867.00
  }, {
    "date" : "2025-05-09",
    "price" : 1057.40,
    "dma50" : 1080.87,
    "dma100" : 1114.39,
    "dma200" : 1181.16,
    "volume" : 88115.00
  }, {
    "date" : "2025-05-12",
    "price" : 1268.80,
    "dma50" : 1088.24,
    "dma100" : 1114.12,
    "dma200" : 1182.03,
    "volume" : 511069.00
  }, {
    "date" : "2025-05-13",
    "price" : 1334.80,
    "dma50" : 1097.91,
    "dma100" : 1114.65,
    "dma200" : 1183.55,
    "volume" : 1216283.00
  }, {
    "date" : "2025-05-14",
    "price" : 1378.40,
    "dma50" : 1108.91,
    "dma100" : 1115.71,
    "dma200" : 1185.49,
    "volume" : 617426.00
  }, {
    "date" : "2025-05-15",
    "price" : 1382.50,
    "dma50" : 1119.64,
    "dma100" : 1116.89,
    "dma200" : 1187.45,
    "volume" : 174017.00
  }, {
    "date" : "2025-05-16",
    "price" : 1384.00,
    "dma50" : 1130.01,
    "dma100" : 1118.00,
    "dma200" : 1189.40,
    "volume" : 109491.00
  }, {
    "date" : "2025-05-19",
    "price" : 1407.50,
    "dma50" : 1140.89,
    "dma100" : 1119.68,
    "dma200" : 1191.57,
    "volume" : 177685.00
  }, {
    "date" : "2025-05-20",
    "price" : 1377.90,
    "dma50" : 1150.18,
    "dma100" : 1120.82,
    "dma200" : 1193.43,
    "volume" : 63548.00
  }, {
    "date" : "2025-05-21",
    "price" : 1386.60,
    "dma50" : 1159.46,
    "dma100" : 1122.21,
    "dma200" : 1195.35,
    "volume" : 45703.00
  }, {
    "date" : "2025-05-22",
    "price" : 1390.70,
    "dma50" : 1168.52,
    "dma100" : 1123.66,
    "dma200" : 1197.29,
    "volume" : 63870.00
  }, {
    "date" : "2025-05-23",
    "price" : 1402.90,
    "dma50" : 1177.72,
    "dma100" : 1125.26,
    "dma200" : 1199.34,
    "volume" : 106004.00
  }, {
    "date" : "2025-05-26",
    "price" : 1404.90,
    "dma50" : 1186.62,
    "dma100" : 1126.85,
    "dma200" : 1201.38,
    "volume" : 113155.00
  }, {
    "date" : "2025-05-27",
    "price" : 1405.80,
    "dma50" : 1195.22,
    "dma100" : 1128.94,
    "dma200" : 1203.42,
    "volume" : 106904.00
  }, {
    "date" : "2025-05-28",
    "price" : 1377.00,
    "dma50" : 1202.35,
    "dma100" : 1130.33,
    "dma200" : 1205.14,
    "volume" : 84685.00
  }, {
    "date" : "2025-05-29",
    "price" : 1390.50,
    "dma50" : 1209.73,
    "dma100" : 1131.88,
    "dma200" : 1206.99,
    "volume" : 88023.00
  }, {
    "date" : "2025-05-30",
    "price" : 1374.40,
    "dma50" : 1216.18,
    "dma100" : 1133.17,
    "dma200" : 1208.65,
    "volume" : 67411.00
  }, {
    "date" : "2025-06-02",
    "price" : 1384.20,
    "dma50" : 1222.77,
    "dma100" : 1134.70,
    "dma200" : 1210.40,
    "volume" : 74285.00
  }, {
    "date" : "2025-06-03",
    "price" : 1370.40,
    "dma50" : 1228.56,
    "dma100" : 1136.36,
    "dma200" : 1211.99,
    "volume" : 67387.00
  }, {
    "date" : "2025-06-04",
    "price" : 1359.50,
    "dma50" : 1233.70,
    "dma100" : 1137.74,
    "dma200" : 1213.46,
    "volume" : 45971.00
  }, {
    "date" : "2025-06-05",
    "price" : 1366.80,
    "dma50" : 1238.92,
    "dma100" : 1139.20,
    "dma200" : 1214.99,
    "volume" : 69504.00
  }, {
    "date" : "2025-06-06",
    "price" : 1378.40,
    "dma50" : 1244.39,
    "dma100" : 1140.68,
    "dma200" : 1216.61,
    "volume" : 52399.00
  }, {
    "date" : "2025-06-09",
    "price" : 1397.60,
    "dma50" : 1250.40,
    "dma100" : 1142.76,
    "dma200" : 1218.41,
    "volume" : 99735.00
  }, {
    "date" : "2025-06-10",
    "price" : 1393.60,
    "dma50" : 1256.01,
    "dma100" : 1144.93,
    "dma200" : 1220.16,
    "volume" : 82964.00
  }, {
    "date" : "2025-06-11",
    "price" : 1383.70,
    "dma50" : 1261.02,
    "dma100" : 1147.01,
    "dma200" : 1221.78,
    "volume" : 59212.00
  }, {
    "date" : "2025-06-12",
    "price" : 1364.40,
    "dma50" : 1265.07,
    "dma100" : 1149.09,
    "dma200" : 1223.20,
    "volume" : 59469.00
  }, {
    "date" : "2025-06-13",
    "price" : 1356.40,
    "dma50" : 1268.65,
    "dma100" : 1150.83,
    "dma200" : 1224.53,
    "volume" : 70577.00
  }, {
    "date" : "2025-06-16",
    "price" : 1359.00,
    "dma50" : 1272.20,
    "dma100" : 1152.55,
    "dma200" : 1225.87,
    "volume" : 117117.00
  }, {
    "date" : "2025-06-17",
    "price" : 1339.80,
    "dma50" : 1274.85,
    "dma100" : 1154.16,
    "dma200" : 1227.00,
    "volume" : 125485.00
  }, {
    "date" : "2025-06-18",
    "price" : 1336.90,
    "dma50" : 1277.28,
    "dma100" : 1155.88,
    "dma200" : 1228.09,
    "volume" : 44781.00
  }, {
    "date" : "2025-06-19",
    "price" : 1287.80,
    "dma50" : 1277.69,
    "dma100" : 1157.26,
    "dma200" : 1228.69,
    "volume" : 55082.00
  }, {
    "date" : "2025-06-20",
    "price" : 1266.00,
    "dma50" : 1277.24,
    "dma100" : 1158.12,
    "dma200" : 1229.06,
    "volume" : 130826.00
  }, {
    "date" : "2025-06-23",
    "price" : 1272.40,
    "dma50" : 1277.05,
    "dma100" : 1159.15,
    "dma200" : 1229.49,
    "volume" : 72377.00
  }, {
    "date" : "2025-06-24",
    "price" : 1283.90,
    "dma50" : 1277.31,
    "dma100" : 1160.57,
    "dma200" : 1230.03,
    "volume" : 65716.00
  }, {
    "date" : "2025-06-25",
    "price" : 1311.60,
    "dma50" : 1278.66,
    "dma100" : 1162.53,
    "dma200" : 1230.84,
    "volume" : 49475.00
  }, {
    "date" : "2025-06-26",
    "price" : 1317.30,
    "dma50" : 1280.17,
    "dma100" : 1164.31,
    "dma200" : 1231.70,
    "volume" : 61437.00
  }, {
    "date" : "2025-06-27",
    "price" : 1338.50,
    "dma50" : 1282.46,
    "dma100" : 1166.09,
    "dma200" : 1232.77,
    "volume" : 92324.00
  }, {
    "date" : "2025-06-30",
    "price" : 1342.40,
    "dma50" : 1284.81,
    "dma100" : 1167.84,
    "dma200" : 1233.86,
    "volume" : 100040.00
  }, {
    "date" : "2025-07-01",
    "price" : 1343.60,
    "dma50" : 1287.12,
    "dma100" : 1169.60,
    "dma200" : 1234.95,
    "volume" : 69735.00
  }, {
    "date" : "2025-07-02",
    "price" : 1358.70,
    "dma50" : 1289.93,
    "dma100" : 1171.78,
    "dma200" : 1236.18,
    "volume" : 305763.00
  }, {
    "date" : "2025-07-03",
    "price" : 1363.40,
    "dma50" : 1292.81,
    "dma100" : 1173.68,
    "dma200" : 1237.45,
    "volume" : 117544.00
  }, {
    "date" : "2025-07-04",
    "price" : 1401.00,
    "dma50" : 1297.05,
    "dma100" : 1176.09,
    "dma200" : 1239.07,
    "volume" : 137833.00
  }, {
    "date" : "2025-07-07",
    "price" : 1383.80,
    "dma50" : 1300.45,
    "dma100" : 1178.03,
    "dma200" : 1240.51,
    "volume" : 48207.00
  }, {
    "date" : "2025-07-08",
    "price" : 1389.00,
    "dma50" : 1303.92,
    "dma100" : 1180.17,
    "dma200" : 1241.99,
    "volume" : 55675.00
  }, {
    "date" : "2025-07-09",
    "price" : 1389.20,
    "dma50" : 1307.27,
    "dma100" : 1182.85,
    "dma200" : 1243.46,
    "volume" : 33041.00
  }, {
    "date" : "2025-07-10",
    "price" : 1390.60,
    "dma50" : 1310.54,
    "dma100" : 1186.15,
    "dma200" : 1244.92,
    "volume" : 148602.00
  }, {
    "date" : "2025-07-11",
    "price" : 1367.40,
    "dma50" : 1312.77,
    "dma100" : 1189.56,
    "dma200" : 1246.14,
    "volume" : 81405.00
  }, {
    "date" : "2025-07-14",
    "price" : 1370.00,
    "dma50" : 1315.01,
    "dma100" : 1192.99,
    "dma200" : 1247.37,
    "volume" : 74448.00
  }, {
    "date" : "2025-07-15",
    "price" : 1385.00,
    "dma50" : 1317.76,
    "dma100" : 1196.91,
    "dma200" : 1248.74,
    "volume" : 42789.00
  }, {
    "date" : "2025-07-16",
    "price" : 1403.10,
    "dma50" : 1321.10,
    "dma100" : 1201.05,
    "dma200" : 1250.28,
    "volume" : 75963.00
  }, {
    "date" : "2025-07-17",
    "price" : 1419.20,
    "dma50" : 1324.95,
    "dma100" : 1205.75,
    "dma200" : 1251.96,
    "volume" : 85369.00
  }, {
    "date" : "2025-07-18",
    "price" : 1416.20,
    "dma50" : 1328.53,
    "dma100" : 1210.17,
    "dma200" : 1253.59,
    "volume" : 108779.00
  }, {
    "date" : "2025-07-21",
    "price" : 1389.60,
    "dma50" : 1330.92,
    "dma100" : 1213.96,
    "dma200" : 1254.95,
    "volume" : 120359.00
  }, {
    "date" : "2025-07-22",
    "price" : 1465.60,
    "dma50" : 1336.20,
    "dma100" : 1218.52,
    "dma200" : 1257.04,
    "volume" : 1090465.00
  }, {
    "date" : "2025-07-23",
    "price" : 1461.00,
    "dma50" : 1341.10,
    "dma100" : 1223.03,
    "dma200" : 1259.07,
    "volume" : 150517.00
  }, {
    "date" : "2025-07-24",
    "price" : 1450.20,
    "dma50" : 1345.38,
    "dma100" : 1227.48,
    "dma200" : 1260.97,
    "volume" : 56354.00
  }, {
    "date" : "2025-07-25",
    "price" : 1423.40,
    "dma50" : 1348.44,
    "dma100" : 1231.79,
    "dma200" : 1262.59,
    "volume" : 53820.00
  }, {
    "date" : "2025-07-28",
    "price" : 1443.40,
    "dma50" : 1352.16,
    "dma100" : 1236.50,
    "dma200" : 1264.39,
    "volume" : 139429.00
  }, {
    "date" : "2025-07-29",
    "price" : 1512.90,
    "dma50" : 1358.46,
    "dma100" : 1242.29,
    "dma200" : 1266.86,
    "volume" : 243974.00
  }, {
    "date" : "2025-07-30",
    "price" : 1384.70,
    "dma50" : 1359.49,
    "dma100" : 1246.64,
    "dma200" : 1268.03,
    "volume" : 1319361.00
  }, {
    "date" : "2025-07-31",
    "price" : 1351.50,
    "dma50" : 1359.18,
    "dma100" : 1250.44,
    "dma200" : 1268.86,
    "volume" : 683578.00
  }, {
    "date" : "2025-08-01",
    "price" : 1318.70,
    "dma50" : 1357.59,
    "dma100" : 1253.70,
    "dma200" : 1269.36,
    "volume" : 190397.00
  }, {
    "date" : "2025-08-04",
    "price" : 1298.70,
    "dma50" : 1355.28,
    "dma100" : 1256.52,
    "dma200" : 1269.65,
    "volume" : 82958.00
  }, {
    "date" : "2025-08-05",
    "price" : 1297.50,
    "dma50" : 1353.02,
    "dma100" : 1259.39,
    "dma200" : 1269.93,
    "volume" : 55880.00
  }, {
    "date" : "2025-08-06",
    "price" : 1264.80,
    "dma50" : 1349.56,
    "dma100" : 1261.68,
    "dma200" : 1269.88,
    "volume" : 140477.00
  }, {
    "date" : "2025-08-07",
    "price" : 1251.40,
    "dma50" : 1345.71,
    "dma100" : 1263.95,
    "dma200" : 1269.69,
    "volume" : 85923.00
  }, {
    "date" : "2025-08-08",
    "price" : 1249.20,
    "dma50" : 1341.92,
    "dma100" : 1266.48,
    "dma200" : 1269.49,
    "volume" : 61253.00
  }, {
    "date" : "2025-08-11",
    "price" : 1289.60,
    "dma50" : 1339.87,
    "dma100" : 1269.34,
    "dma200" : 1269.69,
    "volume" : 66308.00
  }, {
    "date" : "2025-08-12",
    "price" : 1289.60,
    "dma50" : 1337.90,
    "dma100" : 1271.99,
    "dma200" : 1269.89,
    "volume" : 114049.00
  }, {
    "date" : "2025-08-13",
    "price" : 1296.70,
    "dma50" : 1336.28,
    "dma100" : 1274.63,
    "dma200" : 1270.15,
    "volume" : 41702.00
  }, {
    "date" : "2025-08-14",
    "price" : 1271.60,
    "dma50" : 1333.75,
    "dma100" : 1276.94,
    "dma200" : 1270.17,
    "volume" : 35432.00
  }, {
    "date" : "2025-08-18",
    "price" : 1288.00,
    "dma50" : 1331.95,
    "dma100" : 1279.39,
    "dma200" : 1270.35,
    "volume" : 229398.00
  }, {
    "date" : "2025-08-19",
    "price" : 1292.60,
    "dma50" : 1330.41,
    "dma100" : 1281.71,
    "dma200" : 1270.57,
    "volume" : 60011.00
  }, {
    "date" : "2025-08-20",
    "price" : 1271.50,
    "dma50" : 1328.10,
    "dma100" : 1283.52,
    "dma200" : 1270.58,
    "volume" : 75042.00
  }, {
    "date" : "2025-08-21",
    "price" : 1309.40,
    "dma50" : 1327.37,
    "dma100" : 1286.03,
    "dma200" : 1270.96,
    "volume" : 135670.00
  }, {
    "date" : "2025-08-22",
    "price" : 1295.80,
    "dma50" : 1326.13,
    "dma100" : 1288.21,
    "dma200" : 1271.21,
    "volume" : 63212.00
  }, {
    "date" : "2025-08-25",
    "price" : 1282.90,
    "dma50" : 1324.43,
    "dma100" : 1290.48,
    "dma200" : 1271.33,
    "volume" : 51004.00
  }, {
    "date" : "2025-08-26",
    "price" : 1256.60,
    "dma50" : 1321.77,
    "dma100" : 1292.10,
    "dma200" : 1271.18,
    "volume" : 61048.00
  }, {
    "date" : "2025-08-28",
    "price" : 1250.80,
    "dma50" : 1318.99,
    "dma100" : 1293.67,
    "dma200" : 1270.98,
    "volume" : 49412.00
  }, {
    "date" : "2025-08-29",
    "price" : 1251.60,
    "dma50" : 1316.35,
    "dma100" : 1294.74,
    "dma200" : 1270.78,
    "volume" : 29723.00
  }, {
    "date" : "2025-09-01",
    "price" : 1274.90,
    "dma50" : 1314.72,
    "dma100" : 1296.49,
    "dma200" : 1270.83,
    "volume" : 62070.00
  }, {
    "date" : "2025-09-02",
    "price" : 1298.00,
    "dma50" : 1314.07,
    "dma100" : 1298.57,
    "dma200" : 1271.10,
    "volume" : 46129.00
  }, {
    "date" : "2025-09-03",
    "price" : 1302.20,
    "dma50" : 1313.60,
    "dma100" : 1300.26,
    "dma200" : 1271.41,
    "volume" : 47299.00
  }, {
    "date" : "2025-09-04",
    "price" : 1293.40,
    "dma50" : 1312.81,
    "dma100" : 1302.28,
    "dma200" : 1271.62,
    "volume" : 88187.00
  }, {
    "date" : "2025-09-05",
    "price" : 1280.10,
    "dma50" : 1311.53,
    "dma100" : 1303.98,
    "dma200" : 1271.71,
    "volume" : 51507.00
  }, {
    "date" : "2025-09-08",
    "price" : 1296.10,
    "dma50" : 1310.92,
    "dma100" : 1305.60,
    "dma200" : 1271.95,
    "volume" : 105167.00
  }, {
    "date" : "2025-09-09",
    "price" : 1281.00,
    "dma50" : 1309.75,
    "dma100" : 1307.29,
    "dma200" : 1272.04,
    "volume" : 56070.00
  }, {
    "date" : "2025-09-10",
    "price" : 1291.40,
    "dma50" : 1309.03,
    "dma100" : 1309.14,
    "dma200" : 1272.23,
    "volume" : 81715.00
  }, {
    "date" : "2025-09-11",
    "price" : 1273.70,
    "dma50" : 1307.64,
    "dma100" : 1310.83,
    "dma200" : 1272.25,
    "volume" : 76392.00
  }, {
    "date" : "2025-09-12",
    "price" : 1270.20,
    "dma50" : 1306.17,
    "dma100" : 1312.41,
    "dma200" : 1272.23,
    "volume" : 98091.00
  }, {
    "date" : "2025-09-15",
    "price" : 1276.10,
    "dma50" : 1304.99,
    "dma100" : 1314.14,
    "dma200" : 1272.27,
    "volume" : 40807.00
  }, {
    "date" : "2025-09-16",
    "price" : 1290.70,
    "dma50" : 1304.43,
    "dma100" : 1315.89,
    "dma200" : 1272.45,
    "volume" : 111124.00
  }, {
    "date" : "2025-09-17",
    "price" : 1291.80,
    "dma50" : 1303.94,
    "dma100" : 1317.97,
    "dma200" : 1272.64,
    "volume" : 105781.00
  }, {
    "date" : "2025-09-18",
    "price" : 1284.40,
    "dma50" : 1303.17,
    "dma100" : 1319.93,
    "dma200" : 1272.76,
    "volume" : 66492.00
  }, {
    "date" : "2025-09-19",
    "price" : 1298.90,
    "dma50" : 1303.01,
    "dma100" : 1321.94,
    "dma200" : 1273.02,
    "volume" : 61365.00
  }, {
    "date" : "2025-09-22",
    "price" : 1301.90,
    "dma50" : 1302.96,
    "dma100" : 1324.36,
    "dma200" : 1273.31,
    "volume" : 124000.00
  }, {
    "date" : "2025-09-23",
    "price" : 1299.20,
    "dma50" : 1302.81,
    "dma100" : 1326.63,
    "dma200" : 1273.56,
    "volume" : 92328.00
  }, {
    "date" : "2025-09-24",
    "price" : 1282.90,
    "dma50" : 1302.03,
    "dma100" : 1328.74,
    "dma200" : 1273.66,
    "volume" : 62359.00
  }, {
    "date" : "2025-09-25",
    "price" : 1272.20,
    "dma50" : 1300.86,
    "dma100" : 1330.96,
    "dma200" : 1273.64,
    "volume" : 49298.00
  }, {
    "date" : "2025-09-26",
    "price" : 1237.30,
    "dma50" : 1298.37,
    "dma100" : 1332.79,
    "dma200" : 1273.28,
    "volume" : 51948.00
  }, {
    "date" : "2025-09-29",
    "price" : 1219.20,
    "dma50" : 1295.27,
    "dma100" : 1334.40,
    "dma200" : 1272.74,
    "volume" : 72361.00
  }, {
    "date" : "2025-09-30",
    "price" : 1219.40,
    "dma50" : 1292.29,
    "dma100" : 1336.02,
    "dma200" : 1272.21,
    "volume" : 50858.00
  }, {
    "date" : "2025-10-01",
    "price" : 1213.30,
    "dma50" : 1289.19,
    "dma100" : 1335.46,
    "dma200" : 1271.63,
    "volume" : 46102.00
  }, {
    "date" : "2025-10-03",
    "price" : 1207.10,
    "dma50" : 1285.97,
    "dma100" : 1334.19,
    "dma200" : 1270.98,
    "volume" : 118143.00
  }, {
    "date" : "2025-10-06",
    "price" : 1192.40,
    "dma50" : 1282.30,
    "dma100" : 1332.33,
    "dma200" : 1270.20,
    "volume" : 1240746.00
  }, {
    "date" : "2025-10-07",
    "price" : 1201.30,
    "dma50" : 1279.13,
    "dma100" : 1330.51,
    "dma200" : 1269.52,
    "volume" : 155966.00
  }, {
    "date" : "2025-10-08",
    "price" : 1200.00,
    "dma50" : 1276.02,
    "dma100" : 1328.67,
    "dma200" : 1268.83,
    "volume" : 76041.00
  }, {
    "date" : "2025-10-09",
    "price" : 1185.40,
    "dma50" : 1272.47,
    "dma100" : 1326.45,
    "dma200" : 1268.00,
    "volume" : 54089.00
  }, {
    "date" : "2025-10-10",
    "price" : 1187.20,
    "dma50" : 1269.13,
    "dma100" : 1324.55,
    "dma200" : 1267.19,
    "volume" : 54804.00
  }, {
    "date" : "2025-10-13",
    "price" : 1177.80,
    "dma50" : 1265.55,
    "dma100" : 1322.46,
    "dma200" : 1266.30,
    "volume" : 38305.00
  }, {
    "date" : "2025-10-14",
    "price" : 1169.90,
    "dma50" : 1261.79,
    "dma100" : 1320.25,
    "dma200" : 1265.34,
    "volume" : 52785.00
  }, {
    "date" : "2025-10-15",
    "price" : 1185.10,
    "dma50" : 1258.79,
    "dma100" : 1318.07,
    "dma200" : 1264.54,
    "volume" : 72171.00
  }, {
    "date" : "2025-10-16",
    "price" : 1185.70,
    "dma50" : 1255.92,
    "dma100" : 1315.88,
    "dma200" : 1263.76,
    "volume" : 32843.00
  }, {
    "date" : "2025-10-17",
    "price" : 1185.10,
    "dma50" : 1253.14,
    "dma100" : 1313.67,
    "dma200" : 1262.98,
    "volume" : 43380.00
  }, {
    "date" : "2025-10-20",
    "price" : 1179.70,
    "dma50" : 1250.26,
    "dma100" : 1311.70,
    "dma200" : 1262.15,
    "volume" : 36426.00
  }, {
    "date" : "2025-10-21",
    "price" : 1188.50,
    "dma50" : 1247.84,
    "dma100" : 1309.68,
    "dma200" : 1261.42,
    "volume" : 11414.00
  }, {
    "date" : "2025-10-23",
    "price" : 1177.30,
    "dma50" : 1245.07,
    "dma100" : 1307.71,
    "dma200" : 1260.58,
    "volume" : 78061.00
  }, {
    "date" : "2025-10-24",
    "price" : 1168.80,
    "dma50" : 1242.08,
    "dma100" : 1305.55,
    "dma200" : 1259.67,
    "volume" : 58164.00
  }, {
    "date" : "2025-10-27",
    "price" : 1175.30,
    "dma50" : 1239.46,
    "dma100" : 1303.60,
    "dma200" : 1258.83,
    "volume" : 146261.00
  }, {
    "date" : "2025-10-28",
    "price" : 1169.70,
    "dma50" : 1236.73,
    "dma100" : 1301.71,
    "dma200" : 1257.94,
    "volume" : 40061.00
  }, {
    "date" : "2025-10-29",
    "price" : 1179.60,
    "dma50" : 1234.49,
    "dma100" : 1299.83,
    "dma200" : 1257.16,
    "volume" : 81503.00
  }, {
    "date" : "2025-10-30",
    "price" : 1195.00,
    "dma50" : 1232.94,
    "dma100" : 1298.00,
    "dma200" : 1256.54,
    "volume" : 240483.00
  }, {
    "date" : "2025-10-31",
    "price" : 1178.80,
    "dma50" : 1230.82,
    "dma100" : 1295.81,
    "dma200" : 1255.77,
    "volume" : 89333.00
  }, {
    "date" : "2025-11-03",
    "price" : 1185.50,
    "dma50" : 1229.04,
    "dma100" : 1293.73,
    "dma200" : 1255.07,
    "volume" : 65860.00
  }, {
    "date" : "2025-11-04",
    "price" : 1198.90,
    "dma50" : 1227.86,
    "dma100" : 1291.88,
    "dma200" : 1254.51,
    "volume" : 196623.00
  }, {
    "date" : "2025-11-06",
    "price" : 1190.00,
    "dma50" : 1226.37,
    "dma100" : 1290.14,
    "dma200" : 1253.87,
    "volume" : 51515.00
  }, {
    "date" : "2025-11-07",
    "price" : 1217.10,
    "dma50" : 1226.01,
    "dma100" : 1288.75,
    "dma200" : 1253.50,
    "volume" : 273497.00
  }, {
    "date" : "2025-11-10",
    "price" : 1189.50,
    "dma50" : 1224.58,
    "dma100" : 1287.05,
    "dma200" : 1252.86,
    "volume" : 117003.00
  }, {
    "date" : "2025-11-11",
    "price" : 1170.90,
    "dma50" : 1222.47,
    "dma100" : 1285.36,
    "dma200" : 1252.05,
    "volume" : 47725.00
  }, {
    "date" : "2025-11-12",
    "price" : 1178.50,
    "dma50" : 1220.75,
    "dma100" : 1283.78,
    "dma200" : 1251.32,
    "volume" : 51856.00
  }, {
    "date" : "2025-11-13",
    "price" : 1186.90,
    "dma50" : 1219.42,
    "dma100" : 1282.77,
    "dma200" : 1250.68,
    "volume" : 56250.00
  }, {
    "date" : "2025-11-14",
    "price" : 1176.60,
    "dma50" : 1217.74,
    "dma100" : 1281.87,
    "dma200" : 1249.94,
    "volume" : 22898.00
  }, {
    "date" : "2025-11-17",
    "price" : 1179.30,
    "dma50" : 1216.23,
    "dma100" : 1280.94,
    "dma200" : 1249.24,
    "volume" : 39570.00
  }, {
    "date" : "2025-11-18",
    "price" : 1178.40,
    "dma50" : 1214.75,
    "dma100" : 1279.89,
    "dma200" : 1248.53,
    "volume" : 37621.00
  }, {
    "date" : "2025-11-19",
    "price" : 1169.40,
    "dma50" : 1212.97,
    "dma100" : 1278.47,
    "dma200" : 1247.74,
    "volume" : 33507.00
  }, {
    "date" : "2025-11-20",
    "price" : 1166.90,
    "dma50" : 1211.17,
    "dma100" : 1276.96,
    "dma200" : 1246.94,
    "volume" : 28386.00
  }, {
    "date" : "2025-11-21",
    "price" : 1142.90,
    "dma50" : 1208.49,
    "dma100" : 1275.01,
    "dma200" : 1245.90,
    "volume" : 46361.00
  }, {
    "date" : "2025-11-24",
    "price" : 1132.50,
    "dma50" : 1205.51,
    "dma100" : 1272.91,
    "dma200" : 1244.78,
    "volume" : 44842.00
  }, {
    "date" : "2025-11-25",
    "price" : 1125.80,
    "dma50" : 1202.38,
    "dma100" : 1270.73,
    "dma200" : 1243.59,
    "volume" : 47433.00
  }, {
    "date" : "2025-11-26",
    "price" : 1131.60,
    "dma50" : 1199.61,
    "dma100" : 1268.46,
    "dma200" : 1242.48,
    "volume" : 29891.00
  }, {
    "date" : "2025-11-27",
    "price" : 1121.80,
    "dma50" : 1196.56,
    "dma100" : 1266.04,
    "dma200" : 1241.28,
    "volume" : 28890.00
  }, {
    "date" : "2025-11-28",
    "price" : 1120.10,
    "dma50" : 1193.56,
    "dma100" : 1263.23,
    "dma200" : 1240.07,
    "volume" : 20263.00
  }, {
    "date" : "2025-12-01",
    "price" : 1110.90,
    "dma50" : 1190.32,
    "dma100" : 1260.50,
    "dma200" : 1238.79,
    "volume" : 28172.00
  }, {
    "date" : "2025-12-02",
    "price" : 1117.20,
    "dma50" : 1187.45,
    "dma100" : 1257.79,
    "dma200" : 1237.58,
    "volume" : 38188.00
  }, {
    "date" : "2025-12-03",
    "price" : 1094.00,
    "dma50" : 1183.78,
    "dma100" : 1254.83,
    "dma200" : 1236.15,
    "volume" : 31283.00
  }, {
    "date" : "2025-12-04",
    "price" : 1082.30,
    "dma50" : 1179.80,
    "dma100" : 1251.75,
    "dma200" : 1234.62,
    "volume" : 79748.00
  }, {
    "date" : "2025-12-05",
    "price" : 1084.50,
    "dma50" : 1176.07,
    "dma100" : 1248.92,
    "dma200" : 1233.12,
    "volume" : 72652.00
  }, {
    "date" : "2025-12-08",
    "price" : 1057.30,
    "dma50" : 1171.41,
    "dma100" : 1245.80,
    "dma200" : 1231.37,
    "volume" : 56707.00
  }, {
    "date" : "2025-12-09",
    "price" : 1044.50,
    "dma50" : 1166.43,
    "dma100" : 1242.39,
    "dma200" : 1229.51,
    "volume" : 148675.00
  } ],
  "latestTechnicalAttributes" : {
    "date" : "2025-12-09",
    "price" : 1044.50,
    "dma50" : 1166.43,
    "dma100" : 1242.39,
    "dma200" : 1229.51,
    "volume" : 148675.00
  },
  "quarterlyResults" : [ {
    "date" : "2005-03-31",
    "sales" : 341.70,
    "salesGrowthYoY" : null,
    "grossProfitMargin" : 52.36,
    "grossProfit" : 178.91,
    "operatingProfitMargin" : 13.39,
    "operatingProfit" : 45.75,
    "netProfitMargin" : 11.16,
    "netProfit" : 38.13
  }, {
    "date" : "2005-06-30",
    "sales" : 279.12,
    "salesGrowthYoY" : null,
    "grossProfitMargin" : 62.21,
    "grossProfit" : 173.64,
    "operatingProfitMargin" : 15.52,
    "operatingProfit" : 43.32,
    "netProfitMargin" : 8.33,
    "netProfit" : 23.25
  }, {
    "date" : "2005-09-30",
    "sales" : 260.59,
    "salesGrowthYoY" : null,
    "grossProfitMargin" : 58.46,
    "grossProfit" : 152.34,
    "operatingProfitMargin" : 10.22,
    "operatingProfit" : 26.63,
    "netProfitMargin" : 6.97,
    "netProfit" : 18.16
  }, {
    "date" : "2005-12-31",
    "sales" : 281.40,
    "salesGrowthYoY" : null,
    "grossProfitMargin" : 57.50,
    "grossProfit" : 161.80,
    "operatingProfitMargin" : 9.69,
    "operatingProfit" : 27.27,
    "netProfitMargin" : 6.12,
    "netProfit" : 17.22
  }, {
    "date" : "2006-03-31",
    "sales" : 394.06,
    "salesGrowthYoY" : 15.32,
    "grossProfitMargin" : 59.94,
    "grossProfit" : 236.20,
    "operatingProfitMargin" : 20.68,
    "operatingProfit" : 81.49,
    "netProfitMargin" : 17.04,
    "netProfit" : 67.15
  }, {
    "date" : "2006-06-30",
    "sales" : 348.88,
    "salesGrowthYoY" : 24.99,
    "grossProfitMargin" : 69.98,
    "grossProfit" : 244.15,
    "operatingProfitMargin" : 29.44,
    "operatingProfit" : 102.71,
    "netProfitMargin" : 17.87,
    "netProfit" : 62.34
  }, {
    "date" : "2006-09-30",
    "sales" : 364.69,
    "salesGrowthYoY" : 39.95,
    "grossProfitMargin" : 67.60,
    "grossProfit" : 246.53,
    "operatingProfitMargin" : 26.84,
    "operatingProfit" : 97.88,
    "netProfitMargin" : 18.52,
    "netProfit" : 67.54
  }, {
    "date" : "2006-12-31",
    "sales" : 409.28,
    "salesGrowthYoY" : 45.44,
    "grossProfitMargin" : 72.24,
    "grossProfit" : 295.66,
    "operatingProfitMargin" : 34.31,
    "operatingProfit" : 140.42,
    "netProfitMargin" : 23.25,
    "netProfit" : 95.16
  }, {
    "date" : "2007-03-31",
    "sales" : 444.06,
    "salesGrowthYoY" : 12.69,
    "grossProfitMargin" : 69.73,
    "grossProfit" : 309.64,
    "operatingProfitMargin" : 34.31,
    "operatingProfit" : 152.36,
    "netProfitMargin" : 22.79,
    "netProfit" : 101.20
  }, {
    "date" : "2007-06-30",
    "sales" : 409.25,
    "salesGrowthYoY" : 17.30,
    "grossProfitMargin" : 71.47,
    "grossProfit" : 292.49,
    "operatingProfitMargin" : 35.13,
    "operatingProfit" : 143.77,
    "netProfitMargin" : 23.82,
    "netProfit" : 97.48
  }, {
    "date" : "2007-09-30",
    "sales" : 393.98,
    "salesGrowthYoY" : 8.03,
    "grossProfitMargin" : 77.52,
    "grossProfit" : 305.41,
    "operatingProfitMargin" : 38.06,
    "operatingProfit" : 149.95,
    "netProfitMargin" : 26.18,
    "netProfit" : 103.14
  }, {
    "date" : "2007-12-31",
    "sales" : 432.86,
    "salesGrowthYoY" : 5.76,
    "grossProfitMargin" : 72.81,
    "grossProfit" : 315.17,
    "operatingProfitMargin" : 34.77,
    "operatingProfit" : 150.51,
    "netProfitMargin" : 24.58,
    "netProfit" : 106.40
  }, {
    "date" : "2008-03-31",
    "sales" : 492.88,
    "salesGrowthYoY" : 10.99,
    "grossProfitMargin" : 64.86,
    "grossProfit" : 319.68,
    "operatingProfitMargin" : 27.73,
    "operatingProfit" : 136.68,
    "netProfitMargin" : 17.56,
    "netProfit" : 86.55
  }, {
    "date" : "2008-06-30",
    "sales" : 397.27,
    "salesGrowthYoY" : -2.93,
    "grossProfitMargin" : 68.63,
    "grossProfit" : 272.65,
    "operatingProfitMargin" : 29.14,
    "operatingProfit" : 115.76,
    "netProfitMargin" : 23.11,
    "netProfit" : 91.81
  }, {
    "date" : "2008-09-30",
    "sales" : 374.14,
    "salesGrowthYoY" : -5.04,
    "grossProfitMargin" : 69.85,
    "grossProfit" : 261.34,
    "operatingProfitMargin" : 21.47,
    "operatingProfit" : 80.33,
    "netProfitMargin" : 15.96,
    "netProfit" : 59.71
  }, {
    "date" : "2008-12-31",
    "sales" : 456.24,
    "salesGrowthYoY" : 5.40,
    "grossProfitMargin" : 63.54,
    "grossProfit" : 289.89,
    "operatingProfitMargin" : 23.54,
    "operatingProfit" : 107.40,
    "netProfitMargin" : 17.84,
    "netProfit" : 81.39
  }, {
    "date" : "2009-03-31",
    "sales" : 581.94,
    "salesGrowthYoY" : 18.07,
    "grossProfitMargin" : 64.73,
    "grossProfit" : 376.69,
    "operatingProfitMargin" : 24.60,
    "operatingProfit" : 143.16,
    "netProfitMargin" : 15.57,
    "netProfit" : 90.61
  }, {
    "date" : "2009-06-30",
    "sales" : 497.56,
    "salesGrowthYoY" : 25.24,
    "grossProfitMargin" : 72.27,
    "grossProfit" : 359.59,
    "operatingProfitMargin" : 36.72,
    "operatingProfit" : 182.70,
    "netProfitMargin" : 31.22,
    "netProfit" : 155.34
  }, {
    "date" : "2009-09-30",
    "sales" : 510.10,
    "salesGrowthYoY" : 36.34,
    "grossProfitMargin" : 76.24,
    "grossProfit" : 388.90,
    "operatingProfitMargin" : 38.79,
    "operatingProfit" : 197.87,
    "netProfitMargin" : 29.81,
    "netProfit" : 152.06
  }, {
    "date" : "2009-12-31",
    "sales" : 564.08,
    "salesGrowthYoY" : 23.64,
    "grossProfitMargin" : 66.80,
    "grossProfit" : 376.81,
    "operatingProfitMargin" : 29.72,
    "operatingProfit" : 167.64,
    "netProfitMargin" : 19.91,
    "netProfit" : 112.31
  }, {
    "date" : "2010-03-31",
    "sales" : 626.70,
    "salesGrowthYoY" : 7.69,
    "grossProfitMargin" : 69.10,
    "grossProfit" : 433.05,
    "operatingProfitMargin" : 31.66,
    "operatingProfit" : 198.41,
    "netProfitMargin" : 21.94,
    "netProfit" : 137.50
  }, {
    "date" : "2010-06-30",
    "sales" : 580.90,
    "salesGrowthYoY" : 16.75,
    "grossProfitMargin" : 63.49,
    "grossProfit" : 368.81,
    "operatingProfitMargin" : 29.39,
    "operatingProfit" : 170.73,
    "netProfitMargin" : 20.36,
    "netProfit" : 118.27
  }, {
    "date" : "2010-09-30",
    "sales" : 491.95,
    "salesGrowthYoY" : -3.56,
    "grossProfitMargin" : 58.81,
    "grossProfit" : 289.32,
    "operatingProfitMargin" : 17.13,
    "operatingProfit" : 84.27,
    "netProfitMargin" : 14.02,
    "netProfit" : 68.97
  }, {
    "date" : "2010-12-31",
    "sales" : 488.63,
    "salesGrowthYoY" : -13.38,
    "grossProfitMargin" : 64.47,
    "grossProfit" : 315.02,
    "operatingProfitMargin" : 20.52,
    "operatingProfit" : 100.27,
    "netProfitMargin" : 14.24,
    "netProfit" : 69.58
  }, {
    "date" : "2011-03-31",
    "sales" : 602.76,
    "salesGrowthYoY" : -3.82,
    "grossProfitMargin" : 62.72,
    "grossProfit" : 378.05,
    "operatingProfitMargin" : 17.09,
    "operatingProfit" : 103.01,
    "netProfitMargin" : 10.46,
    "netProfit" : 63.05
  }, {
    "date" : "2011-06-30",
    "sales" : 563.95,
    "salesGrowthYoY" : -2.92,
    "grossProfitMargin" : 67.32,
    "grossProfit" : 379.65,
    "operatingProfitMargin" : 27.61,
    "operatingProfit" : 155.71,
    "netProfitMargin" : 19.84,
    "netProfit" : 111.89
  }, {
    "date" : "2011-09-30",
    "sales" : 519.57,
    "salesGrowthYoY" : 5.61,
    "grossProfitMargin" : 55.14,
    "grossProfit" : 286.49,
    "operatingProfitMargin" : 6.63,
    "operatingProfit" : 34.45,
    "netProfitMargin" : 5.03,
    "netProfit" : 26.13
  }, {
    "date" : "2011-12-31",
    "sales" : 543.54,
    "salesGrowthYoY" : 11.24,
    "grossProfitMargin" : 58.45,
    "grossProfit" : 317.70,
    "operatingProfitMargin" : 13.31,
    "operatingProfit" : 72.35,
    "netProfitMargin" : 8.04,
    "netProfit" : 43.70
  }, {
    "date" : "2012-03-31",
    "sales" : 659.84,
    "salesGrowthYoY" : 9.47,
    "grossProfitMargin" : 55.09,
    "grossProfit" : 363.51,
    "operatingProfitMargin" : 13.63,
    "operatingProfit" : 89.94,
    "netProfitMargin" : 8.71,
    "netProfit" : 57.47
  }, {
    "date" : "2012-06-30",
    "sales" : 668.21,
    "salesGrowthYoY" : 18.49,
    "grossProfitMargin" : 64.08,
    "grossProfit" : 428.19,
    "operatingProfitMargin" : 20.35,
    "operatingProfit" : 135.98,
    "netProfitMargin" : 12.68,
    "netProfit" : 84.73
  }, {
    "date" : "2012-09-30",
    "sales" : 636.12,
    "salesGrowthYoY" : 22.43,
    "grossProfitMargin" : 60.86,
    "grossProfit" : 387.14,
    "operatingProfitMargin" : 18.69,
    "operatingProfit" : 118.89,
    "netProfitMargin" : 12.61,
    "netProfit" : 80.21
  }, {
    "date" : "2012-12-31",
    "sales" : 620.60,
    "salesGrowthYoY" : 14.18,
    "grossProfitMargin" : 57.11,
    "grossProfit" : 354.42,
    "operatingProfitMargin" : 9.58,
    "operatingProfit" : 59.45,
    "netProfitMargin" : 5.19,
    "netProfit" : 32.21
  }, {
    "date" : "2013-03-31",
    "sales" : 678.03,
    "salesGrowthYoY" : 2.76,
    "grossProfitMargin" : 61.40,
    "grossProfit" : 416.31,
    "operatingProfitMargin" : 11.58,
    "operatingProfit" : 78.52,
    "netProfitMargin" : 10.71,
    "netProfit" : 72.62
  }, {
    "date" : "2013-06-30",
    "sales" : 783.17,
    "salesGrowthYoY" : 17.20,
    "grossProfitMargin" : 56.92,
    "grossProfit" : 445.78,
    "operatingProfitMargin" : 9.96,
    "operatingProfit" : 78.00,
    "netProfitMargin" : 5.87,
    "netProfit" : 45.97
  }, {
    "date" : "2013-09-30",
    "sales" : 720.99,
    "salesGrowthYoY" : 13.34,
    "grossProfitMargin" : 55.73,
    "grossProfit" : 401.81,
    "operatingProfitMargin" : 9.54,
    "operatingProfit" : 68.78,
    "netProfitMargin" : 5.77,
    "netProfit" : 41.60
  }, {
    "date" : "2013-12-31",
    "sales" : 718.71,
    "salesGrowthYoY" : 15.81,
    "grossProfitMargin" : 55.08,
    "grossProfit" : 395.87,
    "operatingProfitMargin" : 5.39,
    "operatingProfit" : 38.74,
    "netProfitMargin" : 2.22,
    "netProfit" : 15.96
  }, {
    "date" : "2014-03-31",
    "sales" : 793.48,
    "salesGrowthYoY" : 17.03,
    "grossProfitMargin" : 59.44,
    "grossProfit" : 471.64,
    "operatingProfitMargin" : 8.94,
    "operatingProfit" : 70.94,
    "netProfitMargin" : 4.11,
    "netProfit" : 32.61
  }, {
    "date" : "2014-06-30",
    "sales" : 874.82,
    "salesGrowthYoY" : 11.70,
    "grossProfitMargin" : 62.62,
    "grossProfit" : 547.81,
    "operatingProfitMargin" : 16.44,
    "operatingProfit" : 143.82,
    "netProfitMargin" : 11.38,
    "netProfit" : 99.55
  }, {
    "date" : "2014-09-30",
    "sales" : 781.11,
    "salesGrowthYoY" : 8.34,
    "grossProfitMargin" : 60.18,
    "grossProfit" : 470.07,
    "operatingProfitMargin" : 9.22,
    "operatingProfit" : 72.02,
    "netProfitMargin" : 4.16,
    "netProfit" : 32.49
  }, {
    "date" : "2014-12-31",
    "sales" : 756.81,
    "salesGrowthYoY" : 5.30,
    "grossProfitMargin" : 55.55,
    "grossProfit" : 420.41,
    "operatingProfitMargin" : 5.25,
    "operatingProfit" : 39.73,
    "netProfitMargin" : 1.98,
    "netProfit" : 14.98
  }, {
    "date" : "2015-03-31",
    "sales" : 797.15,
    "salesGrowthYoY" : 0.46,
    "grossProfitMargin" : 54.14,
    "grossProfit" : 431.58,
    "operatingProfitMargin" : 5.78,
    "operatingProfit" : 46.08,
    "netProfitMargin" : 4.87,
    "netProfit" : 38.82
  }, {
    "date" : "2015-06-30",
    "sales" : 780.23,
    "salesGrowthYoY" : -10.81,
    "grossProfitMargin" : 57.34,
    "grossProfit" : 447.38,
    "operatingProfitMargin" : 7.66,
    "operatingProfit" : 59.77,
    "netProfitMargin" : 4.69,
    "netProfit" : 36.59
  }, {
    "date" : "2015-09-30",
    "sales" : 806.77,
    "salesGrowthYoY" : 3.29,
    "grossProfitMargin" : 56.04,
    "grossProfit" : 452.11,
    "operatingProfitMargin" : 8.04,
    "operatingProfit" : 64.86,
    "netProfitMargin" : 5.36,
    "netProfit" : 43.24
  }, {
    "date" : "2015-12-31",
    "sales" : 799.89,
    "salesGrowthYoY" : 5.69,
    "grossProfitMargin" : 56.24,
    "grossProfit" : 449.86,
    "operatingProfitMargin" : 7.32,
    "operatingProfit" : 58.55,
    "netProfitMargin" : 2.40,
    "netProfit" : 19.20
  }, {
    "date" : "2016-03-31",
    "sales" : 881.28,
    "salesGrowthYoY" : 10.55,
    "grossProfitMargin" : 61.16,
    "grossProfit" : 538.99,
    "operatingProfitMargin" : 11.65,
    "operatingProfit" : 102.67,
    "netProfitMargin" : 10.01,
    "netProfit" : 88.22
  }, {
    "date" : "2016-06-30",
    "sales" : 906.58,
    "salesGrowthYoY" : 16.19,
    "grossProfitMargin" : 62.10,
    "grossProfit" : 562.99,
    "operatingProfitMargin" : 15.16,
    "operatingProfit" : 137.44,
    "netProfitMargin" : 10.41,
    "netProfit" : 94.37
  }, {
    "date" : "2016-09-30",
    "sales" : 777.51,
    "salesGrowthYoY" : -3.63,
    "grossProfitMargin" : 60.85,
    "grossProfit" : 473.11,
    "operatingProfitMargin" : 10.41,
    "operatingProfit" : 80.94,
    "netProfitMargin" : 7.52,
    "netProfit" : 58.47
  }, {
    "date" : "2016-12-31",
    "sales" : 744.99,
    "salesGrowthYoY" : -6.86,
    "grossProfitMargin" : 58.09,
    "grossProfit" : 432.76,
    "operatingProfitMargin" : 7.78,
    "operatingProfit" : 57.96,
    "netProfitMargin" : 0.28,
    "netProfit" : 2.09
  }, {
    "date" : "2017-03-31",
    "sales" : 916.04,
    "salesGrowthYoY" : 3.94,
    "grossProfitMargin" : 58.67,
    "grossProfit" : 537.44,
    "operatingProfitMargin" : 10.40,
    "operatingProfit" : 95.27,
    "netProfitMargin" : 7.20,
    "netProfit" : 65.95
  }, {
    "date" : "2017-06-30",
    "sales" : 966.18,
    "salesGrowthYoY" : 6.57,
    "grossProfitMargin" : 59.14,
    "grossProfit" : 571.40,
    "operatingProfitMargin" : 10.76,
    "operatingProfit" : 103.96,
    "netProfitMargin" : 3.91,
    "netProfit" : 37.78
  }, {
    "date" : "2017-09-30",
    "sales" : 795.14,
    "salesGrowthYoY" : 2.27,
    "grossProfitMargin" : 59.11,
    "grossProfit" : 470.01,
    "operatingProfitMargin" : 9.61,
    "operatingProfit" : 76.41,
    "netProfitMargin" : 0.55,
    "netProfit" : 4.37
  }, {
    "date" : "2017-12-31",
    "sales" : 893.04,
    "salesGrowthYoY" : 19.87,
    "grossProfitMargin" : 58.78,
    "grossProfit" : 524.93,
    "operatingProfitMargin" : 4.28,
    "operatingProfit" : 38.22,
    "netProfitMargin" : -2.75,
    "netProfit" : -24.56
  }, {
    "date" : "2018-03-31",
    "sales" : 1066.90,
    "salesGrowthYoY" : 16.47,
    "grossProfitMargin" : 58.95,
    "grossProfit" : 628.94,
    "operatingProfitMargin" : 11.76,
    "operatingProfit" : 125.47,
    "netProfitMargin" : 10.07,
    "netProfit" : 107.44
  }, {
    "date" : "2018-06-30",
    "sales" : 1094.13,
    "salesGrowthYoY" : 13.24,
    "grossProfitMargin" : 58.14,
    "grossProfit" : 636.13,
    "operatingProfitMargin" : 10.44,
    "operatingProfit" : 114.23,
    "netProfitMargin" : 3.79,
    "netProfit" : 41.47
  }, {
    "date" : "2018-09-30",
    "sales" : 975.63,
    "salesGrowthYoY" : 22.70,
    "grossProfitMargin" : 54.88,
    "grossProfit" : 535.43,
    "operatingProfitMargin" : 6.16,
    "operatingProfit" : 60.10,
    "netProfitMargin" : 0.19,
    "netProfit" : 1.85
  }, {
    "date" : "2018-12-31",
    "sales" : 1086.80,
    "salesGrowthYoY" : 21.70,
    "grossProfitMargin" : 52.42,
    "grossProfit" : 569.70,
    "operatingProfitMargin" : 8.29,
    "operatingProfit" : 90.10,
    "netProfitMargin" : 0.64,
    "netProfit" : 6.96
  }, {
    "date" : "2019-03-31",
    "sales" : 1267.02,
    "salesGrowthYoY" : 18.76,
    "grossProfitMargin" : 58.04,
    "grossProfit" : 735.38,
    "operatingProfitMargin" : 11.14,
    "operatingProfit" : 141.15,
    "netProfitMargin" : 6.90,
    "netProfit" : 87.42
  }, {
    "date" : "2019-06-30",
    "sales" : 1298.07,
    "salesGrowthYoY" : 18.64,
    "grossProfitMargin" : 59.39,
    "grossProfit" : 770.92,
    "operatingProfitMargin" : 15.68,
    "operatingProfit" : 203.54,
    "netProfitMargin" : 7.87,
    "netProfit" : 102.16
  }, {
    "date" : "2019-09-30",
    "sales" : 1144.57,
    "salesGrowthYoY" : 17.32,
    "grossProfitMargin" : 58.25,
    "grossProfit" : 666.71,
    "operatingProfitMargin" : 13.80,
    "operatingProfit" : 157.95,
    "netProfitMargin" : 5.92,
    "netProfit" : 67.76
  }, {
    "date" : "2019-12-31",
    "sales" : 1158.99,
    "salesGrowthYoY" : 6.64,
    "grossProfitMargin" : 57.29,
    "grossProfit" : 663.99,
    "operatingProfitMargin" : 12.43,
    "operatingProfit" : 144.06,
    "netProfitMargin" : 4.70,
    "netProfit" : 54.47
  }, {
    "date" : "2020-03-31",
    "sales" : 1144.97,
    "salesGrowthYoY" : -9.63,
    "grossProfitMargin" : 60.55,
    "grossProfit" : 693.28,
    "operatingProfitMargin" : 14.81,
    "operatingProfit" : 169.57,
    "netProfitMargin" : 7.98,
    "netProfit" : 91.37
  }, {
    "date" : "2020-06-30",
    "sales" : 774.12,
    "salesGrowthYoY" : -40.36,
    "grossProfitMargin" : 56.36,
    "grossProfit" : 436.29,
    "operatingProfitMargin" : 12.07,
    "operatingProfit" : 93.44,
    "netProfitMargin" : 3.61,
    "netProfit" : 27.95
  }, {
    "date" : "2020-09-30",
    "sales" : 1091.62,
    "salesGrowthYoY" : -4.63,
    "grossProfitMargin" : 61.23,
    "grossProfit" : 668.40,
    "operatingProfitMargin" : 15.94,
    "operatingProfit" : 174.00,
    "netProfitMargin" : 7.68,
    "netProfit" : 83.84
  }, {
    "date" : "2020-12-31",
    "sales" : 1184.42,
    "salesGrowthYoY" : 2.19,
    "grossProfitMargin" : 60.27,
    "grossProfit" : 713.85,
    "operatingProfitMargin" : 13.02,
    "operatingProfit" : 154.21,
    "netProfitMargin" : 7.49,
    "netProfit" : 88.71
  }, {
    "date" : "2021-03-31",
    "sales" : 1391.99,
    "salesGrowthYoY" : 21.57,
    "grossProfitMargin" : 56.50,
    "grossProfit" : 786.47,
    "operatingProfitMargin" : 13.51,
    "operatingProfit" : 188.06,
    "netProfitMargin" : 16.38,
    "netProfit" : 228.01
  }, {
    "date" : "2021-06-30",
    "sales" : 1135.05,
    "salesGrowthYoY" : 46.62,
    "grossProfitMargin" : 60.62,
    "grossProfit" : 688.07,
    "operatingProfitMargin" : 14.69,
    "operatingProfit" : 166.74,
    "netProfitMargin" : 6.85,
    "netProfit" : 77.75
  }, {
    "date" : "2021-09-30",
    "sales" : 1085.04,
    "salesGrowthYoY" : -0.60,
    "grossProfitMargin" : 57.57,
    "grossProfit" : 624.66,
    "operatingProfitMargin" : 10.31,
    "operatingProfit" : 111.87,
    "netProfitMargin" : 3.85,
    "netProfit" : 41.77
  }, {
    "date" : "2021-12-31",
    "sales" : 1116.58,
    "salesGrowthYoY" : -5.73,
    "grossProfitMargin" : 54.37,
    "grossProfit" : 607.08,
    "operatingProfitMargin" : 7.27,
    "operatingProfit" : 81.18,
    "netProfitMargin" : 1.86,
    "netProfit" : 20.77
  }, {
    "date" : "2022-03-31",
    "sales" : 1454.26,
    "salesGrowthYoY" : 4.47,
    "grossProfitMargin" : 52.65,
    "grossProfit" : 765.67,
    "operatingProfitMargin" : 8.74,
    "operatingProfit" : 127.10,
    "netProfitMargin" : 5.84,
    "netProfit" : 84.93
  }, {
    "date" : "2022-06-30",
    "sales" : 1364.68,
    "salesGrowthYoY" : 20.23,
    "grossProfitMargin" : 53.50,
    "grossProfit" : 730.10,
    "operatingProfitMargin" : 6.70,
    "operatingProfit" : 91.43,
    "netProfitMargin" : 2.69,
    "netProfit" : 36.71
  }, {
    "date" : "2022-09-30",
    "sales" : 1262.78,
    "salesGrowthYoY" : 16.38,
    "grossProfitMargin" : 48.13,
    "grossProfit" : 607.78,
    "operatingProfitMargin" : 0.04,
    "operatingProfit" : 0.51,
    "netProfitMargin" : -1.35,
    "netProfit" : -17.05
  }, {
    "date" : "2022-12-31",
    "sales" : 1284.55,
    "salesGrowthYoY" : 15.04,
    "grossProfitMargin" : 52.74,
    "grossProfit" : 677.47,
    "operatingProfitMargin" : 5.83,
    "operatingProfit" : 74.89,
    "netProfitMargin" : 0.55,
    "netProfit" : 7.07
  }, {
    "date" : "2023-03-31",
    "sales" : 1529.18,
    "salesGrowthYoY" : 5.15,
    "grossProfitMargin" : 48.29,
    "grossProfit" : 738.44,
    "operatingProfitMargin" : 6.48,
    "operatingProfit" : 99.09,
    "netProfitMargin" : 2.73,
    "netProfit" : 41.75
  }, {
    "date" : "2023-06-30",
    "sales" : 1464.57,
    "salesGrowthYoY" : 7.32,
    "grossProfitMargin" : 51.66,
    "grossProfit" : 756.60,
    "operatingProfitMargin" : 8.07,
    "operatingProfit" : 118.19,
    "netProfitMargin" : 2.77,
    "netProfit" : 40.57
  }, {
    "date" : "2023-09-30",
    "sales" : 1417.66,
    "salesGrowthYoY" : 12.27,
    "grossProfitMargin" : 52.45,
    "grossProfit" : 743.56,
    "operatingProfitMargin" : 9.15,
    "operatingProfit" : 129.72,
    "netProfitMargin" : 3.34,
    "netProfit" : 47.35
  }, {
    "date" : "2023-12-31",
    "sales" : 1331.64,
    "salesGrowthYoY" : 3.67,
    "grossProfitMargin" : 55.25,
    "grossProfit" : 735.73,
    "operatingProfitMargin" : 10.86,
    "operatingProfit" : 144.62,
    "netProfitMargin" : 3.85,
    "netProfit" : 51.27
  }, {
    "date" : "2024-03-31",
    "sales" : 1482.88,
    "salesGrowthYoY" : -3.03,
    "grossProfitMargin" : 54.03,
    "grossProfit" : 801.20,
    "operatingProfitMargin" : 10.18,
    "operatingProfit" : 150.96,
    "netProfitMargin" : 3.72,
    "netProfit" : 55.16
  }, {
    "date" : "2024-06-30",
    "sales" : 1214.68,
    "salesGrowthYoY" : -17.06,
    "grossProfitMargin" : 53.91,
    "grossProfit" : 654.83,
    "operatingProfitMargin" : 4.34,
    "operatingProfit" : 52.72,
    "netProfitMargin" : -0.75,
    "netProfit" : -9.11
  }, {
    "date" : "2024-09-30",
    "sales" : 1126.31,
    "salesGrowthYoY" : -20.55,
    "grossProfitMargin" : 54.25,
    "grossProfit" : 611.02,
    "operatingProfitMargin" : 3.94,
    "operatingProfit" : 44.38,
    "netProfitMargin" : -1.48,
    "netProfit" : -16.67
  }, {
    "date" : "2024-12-31",
    "sales" : 1281.92,
    "salesGrowthYoY" : -3.73,
    "grossProfitMargin" : 53.44,
    "grossProfit" : 685.06,
    "operatingProfitMargin" : 5.25,
    "operatingProfit" : 67.30,
    "netProfitMargin" : 0.06,
    "netProfit" : 0.77
  }, {
    "date" : "2025-03-31",
    "sales" : 1588.77,
    "salesGrowthYoY" : 7.14,
    "grossProfitMargin" : 56.71,
    "grossProfit" : 900.99,
    "operatingProfitMargin" : 14.61,
    "operatingProfit" : 232.12,
    "netProfitMargin" : 9.71,
    "netProfit" : 154.27
  }, {
    "date" : "2025-06-30",
    "sales" : 1428.89,
    "salesGrowthYoY" : 17.64,
    "grossProfitMargin" : 57.21,
    "grossProfit" : 817.47,
    "operatingProfitMargin" : 11.79,
    "operatingProfit" : 168.47,
    "netProfitMargin" : 5.45,
    "netProfit" : 77.87
  }, {
    "date" : "2025-09-30",
    "sales" : 1229.40,
    "salesGrowthYoY" : 9.15,
    "grossProfitMargin" : 58.98,
    "grossProfit" : 725.10,
    "operatingProfitMargin" : 10.52,
    "operatingProfit" : 129.33,
    "netProfitMargin" : 4.32,
    "netProfit" : 53.11
  } ],
  "latestQuarterlyResult" : {
    "date" : "2025-09-30",
    "sales" : 1229.40,
    "salesGrowthYoY" : 9.15,
    "grossProfitMargin" : 58.98,
    "grossProfit" : 725.10,
    "operatingProfitMargin" : 10.52,
    "operatingProfit" : 129.33,
    "netProfitMargin" : 4.32,
    "netProfit" : 53.11
  },
  "companyScore" : {
    "priceHigherThanDma50" : 0.00,
    "priceHigherThanDma100" : 0.00,
    "priceHigherThanDma200" : 0.00,
    "dma50HigherThanDma100" : 0.00,
    "dma50HigherThanDma200" : 0.00,
    "dma100HigherThanDma200" : 5.00,
    "pricePercentageAboveDma50" : 5.52,
    "pricePercentageAboveDma100" : 5.80,
    "pricePercentageAboveDma200" : 5.75,
    "weeklyVolumeHigherThanYearlyVolume" : 0.00,
    "salesGrowthPercentile" : 11.38,
    "operatingProfitMarginPercentile" : 8.67,
    "netProfitMarginPercentile" : 3.25,
    "totalTechnicalScore" : 22.07,
    "totalFundamentalScore" : 23.31,
    "totalScore" : 45.38
  }
}