{
  "metadata" : {
    "screenerCompanyId" : "1377",
    "companyCode" : "BIRLANU",
    "companyName" : "BirlaNu Ltd",
    "screenerCompanyLink" : "https://www.screener.in/company/BIRLANU",
    "screenerTechnicalHistoryLink" : "https://www.screener.in/api/company/1377/chart/?q=Price-DMA50-DMA200-Volume&days=365",
    "screenerQuarterlyResultsLink" : "https://www.screener.in/api/company/1377/chart/?q=GPM-OPM-NPM-Quarter+Sales&days=10000",
    "attributes" : {
      "companyCode" : "BIRLANU",
      "companyName" : "BirlaNu Ltd",
      "marketCap" : 1251.00,
      "peRatio" : 97.10,
      "description" : "HIL Limited (HIL) is a part of the C.K. Birla Group and is headquartered in Hyderabad. It is one of the leading Companies in the building materials and construction industry with robust product pipeline and wide range. The company manufactures asbestos FC sheets, coloured steel sheets, non-asbestos corrugated roofing sheets, new generation building products like autoclaved aerated concrete (AAC) blocks (light bricks) that are used for walls in building constructions and aerocon panels and boards that are used as partition in residential and commercial buildings. [1]"
    },
    "companyScore" : {
      "priceHigherThanDma50" : 0.00,
      "priceHigherThanDma100" : 0.00,
      "priceHigherThanDma200" : 0.00,
      "dma50HigherThanDma100" : 0.00,
      "dma50HigherThanDma200" : 0.00,
      "dma100HigherThanDma200" : 0.00,
      "pricePercentageAboveDma50" : 5.49,
      "pricePercentageAboveDma100" : 5.79,
      "pricePercentageAboveDma200" : 5.96,
      "weeklyVolumeHigherThanYearlyVolume" : 0.00,
      "salesGrowthPercentile" : 5.59,
      "operatingProfitMarginPercentile" : 13.27,
      "netProfitMarginPercentile" : 7.02,
      "totalTechnicalScore" : 17.24,
      "totalFundamentalScore" : 25.88,
      "totalScore" : 43.12
    }
  },
  "attributes" : {
    "companyCode" : "BIRLANU",
    "companyName" : "BirlaNu Ltd",
    "marketCap" : 1251.00,
    "peRatio" : 97.10,
    "description" : "HIL Limited (HIL) is a part of the C.K. Birla Group and is headquartered in Hyderabad. It is one of the leading Companies in the building materials and construction industry with robust product pipeline and wide range. The company manufactures asbestos FC sheets, coloured steel sheets, non-asbestos corrugated roofing sheets, new generation building products like autoclaved aerated concrete (AAC) blocks (light bricks) that are used for walls in building constructions and aerocon panels and boards that are used as partition in residential and commercial buildings. [1]"
  },
  "technicalHistory" : [ {
    "date" : "2024-12-02",
    "price" : 2535.40,
    "dma50" : 2668.65,
    "dma100" : null,
    "dma200" : 2774.95,
    "volume" : 5914.00
  }, {
    "date" : "2024-12-03",
    "price" : 2606.80,
    "dma50" : 2666.23,
    "dma100" : null,
    "dma200" : 2773.28,
    "volume" : 13809.00
  }, {
    "date" : "2024-12-04",
    "price" : 2573.65,
    "dma50" : 2662.59,
    "dma100" : null,
    "dma200" : 2771.29,
    "volume" : 9899.00
  }, {
    "date" : "2024-12-05",
    "price" : 2568.90,
    "dma50" : 2658.92,
    "dma100" : null,
    "dma200" : 2769.28,
    "volume" : 5572.00
  }, {
    "date" : "2024-12-06",
    "price" : 2606.20,
    "dma50" : 2656.85,
    "dma100" : null,
    "dma200" : 2767.65,
    "volume" : 5547.00
  }, {
    "date" : "2024-12-09",
    "price" : 2600.00,
    "dma50" : 2654.62,
    "dma100" : null,
    "dma200" : 2765.98,
    "volume" : 5622.00
  }, {
    "date" : "2024-12-10",
    "price" : 2577.40,
    "dma50" : 2651.60,
    "dma100" : null,
    "dma200" : 2764.11,
    "volume" : 4908.00
  }, {
    "date" : "2024-12-11",
    "price" : 2597.45,
    "dma50" : 2649.47,
    "dma100" : null,
    "dma200" : 2762.45,
    "volume" : 10042.00
  }, {
    "date" : "2024-12-12",
    "price" : 2552.15,
    "dma50" : 2645.66,
    "dma100" : null,
    "dma200" : 2760.36,
    "volume" : 7419.00
  }, {
    "date" : "2024-12-13",
    "price" : 2560.05,
    "dma50" : 2642.30,
    "dma100" : null,
    "dma200" : 2758.36,
    "volume" : 5497.00
  }, {
    "date" : "2024-12-16",
    "price" : 2595.00,
    "dma50" : 2640.44,
    "dma100" : null,
    "dma200" : 2756.74,
    "volume" : 4735.00
  }, {
    "date" : "2024-12-17",
    "price" : 2539.40,
    "dma50" : 2636.48,
    "dma100" : null,
    "dma200" : 2754.58,
    "volume" : 10109.00
  }, {
    "date" : "2024-12-18",
    "price" : 2516.65,
    "dma50" : 2631.78,
    "dma100" : null,
    "dma200" : 2752.21,
    "volume" : 6589.00
  }, {
    "date" : "2024-12-19",
    "price" : 2510.25,
    "dma50" : 2627.02,
    "dma100" : null,
    "dma200" : 2749.80,
    "volume" : 4351.00
  }, {
    "date" : "2024-12-20",
    "price" : 2463.20,
    "dma50" : 2620.59,
    "dma100" : null,
    "dma200" : 2746.95,
    "volume" : 5506.00
  }, {
    "date" : "2024-12-23",
    "price" : 2526.10,
    "dma50" : 2616.89,
    "dma100" : null,
    "dma200" : 2744.75,
    "volume" : 6447.00
  }, {
    "date" : "2024-12-24",
    "price" : 2502.10,
    "dma50" : 2612.38,
    "dma100" : null,
    "dma200" : 2742.34,
    "volume" : 6512.00
  }, {
    "date" : "2024-12-26",
    "price" : 2501.05,
    "dma50" : 2608.02,
    "dma100" : null,
    "dma200" : 2739.94,
    "volume" : 2508.00
  }, {
    "date" : "2024-12-27",
    "price" : 2485.00,
    "dma50" : 2603.19,
    "dma100" : null,
    "dma200" : 2737.40,
    "volume" : 3555.00
  }, {
    "date" : "2024-12-30",
    "price" : 2471.55,
    "dma50" : 2598.03,
    "dma100" : null,
    "dma200" : 2734.75,
    "volume" : 3475.00
  }, {
    "date" : "2024-12-31",
    "price" : 2499.40,
    "dma50" : 2594.16,
    "dma100" : null,
    "dma200" : 2732.41,
    "volume" : 3114.00
  }, {
    "date" : "2025-01-01",
    "price" : 2492.85,
    "dma50" : 2590.19,
    "dma100" : null,
    "dma200" : 2730.03,
    "volume" : 4545.00
  }, {
    "date" : "2025-01-02",
    "price" : 2512.40,
    "dma50" : 2587.14,
    "dma100" : null,
    "dma200" : 2727.86,
    "volume" : 6033.00
  }, {
    "date" : "2025-01-03",
    "price" : 2534.50,
    "dma50" : 2585.08,
    "dma100" : null,
    "dma200" : 2725.94,
    "volume" : 4171.00
  }, {
    "date" : "2025-01-06",
    "price" : 2460.75,
    "dma50" : 2580.20,
    "dma100" : null,
    "dma200" : 2723.30,
    "volume" : 10681.00
  }, {
    "date" : "2025-01-07",
    "price" : 2481.90,
    "dma50" : 2576.35,
    "dma100" : null,
    "dma200" : 2720.90,
    "volume" : 3934.00
  }, {
    "date" : "2025-01-08",
    "price" : 2451.65,
    "dma50" : 2571.46,
    "dma100" : null,
    "dma200" : 2718.22,
    "volume" : 7945.00
  }, {
    "date" : "2025-01-09",
    "price" : 2447.20,
    "dma50" : 2566.58,
    "dma100" : null,
    "dma200" : 2715.52,
    "volume" : 7126.00
  }, {
    "date" : "2025-01-10",
    "price" : 2378.15,
    "dma50" : 2559.19,
    "dma100" : null,
    "dma200" : 2712.17,
    "volume" : 10439.00
  }, {
    "date" : "2025-01-13",
    "price" : 2281.50,
    "dma50" : 2548.30,
    "dma100" : null,
    "dma200" : 2707.88,
    "volume" : 14520.00
  }, {
    "date" : "2025-01-14",
    "price" : 2240.50,
    "dma50" : 2536.23,
    "dma100" : null,
    "dma200" : 2703.23,
    "volume" : 17166.00
  }, {
    "date" : "2025-01-15",
    "price" : 2206.45,
    "dma50" : 2523.30,
    "dma100" : null,
    "dma200" : 2698.29,
    "volume" : 12721.00
  }, {
    "date" : "2025-01-16",
    "price" : 2201.05,
    "dma50" : 2510.66,
    "dma100" : null,
    "dma200" : 2693.34,
    "volume" : 25098.00
  }, {
    "date" : "2025-01-17",
    "price" : 2216.90,
    "dma50" : 2499.14,
    "dma100" : null,
    "dma200" : 2688.60,
    "volume" : 9502.00
  }, {
    "date" : "2025-01-20",
    "price" : 2206.95,
    "dma50" : 2487.68,
    "dma100" : null,
    "dma200" : 2683.81,
    "volume" : 8702.00
  }, {
    "date" : "2025-01-21",
    "price" : 2212.85,
    "dma50" : 2476.91,
    "dma100" : null,
    "dma200" : 2679.12,
    "volume" : 13198.00
  }, {
    "date" : "2025-01-22",
    "price" : 2146.90,
    "dma50" : 2463.96,
    "dma100" : null,
    "dma200" : 2673.82,
    "volume" : 18798.00
  }, {
    "date" : "2025-01-23",
    "price" : 2111.95,
    "dma50" : 2450.16,
    "dma100" : null,
    "dma200" : 2668.23,
    "volume" : 17214.00
  }, {
    "date" : "2025-01-24",
    "price" : 2111.50,
    "dma50" : 2436.88,
    "dma100" : null,
    "dma200" : 2662.69,
    "volume" : 11645.00
  }, {
    "date" : "2025-01-27",
    "price" : 2036.20,
    "dma50" : 2421.17,
    "dma100" : null,
    "dma200" : 2656.46,
    "volume" : 11986.00
  }, {
    "date" : "2025-01-28",
    "price" : 2015.45,
    "dma50" : 2405.26,
    "dma100" : null,
    "dma200" : 2650.08,
    "volume" : 26330.00
  }, {
    "date" : "2025-01-29",
    "price" : 2069.20,
    "dma50" : 2392.08,
    "dma100" : null,
    "dma200" : 2644.30,
    "volume" : 11074.00
  }, {
    "date" : "2025-01-30",
    "price" : 2044.15,
    "dma50" : 2378.43,
    "dma100" : null,
    "dma200" : 2638.33,
    "volume" : 19928.00
  }, {
    "date" : "2025-01-31",
    "price" : 1999.50,
    "dma50" : 2363.57,
    "dma100" : null,
    "dma200" : 2631.97,
    "volume" : 21313.00
  }, {
    "date" : "2025-02-01",
    "price" : 2006.10,
    "dma50" : 2349.55,
    "dma100" : null,
    "dma200" : 2625.75,
    "volume" : 10276.00
  }, {
    "date" : "2025-02-03",
    "price" : 1969.40,
    "dma50" : 2334.65,
    "dma100" : null,
    "dma200" : 2619.22,
    "volume" : 10782.00
  }, {
    "date" : "2025-02-04",
    "price" : 1994.90,
    "dma50" : 2321.32,
    "dma100" : null,
    "dma200" : 2613.00,
    "volume" : 16741.00
  }, {
    "date" : "2025-02-05",
    "price" : 1987.70,
    "dma50" : 2308.24,
    "dma100" : null,
    "dma200" : 2606.78,
    "volume" : 10393.00
  }, {
    "date" : "2025-02-06",
    "price" : 1966.75,
    "dma50" : 2294.85,
    "dma100" : null,
    "dma200" : 2600.41,
    "volume" : 14146.00
  }, {
    "date" : "2025-02-07",
    "price" : 1941.55,
    "dma50" : 2280.99,
    "dma100" : null,
    "dma200" : 2593.86,
    "volume" : 66280.00
  }, {
    "date" : "2025-02-10",
    "price" : 1978.50,
    "dma50" : 2269.13,
    "dma100" : null,
    "dma200" : 2587.73,
    "volume" : 15179.00
  }, {
    "date" : "2025-02-11",
    "price" : 1907.70,
    "dma50" : 2254.96,
    "dma100" : null,
    "dma200" : 2580.97,
    "volume" : 17612.00
  }, {
    "date" : "2025-02-12",
    "price" : 1891.25,
    "dma50" : 2240.69,
    "dma100" : null,
    "dma200" : 2574.11,
    "volume" : 14971.00
  }, {
    "date" : "2025-02-13",
    "price" : 1870.45,
    "dma50" : 2226.17,
    "dma100" : null,
    "dma200" : 2567.10,
    "volume" : 11817.00
  }, {
    "date" : "2025-02-14",
    "price" : 1858.80,
    "dma50" : 2211.77,
    "dma100" : null,
    "dma200" : 2560.06,
    "volume" : 25436.00
  }, {
    "date" : "2025-02-17",
    "price" : 1830.95,
    "dma50" : 2196.83,
    "dma100" : null,
    "dma200" : 2552.80,
    "volume" : 14697.00
  }, {
    "date" : "2025-02-18",
    "price" : 1812.90,
    "dma50" : 2181.78,
    "dma100" : null,
    "dma200" : 2545.44,
    "volume" : 13267.00
  }, {
    "date" : "2025-02-19",
    "price" : 1841.30,
    "dma50" : 2168.43,
    "dma100" : null,
    "dma200" : 2538.43,
    "volume" : 11520.00
  }, {
    "date" : "2025-02-20",
    "price" : 1837.80,
    "dma50" : 2155.46,
    "dma100" : null,
    "dma200" : 2531.46,
    "volume" : 6037.00
  }, {
    "date" : "2025-02-21",
    "price" : 1858.95,
    "dma50" : 2143.83,
    "dma100" : null,
    "dma200" : 2524.77,
    "volume" : 12978.00
  }, {
    "date" : "2025-02-24",
    "price" : 1815.30,
    "dma50" : 2130.95,
    "dma100" : null,
    "dma200" : 2517.71,
    "volume" : 7712.00
  }, {
    "date" : "2025-02-25",
    "price" : 1794.45,
    "dma50" : 2117.75,
    "dma100" : null,
    "dma200" : 2510.51,
    "volume" : 12905.00
  }, {
    "date" : "2025-02-27",
    "price" : 1789.85,
    "dma50" : 2104.89,
    "dma100" : null,
    "dma200" : 2503.34,
    "volume" : 24353.00
  }, {
    "date" : "2025-02-28",
    "price" : 1754.75,
    "dma50" : 2091.16,
    "dma100" : null,
    "dma200" : 2495.89,
    "volume" : 12676.00
  }, {
    "date" : "2025-03-03",
    "price" : 1733.65,
    "dma50" : 2077.14,
    "dma100" : null,
    "dma200" : 2488.31,
    "volume" : 23267.00
  }, {
    "date" : "2025-03-04",
    "price" : 1755.25,
    "dma50" : 2064.52,
    "dma100" : null,
    "dma200" : 2481.02,
    "volume" : 23151.00
  }, {
    "date" : "2025-03-05",
    "price" : 1760.40,
    "dma50" : 2052.59,
    "dma100" : null,
    "dma200" : 2473.84,
    "volume" : 59828.00
  }, {
    "date" : "2025-03-06",
    "price" : 1762.40,
    "dma50" : 2041.21,
    "dma100" : null,
    "dma200" : 2466.77,
    "volume" : 57160.00
  }, {
    "date" : "2025-03-07",
    "price" : 1888.35,
    "dma50" : 2035.22,
    "dma100" : null,
    "dma200" : 2461.01,
    "volume" : 40281.00
  }, {
    "date" : "2025-03-10",
    "price" : 1824.50,
    "dma50" : 2026.95,
    "dma100" : null,
    "dma200" : 2454.68,
    "volume" : 21557.00
  }, {
    "date" : "2025-03-11",
    "price" : 1834.95,
    "dma50" : 2019.42,
    "dma100" : null,
    "dma200" : 2448.51,
    "volume" : 20198.00
  }, {
    "date" : "2025-03-12",
    "price" : 1792.60,
    "dma50" : 2010.53,
    "dma100" : null,
    "dma200" : 2441.98,
    "volume" : 16013.00
  }, {
    "date" : "2025-03-13",
    "price" : 1784.00,
    "dma50" : 2001.65,
    "dma100" : null,
    "dma200" : 2435.44,
    "volume" : 58855.00
  }, {
    "date" : "2025-03-17",
    "price" : 1770.70,
    "dma50" : 1992.59,
    "dma100" : null,
    "dma200" : 2428.82,
    "volume" : 29744.00
  }, {
    "date" : "2025-03-18",
    "price" : 1756.95,
    "dma50" : 1983.35,
    "dma100" : null,
    "dma200" : 2422.14,
    "volume" : 22214.00
  }, {
    "date" : "2025-03-19",
    "price" : 1809.95,
    "dma50" : 1976.55,
    "dma100" : null,
    "dma200" : 2416.05,
    "volume" : 46342.00
  }, {
    "date" : "2025-03-20",
    "price" : 1828.60,
    "dma50" : 1970.75,
    "dma100" : null,
    "dma200" : 2410.20,
    "volume" : 47500.00
  }, {
    "date" : "2025-03-21",
    "price" : 1840.35,
    "dma50" : 1965.63,
    "dma100" : null,
    "dma200" : 2404.53,
    "volume" : 29954.00
  }, {
    "date" : "2025-03-24",
    "price" : 1856.20,
    "dma50" : 1961.34,
    "dma100" : null,
    "dma200" : 2399.07,
    "volume" : 32993.00
  }, {
    "date" : "2025-03-25",
    "price" : 1837.85,
    "dma50" : 1956.50,
    "dma100" : null,
    "dma200" : 2393.49,
    "volume" : 34116.00
  }, {
    "date" : "2025-03-26",
    "price" : 1835.25,
    "dma50" : 1951.74,
    "dma100" : null,
    "dma200" : 2387.94,
    "volume" : 34299.00
  }, {
    "date" : "2025-03-27",
    "price" : 1790.30,
    "dma50" : 1945.41,
    "dma100" : null,
    "dma200" : 2381.99,
    "volume" : 45123.00
  }, {
    "date" : "2025-03-28",
    "price" : 1804.65,
    "dma50" : 1939.89,
    "dma100" : null,
    "dma200" : 2376.24,
    "volume" : 21207.00
  }, {
    "date" : "2025-04-01",
    "price" : 1826.90,
    "dma50" : 1935.46,
    "dma100" : null,
    "dma200" : 2370.78,
    "volume" : 21582.00
  }, {
    "date" : "2025-04-02",
    "price" : 1810.30,
    "dma50" : 1930.55,
    "dma100" : null,
    "dma200" : 2365.20,
    "volume" : 12114.00
  }, {
    "date" : "2025-04-03",
    "price" : 1898.15,
    "dma50" : 1929.28,
    "dma100" : null,
    "dma200" : 2360.55,
    "volume" : 26015.00
  }, {
    "date" : "2025-04-04",
    "price" : 1869.75,
    "dma50" : 1926.95,
    "dma100" : null,
    "dma200" : 2355.67,
    "volume" : 31928.00
  }, {
    "date" : "2025-04-07",
    "price" : 1850.15,
    "dma50" : 1923.94,
    "dma100" : null,
    "dma200" : 2350.64,
    "volume" : 25261.00
  }, {
    "date" : "2025-04-08",
    "price" : 1845.05,
    "dma50" : 1920.84,
    "dma100" : null,
    "dma200" : 2345.61,
    "volume" : 8675.00
  }, {
    "date" : "2025-04-09",
    "price" : 1870.15,
    "dma50" : 1918.85,
    "dma100" : null,
    "dma200" : 2340.88,
    "volume" : 4170.00
  }, {
    "date" : "2025-04-11",
    "price" : 1846.90,
    "dma50" : 1916.03,
    "dma100" : null,
    "dma200" : 2335.96,
    "volume" : 13158.00
  }, {
    "date" : "2025-04-15",
    "price" : 1909.50,
    "dma50" : 1915.78,
    "dma100" : null,
    "dma200" : 2331.72,
    "volume" : 30544.00
  }, {
    "date" : "2025-04-16",
    "price" : 1893.00,
    "dma50" : 1914.88,
    "dma100" : null,
    "dma200" : 2327.35,
    "volume" : 12048.00
  }, {
    "date" : "2025-04-17",
    "price" : 1897.40,
    "dma50" : 1914.20,
    "dma100" : null,
    "dma200" : 2323.08,
    "volume" : 18176.00
  }, {
    "date" : "2025-04-21",
    "price" : 1879.90,
    "dma50" : 1912.85,
    "dma100" : null,
    "dma200" : 2318.67,
    "volume" : 13214.00
  }, {
    "date" : "2025-04-22",
    "price" : 1885.70,
    "dma50" : 1911.79,
    "dma100" : null,
    "dma200" : 2314.36,
    "volume" : 14000.00
  }, {
    "date" : "2025-04-23",
    "price" : 1896.70,
    "dma50" : 1911.20,
    "dma100" : null,
    "dma200" : 2310.20,
    "volume" : 10088.00
  }, {
    "date" : "2025-04-24",
    "price" : 1892.20,
    "dma50" : 1910.45,
    "dma100" : null,
    "dma200" : 2306.04,
    "volume" : 12581.00
  }, {
    "date" : "2025-04-25",
    "price" : 1856.00,
    "dma50" : 1908.32,
    "dma100" : null,
    "dma200" : 2301.57,
    "volume" : 12678.00
  }, {
    "date" : "2025-04-28",
    "price" : 1883.30,
    "dma50" : 1907.34,
    "dma100" : null,
    "dma200" : 2297.40,
    "volume" : 26809.00
  }, {
    "date" : "2025-04-29",
    "price" : 1896.60,
    "dma50" : 1906.91,
    "dma100" : 2083.97,
    "dma200" : 2293.42,
    "volume" : 22717.00
  }, {
    "date" : "2025-04-30",
    "price" : 1891.60,
    "dma50" : 1906.31,
    "dma100" : 2076.81,
    "dma200" : 2289.42,
    "volume" : 14644.00
  }, {
    "date" : "2025-05-02",
    "price" : 2067.80,
    "dma50" : 1912.65,
    "dma100" : 2071.76,
    "dma200" : 2287.21,
    "volume" : 126641.00
  }, {
    "date" : "2025-05-05",
    "price" : 2072.00,
    "dma50" : 1918.90,
    "dma100" : 2066.79,
    "dma200" : 2285.07,
    "volume" : 42570.00
  }, {
    "date" : "2025-05-06",
    "price" : 2040.20,
    "dma50" : 1923.65,
    "dma100" : 2061.13,
    "dma200" : 2282.63,
    "volume" : 23451.00
  }, {
    "date" : "2025-05-07",
    "price" : 2070.90,
    "dma50" : 1929.43,
    "dma100" : 2055.84,
    "dma200" : 2280.53,
    "volume" : 13805.00
  }, {
    "date" : "2025-05-08",
    "price" : 2072.90,
    "dma50" : 1935.05,
    "dma100" : 2050.79,
    "dma200" : 2278.46,
    "volume" : 22832.00
  }, {
    "date" : "2025-05-09",
    "price" : 2071.20,
    "dma50" : 1940.39,
    "dma100" : 2045.53,
    "dma200" : 2276.40,
    "volume" : 23637.00
  }, {
    "date" : "2025-05-12",
    "price" : 2148.50,
    "dma50" : 1948.55,
    "dma100" : 2041.49,
    "dma200" : 2275.13,
    "volume" : 15816.00
  }, {
    "date" : "2025-05-13",
    "price" : 2206.00,
    "dma50" : 1958.65,
    "dma100" : 2037.95,
    "dma200" : 2274.44,
    "volume" : 16009.00
  }, {
    "date" : "2025-05-14",
    "price" : 2308.70,
    "dma50" : 1972.38,
    "dma100" : 2035.09,
    "dma200" : 2274.78,
    "volume" : 23596.00
  }, {
    "date" : "2025-05-15",
    "price" : 2323.00,
    "dma50" : 1986.13,
    "dma100" : 2032.92,
    "dma200" : 2275.26,
    "volume" : 19062.00
  }, {
    "date" : "2025-05-16",
    "price" : 2343.60,
    "dma50" : 2000.15,
    "dma100" : 2031.19,
    "dma200" : 2275.94,
    "volume" : 15001.00
  }, {
    "date" : "2025-05-19",
    "price" : 2248.70,
    "dma50" : 2009.89,
    "dma100" : 2028.58,
    "dma200" : 2275.67,
    "volume" : 34281.00
  }, {
    "date" : "2025-05-20",
    "price" : 2332.40,
    "dma50" : 2022.54,
    "dma100" : 2027.27,
    "dma200" : 2276.23,
    "volume" : 22262.00
  }, {
    "date" : "2025-05-21",
    "price" : 2369.10,
    "dma50" : 2036.13,
    "dma100" : 2025.70,
    "dma200" : 2277.16,
    "volume" : 29761.00
  }, {
    "date" : "2025-05-22",
    "price" : 2360.00,
    "dma50" : 2048.83,
    "dma100" : 2024.28,
    "dma200" : 2277.98,
    "volume" : 17132.00
  }, {
    "date" : "2025-05-23",
    "price" : 2374.10,
    "dma50" : 2061.59,
    "dma100" : 2023.01,
    "dma200" : 2278.94,
    "volume" : 17744.00
  }, {
    "date" : "2025-05-26",
    "price" : 2338.90,
    "dma50" : 2072.46,
    "dma100" : 2021.55,
    "dma200" : 2279.53,
    "volume" : 20072.00
  }, {
    "date" : "2025-05-27",
    "price" : 2346.30,
    "dma50" : 2083.20,
    "dma100" : 2020.30,
    "dma200" : 2280.20,
    "volume" : 10229.00
  }, {
    "date" : "2025-05-28",
    "price" : 2320.20,
    "dma50" : 2092.49,
    "dma100" : 2018.50,
    "dma200" : 2280.60,
    "volume" : 10501.00
  }, {
    "date" : "2025-05-29",
    "price" : 2294.80,
    "dma50" : 2100.43,
    "dma100" : 2016.52,
    "dma200" : 2280.74,
    "volume" : 10706.00
  }, {
    "date" : "2025-05-30",
    "price" : 2313.20,
    "dma50" : 2108.77,
    "dma100" : 2014.53,
    "dma200" : 2281.06,
    "volume" : 16037.00
  }, {
    "date" : "2025-06-02",
    "price" : 2281.80,
    "dma50" : 2115.56,
    "dma100" : 2012.01,
    "dma200" : 2281.07,
    "volume" : 12774.00
  }, {
    "date" : "2025-06-03",
    "price" : 2252.90,
    "dma50" : 2120.94,
    "dma100" : 2009.93,
    "dma200" : 2280.79,
    "volume" : 10349.00
  }, {
    "date" : "2025-06-04",
    "price" : 2260.00,
    "dma50" : 2126.40,
    "dma100" : 2007.71,
    "dma200" : 2280.58,
    "volume" : 8841.00
  }, {
    "date" : "2025-06-05",
    "price" : 2275.90,
    "dma50" : 2132.26,
    "dma100" : 2005.95,
    "dma200" : 2280.53,
    "volume" : 13083.00
  }, {
    "date" : "2025-06-06",
    "price" : 2268.00,
    "dma50" : 2137.58,
    "dma100" : 2004.16,
    "dma200" : 2280.41,
    "volume" : 4604.00
  }, {
    "date" : "2025-06-09",
    "price" : 2300.30,
    "dma50" : 2143.96,
    "dma100" : 2003.38,
    "dma200" : 2280.61,
    "volume" : 10231.00
  }, {
    "date" : "2025-06-10",
    "price" : 2296.70,
    "dma50" : 2149.95,
    "dma100" : 2003.53,
    "dma200" : 2280.77,
    "volume" : 11873.00
  }, {
    "date" : "2025-06-11",
    "price" : 2337.70,
    "dma50" : 2157.32,
    "dma100" : 2004.50,
    "dma200" : 2281.33,
    "volume" : 20711.00
  }, {
    "date" : "2025-06-12",
    "price" : 2304.10,
    "dma50" : 2163.07,
    "dma100" : 2005.48,
    "dma200" : 2281.56,
    "volume" : 7679.00
  }, {
    "date" : "2025-06-13",
    "price" : 2314.60,
    "dma50" : 2169.01,
    "dma100" : 2006.62,
    "dma200" : 2281.89,
    "volume" : 11058.00
  }, {
    "date" : "2025-06-16",
    "price" : 2312.70,
    "dma50" : 2174.65,
    "dma100" : 2007.57,
    "dma200" : 2282.20,
    "volume" : 9899.00
  }, {
    "date" : "2025-06-17",
    "price" : 2307.20,
    "dma50" : 2179.85,
    "dma100" : 2008.58,
    "dma200" : 2282.45,
    "volume" : 6719.00
  }, {
    "date" : "2025-06-18",
    "price" : 2313.00,
    "dma50" : 2185.07,
    "dma100" : 2009.58,
    "dma200" : 2282.75,
    "volume" : 4668.00
  }, {
    "date" : "2025-06-19",
    "price" : 2294.60,
    "dma50" : 2189.36,
    "dma100" : 2011.05,
    "dma200" : 2282.87,
    "volume" : 7443.00
  }, {
    "date" : "2025-06-20",
    "price" : 2255.30,
    "dma50" : 2191.95,
    "dma100" : 2012.49,
    "dma200" : 2282.59,
    "volume" : 14914.00
  }, {
    "date" : "2025-06-23",
    "price" : 2216.60,
    "dma50" : 2192.92,
    "dma100" : 2013.54,
    "dma200" : 2281.94,
    "volume" : 8305.00
  }, {
    "date" : "2025-06-24",
    "price" : 2227.10,
    "dma50" : 2194.26,
    "dma100" : 2015.45,
    "dma200" : 2281.39,
    "volume" : 10794.00
  }, {
    "date" : "2025-06-25",
    "price" : 2267.60,
    "dma50" : 2197.13,
    "dma100" : 2017.97,
    "dma200" : 2281.25,
    "volume" : 10052.00
  }, {
    "date" : "2025-06-26",
    "price" : 2246.50,
    "dma50" : 2199.07,
    "dma100" : 2019.74,
    "dma200" : 2280.91,
    "volume" : 6176.00
  }, {
    "date" : "2025-06-27",
    "price" : 2261.70,
    "dma50" : 2201.53,
    "dma100" : 2021.92,
    "dma200" : 2280.72,
    "volume" : 3924.00
  }, {
    "date" : "2025-06-30",
    "price" : 2326.40,
    "dma50" : 2206.42,
    "dma100" : 2025.19,
    "dma200" : 2281.17,
    "volume" : 7795.00
  }, {
    "date" : "2025-07-01",
    "price" : 2321.60,
    "dma50" : 2210.94,
    "dma100" : 2028.34,
    "dma200" : 2281.57,
    "volume" : 6886.00
  }, {
    "date" : "2025-07-02",
    "price" : 2361.20,
    "dma50" : 2216.83,
    "dma100" : 2032.26,
    "dma200" : 2282.37,
    "volume" : 18164.00
  }, {
    "date" : "2025-07-03",
    "price" : 2343.60,
    "dma50" : 2221.80,
    "dma100" : 2035.75,
    "dma200" : 2282.97,
    "volume" : 5546.00
  }, {
    "date" : "2025-07-04",
    "price" : 2343.70,
    "dma50" : 2226.58,
    "dma100" : 2039.31,
    "dma200" : 2283.58,
    "volume" : 3988.00
  }, {
    "date" : "2025-07-07",
    "price" : 2307.20,
    "dma50" : 2229.74,
    "dma100" : 2042.71,
    "dma200" : 2283.81,
    "volume" : 10834.00
  }, {
    "date" : "2025-07-08",
    "price" : 2314.00,
    "dma50" : 2233.05,
    "dma100" : 2046.44,
    "dma200" : 2284.11,
    "volume" : 5017.00
  }, {
    "date" : "2025-07-09",
    "price" : 2296.00,
    "dma50" : 2235.52,
    "dma100" : 2049.61,
    "dma200" : 2284.23,
    "volume" : 8276.00
  }, {
    "date" : "2025-07-10",
    "price" : 2301.30,
    "dma50" : 2238.10,
    "dma100" : 2053.55,
    "dma200" : 2284.40,
    "volume" : 7297.00
  }, {
    "date" : "2025-07-11",
    "price" : 2324.50,
    "dma50" : 2241.49,
    "dma100" : 2057.88,
    "dma200" : 2284.80,
    "volume" : 5297.00
  }, {
    "date" : "2025-07-14",
    "price" : 2378.00,
    "dma50" : 2246.84,
    "dma100" : 2062.96,
    "dma200" : 2285.73,
    "volume" : 20581.00
  }, {
    "date" : "2025-07-15",
    "price" : 2383.80,
    "dma50" : 2252.21,
    "dma100" : 2068.21,
    "dma200" : 2286.70,
    "volume" : 7820.00
  }, {
    "date" : "2025-07-16",
    "price" : 2376.40,
    "dma50" : 2257.08,
    "dma100" : 2073.66,
    "dma200" : 2287.60,
    "volume" : 6807.00
  }, {
    "date" : "2025-07-17",
    "price" : 2355.40,
    "dma50" : 2260.94,
    "dma100" : 2079.08,
    "dma200" : 2288.27,
    "volume" : 7221.00
  }, {
    "date" : "2025-07-18",
    "price" : 2343.00,
    "dma50" : 2264.15,
    "dma100" : 2084.10,
    "dma200" : 2288.82,
    "volume" : 4577.00
  }, {
    "date" : "2025-07-21",
    "price" : 2328.10,
    "dma50" : 2266.66,
    "dma100" : 2089.00,
    "dma200" : 2289.21,
    "volume" : 9867.00
  }, {
    "date" : "2025-07-22",
    "price" : 2334.90,
    "dma50" : 2269.34,
    "dma100" : 2093.76,
    "dma200" : 2289.66,
    "volume" : 7943.00
  }, {
    "date" : "2025-07-23",
    "price" : 2370.50,
    "dma50" : 2273.31,
    "dma100" : 2099.32,
    "dma200" : 2290.47,
    "volume" : 17446.00
  }, {
    "date" : "2025-07-24",
    "price" : 2324.20,
    "dma50" : 2275.30,
    "dma100" : 2104.61,
    "dma200" : 2290.80,
    "volume" : 6519.00
  }, {
    "date" : "2025-07-25",
    "price" : 2301.00,
    "dma50" : 2276.31,
    "dma100" : 2109.73,
    "dma200" : 2290.90,
    "volume" : 6497.00
  }, {
    "date" : "2025-07-28",
    "price" : 2288.20,
    "dma50" : 2276.78,
    "dma100" : 2115.06,
    "dma200" : 2290.88,
    "volume" : 11534.00
  }, {
    "date" : "2025-07-29",
    "price" : 2280.20,
    "dma50" : 2276.91,
    "dma100" : 2120.53,
    "dma200" : 2290.77,
    "volume" : 7582.00
  }, {
    "date" : "2025-07-30",
    "price" : 2295.40,
    "dma50" : 2277.63,
    "dma100" : 2125.93,
    "dma200" : 2290.82,
    "volume" : 6390.00
  }, {
    "date" : "2025-07-31",
    "price" : 2303.30,
    "dma50" : 2278.64,
    "dma100" : 2131.36,
    "dma200" : 2290.94,
    "volume" : 10250.00
  }, {
    "date" : "2025-08-01",
    "price" : 2221.60,
    "dma50" : 2276.40,
    "dma100" : 2135.95,
    "dma200" : 2290.25,
    "volume" : 26715.00
  }, {
    "date" : "2025-08-04",
    "price" : 2027.80,
    "dma50" : 2266.65,
    "dma100" : 2137.34,
    "dma200" : 2287.64,
    "volume" : 127624.00
  }, {
    "date" : "2025-08-05",
    "price" : 1990.80,
    "dma50" : 2255.84,
    "dma100" : 2139.01,
    "dma200" : 2284.69,
    "volume" : 25565.00
  }, {
    "date" : "2025-08-06",
    "price" : 1954.60,
    "dma50" : 2244.02,
    "dma100" : 2140.20,
    "dma200" : 2281.40,
    "volume" : 23556.00
  }, {
    "date" : "2025-08-07",
    "price" : 1962.80,
    "dma50" : 2233.00,
    "dma100" : 2141.90,
    "dma200" : 2278.23,
    "volume" : 23918.00
  }, {
    "date" : "2025-08-08",
    "price" : 1985.00,
    "dma50" : 2223.27,
    "dma100" : 2143.91,
    "dma200" : 2275.31,
    "volume" : 15628.00
  }, {
    "date" : "2025-08-11",
    "price" : 1965.60,
    "dma50" : 2213.17,
    "dma100" : 2145.86,
    "dma200" : 2272.23,
    "volume" : 17155.00
  }, {
    "date" : "2025-08-12",
    "price" : 1949.50,
    "dma50" : 2202.83,
    "dma100" : 2147.79,
    "dma200" : 2269.02,
    "volume" : 21706.00
  }, {
    "date" : "2025-08-13",
    "price" : 1955.20,
    "dma50" : 2193.11,
    "dma100" : 2149.24,
    "dma200" : 2265.90,
    "volume" : 11745.00
  }, {
    "date" : "2025-08-14",
    "price" : 1934.00,
    "dma50" : 2182.95,
    "dma100" : 2150.29,
    "dma200" : 2262.60,
    "volume" : 9257.00
  }, {
    "date" : "2025-08-18",
    "price" : 1951.60,
    "dma50" : 2173.88,
    "dma100" : 2151.41,
    "dma200" : 2259.50,
    "volume" : 9564.00
  }, {
    "date" : "2025-08-19",
    "price" : 1948.00,
    "dma50" : 2165.02,
    "dma100" : 2152.32,
    "dma200" : 2256.40,
    "volume" : 12350.00
  }, {
    "date" : "2025-08-20",
    "price" : 1936.10,
    "dma50" : 2156.05,
    "dma100" : 2153.31,
    "dma200" : 2253.21,
    "volume" : 14053.00
  }, {
    "date" : "2025-08-21",
    "price" : 1923.20,
    "dma50" : 2146.91,
    "dma100" : 2154.19,
    "dma200" : 2249.93,
    "volume" : 30595.00
  }, {
    "date" : "2025-08-22",
    "price" : 1907.00,
    "dma50" : 2137.51,
    "dma100" : 2155.35,
    "dma200" : 2246.52,
    "volume" : 11247.00
  }, {
    "date" : "2025-08-25",
    "price" : 1908.60,
    "dma50" : 2128.53,
    "dma100" : 2156.39,
    "dma200" : 2243.16,
    "volume" : 7872.00
  }, {
    "date" : "2025-08-26",
    "price" : 1890.10,
    "dma50" : 2119.18,
    "dma100" : 2157.03,
    "dma200" : 2239.64,
    "volume" : 9437.00
  }, {
    "date" : "2025-08-28",
    "price" : 1884.10,
    "dma50" : 2109.96,
    "dma100" : 2157.76,
    "dma200" : 2236.11,
    "volume" : 8118.00
  }, {
    "date" : "2025-08-29",
    "price" : 1872.90,
    "dma50" : 2100.66,
    "dma100" : 2157.51,
    "dma200" : 2232.49,
    "volume" : 8633.00
  }, {
    "date" : "2025-09-01",
    "price" : 1925.90,
    "dma50" : 2093.81,
    "dma100" : 2158.07,
    "dma200" : 2229.44,
    "volume" : 9500.00
  }, {
    "date" : "2025-09-02",
    "price" : 1930.60,
    "dma50" : 2087.41,
    "dma100" : 2158.88,
    "dma200" : 2226.47,
    "volume" : 12676.00
  }, {
    "date" : "2025-09-03",
    "price" : 1939.80,
    "dma50" : 2081.62,
    "dma100" : 2159.82,
    "dma200" : 2223.61,
    "volume" : 24700.00
  }, {
    "date" : "2025-09-04",
    "price" : 1952.00,
    "dma50" : 2076.54,
    "dma100" : 2160.64,
    "dma200" : 2220.91,
    "volume" : 17177.00
  }, {
    "date" : "2025-09-05",
    "price" : 1948.50,
    "dma50" : 2071.52,
    "dma100" : 2161.66,
    "dma200" : 2218.20,
    "volume" : 14273.00
  }, {
    "date" : "2025-09-08",
    "price" : 1983.20,
    "dma50" : 2068.05,
    "dma100" : 2162.40,
    "dma200" : 2215.86,
    "volume" : 9563.00
  }, {
    "date" : "2025-09-09",
    "price" : 2032.20,
    "dma50" : 2066.65,
    "dma100" : 2163.79,
    "dma200" : 2214.04,
    "volume" : 15333.00
  }, {
    "date" : "2025-09-10",
    "price" : 1973.40,
    "dma50" : 2062.99,
    "dma100" : 2164.55,
    "dma200" : 2211.64,
    "volume" : 19472.00
  }, {
    "date" : "2025-09-11",
    "price" : 1952.30,
    "dma50" : 2058.65,
    "dma100" : 2165.27,
    "dma200" : 2209.06,
    "volume" : 9453.00
  }, {
    "date" : "2025-09-12",
    "price" : 1929.30,
    "dma50" : 2053.58,
    "dma100" : 2165.71,
    "dma200" : 2206.28,
    "volume" : 11922.00
  }, {
    "date" : "2025-09-15",
    "price" : 1932.20,
    "dma50" : 2048.82,
    "dma100" : 2166.06,
    "dma200" : 2203.55,
    "volume" : 8751.00
  }, {
    "date" : "2025-09-16",
    "price" : 1978.00,
    "dma50" : 2046.04,
    "dma100" : 2166.92,
    "dma200" : 2201.31,
    "volume" : 8941.00
  }, {
    "date" : "2025-09-17",
    "price" : 1973.10,
    "dma50" : 2043.18,
    "dma100" : 2168.09,
    "dma200" : 2199.03,
    "volume" : 7015.00
  }, {
    "date" : "2025-09-18",
    "price" : 1964.40,
    "dma50" : 2040.09,
    "dma100" : 2168.90,
    "dma200" : 2196.70,
    "volume" : 4540.00
  }, {
    "date" : "2025-09-19",
    "price" : 1979.00,
    "dma50" : 2037.69,
    "dma100" : 2169.73,
    "dma200" : 2194.53,
    "volume" : 6589.00
  }, {
    "date" : "2025-09-22",
    "price" : 1986.40,
    "dma50" : 2035.68,
    "dma100" : 2170.68,
    "dma200" : 2192.46,
    "volume" : 8121.00
  }, {
    "date" : "2025-09-23",
    "price" : 1979.80,
    "dma50" : 2033.49,
    "dma100" : 2169.80,
    "dma200" : 2190.35,
    "volume" : 3654.00
  }, {
    "date" : "2025-09-24",
    "price" : 1991.50,
    "dma50" : 2031.84,
    "dma100" : 2168.99,
    "dma200" : 2188.37,
    "volume" : 5322.00
  }, {
    "date" : "2025-09-25",
    "price" : 1960.00,
    "dma50" : 2029.03,
    "dma100" : 2168.19,
    "dma200" : 2186.10,
    "volume" : 6399.00
  }, {
    "date" : "2025-09-26",
    "price" : 1933.50,
    "dma50" : 2025.28,
    "dma100" : 2166.81,
    "dma200" : 2183.58,
    "volume" : 6404.00
  }, {
    "date" : "2025-09-29",
    "price" : 1926.20,
    "dma50" : 2021.40,
    "dma100" : 2165.35,
    "dma200" : 2181.02,
    "volume" : 7001.00
  }, {
    "date" : "2025-09-30",
    "price" : 1927.60,
    "dma50" : 2017.72,
    "dma100" : 2163.91,
    "dma200" : 2178.50,
    "volume" : 5595.00
  }, {
    "date" : "2025-10-01",
    "price" : 1946.40,
    "dma50" : 2014.92,
    "dma100" : 2161.89,
    "dma200" : 2176.19,
    "volume" : 4234.00
  }, {
    "date" : "2025-10-03",
    "price" : 1983.60,
    "dma50" : 2013.69,
    "dma100" : 2159.67,
    "dma200" : 2174.27,
    "volume" : 5063.00
  }, {
    "date" : "2025-10-06",
    "price" : 1979.00,
    "dma50" : 2012.33,
    "dma100" : 2156.37,
    "dma200" : 2172.33,
    "volume" : 5814.00
  }, {
    "date" : "2025-10-07",
    "price" : 1982.60,
    "dma50" : 2011.17,
    "dma100" : 2152.97,
    "dma200" : 2170.44,
    "volume" : 4721.00
  }, {
    "date" : "2025-10-08",
    "price" : 1991.20,
    "dma50" : 2010.38,
    "dma100" : 2149.44,
    "dma200" : 2168.66,
    "volume" : 6728.00
  }, {
    "date" : "2025-10-09",
    "price" : 1931.70,
    "dma50" : 2007.30,
    "dma100" : 2146.27,
    "dma200" : 2166.30,
    "volume" : 13037.00
  }, {
    "date" : "2025-10-10",
    "price" : 1919.40,
    "dma50" : 2003.85,
    "dma100" : 2142.14,
    "dma200" : 2163.85,
    "volume" : 8360.00
  }, {
    "date" : "2025-10-13",
    "price" : 1902.00,
    "dma50" : 1999.86,
    "dma100" : 2137.47,
    "dma200" : 2161.24,
    "volume" : 7762.00
  }, {
    "date" : "2025-10-14",
    "price" : 1897.40,
    "dma50" : 1995.84,
    "dma100" : 2132.84,
    "dma200" : 2158.61,
    "volume" : 5412.00
  }, {
    "date" : "2025-10-15",
    "price" : 1884.90,
    "dma50" : 1991.49,
    "dma100" : 2127.95,
    "dma200" : 2155.89,
    "volume" : 5750.00
  }, {
    "date" : "2025-10-16",
    "price" : 1874.90,
    "dma50" : 1986.92,
    "dma100" : 2123.31,
    "dma200" : 2153.10,
    "volume" : 10352.00
  }, {
    "date" : "2025-10-17",
    "price" : 1868.70,
    "dma50" : 1982.28,
    "dma100" : 2118.54,
    "dma200" : 2150.27,
    "volume" : 8256.00
  }, {
    "date" : "2025-10-20",
    "price" : 1876.00,
    "dma50" : 1978.11,
    "dma100" : 2114.09,
    "dma200" : 2147.54,
    "volume" : 5321.00
  }, {
    "date" : "2025-10-21",
    "price" : 1880.40,
    "dma50" : 1974.28,
    "dma100" : 2109.95,
    "dma200" : 2144.88,
    "volume" : 7142.00
  }, {
    "date" : "2025-10-23",
    "price" : 1924.50,
    "dma50" : 1972.33,
    "dma100" : 2106.06,
    "dma200" : 2142.69,
    "volume" : 18573.00
  }, {
    "date" : "2025-10-24",
    "price" : 1928.10,
    "dma50" : 1970.59,
    "dma100" : 2102.53,
    "dma200" : 2140.55,
    "volume" : 3392.00
  }, {
    "date" : "2025-10-27",
    "price" : 1923.70,
    "dma50" : 1968.75,
    "dma100" : 2099.23,
    "dma200" : 2138.39,
    "volume" : 7001.00
  }, {
    "date" : "2025-10-28",
    "price" : 1918.10,
    "dma50" : 1966.77,
    "dma100" : 2095.82,
    "dma200" : 2136.20,
    "volume" : 3507.00
  }, {
    "date" : "2025-10-29",
    "price" : 1903.80,
    "dma50" : 1964.30,
    "dma100" : 2092.09,
    "dma200" : 2133.89,
    "volume" : 7182.00
  }, {
    "date" : "2025-10-30",
    "price" : 1892.00,
    "dma50" : 1961.46,
    "dma100" : 2088.33,
    "dma200" : 2131.48,
    "volume" : 9956.00
  }, {
    "date" : "2025-10-31",
    "price" : 1917.20,
    "dma50" : 1959.73,
    "dma100" : 2084.50,
    "dma200" : 2129.35,
    "volume" : 3203.00
  }, {
    "date" : "2025-11-03",
    "price" : 1912.10,
    "dma50" : 1957.86,
    "dma100" : 2080.66,
    "dma200" : 2127.19,
    "volume" : 3457.00
  }, {
    "date" : "2025-11-04",
    "price" : 1887.00,
    "dma50" : 1955.08,
    "dma100" : 2076.15,
    "dma200" : 2124.80,
    "volume" : 5932.00
  }, {
    "date" : "2025-11-06",
    "price" : 1867.10,
    "dma50" : 1951.63,
    "dma100" : 2071.78,
    "dma200" : 2122.23,
    "volume" : 7162.00
  }, {
    "date" : "2025-11-07",
    "price" : 1855.70,
    "dma50" : 1947.87,
    "dma100" : 2067.19,
    "dma200" : 2119.58,
    "volume" : 10141.00
  }, {
    "date" : "2025-11-10",
    "price" : 1791.80,
    "dma50" : 1941.75,
    "dma100" : 2061.98,
    "dma200" : 2116.32,
    "volume" : 19020.00
  }, {
    "date" : "2025-11-11",
    "price" : 1791.90,
    "dma50" : 1935.87,
    "dma100" : 2056.83,
    "dma200" : 2113.09,
    "volume" : 11811.00
  }, {
    "date" : "2025-11-12",
    "price" : 1791.10,
    "dma50" : 1930.19,
    "dma100" : 2051.61,
    "dma200" : 2109.89,
    "volume" : 12918.00
  }, {
    "date" : "2025-11-13",
    "price" : 1761.30,
    "dma50" : 1923.57,
    "dma100" : 2046.28,
    "dma200" : 2106.42,
    "volume" : 8048.00
  }, {
    "date" : "2025-11-14",
    "price" : 1764.10,
    "dma50" : 1917.32,
    "dma100" : 2041.37,
    "dma200" : 2103.01,
    "volume" : 6213.00
  }, {
    "date" : "2025-11-17",
    "price" : 1777.70,
    "dma50" : 1911.84,
    "dma100" : 2036.98,
    "dma200" : 2099.78,
    "volume" : 8471.00
  }, {
    "date" : "2025-11-18",
    "price" : 1756.30,
    "dma50" : 1905.74,
    "dma100" : 2032.27,
    "dma200" : 2096.36,
    "volume" : 4833.00
  }, {
    "date" : "2025-11-19",
    "price" : 1746.20,
    "dma50" : 1899.49,
    "dma100" : 2027.05,
    "dma200" : 2092.87,
    "volume" : 5401.00
  }, {
    "date" : "2025-11-20",
    "price" : 1744.60,
    "dma50" : 1893.41,
    "dma100" : 2022.04,
    "dma200" : 2089.41,
    "volume" : 14473.00
  }, {
    "date" : "2025-11-21",
    "price" : 1738.40,
    "dma50" : 1887.33,
    "dma100" : 2016.80,
    "dma200" : 2085.92,
    "volume" : 12172.00
  }, {
    "date" : "2025-11-24",
    "price" : 1690.90,
    "dma50" : 1879.63,
    "dma100" : 2010.45,
    "dma200" : 2081.99,
    "volume" : 5730.00
  }, {
    "date" : "2025-11-25",
    "price" : 1675.80,
    "dma50" : 1871.64,
    "dma100" : 2003.99,
    "dma200" : 2077.94,
    "volume" : 12945.00
  }, {
    "date" : "2025-11-26",
    "price" : 1691.20,
    "dma50" : 1864.56,
    "dma100" : 1997.29,
    "dma200" : 2074.10,
    "volume" : 16169.00
  }, {
    "date" : "2025-11-27",
    "price" : 1680.90,
    "dma50" : 1857.36,
    "dma100" : 1990.66,
    "dma200" : 2070.18,
    "volume" : 13377.00
  }, {
    "date" : "2025-11-28",
    "price" : 1694.20,
    "dma50" : 1850.96,
    "dma100" : 1984.17,
    "dma200" : 2066.44,
    "volume" : 6133.00
  }, {
    "date" : "2025-12-01",
    "price" : 1664.70,
    "dma50" : 1843.66,
    "dma100" : 1977.74,
    "dma200" : 2062.44,
    "volume" : 9699.00
  } ],
  "latestTechnicalAttributes" : {
    "date" : "2025-12-01",
    "price" : 1664.70,
    "dma50" : 1843.66,
    "dma100" : 1977.74,
    "dma200" : 2062.44,
    "volume" : 9699.00
  },
  "quarterlyResults" : [ {
    "date" : "2005-03-31",
    "sales" : 114.72,
    "salesGrowthYoY" : null,
    "grossProfitMargin" : 53.39,
    "grossProfit" : 61.25,
    "operatingProfitMargin" : 6.96,
    "operatingProfit" : 7.98,
    "netProfitMargin" : -0.99,
    "netProfit" : -1.14
  }, {
    "date" : "2005-06-30",
    "sales" : 140.55,
    "salesGrowthYoY" : null,
    "grossProfitMargin" : 56.37,
    "grossProfit" : 79.23,
    "operatingProfitMargin" : 21.50,
    "operatingProfit" : 30.22,
    "netProfitMargin" : 12.83,
    "netProfit" : 18.03
  }, {
    "date" : "2005-09-30",
    "sales" : 94.91,
    "salesGrowthYoY" : null,
    "grossProfitMargin" : 54.10,
    "grossProfit" : 51.35,
    "operatingProfitMargin" : 17.59,
    "operatingProfit" : 16.69,
    "netProfitMargin" : 8.75,
    "netProfit" : 8.30
  }, {
    "date" : "2005-12-31",
    "sales" : 102.01,
    "salesGrowthYoY" : null,
    "grossProfitMargin" : 44.98,
    "grossProfit" : 45.88,
    "operatingProfitMargin" : 11.82,
    "operatingProfit" : 12.06,
    "netProfitMargin" : 6.22,
    "netProfit" : 6.35
  }, {
    "date" : "2006-03-31",
    "sales" : 112.82,
    "salesGrowthYoY" : -1.66,
    "grossProfitMargin" : 44.81,
    "grossProfit" : 50.55,
    "operatingProfitMargin" : 10.37,
    "operatingProfit" : 11.70,
    "netProfitMargin" : 5.97,
    "netProfit" : 6.74
  }, {
    "date" : "2006-06-30",
    "sales" : 123.26,
    "salesGrowthYoY" : -12.30,
    "grossProfitMargin" : 52.51,
    "grossProfit" : 64.72,
    "operatingProfitMargin" : 16.92,
    "operatingProfit" : 20.86,
    "netProfitMargin" : 10.65,
    "netProfit" : 13.13
  }, {
    "date" : "2006-09-30",
    "sales" : 100.95,
    "salesGrowthYoY" : 6.36,
    "grossProfitMargin" : 39.02,
    "grossProfit" : 39.39,
    "operatingProfitMargin" : 3.17,
    "operatingProfit" : 3.20,
    "netProfitMargin" : 0.43,
    "netProfit" : 0.43
  }, {
    "date" : "2006-12-31",
    "sales" : 100.03,
    "salesGrowthYoY" : -1.94,
    "grossProfitMargin" : 48.10,
    "grossProfit" : 48.11,
    "operatingProfitMargin" : 3.46,
    "operatingProfit" : 3.46,
    "netProfitMargin" : 0.09,
    "netProfit" : 0.09
  }, {
    "date" : "2007-03-31",
    "sales" : 115.46,
    "salesGrowthYoY" : 2.34,
    "grossProfitMargin" : 41.03,
    "grossProfit" : 47.37,
    "operatingProfitMargin" : 6.92,
    "operatingProfit" : 7.99,
    "netProfitMargin" : 2.57,
    "netProfit" : 2.97
  }, {
    "date" : "2007-06-30",
    "sales" : 145.83,
    "salesGrowthYoY" : 18.31,
    "grossProfitMargin" : 44.86,
    "grossProfit" : 65.42,
    "operatingProfitMargin" : 12.78,
    "operatingProfit" : 18.64,
    "netProfitMargin" : 7.60,
    "netProfit" : 11.08
  }, {
    "date" : "2007-09-30",
    "sales" : 94.14,
    "salesGrowthYoY" : -6.75,
    "grossProfitMargin" : 52.98,
    "grossProfit" : 49.88,
    "operatingProfitMargin" : 6.27,
    "operatingProfit" : 5.90,
    "netProfitMargin" : 2.29,
    "netProfit" : 2.16
  }, {
    "date" : "2007-12-31",
    "sales" : 111.59,
    "salesGrowthYoY" : 11.56,
    "grossProfitMargin" : 40.06,
    "grossProfit" : 44.70,
    "operatingProfitMargin" : 0.94,
    "operatingProfit" : 1.05,
    "netProfitMargin" : -0.54,
    "netProfit" : -0.60
  }, {
    "date" : "2008-03-31",
    "sales" : 132.05,
    "salesGrowthYoY" : 14.37,
    "grossProfitMargin" : 48.68,
    "grossProfit" : 64.28,
    "operatingProfitMargin" : 8.08,
    "operatingProfit" : 10.67,
    "netProfitMargin" : 2.17,
    "netProfit" : 2.87
  }, {
    "date" : "2008-06-30",
    "sales" : 176.60,
    "salesGrowthYoY" : 21.10,
    "grossProfitMargin" : 44.95,
    "grossProfit" : 79.38,
    "operatingProfitMargin" : 16.90,
    "operatingProfit" : 29.85,
    "netProfitMargin" : 9.67,
    "netProfit" : 17.08
  }, {
    "date" : "2008-09-30",
    "sales" : 129.77,
    "salesGrowthYoY" : 37.85,
    "grossProfitMargin" : 56.22,
    "grossProfit" : 72.96,
    "operatingProfitMargin" : 16.95,
    "operatingProfit" : 22.00,
    "netProfitMargin" : 9.20,
    "netProfit" : 11.94
  }, {
    "date" : "2008-12-31",
    "sales" : 130.02,
    "salesGrowthYoY" : 16.52,
    "grossProfitMargin" : 48.54,
    "grossProfit" : 63.11,
    "operatingProfitMargin" : 12.38,
    "operatingProfit" : 16.10,
    "netProfitMargin" : 5.08,
    "netProfit" : 6.61
  }, {
    "date" : "2009-03-31",
    "sales" : 184.32,
    "salesGrowthYoY" : 39.58,
    "grossProfitMargin" : 41.21,
    "grossProfit" : 75.96,
    "operatingProfitMargin" : 12.84,
    "operatingProfit" : 23.67,
    "netProfitMargin" : 4.94,
    "netProfit" : 9.11
  }, {
    "date" : "2009-06-30",
    "sales" : 208.54,
    "salesGrowthYoY" : 18.09,
    "grossProfitMargin" : 49.50,
    "grossProfit" : 103.23,
    "operatingProfitMargin" : 24.88,
    "operatingProfit" : 51.88,
    "netProfitMargin" : 15.07,
    "netProfit" : 31.43
  }, {
    "date" : "2009-09-30",
    "sales" : 143.84,
    "salesGrowthYoY" : 10.84,
    "grossProfitMargin" : 60.46,
    "grossProfit" : 86.97,
    "operatingProfitMargin" : 21.19,
    "operatingProfit" : 30.48,
    "netProfitMargin" : 12.16,
    "netProfit" : 17.49
  }, {
    "date" : "2009-12-31",
    "sales" : 146.61,
    "salesGrowthYoY" : 12.76,
    "grossProfitMargin" : 53.00,
    "grossProfit" : 77.70,
    "operatingProfitMargin" : 18.20,
    "operatingProfit" : 26.68,
    "netProfitMargin" : 9.92,
    "netProfit" : 14.54
  }, {
    "date" : "2010-03-31",
    "sales" : 207.64,
    "salesGrowthYoY" : 12.65,
    "grossProfitMargin" : 53.17,
    "grossProfit" : 110.40,
    "operatingProfitMargin" : 21.81,
    "operatingProfit" : 45.29,
    "netProfitMargin" : 12.70,
    "netProfit" : 26.37
  }, {
    "date" : "2010-06-30",
    "sales" : 217.60,
    "salesGrowthYoY" : 4.34,
    "grossProfitMargin" : 48.54,
    "grossProfit" : 105.62,
    "operatingProfitMargin" : 20.57,
    "operatingProfit" : 44.76,
    "netProfitMargin" : 12.73,
    "netProfit" : 27.70
  }, {
    "date" : "2010-09-30",
    "sales" : 147.54,
    "salesGrowthYoY" : 2.57,
    "grossProfitMargin" : 47.74,
    "grossProfit" : 70.44,
    "operatingProfitMargin" : 9.43,
    "operatingProfit" : 13.91,
    "netProfitMargin" : 4.07,
    "netProfit" : 6.00
  }, {
    "date" : "2010-12-31",
    "sales" : 169.32,
    "salesGrowthYoY" : 15.49,
    "grossProfitMargin" : 45.79,
    "grossProfit" : 77.53,
    "operatingProfitMargin" : 8.76,
    "operatingProfit" : 14.83,
    "netProfitMargin" : 3.76,
    "netProfit" : 6.37
  }, {
    "date" : "2011-03-31",
    "sales" : 191.74,
    "salesGrowthYoY" : -7.66,
    "grossProfitMargin" : 43.03,
    "grossProfit" : 82.51,
    "operatingProfitMargin" : 8.51,
    "operatingProfit" : 16.32,
    "netProfitMargin" : 4.16,
    "netProfit" : 7.98
  }, {
    "date" : "2011-06-30",
    "sales" : 249.07,
    "salesGrowthYoY" : 14.46,
    "grossProfitMargin" : 42.73,
    "grossProfit" : 106.43,
    "operatingProfitMargin" : 16.74,
    "operatingProfit" : 41.69,
    "netProfitMargin" : 9.97,
    "netProfit" : 24.83
  }, {
    "date" : "2011-09-30",
    "sales" : 167.18,
    "salesGrowthYoY" : 13.31,
    "grossProfitMargin" : 46.68,
    "grossProfit" : 78.04,
    "operatingProfitMargin" : 8.97,
    "operatingProfit" : 15.00,
    "netProfitMargin" : 4.54,
    "netProfit" : 7.59
  }, {
    "date" : "2011-12-31",
    "sales" : 194.31,
    "salesGrowthYoY" : 14.76,
    "grossProfitMargin" : 51.14,
    "grossProfit" : 99.37,
    "operatingProfitMargin" : 10.75,
    "operatingProfit" : 20.89,
    "netProfitMargin" : 5.23,
    "netProfit" : 10.16
  }, {
    "date" : "2012-03-31",
    "sales" : 249.96,
    "salesGrowthYoY" : 30.36,
    "grossProfitMargin" : 44.77,
    "grossProfit" : 111.91,
    "operatingProfitMargin" : 12.95,
    "operatingProfit" : 32.37,
    "netProfitMargin" : 7.19,
    "netProfit" : 17.97
  }, {
    "date" : "2012-06-30",
    "sales" : 332.53,
    "salesGrowthYoY" : 33.51,
    "grossProfitMargin" : 45.34,
    "grossProfit" : 150.77,
    "operatingProfitMargin" : 16.47,
    "operatingProfit" : 54.77,
    "netProfitMargin" : 9.78,
    "netProfit" : 32.52
  }, {
    "date" : "2012-09-30",
    "sales" : 215.42,
    "salesGrowthYoY" : 28.86,
    "grossProfitMargin" : 52.20,
    "grossProfit" : 112.45,
    "operatingProfitMargin" : 9.77,
    "operatingProfit" : 21.05,
    "netProfitMargin" : 4.99,
    "netProfit" : 10.75
  }, {
    "date" : "2012-12-31",
    "sales" : 222.75,
    "salesGrowthYoY" : 14.64,
    "grossProfitMargin" : 48.03,
    "grossProfit" : 106.99,
    "operatingProfitMargin" : 9.01,
    "operatingProfit" : 20.07,
    "netProfitMargin" : 3.39,
    "netProfit" : 7.55
  }, {
    "date" : "2013-03-31",
    "sales" : 267.85,
    "salesGrowthYoY" : 7.16,
    "grossProfitMargin" : 44.14,
    "grossProfit" : 118.23,
    "operatingProfitMargin" : 9.58,
    "operatingProfit" : 25.66,
    "netProfitMargin" : 3.66,
    "netProfit" : 9.80
  }, {
    "date" : "2013-06-30",
    "sales" : 270.88,
    "salesGrowthYoY" : -18.54,
    "grossProfitMargin" : 39.59,
    "grossProfit" : 107.24,
    "operatingProfitMargin" : 9.48,
    "operatingProfit" : 25.68,
    "netProfitMargin" : 4.21,
    "netProfit" : 11.40
  }, {
    "date" : "2013-09-30",
    "sales" : 162.44,
    "salesGrowthYoY" : -24.59,
    "grossProfitMargin" : 37.72,
    "grossProfit" : 61.27,
    "operatingProfitMargin" : -0.59,
    "operatingProfit" : -0.96,
    "netProfitMargin" : -2.35,
    "netProfit" : -3.82
  }, {
    "date" : "2013-12-31",
    "sales" : 199.91,
    "salesGrowthYoY" : -10.25,
    "grossProfitMargin" : 42.05,
    "grossProfit" : 84.06,
    "operatingProfitMargin" : 2.44,
    "operatingProfit" : 4.88,
    "netProfitMargin" : -0.06,
    "netProfit" : -0.12
  }, {
    "date" : "2014-03-31",
    "sales" : 238.17,
    "salesGrowthYoY" : -11.08,
    "grossProfitMargin" : 42.50,
    "grossProfit" : 101.22,
    "operatingProfitMargin" : 7.02,
    "operatingProfit" : 16.72,
    "netProfitMargin" : 1.34,
    "netProfit" : 3.19
  }, {
    "date" : "2014-06-30",
    "sales" : 362.91,
    "salesGrowthYoY" : 33.97,
    "grossProfitMargin" : 40.98,
    "grossProfit" : 148.72,
    "operatingProfitMargin" : 15.16,
    "operatingProfit" : 55.02,
    "netProfitMargin" : 8.91,
    "netProfit" : 32.34
  }, {
    "date" : "2014-09-30",
    "sales" : 228.11,
    "salesGrowthYoY" : 40.43,
    "grossProfitMargin" : 47.41,
    "grossProfit" : 108.15,
    "operatingProfitMargin" : 7.44,
    "operatingProfit" : 16.97,
    "netProfitMargin" : 6.60,
    "netProfit" : 15.06
  }, {
    "date" : "2014-12-31",
    "sales" : 246.37,
    "salesGrowthYoY" : 23.24,
    "grossProfitMargin" : 47.69,
    "grossProfit" : 117.49,
    "operatingProfitMargin" : 8.03,
    "operatingProfit" : 19.78,
    "netProfitMargin" : 3.46,
    "netProfit" : 8.52
  }, {
    "date" : "2015-03-31",
    "sales" : 274.79,
    "salesGrowthYoY" : 15.38,
    "grossProfitMargin" : 47.87,
    "grossProfit" : 131.54,
    "operatingProfitMargin" : 9.03,
    "operatingProfit" : 24.81,
    "netProfitMargin" : 4.89,
    "netProfit" : 13.44
  }, {
    "date" : "2015-06-30",
    "sales" : 404.37,
    "salesGrowthYoY" : 11.42,
    "grossProfitMargin" : 42.78,
    "grossProfit" : 172.99,
    "operatingProfitMargin" : 17.00,
    "operatingProfit" : 68.74,
    "netProfitMargin" : 9.71,
    "netProfit" : 39.26
  }, {
    "date" : "2015-09-30",
    "sales" : 219.23,
    "salesGrowthYoY" : -3.89,
    "grossProfitMargin" : 41.19,
    "grossProfit" : 90.30,
    "operatingProfitMargin" : 4.40,
    "operatingProfit" : 9.65,
    "netProfitMargin" : 0.58,
    "netProfit" : 1.27
  }, {
    "date" : "2015-12-31",
    "sales" : 215.39,
    "salesGrowthYoY" : -12.57,
    "grossProfitMargin" : 40.47,
    "grossProfit" : 87.17,
    "operatingProfitMargin" : 2.90,
    "operatingProfit" : 6.25,
    "netProfitMargin" : -1.22,
    "netProfit" : -2.63
  }, {
    "date" : "2016-03-31",
    "sales" : 263.19,
    "salesGrowthYoY" : -4.22,
    "grossProfitMargin" : 48.79,
    "grossProfit" : 128.41,
    "operatingProfitMargin" : 7.61,
    "operatingProfit" : 20.03,
    "netProfitMargin" : 1.71,
    "netProfit" : 4.50
  }, {
    "date" : "2016-06-30",
    "sales" : 427.63,
    "salesGrowthYoY" : 5.75,
    "grossProfitMargin" : 46.37,
    "grossProfit" : 198.29,
    "operatingProfitMargin" : 14.09,
    "operatingProfit" : 60.25,
    "netProfitMargin" : 8.04,
    "netProfit" : 34.38
  }, {
    "date" : "2016-09-30",
    "sales" : 228.47,
    "salesGrowthYoY" : 4.21,
    "grossProfitMargin" : 53.01,
    "grossProfit" : 121.11,
    "operatingProfitMargin" : 7.91,
    "operatingProfit" : 18.07,
    "netProfitMargin" : 4.02,
    "netProfit" : 9.18
  }, {
    "date" : "2016-12-31",
    "sales" : 213.19,
    "salesGrowthYoY" : -1.02,
    "grossProfitMargin" : 53.85,
    "grossProfit" : 114.80,
    "operatingProfitMargin" : 4.88,
    "operatingProfit" : 10.40,
    "netProfitMargin" : 4.47,
    "netProfit" : 9.53
  }, {
    "date" : "2017-03-31",
    "sales" : 273.93,
    "salesGrowthYoY" : 4.08,
    "grossProfitMargin" : 56.70,
    "grossProfit" : 155.32,
    "operatingProfitMargin" : 5.41,
    "operatingProfit" : 14.82,
    "netProfitMargin" : 2.38,
    "netProfit" : 6.52
  }, {
    "date" : "2017-06-30",
    "sales" : 405.02,
    "salesGrowthYoY" : -5.29,
    "grossProfitMargin" : 43.96,
    "grossProfit" : 178.05,
    "operatingProfitMargin" : 15.72,
    "operatingProfit" : 63.67,
    "netProfitMargin" : 9.10,
    "netProfit" : 36.86
  }, {
    "date" : "2017-09-30",
    "sales" : 256.46,
    "salesGrowthYoY" : 12.25,
    "grossProfitMargin" : 53.37,
    "grossProfit" : 136.87,
    "operatingProfitMargin" : 8.77,
    "operatingProfit" : 22.49,
    "netProfitMargin" : 3.68,
    "netProfit" : 9.44
  }, {
    "date" : "2017-12-31",
    "sales" : 281.98,
    "salesGrowthYoY" : 32.27,
    "grossProfitMargin" : 54.57,
    "grossProfit" : 153.88,
    "operatingProfitMargin" : 9.81,
    "operatingProfit" : 27.66,
    "netProfitMargin" : 5.06,
    "netProfit" : 14.27
  }, {
    "date" : "2018-03-31",
    "sales" : 336.27,
    "salesGrowthYoY" : 22.76,
    "grossProfitMargin" : 53.37,
    "grossProfit" : 179.47,
    "operatingProfitMargin" : 10.21,
    "operatingProfit" : 34.33,
    "netProfitMargin" : 6.00,
    "netProfit" : 20.18
  }, {
    "date" : "2018-06-30",
    "sales" : 496.22,
    "salesGrowthYoY" : 22.52,
    "grossProfitMargin" : 51.29,
    "grossProfit" : 254.51,
    "operatingProfitMargin" : 16.88,
    "operatingProfit" : 83.76,
    "netProfitMargin" : 10.49,
    "netProfit" : 52.05
  }, {
    "date" : "2018-09-30",
    "sales" : 307.83,
    "salesGrowthYoY" : 20.03,
    "grossProfitMargin" : 51.99,
    "grossProfit" : 160.04,
    "operatingProfitMargin" : 13.58,
    "operatingProfit" : 41.80,
    "netProfitMargin" : 8.72,
    "netProfit" : 26.84
  }, {
    "date" : "2018-12-31",
    "sales" : 326.46,
    "salesGrowthYoY" : 15.77,
    "grossProfitMargin" : 52.35,
    "grossProfit" : 170.90,
    "operatingProfitMargin" : 8.50,
    "operatingProfit" : 27.75,
    "netProfitMargin" : 2.15,
    "netProfit" : 7.02
  }, {
    "date" : "2019-03-31",
    "sales" : 351.43,
    "salesGrowthYoY" : 4.51,
    "grossProfitMargin" : 52.75,
    "grossProfit" : 185.38,
    "operatingProfitMargin" : 9.58,
    "operatingProfit" : 33.67,
    "netProfitMargin" : 4.44,
    "netProfit" : 15.60
  }, {
    "date" : "2019-06-30",
    "sales" : 443.37,
    "salesGrowthYoY" : -10.65,
    "grossProfitMargin" : 48.39,
    "grossProfit" : 214.55,
    "operatingProfitMargin" : -48.59,
    "operatingProfit" : -215.43,
    "netProfitMargin" : -55.87,
    "netProfit" : -247.71
  }, {
    "date" : "2019-09-30",
    "sales" : 291.99,
    "salesGrowthYoY" : -5.15,
    "grossProfitMargin" : 50.66,
    "grossProfit" : 147.92,
    "operatingProfitMargin" : 9.44,
    "operatingProfit" : 27.56,
    "netProfitMargin" : 10.21,
    "netProfit" : 29.81
  }, {
    "date" : "2019-12-31",
    "sales" : 287.72,
    "salesGrowthYoY" : -11.87,
    "grossProfitMargin" : 49.58,
    "grossProfit" : 142.65,
    "operatingProfitMargin" : 6.43,
    "operatingProfit" : 18.50,
    "netProfitMargin" : 1.70,
    "netProfit" : 4.89
  }, {
    "date" : "2020-03-31",
    "sales" : 297.72,
    "salesGrowthYoY" : -15.28,
    "grossProfitMargin" : 47.67,
    "grossProfit" : 141.92,
    "operatingProfitMargin" : 6.15,
    "operatingProfit" : 18.31,
    "netProfitMargin" : 3.01,
    "netProfit" : 8.96
  }, {
    "date" : "2020-06-30",
    "sales" : 374.48,
    "salesGrowthYoY" : -15.54,
    "grossProfitMargin" : 45.38,
    "grossProfit" : 169.94,
    "operatingProfitMargin" : 17.39,
    "operatingProfit" : 65.12,
    "netProfitMargin" : 10.11,
    "netProfit" : 37.86
  }, {
    "date" : "2020-09-30",
    "sales" : 347.82,
    "salesGrowthYoY" : 19.12,
    "grossProfitMargin" : 49.56,
    "grossProfit" : 172.38,
    "operatingProfitMargin" : 14.81,
    "operatingProfit" : 51.51,
    "netProfitMargin" : 22.67,
    "netProfit" : 78.85
  }, {
    "date" : "2020-12-31",
    "sales" : 391.53,
    "salesGrowthYoY" : 36.08,
    "grossProfitMargin" : 45.64,
    "grossProfit" : 178.69,
    "operatingProfitMargin" : 12.39,
    "operatingProfit" : 48.51,
    "netProfitMargin" : 7.79,
    "netProfit" : 30.50
  }, {
    "date" : "2021-03-31",
    "sales" : 452.06,
    "salesGrowthYoY" : 51.84,
    "grossProfitMargin" : 47.12,
    "grossProfit" : 213.01,
    "operatingProfitMargin" : 14.21,
    "operatingProfit" : 64.24,
    "netProfitMargin" : 8.97,
    "netProfit" : 40.55
  }, {
    "date" : "2021-06-30",
    "sales" : 605.23,
    "salesGrowthYoY" : 61.62,
    "grossProfitMargin" : 46.98,
    "grossProfit" : 284.34,
    "operatingProfitMargin" : 20.66,
    "operatingProfit" : 125.04,
    "netProfitMargin" : 14.68,
    "netProfit" : 88.85
  }, {
    "date" : "2021-09-30",
    "sales" : 422.41,
    "salesGrowthYoY" : 21.45,
    "grossProfitMargin" : 46.42,
    "grossProfit" : 196.08,
    "operatingProfitMargin" : 12.15,
    "operatingProfit" : 51.32,
    "netProfitMargin" : 7.78,
    "netProfit" : 32.86
  }, {
    "date" : "2021-12-31",
    "sales" : 450.15,
    "salesGrowthYoY" : 14.97,
    "grossProfitMargin" : 44.45,
    "grossProfit" : 200.09,
    "operatingProfitMargin" : 10.38,
    "operatingProfit" : 46.73,
    "netProfitMargin" : 7.54,
    "netProfit" : 33.94
  }, {
    "date" : "2022-03-31",
    "sales" : 495.69,
    "salesGrowthYoY" : 9.65,
    "grossProfitMargin" : 45.29,
    "grossProfit" : 224.50,
    "operatingProfitMargin" : 10.40,
    "operatingProfit" : 51.55,
    "netProfitMargin" : 6.09,
    "netProfit" : 30.19
  }, {
    "date" : "2022-06-30",
    "sales" : 719.41,
    "salesGrowthYoY" : 18.87,
    "grossProfitMargin" : 41.66,
    "grossProfit" : 299.71,
    "operatingProfitMargin" : 14.29,
    "operatingProfit" : 102.80,
    "netProfitMargin" : 11.92,
    "netProfit" : 85.75
  }, {
    "date" : "2022-09-30",
    "sales" : 448.41,
    "salesGrowthYoY" : 6.16,
    "grossProfitMargin" : 40.44,
    "grossProfit" : 181.34,
    "operatingProfitMargin" : 3.57,
    "operatingProfit" : 16.01,
    "netProfitMargin" : 1.49,
    "netProfit" : 6.68
  }, {
    "date" : "2022-12-31",
    "sales" : 475.45,
    "salesGrowthYoY" : 5.62,
    "grossProfitMargin" : 43.18,
    "grossProfit" : 205.30,
    "operatingProfitMargin" : 9.27,
    "operatingProfit" : 44.07,
    "netProfitMargin" : 4.79,
    "netProfit" : 22.77
  }, {
    "date" : "2023-03-31",
    "sales" : 511.94,
    "salesGrowthYoY" : 3.28,
    "grossProfitMargin" : 42.03,
    "grossProfit" : 215.17,
    "operatingProfitMargin" : 6.45,
    "operatingProfit" : 33.02,
    "netProfitMargin" : 2.91,
    "netProfit" : 14.90
  }, {
    "date" : "2023-06-30",
    "sales" : 721.89,
    "salesGrowthYoY" : 0.34,
    "grossProfitMargin" : 40.70,
    "grossProfit" : 293.81,
    "operatingProfitMargin" : 12.52,
    "operatingProfit" : 90.38,
    "netProfitMargin" : 8.34,
    "netProfit" : 60.21
  }, {
    "date" : "2023-09-30",
    "sales" : 465.54,
    "salesGrowthYoY" : 3.82,
    "grossProfitMargin" : 42.57,
    "grossProfit" : 198.18,
    "operatingProfitMargin" : 3.48,
    "operatingProfit" : 16.20,
    "netProfitMargin" : 1.17,
    "netProfit" : 5.45
  }, {
    "date" : "2023-12-31",
    "sales" : 509.32,
    "salesGrowthYoY" : 7.12,
    "grossProfitMargin" : 40.86,
    "grossProfit" : 208.11,
    "operatingProfitMargin" : 3.53,
    "operatingProfit" : 17.98,
    "netProfitMargin" : 1.32,
    "netProfit" : 6.72
  }, {
    "date" : "2024-03-31",
    "sales" : 534.10,
    "salesGrowthYoY" : 4.33,
    "grossProfitMargin" : 42.64,
    "grossProfit" : 227.74,
    "operatingProfitMargin" : 2.63,
    "operatingProfit" : 14.05,
    "netProfitMargin" : 0.67,
    "netProfit" : 3.58
  }, {
    "date" : "2024-06-30",
    "sales" : 775.15,
    "salesGrowthYoY" : 7.38,
    "grossProfitMargin" : 37.92,
    "grossProfit" : 293.94,
    "operatingProfitMargin" : 9.58,
    "operatingProfit" : 74.26,
    "netProfitMargin" : 5.49,
    "netProfit" : 42.56
  }, {
    "date" : "2024-09-30",
    "sales" : 481.21,
    "salesGrowthYoY" : 3.37,
    "grossProfitMargin" : 38.97,
    "grossProfit" : 187.53,
    "operatingProfitMargin" : -1.52,
    "operatingProfit" : -7.31,
    "netProfitMargin" : -2.52,
    "netProfit" : -12.13
  }, {
    "date" : "2024-12-31",
    "sales" : 496.48,
    "salesGrowthYoY" : -2.52,
    "grossProfitMargin" : 38.98,
    "grossProfit" : 193.53,
    "operatingProfitMargin" : 0.02,
    "operatingProfit" : 0.10,
    "netProfitMargin" : -2.30,
    "netProfit" : -11.42
  }, {
    "date" : "2025-03-31",
    "sales" : 557.20,
    "salesGrowthYoY" : 4.33,
    "grossProfitMargin" : 39.11,
    "grossProfit" : 217.92,
    "operatingProfitMargin" : 1.90,
    "operatingProfit" : 10.59,
    "netProfitMargin" : -0.06,
    "netProfit" : -0.33
  }, {
    "date" : "2025-06-30",
    "sales" : 727.64,
    "salesGrowthYoY" : -6.13,
    "grossProfitMargin" : 36.62,
    "grossProfit" : 266.46,
    "operatingProfitMargin" : 5.44,
    "operatingProfit" : 39.58,
    "netProfitMargin" : 3.85,
    "netProfit" : 28.01
  }, {
    "date" : "2025-09-30",
    "sales" : 478.75,
    "salesGrowthYoY" : -0.51,
    "grossProfitMargin" : 40.22,
    "grossProfit" : 192.55,
    "operatingProfitMargin" : 0.15,
    "operatingProfit" : 0.72,
    "netProfitMargin" : -0.71,
    "netProfit" : -3.40
  } ],
  "latestQuarterlyResult" : {
    "date" : "2025-09-30",
    "sales" : 478.75,
    "salesGrowthYoY" : -0.51,
    "grossProfitMargin" : 40.22,
    "grossProfit" : 192.55,
    "operatingProfitMargin" : 0.15,
    "operatingProfit" : 0.72,
    "netProfitMargin" : -0.71,
    "netProfit" : -3.40
  },
  "companyScore" : {
    "priceHigherThanDma50" : 0.00,
    "priceHigherThanDma100" : 0.00,
    "priceHigherThanDma200" : 0.00,
    "dma50HigherThanDma100" : 0.00,
    "dma50HigherThanDma200" : 0.00,
    "dma100HigherThanDma200" : 0.00,
    "pricePercentageAboveDma50" : 5.49,
    "pricePercentageAboveDma100" : 5.79,
    "pricePercentageAboveDma200" : 5.96,
    "weeklyVolumeHigherThanYearlyVolume" : 0.00,
    "salesGrowthPercentile" : 5.59,
    "operatingProfitMarginPercentile" : 13.27,
    "netProfitMarginPercentile" : 7.02,
    "totalTechnicalScore" : 17.24,
    "totalFundamentalScore" : 25.88,
    "totalScore" : 43.12
  }
}