{
  "metadata" : {
    "screenerCompanyId" : "517",
    "companyCode" : "BLUEDART",
    "companyName" : "Blue Dart Expres",
    "screenerCompanyLink" : "https://www.screener.in/company/BLUEDART",
    "screenerTechnicalHistoryLink" : "https://www.screener.in/api/company/517/chart/?q=Price-DMA50-DMA200-Volume&days=365",
    "screenerQuarterlyResultsLink" : "https://www.screener.in/api/company/517/chart/?q=GPM-OPM-NPM-Quarter+Sales&days=10000",
    "attributes" : {
      "companyCode" : "BLUEDART",
      "companyName" : "Blue Dart Expres",
      "marketCap" : 13691.00,
      "peRatio" : 53.00,
      "description" : "Blue Dart Express Limited, incorporated in 1988, is involved in transportation and door-to-door distribution of time-sensitive shipments, through an integrated ground and air transportation network. The company is regarded as South Asia’s leading courier and integrated air express package distribution company. [1]"
    },
    "companyScore" : {
      "priceHigherThanDma50" : 0.00,
      "priceHigherThanDma100" : 0.00,
      "priceHigherThanDma200" : 0.00,
      "dma50HigherThanDma100" : 0.00,
      "dma50HigherThanDma200" : 0.00,
      "dma100HigherThanDma200" : 0.00,
      "pricePercentageAboveDma50" : 5.14,
      "pricePercentageAboveDma100" : 5.21,
      "pricePercentageAboveDma200" : 5.39,
      "weeklyVolumeHigherThanYearlyVolume" : 0.00,
      "salesGrowthPercentile" : 6.96,
      "operatingProfitMarginPercentile" : 15.85,
      "netProfitMarginPercentile" : 8.23,
      "totalTechnicalScore" : 15.74,
      "totalFundamentalScore" : 31.03,
      "totalScore" : 46.78
    }
  },
  "attributes" : {
    "companyCode" : "BLUEDART",
    "companyName" : "Blue Dart Expres",
    "marketCap" : 13691.00,
    "peRatio" : 53.00,
    "description" : "Blue Dart Express Limited, incorporated in 1988, is involved in transportation and door-to-door distribution of time-sensitive shipments, through an integrated ground and air transportation network. The company is regarded as South Asia’s leading courier and integrated air express package distribution company. [1]"
  },
  "technicalHistory" : [ {
    "date" : "2024-11-25",
    "price" : 7511.40,
    "dma50" : 7937.82,
    "dma100" : null,
    "dma200" : 7624.45,
    "volume" : 8148.00
  }, {
    "date" : "2024-11-26",
    "price" : 7492.55,
    "dma50" : 7920.36,
    "dma100" : null,
    "dma200" : 7623.14,
    "volume" : 6234.00
  }, {
    "date" : "2024-11-27",
    "price" : 7444.45,
    "dma50" : 7901.69,
    "dma100" : null,
    "dma200" : 7621.36,
    "volume" : 6668.00
  }, {
    "date" : "2024-11-28",
    "price" : 7497.50,
    "dma50" : 7885.84,
    "dma100" : null,
    "dma200" : 7620.13,
    "volume" : 1927.00
  }, {
    "date" : "2024-11-29",
    "price" : 7505.55,
    "dma50" : 7870.93,
    "dma100" : null,
    "dma200" : 7618.99,
    "volume" : 8221.00
  }, {
    "date" : "2024-12-02",
    "price" : 7469.65,
    "dma50" : 7855.19,
    "dma100" : null,
    "dma200" : 7617.50,
    "volume" : 7835.00
  }, {
    "date" : "2024-12-03",
    "price" : 7456.25,
    "dma50" : 7839.55,
    "dma100" : null,
    "dma200" : 7615.89,
    "volume" : 9578.00
  }, {
    "date" : "2024-12-04",
    "price" : 7528.35,
    "dma50" : 7827.35,
    "dma100" : null,
    "dma200" : 7615.02,
    "volume" : 4544.00
  }, {
    "date" : "2024-12-05",
    "price" : 7486.95,
    "dma50" : 7814.00,
    "dma100" : null,
    "dma200" : 7613.75,
    "volume" : 21851.00
  }, {
    "date" : "2024-12-06",
    "price" : 7688.40,
    "dma50" : 7809.07,
    "dma100" : null,
    "dma200" : 7614.49,
    "volume" : 15413.00
  }, {
    "date" : "2024-12-09",
    "price" : 7779.10,
    "dma50" : 7807.90,
    "dma100" : null,
    "dma200" : 7616.13,
    "volume" : 8342.00
  }, {
    "date" : "2024-12-10",
    "price" : 7670.05,
    "dma50" : 7802.49,
    "dma100" : null,
    "dma200" : 7616.67,
    "volume" : 11074.00
  }, {
    "date" : "2024-12-11",
    "price" : 7762.80,
    "dma50" : 7800.93,
    "dma100" : null,
    "dma200" : 7618.12,
    "volume" : 5486.00
  }, {
    "date" : "2024-12-12",
    "price" : 7828.55,
    "dma50" : 7802.02,
    "dma100" : null,
    "dma200" : 7620.21,
    "volume" : 6992.00
  }, {
    "date" : "2024-12-13",
    "price" : 7829.35,
    "dma50" : 7803.09,
    "dma100" : null,
    "dma200" : 7622.30,
    "volume" : 6379.00
  }, {
    "date" : "2024-12-16",
    "price" : 7789.95,
    "dma50" : 7802.57,
    "dma100" : null,
    "dma200" : 7623.96,
    "volume" : 5964.00
  }, {
    "date" : "2024-12-17",
    "price" : 7717.75,
    "dma50" : 7799.25,
    "dma100" : null,
    "dma200" : 7624.90,
    "volume" : 5298.00
  }, {
    "date" : "2024-12-18",
    "price" : 7660.55,
    "dma50" : 7793.81,
    "dma100" : null,
    "dma200" : 7625.25,
    "volume" : 21338.00
  }, {
    "date" : "2024-12-19",
    "price" : 7514.10,
    "dma50" : 7782.84,
    "dma100" : null,
    "dma200" : 7624.15,
    "volume" : 4406.00
  }, {
    "date" : "2024-12-20",
    "price" : 7197.30,
    "dma50" : 7759.88,
    "dma100" : null,
    "dma200" : 7619.90,
    "volume" : 6639.00
  }, {
    "date" : "2024-12-23",
    "price" : 7031.20,
    "dma50" : 7731.30,
    "dma100" : null,
    "dma200" : 7614.04,
    "volume" : 7382.00
  }, {
    "date" : "2024-12-24",
    "price" : 7067.25,
    "dma50" : 7705.26,
    "dma100" : null,
    "dma200" : 7608.60,
    "volume" : 3543.00
  }, {
    "date" : "2024-12-26",
    "price" : 7400.70,
    "dma50" : 7693.32,
    "dma100" : null,
    "dma200" : 7606.53,
    "volume" : 206824.00
  }, {
    "date" : "2024-12-27",
    "price" : 7026.55,
    "dma50" : 7667.17,
    "dma100" : null,
    "dma200" : 7600.76,
    "volume" : 52702.00
  }, {
    "date" : "2024-12-30",
    "price" : 6648.35,
    "dma50" : 7627.21,
    "dma100" : null,
    "dma200" : 7591.28,
    "volume" : 59761.00
  }, {
    "date" : "2024-12-31",
    "price" : 6967.45,
    "dma50" : 7601.34,
    "dma100" : null,
    "dma200" : 7585.08,
    "volume" : 67144.00
  }, {
    "date" : "2025-01-01",
    "price" : 6981.50,
    "dma50" : 7577.03,
    "dma100" : null,
    "dma200" : 7579.07,
    "volume" : 17654.00
  }, {
    "date" : "2025-01-02",
    "price" : 6884.35,
    "dma50" : 7549.87,
    "dma100" : null,
    "dma200" : 7572.16,
    "volume" : 9330.00
  }, {
    "date" : "2025-01-03",
    "price" : 6829.10,
    "dma50" : 7521.60,
    "dma100" : null,
    "dma200" : 7564.76,
    "volume" : 19728.00
  }, {
    "date" : "2025-01-06",
    "price" : 6784.65,
    "dma50" : 7492.70,
    "dma100" : null,
    "dma200" : 7557.00,
    "volume" : 18402.00
  }, {
    "date" : "2025-01-07",
    "price" : 6741.20,
    "dma50" : 7463.23,
    "dma100" : null,
    "dma200" : 7548.88,
    "volume" : 7025.00
  }, {
    "date" : "2025-01-08",
    "price" : 6655.75,
    "dma50" : 7431.57,
    "dma100" : null,
    "dma200" : 7540.00,
    "volume" : 9231.00
  }, {
    "date" : "2025-01-09",
    "price" : 6590.45,
    "dma50" : 7398.58,
    "dma100" : null,
    "dma200" : 7530.55,
    "volume" : 8988.00
  }, {
    "date" : "2025-01-10",
    "price" : 6350.70,
    "dma50" : 7357.49,
    "dma100" : null,
    "dma200" : 7518.81,
    "volume" : 19249.00
  }, {
    "date" : "2025-01-13",
    "price" : 6252.60,
    "dma50" : 7314.16,
    "dma100" : null,
    "dma200" : 7506.21,
    "volume" : 30474.00
  }, {
    "date" : "2025-01-14",
    "price" : 6224.60,
    "dma50" : 7271.43,
    "dma100" : null,
    "dma200" : 7493.46,
    "volume" : 23116.00
  }, {
    "date" : "2025-01-15",
    "price" : 6157.65,
    "dma50" : 7227.75,
    "dma100" : null,
    "dma200" : 7480.17,
    "volume" : 18547.00
  }, {
    "date" : "2025-01-16",
    "price" : 6403.20,
    "dma50" : 7195.42,
    "dma100" : null,
    "dma200" : 7469.45,
    "volume" : 15280.00
  }, {
    "date" : "2025-01-17",
    "price" : 6440.10,
    "dma50" : 7165.80,
    "dma100" : null,
    "dma200" : 7459.21,
    "volume" : 16772.00
  }, {
    "date" : "2025-01-20",
    "price" : 6622.55,
    "dma50" : 7144.49,
    "dma100" : null,
    "dma200" : 7450.88,
    "volume" : 16227.00
  }, {
    "date" : "2025-01-21",
    "price" : 6537.35,
    "dma50" : 7120.69,
    "dma100" : null,
    "dma200" : 7441.79,
    "volume" : 7401.00
  }, {
    "date" : "2025-01-22",
    "price" : 6609.15,
    "dma50" : 7100.63,
    "dma100" : null,
    "dma200" : 7433.51,
    "volume" : 15945.00
  }, {
    "date" : "2025-01-23",
    "price" : 6571.70,
    "dma50" : 7079.88,
    "dma100" : null,
    "dma200" : 7424.93,
    "volume" : 11049.00
  }, {
    "date" : "2025-01-24",
    "price" : 6502.35,
    "dma50" : 7057.23,
    "dma100" : null,
    "dma200" : 7415.75,
    "volume" : 7378.00
  }, {
    "date" : "2025-01-27",
    "price" : 6593.35,
    "dma50" : 7039.04,
    "dma100" : null,
    "dma200" : 7407.57,
    "volume" : 18370.00
  }, {
    "date" : "2025-01-28",
    "price" : 6349.50,
    "dma50" : 7012.00,
    "dma100" : null,
    "dma200" : 7397.04,
    "volume" : 10751.00
  }, {
    "date" : "2025-01-29",
    "price" : 6412.35,
    "dma50" : 6988.49,
    "dma100" : null,
    "dma200" : 7387.24,
    "volume" : 5002.00
  }, {
    "date" : "2025-01-30",
    "price" : 6461.15,
    "dma50" : 6967.81,
    "dma100" : null,
    "dma200" : 7378.03,
    "volume" : 16784.00
  }, {
    "date" : "2025-01-31",
    "price" : 6580.00,
    "dma50" : 6952.60,
    "dma100" : null,
    "dma200" : 7370.09,
    "volume" : 6978.00
  }, {
    "date" : "2025-02-01",
    "price" : 6574.05,
    "dma50" : 6937.75,
    "dma100" : null,
    "dma200" : 7362.17,
    "volume" : 3922.00
  }, {
    "date" : "2025-02-03",
    "price" : 6428.90,
    "dma50" : 6917.80,
    "dma100" : null,
    "dma200" : 7352.88,
    "volume" : 17974.00
  }, {
    "date" : "2025-02-04",
    "price" : 6383.65,
    "dma50" : 6896.85,
    "dma100" : null,
    "dma200" : 7343.24,
    "volume" : 4498.00
  }, {
    "date" : "2025-02-05",
    "price" : 6480.20,
    "dma50" : 6880.51,
    "dma100" : null,
    "dma200" : 7334.65,
    "volume" : 6994.00
  }, {
    "date" : "2025-02-06",
    "price" : 6534.80,
    "dma50" : 6866.95,
    "dma100" : null,
    "dma200" : 7326.69,
    "volume" : 20203.00
  }, {
    "date" : "2025-02-07",
    "price" : 6804.40,
    "dma50" : 6864.50,
    "dma100" : null,
    "dma200" : 7321.49,
    "volume" : 41650.00
  }, {
    "date" : "2025-02-10",
    "price" : 6607.90,
    "dma50" : 6854.44,
    "dma100" : null,
    "dma200" : 7314.39,
    "volume" : 9425.00
  }, {
    "date" : "2025-02-11",
    "price" : 6363.05,
    "dma50" : 6835.17,
    "dma100" : null,
    "dma200" : 7304.93,
    "volume" : 13391.00
  }, {
    "date" : "2025-02-12",
    "price" : 6168.55,
    "dma50" : 6809.03,
    "dma100" : null,
    "dma200" : 7293.62,
    "volume" : 26159.00
  }, {
    "date" : "2025-02-13",
    "price" : 6061.85,
    "dma50" : 6779.73,
    "dma100" : null,
    "dma200" : 7281.36,
    "volume" : 13451.00
  }, {
    "date" : "2025-02-14",
    "price" : 5928.70,
    "dma50" : 6746.35,
    "dma100" : null,
    "dma200" : 7267.90,
    "volume" : 15338.00
  }, {
    "date" : "2025-02-17",
    "price" : 5989.20,
    "dma50" : 6716.66,
    "dma100" : null,
    "dma200" : 7255.18,
    "volume" : 11086.00
  }, {
    "date" : "2025-02-18",
    "price" : 5995.25,
    "dma50" : 6688.37,
    "dma100" : null,
    "dma200" : 7242.64,
    "volume" : 7048.00
  }, {
    "date" : "2025-02-19",
    "price" : 6117.60,
    "dma50" : 6665.99,
    "dma100" : null,
    "dma200" : 7231.45,
    "volume" : 8164.00
  }, {
    "date" : "2025-02-20",
    "price" : 6338.80,
    "dma50" : 6653.16,
    "dma100" : null,
    "dma200" : 7222.57,
    "volume" : 7890.00
  }, {
    "date" : "2025-02-21",
    "price" : 6362.60,
    "dma50" : 6641.76,
    "dma100" : null,
    "dma200" : 7214.01,
    "volume" : 7130.00
  }, {
    "date" : "2025-02-24",
    "price" : 6300.45,
    "dma50" : 6628.38,
    "dma100" : null,
    "dma200" : 7204.92,
    "volume" : 3530.00
  }, {
    "date" : "2025-02-25",
    "price" : 6172.65,
    "dma50" : 6610.50,
    "dma100" : null,
    "dma200" : 7194.65,
    "volume" : 3481.00
  }, {
    "date" : "2025-02-27",
    "price" : 6091.00,
    "dma50" : 6590.13,
    "dma100" : null,
    "dma200" : 7183.67,
    "volume" : 5694.00
  }, {
    "date" : "2025-02-28",
    "price" : 5997.35,
    "dma50" : 6566.89,
    "dma100" : null,
    "dma200" : 7171.86,
    "volume" : 9336.00
  }, {
    "date" : "2025-03-03",
    "price" : 5947.90,
    "dma50" : 6542.61,
    "dma100" : null,
    "dma200" : 7159.69,
    "volume" : 9847.00
  }, {
    "date" : "2025-03-04",
    "price" : 5880.25,
    "dma50" : 6516.64,
    "dma100" : null,
    "dma200" : 7146.95,
    "volume" : 8352.00
  }, {
    "date" : "2025-03-05",
    "price" : 6000.35,
    "dma50" : 6496.39,
    "dma100" : null,
    "dma200" : 7135.55,
    "volume" : 6887.00
  }, {
    "date" : "2025-03-06",
    "price" : 5994.85,
    "dma50" : 6476.72,
    "dma100" : null,
    "dma200" : 7124.20,
    "volume" : 20729.00
  }, {
    "date" : "2025-03-07",
    "price" : 5964.70,
    "dma50" : 6456.64,
    "dma100" : null,
    "dma200" : 7112.66,
    "volume" : 6339.00
  }, {
    "date" : "2025-03-10",
    "price" : 5770.25,
    "dma50" : 6429.73,
    "dma100" : null,
    "dma200" : 7099.30,
    "volume" : 9447.00
  }, {
    "date" : "2025-03-11",
    "price" : 5719.20,
    "dma50" : 6401.86,
    "dma100" : null,
    "dma200" : 7085.57,
    "volume" : 12335.00
  }, {
    "date" : "2025-03-12",
    "price" : 5648.70,
    "dma50" : 6372.33,
    "dma100" : null,
    "dma200" : 7071.27,
    "volume" : 8437.00
  }, {
    "date" : "2025-03-13",
    "price" : 5700.35,
    "dma50" : 6345.97,
    "dma100" : null,
    "dma200" : 7057.63,
    "volume" : 12335.00
  }, {
    "date" : "2025-03-17",
    "price" : 5730.60,
    "dma50" : 6321.84,
    "dma100" : null,
    "dma200" : 7044.43,
    "volume" : 15080.00
  }, {
    "date" : "2025-03-18",
    "price" : 5725.00,
    "dma50" : 6298.44,
    "dma100" : null,
    "dma200" : 7031.30,
    "volume" : 7517.00
  }, {
    "date" : "2025-03-19",
    "price" : 5876.75,
    "dma50" : 6281.90,
    "dma100" : null,
    "dma200" : 7019.81,
    "volume" : 36607.00
  }, {
    "date" : "2025-03-20",
    "price" : 5897.80,
    "dma50" : 6266.84,
    "dma100" : null,
    "dma200" : 7008.65,
    "volume" : 9372.00
  }, {
    "date" : "2025-03-21",
    "price" : 5897.65,
    "dma50" : 6252.36,
    "dma100" : null,
    "dma200" : 6997.59,
    "volume" : 17310.00
  }, {
    "date" : "2025-03-24",
    "price" : 6005.85,
    "dma50" : 6242.69,
    "dma100" : null,
    "dma200" : 6987.72,
    "volume" : 31917.00
  }, {
    "date" : "2025-03-25",
    "price" : 6516.25,
    "dma50" : 6253.42,
    "dma100" : null,
    "dma200" : 6983.03,
    "volume" : 577556.00
  }, {
    "date" : "2025-03-26",
    "price" : 6350.20,
    "dma50" : 6257.21,
    "dma100" : null,
    "dma200" : 6976.73,
    "volume" : 49258.00
  }, {
    "date" : "2025-03-27",
    "price" : 6200.85,
    "dma50" : 6255.00,
    "dma100" : null,
    "dma200" : 6969.01,
    "volume" : 35873.00
  }, {
    "date" : "2025-03-28",
    "price" : 6136.50,
    "dma50" : 6250.36,
    "dma100" : null,
    "dma200" : 6960.73,
    "volume" : 21121.00
  }, {
    "date" : "2025-04-01",
    "price" : 6215.05,
    "dma50" : 6248.97,
    "dma100" : null,
    "dma200" : 6953.31,
    "volume" : 18278.00
  }, {
    "date" : "2025-04-02",
    "price" : 6223.85,
    "dma50" : 6247.99,
    "dma100" : null,
    "dma200" : 6946.05,
    "volume" : 5893.00
  }, {
    "date" : "2025-04-03",
    "price" : 6151.70,
    "dma50" : 6244.21,
    "dma100" : null,
    "dma200" : 6938.15,
    "volume" : 7547.00
  }, {
    "date" : "2025-04-04",
    "price" : 5950.80,
    "dma50" : 6232.71,
    "dma100" : null,
    "dma200" : 6928.32,
    "volume" : 17175.00
  }, {
    "date" : "2025-04-07",
    "price" : 5918.55,
    "dma50" : 6220.39,
    "dma100" : null,
    "dma200" : 6918.28,
    "volume" : 11506.00
  }, {
    "date" : "2025-04-08",
    "price" : 6071.75,
    "dma50" : 6214.56,
    "dma100" : null,
    "dma200" : 6909.85,
    "volume" : 22298.00
  }, {
    "date" : "2025-04-09",
    "price" : 6078.80,
    "dma50" : 6209.23,
    "dma100" : null,
    "dma200" : 6901.58,
    "volume" : 5624.00
  }, {
    "date" : "2025-04-11",
    "price" : 6312.10,
    "dma50" : 6213.27,
    "dma100" : null,
    "dma200" : 6895.72,
    "volume" : 12371.00
  }, {
    "date" : "2025-04-15",
    "price" : 6337.50,
    "dma50" : 6218.14,
    "dma100" : null,
    "dma200" : 6890.16,
    "volume" : 17681.00
  }, {
    "date" : "2025-04-16",
    "price" : 6368.00,
    "dma50" : 6224.02,
    "dma100" : null,
    "dma200" : 6884.97,
    "volume" : 7341.00
  }, {
    "date" : "2025-04-17",
    "price" : 6354.50,
    "dma50" : 6229.13,
    "dma100" : null,
    "dma200" : 6879.69,
    "volume" : 9168.00
  }, {
    "date" : "2025-04-21",
    "price" : 6479.50,
    "dma50" : 6238.95,
    "dma100" : null,
    "dma200" : 6875.71,
    "volume" : 10471.00
  }, {
    "date" : "2025-04-22",
    "price" : 6491.50,
    "dma50" : 6248.85,
    "dma100" : 6566.15,
    "dma200" : 6871.89,
    "volume" : 7201.00
  }, {
    "date" : "2025-04-23",
    "price" : 6556.00,
    "dma50" : 6260.90,
    "dma100" : 6556.78,
    "dma200" : 6868.74,
    "volume" : 16744.00
  }, {
    "date" : "2025-04-24",
    "price" : 6534.00,
    "dma50" : 6271.61,
    "dma100" : 6547.68,
    "dma200" : 6865.41,
    "volume" : 7700.00
  }, {
    "date" : "2025-04-25",
    "price" : 6401.50,
    "dma50" : 6276.70,
    "dma100" : 6536.72,
    "dma200" : 6860.80,
    "volume" : 9363.00
  }, {
    "date" : "2025-04-28",
    "price" : 6490.50,
    "dma50" : 6285.09,
    "dma100" : 6526.56,
    "dma200" : 6857.11,
    "volume" : 4839.00
  }, {
    "date" : "2025-04-29",
    "price" : 6393.00,
    "dma50" : 6289.32,
    "dma100" : 6515.80,
    "dma200" : 6852.49,
    "volume" : 16290.00
  }, {
    "date" : "2025-04-30",
    "price" : 6203.00,
    "dma50" : 6285.93,
    "dma100" : 6503.27,
    "dma200" : 6846.03,
    "volume" : 12796.00
  }, {
    "date" : "2025-05-02",
    "price" : 6260.00,
    "dma50" : 6284.92,
    "dma100" : 6490.58,
    "dma200" : 6840.20,
    "volume" : 8936.00
  }, {
    "date" : "2025-05-05",
    "price" : 6477.00,
    "dma50" : 6292.45,
    "dma100" : 6480.48,
    "dma200" : 6836.59,
    "volume" : 15516.00
  }, {
    "date" : "2025-05-06",
    "price" : 6628.00,
    "dma50" : 6305.61,
    "dma100" : 6469.88,
    "dma200" : 6834.51,
    "volume" : 37436.00
  }, {
    "date" : "2025-05-07",
    "price" : 6656.50,
    "dma50" : 6319.37,
    "dma100" : 6458.65,
    "dma200" : 6832.74,
    "volume" : 13619.00
  }, {
    "date" : "2025-05-08",
    "price" : 6702.00,
    "dma50" : 6334.37,
    "dma100" : 6448.97,
    "dma200" : 6831.44,
    "volume" : 15573.00
  }, {
    "date" : "2025-05-09",
    "price" : 6683.00,
    "dma50" : 6348.05,
    "dma100" : 6438.17,
    "dma200" : 6829.96,
    "volume" : 10509.00
  }, {
    "date" : "2025-05-12",
    "price" : 6703.50,
    "dma50" : 6361.99,
    "dma100" : 6426.92,
    "dma200" : 6828.70,
    "volume" : 9751.00
  }, {
    "date" : "2025-05-13",
    "price" : 6914.00,
    "dma50" : 6383.63,
    "dma100" : 6417.77,
    "dma200" : 6829.55,
    "volume" : 14239.00
  }, {
    "date" : "2025-05-14",
    "price" : 6897.50,
    "dma50" : 6403.78,
    "dma100" : 6408.85,
    "dma200" : 6830.23,
    "volume" : 10689.00
  }, {
    "date" : "2025-05-15",
    "price" : 6900.00,
    "dma50" : 6423.24,
    "dma100" : 6400.67,
    "dma200" : 6830.92,
    "volume" : 7984.00
  }, {
    "date" : "2025-05-16",
    "price" : 6947.50,
    "dma50" : 6443.80,
    "dma100" : 6393.54,
    "dma200" : 6832.08,
    "volume" : 4679.00
  }, {
    "date" : "2025-05-19",
    "price" : 6912.00,
    "dma50" : 6462.16,
    "dma100" : 6387.52,
    "dma200" : 6832.88,
    "volume" : 15725.00
  }, {
    "date" : "2025-05-20",
    "price" : 6926.50,
    "dma50" : 6480.37,
    "dma100" : 6384.81,
    "dma200" : 6833.81,
    "volume" : 9759.00
  }, {
    "date" : "2025-05-21",
    "price" : 6862.50,
    "dma50" : 6495.36,
    "dma100" : 6383.12,
    "dma200" : 6834.09,
    "volume" : 5175.00
  }, {
    "date" : "2025-05-22",
    "price" : 6983.00,
    "dma50" : 6514.48,
    "dma100" : 6382.28,
    "dma200" : 6835.58,
    "volume" : 14129.00
  }, {
    "date" : "2025-05-23",
    "price" : 7004.50,
    "dma50" : 6533.70,
    "dma100" : 6378.32,
    "dma200" : 6837.26,
    "volume" : 6223.00
  }, {
    "date" : "2025-05-26",
    "price" : 7187.00,
    "dma50" : 6559.32,
    "dma100" : 6379.92,
    "dma200" : 6840.74,
    "volume" : 16229.00
  }, {
    "date" : "2025-05-27",
    "price" : 6812.50,
    "dma50" : 6569.25,
    "dma100" : 6381.56,
    "dma200" : 6840.46,
    "volume" : 64505.00
  }, {
    "date" : "2025-05-28",
    "price" : 6756.50,
    "dma50" : 6576.59,
    "dma100" : 6379.45,
    "dma200" : 6839.62,
    "volume" : 21450.00
  }, {
    "date" : "2025-05-29",
    "price" : 6660.50,
    "dma50" : 6579.88,
    "dma100" : 6376.24,
    "dma200" : 6837.84,
    "volume" : 16996.00
  }, {
    "date" : "2025-05-30",
    "price" : 6622.00,
    "dma50" : 6581.53,
    "dma100" : 6373.62,
    "dma200" : 6835.69,
    "volume" : 9904.00
  }, {
    "date" : "2025-06-02",
    "price" : 6519.50,
    "dma50" : 6579.10,
    "dma100" : 6370.52,
    "dma200" : 6832.54,
    "volume" : 10026.00
  }, {
    "date" : "2025-06-03",
    "price" : 6397.50,
    "dma50" : 6571.98,
    "dma100" : 6366.65,
    "dma200" : 6828.21,
    "volume" : 12771.00
  }, {
    "date" : "2025-06-04",
    "price" : 6382.00,
    "dma50" : 6564.53,
    "dma100" : 6363.06,
    "dma200" : 6823.77,
    "volume" : 12967.00
  }, {
    "date" : "2025-06-05",
    "price" : 6523.00,
    "dma50" : 6562.90,
    "dma100" : 6361.73,
    "dma200" : 6820.78,
    "volume" : 16013.00
  }, {
    "date" : "2025-06-06",
    "price" : 6501.00,
    "dma50" : 6560.47,
    "dma100" : 6360.84,
    "dma200" : 6817.60,
    "volume" : 4498.00
  }, {
    "date" : "2025-06-09",
    "price" : 6500.00,
    "dma50" : 6558.10,
    "dma100" : 6362.33,
    "dma200" : 6814.44,
    "volume" : 6819.00
  }, {
    "date" : "2025-06-10",
    "price" : 6557.00,
    "dma50" : 6558.06,
    "dma100" : 6365.38,
    "dma200" : 6811.88,
    "volume" : 7459.00
  }, {
    "date" : "2025-06-11",
    "price" : 6547.50,
    "dma50" : 6557.64,
    "dma100" : 6368.60,
    "dma200" : 6809.25,
    "volume" : 6023.00
  }, {
    "date" : "2025-06-12",
    "price" : 6396.00,
    "dma50" : 6551.30,
    "dma100" : 6370.99,
    "dma200" : 6805.14,
    "volume" : 9262.00
  }, {
    "date" : "2025-06-13",
    "price" : 6296.00,
    "dma50" : 6541.29,
    "dma100" : 6369.92,
    "dma200" : 6800.07,
    "volume" : 7676.00
  }, {
    "date" : "2025-06-16",
    "price" : 6287.00,
    "dma50" : 6531.32,
    "dma100" : 6368.39,
    "dma200" : 6794.96,
    "volume" : 4851.00
  }, {
    "date" : "2025-06-17",
    "price" : 6300.00,
    "dma50" : 6522.25,
    "dma100" : 6365.16,
    "dma200" : 6790.04,
    "volume" : 4109.00
  }, {
    "date" : "2025-06-18",
    "price" : 6229.00,
    "dma50" : 6510.75,
    "dma100" : 6362.08,
    "dma200" : 6784.46,
    "volume" : 6291.00
  }, {
    "date" : "2025-06-19",
    "price" : 6162.00,
    "dma50" : 6497.07,
    "dma100" : 6357.60,
    "dma200" : 6778.26,
    "volume" : 5965.00
  }, {
    "date" : "2025-06-20",
    "price" : 6224.50,
    "dma50" : 6486.38,
    "dma100" : 6354.13,
    "dma200" : 6772.75,
    "volume" : 5027.00
  }, {
    "date" : "2025-06-23",
    "price" : 6195.00,
    "dma50" : 6474.96,
    "dma100" : 6351.06,
    "dma200" : 6767.00,
    "volume" : 7281.00
  }, {
    "date" : "2025-06-24",
    "price" : 6256.00,
    "dma50" : 6466.37,
    "dma100" : 6347.69,
    "dma200" : 6761.92,
    "volume" : 13649.00
  }, {
    "date" : "2025-06-25",
    "price" : 6291.50,
    "dma50" : 6459.51,
    "dma100" : 6347.11,
    "dma200" : 6757.24,
    "volume" : 5244.00
  }, {
    "date" : "2025-06-26",
    "price" : 6326.00,
    "dma50" : 6454.28,
    "dma100" : 6346.24,
    "dma200" : 6752.95,
    "volume" : 5191.00
  }, {
    "date" : "2025-06-27",
    "price" : 6364.50,
    "dma50" : 6450.76,
    "dma100" : 6345.28,
    "dma200" : 6749.08,
    "volume" : 8237.00
  }, {
    "date" : "2025-06-30",
    "price" : 6389.50,
    "dma50" : 6448.35,
    "dma100" : 6343.37,
    "dma200" : 6745.51,
    "volume" : 11625.00
  }, {
    "date" : "2025-07-01",
    "price" : 6846.50,
    "dma50" : 6463.97,
    "dma100" : 6346.10,
    "dma200" : 6746.51,
    "volume" : 739443.00
  }, {
    "date" : "2025-07-02",
    "price" : 6910.00,
    "dma50" : 6481.46,
    "dma100" : 6350.91,
    "dma200" : 6748.14,
    "volume" : 242548.00
  }, {
    "date" : "2025-07-03",
    "price" : 6843.50,
    "dma50" : 6495.66,
    "dma100" : 6355.50,
    "dma200" : 6749.09,
    "volume" : 37152.00
  }, {
    "date" : "2025-07-04",
    "price" : 6697.50,
    "dma50" : 6503.57,
    "dma100" : 6357.68,
    "dma200" : 6748.57,
    "volume" : 19524.00
  }, {
    "date" : "2025-07-07",
    "price" : 6690.00,
    "dma50" : 6510.88,
    "dma100" : 6359.23,
    "dma200" : 6747.99,
    "volume" : 10914.00
  }, {
    "date" : "2025-07-08",
    "price" : 6613.50,
    "dma50" : 6514.91,
    "dma100" : 6357.32,
    "dma200" : 6746.65,
    "volume" : 7777.00
  }, {
    "date" : "2025-07-09",
    "price" : 6634.00,
    "dma50" : 6519.58,
    "dma100" : 6357.58,
    "dma200" : 6745.53,
    "volume" : 7856.00
  }, {
    "date" : "2025-07-10",
    "price" : 6716.50,
    "dma50" : 6527.30,
    "dma100" : 6361.12,
    "dma200" : 6745.24,
    "volume" : 21263.00
  }, {
    "date" : "2025-07-11",
    "price" : 6643.00,
    "dma50" : 6531.84,
    "dma100" : 6365.86,
    "dma200" : 6744.22,
    "volume" : 7088.00
  }, {
    "date" : "2025-07-14",
    "price" : 6824.00,
    "dma50" : 6543.29,
    "dma100" : 6373.48,
    "dma200" : 6745.02,
    "volume" : 16710.00
  }, {
    "date" : "2025-07-15",
    "price" : 6912.00,
    "dma50" : 6557.75,
    "dma100" : 6383.32,
    "dma200" : 6746.68,
    "volume" : 23423.00
  }, {
    "date" : "2025-07-16",
    "price" : 6913.00,
    "dma50" : 6571.68,
    "dma100" : 6392.55,
    "dma200" : 6748.33,
    "volume" : 14667.00
  }, {
    "date" : "2025-07-17",
    "price" : 6891.00,
    "dma50" : 6584.21,
    "dma100" : 6401.51,
    "dma200" : 6749.75,
    "volume" : 18197.00
  }, {
    "date" : "2025-07-18",
    "price" : 6856.50,
    "dma50" : 6594.88,
    "dma100" : 6408.90,
    "dma200" : 6750.82,
    "volume" : 9249.00
  }, {
    "date" : "2025-07-21",
    "price" : 6782.00,
    "dma50" : 6602.22,
    "dma100" : 6413.33,
    "dma200" : 6751.13,
    "volume" : 5126.00
  }, {
    "date" : "2025-07-22",
    "price" : 6739.00,
    "dma50" : 6607.59,
    "dma100" : 6417.10,
    "dma200" : 6751.01,
    "volume" : 6865.00
  }, {
    "date" : "2025-07-23",
    "price" : 6876.00,
    "dma50" : 6618.11,
    "dma100" : 6422.85,
    "dma200" : 6752.25,
    "volume" : 21554.00
  }, {
    "date" : "2025-07-24",
    "price" : 6902.50,
    "dma50" : 6629.27,
    "dma100" : 6430.15,
    "dma200" : 6753.74,
    "volume" : 12202.00
  }, {
    "date" : "2025-07-25",
    "price" : 6754.50,
    "dma50" : 6634.18,
    "dma100" : 6436.78,
    "dma200" : 6753.75,
    "volume" : 5538.00
  }, {
    "date" : "2025-07-28",
    "price" : 6551.50,
    "dma50" : 6630.93,
    "dma100" : 6442.33,
    "dma200" : 6751.74,
    "volume" : 10332.00
  }, {
    "date" : "2025-07-29",
    "price" : 6473.00,
    "dma50" : 6624.74,
    "dma100" : 6447.58,
    "dma200" : 6748.97,
    "volume" : 8690.00
  }, {
    "date" : "2025-07-30",
    "price" : 6166.00,
    "dma50" : 6606.75,
    "dma100" : 6450.43,
    "dma200" : 6743.17,
    "volume" : 66198.00
  }, {
    "date" : "2025-07-31",
    "price" : 5994.00,
    "dma50" : 6582.72,
    "dma100" : 6450.37,
    "dma200" : 6735.71,
    "volume" : 28877.00
  }, {
    "date" : "2025-08-01",
    "price" : 5888.00,
    "dma50" : 6555.48,
    "dma100" : 6449.30,
    "dma200" : 6727.28,
    "volume" : 22946.00
  }, {
    "date" : "2025-08-04",
    "price" : 5798.00,
    "dma50" : 6525.77,
    "dma100" : 6447.64,
    "dma200" : 6718.03,
    "volume" : 28648.00
  }, {
    "date" : "2025-08-05",
    "price" : 5794.00,
    "dma50" : 6497.08,
    "dma100" : 6447.87,
    "dma200" : 6708.84,
    "volume" : 33617.00
  }, {
    "date" : "2025-08-06",
    "price" : 5788.50,
    "dma50" : 6469.29,
    "dma100" : 6448.57,
    "dma200" : 6699.68,
    "volume" : 51126.00
  }, {
    "date" : "2025-08-07",
    "price" : 5808.00,
    "dma50" : 6443.36,
    "dma100" : 6450.16,
    "dma200" : 6690.81,
    "volume" : 19475.00
  }, {
    "date" : "2025-08-08",
    "price" : 5804.50,
    "dma50" : 6418.30,
    "dma100" : 6451.20,
    "dma200" : 6681.99,
    "volume" : 82570.00
  }, {
    "date" : "2025-08-11",
    "price" : 5872.50,
    "dma50" : 6396.90,
    "dma100" : 6452.62,
    "dma200" : 6673.93,
    "volume" : 9782.00
  }, {
    "date" : "2025-08-12",
    "price" : 5938.00,
    "dma50" : 6378.90,
    "dma100" : 6454.75,
    "dma200" : 6666.61,
    "volume" : 15419.00
  }, {
    "date" : "2025-08-13",
    "price" : 5875.00,
    "dma50" : 6359.14,
    "dma100" : 6454.73,
    "dma200" : 6658.73,
    "volume" : 6006.00
  }, {
    "date" : "2025-08-14",
    "price" : 5856.00,
    "dma50" : 6339.41,
    "dma100" : 6454.31,
    "dma200" : 6650.75,
    "volume" : 11714.00
  }, {
    "date" : "2025-08-18",
    "price" : 5831.00,
    "dma50" : 6319.47,
    "dma100" : 6453.65,
    "dma200" : 6642.59,
    "volume" : 65581.00
  }, {
    "date" : "2025-08-19",
    "price" : 5849.00,
    "dma50" : 6301.02,
    "dma100" : 6452.08,
    "dma200" : 6634.69,
    "volume" : 20174.00
  }, {
    "date" : "2025-08-20",
    "price" : 5840.00,
    "dma50" : 6282.94,
    "dma100" : 6445.32,
    "dma200" : 6626.78,
    "volume" : 13413.00
  }, {
    "date" : "2025-08-21",
    "price" : 5852.00,
    "dma50" : 6266.04,
    "dma100" : 6440.33,
    "dma200" : 6619.08,
    "volume" : 10399.00
  }, {
    "date" : "2025-08-22",
    "price" : 5814.50,
    "dma50" : 6248.34,
    "dma100" : 6436.47,
    "dma200" : 6611.07,
    "volume" : 7644.00
  }, {
    "date" : "2025-08-25",
    "price" : 5896.00,
    "dma50" : 6234.52,
    "dma100" : 6434.07,
    "dma200" : 6603.95,
    "volume" : 15461.00
  }, {
    "date" : "2025-08-26",
    "price" : 5696.00,
    "dma50" : 6213.40,
    "dma100" : 6428.88,
    "dma200" : 6594.92,
    "volume" : 106165.00
  }, {
    "date" : "2025-08-28",
    "price" : 5580.00,
    "dma50" : 6188.56,
    "dma100" : 6422.44,
    "dma200" : 6584.82,
    "volume" : 21204.00
  }, {
    "date" : "2025-08-29",
    "price" : 5607.50,
    "dma50" : 6165.77,
    "dma100" : 6417.00,
    "dma200" : 6575.10,
    "volume" : 35718.00
  }, {
    "date" : "2025-09-01",
    "price" : 5802.00,
    "dma50" : 6151.51,
    "dma100" : 6415.51,
    "dma200" : 6567.40,
    "volume" : 11944.00
  }, {
    "date" : "2025-09-02",
    "price" : 5755.00,
    "dma50" : 6135.96,
    "dma100" : 6413.87,
    "dma200" : 6559.32,
    "volume" : 5608.00
  }, {
    "date" : "2025-09-03",
    "price" : 5754.00,
    "dma50" : 6120.98,
    "dma100" : 6410.69,
    "dma200" : 6551.31,
    "volume" : 4498.00
  }, {
    "date" : "2025-09-04",
    "price" : 5685.50,
    "dma50" : 6103.90,
    "dma100" : 6406.76,
    "dma200" : 6542.69,
    "volume" : 8825.00
  }, {
    "date" : "2025-09-05",
    "price" : 5705.50,
    "dma50" : 6088.28,
    "dma100" : 6400.70,
    "dma200" : 6534.36,
    "volume" : 6410.00
  }, {
    "date" : "2025-09-08",
    "price" : 5727.50,
    "dma50" : 6074.13,
    "dma100" : 6394.60,
    "dma200" : 6526.33,
    "volume" : 4027.00
  }, {
    "date" : "2025-09-09",
    "price" : 5737.50,
    "dma50" : 6060.93,
    "dma100" : 6388.29,
    "dma200" : 6518.48,
    "volume" : 4536.00
  }, {
    "date" : "2025-09-10",
    "price" : 5732.50,
    "dma50" : 6048.05,
    "dma100" : 6382.07,
    "dma200" : 6510.66,
    "volume" : 4444.00
  }, {
    "date" : "2025-09-11",
    "price" : 5744.00,
    "dma50" : 6036.13,
    "dma100" : 6374.72,
    "dma200" : 6503.04,
    "volume" : 8791.00
  }, {
    "date" : "2025-09-12",
    "price" : 5701.00,
    "dma50" : 6022.98,
    "dma100" : 6366.81,
    "dma200" : 6495.05,
    "volume" : 9087.00
  }, {
    "date" : "2025-09-15",
    "price" : 5701.50,
    "dma50" : 6010.38,
    "dma100" : 6358.27,
    "dma200" : 6487.16,
    "volume" : 4617.00
  }, {
    "date" : "2025-09-16",
    "price" : 5732.50,
    "dma50" : 5999.48,
    "dma100" : 6350.25,
    "dma200" : 6479.65,
    "volume" : 12122.00
  }, {
    "date" : "2025-09-17",
    "price" : 5747.50,
    "dma50" : 5989.60,
    "dma100" : 6343.71,
    "dma200" : 6472.36,
    "volume" : 16056.00
  }, {
    "date" : "2025-09-18",
    "price" : 5861.00,
    "dma50" : 5984.56,
    "dma100" : 6337.42,
    "dma200" : 6466.28,
    "volume" : 31367.00
  }, {
    "date" : "2025-09-19",
    "price" : 5762.00,
    "dma50" : 5975.83,
    "dma100" : 6331.11,
    "dma200" : 6459.27,
    "volume" : 18771.00
  }, {
    "date" : "2025-09-22",
    "price" : 5783.00,
    "dma50" : 5968.27,
    "dma100" : 6326.91,
    "dma200" : 6452.54,
    "volume" : 13279.00
  }, {
    "date" : "2025-09-23",
    "price" : 5755.00,
    "dma50" : 5959.90,
    "dma100" : 6321.86,
    "dma200" : 6445.60,
    "volume" : 35147.00
  }, {
    "date" : "2025-09-24",
    "price" : 5775.50,
    "dma50" : 5952.67,
    "dma100" : 6314.84,
    "dma200" : 6438.94,
    "volume" : 6348.00
  }, {
    "date" : "2025-09-25",
    "price" : 5795.50,
    "dma50" : 5946.51,
    "dma100" : 6306.52,
    "dma200" : 6432.53,
    "volume" : 7066.00
  }, {
    "date" : "2025-09-26",
    "price" : 5673.50,
    "dma50" : 5935.80,
    "dma100" : 6296.69,
    "dma200" : 6424.98,
    "volume" : 7163.00
  }, {
    "date" : "2025-09-29",
    "price" : 5578.00,
    "dma50" : 5921.77,
    "dma100" : 6285.45,
    "dma200" : 6416.55,
    "volume" : 22918.00
  }, {
    "date" : "2025-09-30",
    "price" : 5703.00,
    "dma50" : 5913.19,
    "dma100" : 6275.65,
    "dma200" : 6409.45,
    "volume" : 1124960.00
  }, {
    "date" : "2025-10-01",
    "price" : 5713.50,
    "dma50" : 5905.36,
    "dma100" : 6265.75,
    "dma200" : 6402.53,
    "volume" : 41126.00
  }, {
    "date" : "2025-10-03",
    "price" : 5685.00,
    "dma50" : 5896.72,
    "dma100" : 6253.46,
    "dma200" : 6395.39,
    "volume" : 22078.00
  }, {
    "date" : "2025-10-06",
    "price" : 5672.50,
    "dma50" : 5887.93,
    "dma100" : 6241.21,
    "dma200" : 6388.20,
    "volume" : 28882.00
  }, {
    "date" : "2025-10-07",
    "price" : 5627.00,
    "dma50" : 5877.69,
    "dma100" : 6228.48,
    "dma200" : 6380.62,
    "volume" : 14204.00
  }, {
    "date" : "2025-10-08",
    "price" : 5566.00,
    "dma50" : 5865.47,
    "dma100" : 6214.66,
    "dma200" : 6372.52,
    "volume" : 16154.00
  }, {
    "date" : "2025-10-09",
    "price" : 5498.50,
    "dma50" : 5851.08,
    "dma100" : 6200.53,
    "dma200" : 6363.82,
    "volume" : 25532.00
  }, {
    "date" : "2025-10-10",
    "price" : 5502.00,
    "dma50" : 5837.39,
    "dma100" : 6186.28,
    "dma200" : 6355.24,
    "volume" : 19596.00
  }, {
    "date" : "2025-10-13",
    "price" : 5534.00,
    "dma50" : 5825.49,
    "dma100" : 6173.00,
    "dma200" : 6347.07,
    "volume" : 19244.00
  }, {
    "date" : "2025-10-14",
    "price" : 5468.00,
    "dma50" : 5811.47,
    "dma100" : 6157.85,
    "dma200" : 6338.33,
    "volume" : 17291.00
  }, {
    "date" : "2025-10-15",
    "price" : 5498.00,
    "dma50" : 5799.18,
    "dma100" : 6142.78,
    "dma200" : 6329.96,
    "volume" : 7639.00
  }, {
    "date" : "2025-10-16",
    "price" : 5577.50,
    "dma50" : 5790.49,
    "dma100" : 6126.69,
    "dma200" : 6322.48,
    "volume" : 15933.00
  }, {
    "date" : "2025-10-17",
    "price" : 5571.00,
    "dma50" : 5781.88,
    "dma100" : 6114.27,
    "dma200" : 6315.00,
    "volume" : 9281.00
  }, {
    "date" : "2025-10-20",
    "price" : 5546.50,
    "dma50" : 5772.65,
    "dma100" : 6102.17,
    "dma200" : 6307.35,
    "volume" : 11867.00
  }, {
    "date" : "2025-10-21",
    "price" : 5578.00,
    "dma50" : 5765.01,
    "dma100" : 6091.35,
    "dma200" : 6300.10,
    "volume" : 2702.00
  }, {
    "date" : "2025-10-23",
    "price" : 5568.00,
    "dma50" : 5757.29,
    "dma100" : 6080.81,
    "dma200" : 6292.81,
    "volume" : 11098.00
  }, {
    "date" : "2025-10-24",
    "price" : 5565.50,
    "dma50" : 5749.77,
    "dma100" : 6071.27,
    "dma200" : 6285.57,
    "volume" : 11454.00
  }, {
    "date" : "2025-10-27",
    "price" : 5566.00,
    "dma50" : 5742.56,
    "dma100" : 6062.95,
    "dma200" : 6278.41,
    "volume" : 6683.00
  }, {
    "date" : "2025-10-28",
    "price" : 5537.50,
    "dma50" : 5734.52,
    "dma100" : 6054.51,
    "dma200" : 6271.04,
    "volume" : 6795.00
  }, {
    "date" : "2025-10-29",
    "price" : 6572.00,
    "dma50" : 5767.36,
    "dma100" : 6055.00,
    "dma200" : 6274.04,
    "volume" : 3717770.00
  }, {
    "date" : "2025-10-30",
    "price" : 6694.00,
    "dma50" : 5803.70,
    "dma100" : 6056.93,
    "dma200" : 6278.22,
    "volume" : 3805655.00
  }, {
    "date" : "2025-10-31",
    "price" : 6572.00,
    "dma50" : 5833.83,
    "dma100" : 6057.65,
    "dma200" : 6281.14,
    "volume" : 740396.00
  }, {
    "date" : "2025-11-03",
    "price" : 6370.50,
    "dma50" : 5854.88,
    "dma100" : 6055.78,
    "dma200" : 6282.03,
    "volume" : 243565.00
  }, {
    "date" : "2025-11-04",
    "price" : 6376.00,
    "dma50" : 5875.31,
    "dma100" : 6054.07,
    "dma200" : 6282.96,
    "volume" : 186719.00
  }, {
    "date" : "2025-11-06",
    "price" : 6331.00,
    "dma50" : 5893.18,
    "dma100" : 6053.42,
    "dma200" : 6283.44,
    "volume" : 80027.00
  }, {
    "date" : "2025-11-07",
    "price" : 6221.50,
    "dma50" : 5906.06,
    "dma100" : 6052.67,
    "dma200" : 6282.82,
    "volume" : 115525.00
  }, {
    "date" : "2025-11-10",
    "price" : 6134.50,
    "dma50" : 5915.02,
    "dma100" : 6051.15,
    "dma200" : 6281.35,
    "volume" : 38381.00
  }, {
    "date" : "2025-11-11",
    "price" : 6079.50,
    "dma50" : 5921.47,
    "dma100" : 6048.94,
    "dma200" : 6279.34,
    "volume" : 79171.00
  }, {
    "date" : "2025-11-12",
    "price" : 6178.50,
    "dma50" : 5931.55,
    "dma100" : 6048.44,
    "dma200" : 6278.34,
    "volume" : 50004.00
  }, {
    "date" : "2025-11-13",
    "price" : 6044.50,
    "dma50" : 5935.98,
    "dma100" : 6047.26,
    "dma200" : 6276.01,
    "volume" : 26904.00
  }, {
    "date" : "2025-11-14",
    "price" : 5995.00,
    "dma50" : 5938.29,
    "dma100" : 6044.97,
    "dma200" : 6273.21,
    "volume" : 29195.00
  }, {
    "date" : "2025-11-17",
    "price" : 6044.00,
    "dma50" : 5942.44,
    "dma100" : 6043.46,
    "dma200" : 6270.93,
    "volume" : 44723.00
  }, {
    "date" : "2025-11-18",
    "price" : 5984.50,
    "dma50" : 5944.09,
    "dma100" : 6040.74,
    "dma200" : 6268.08,
    "volume" : 33801.00
  }, {
    "date" : "2025-11-19",
    "price" : 5937.00,
    "dma50" : 5943.81,
    "dma100" : 6037.20,
    "dma200" : 6264.79,
    "volume" : 24597.00
  }, {
    "date" : "2025-11-20",
    "price" : 5905.50,
    "dma50" : 5942.31,
    "dma100" : 6032.99,
    "dma200" : 6261.21,
    "volume" : 41981.00
  }, {
    "date" : "2025-11-21",
    "price" : 5805.50,
    "dma50" : 5936.94,
    "dma100" : 6027.40,
    "dma200" : 6256.68,
    "volume" : 47943.00
  }, {
    "date" : "2025-11-24",
    "price" : 5764.50,
    "dma50" : 5930.18,
    "dma100" : 6021.15,
    "dma200" : 6251.78,
    "volume" : 24630.00
  } ],
  "latestTechnicalAttributes" : {
    "date" : "2025-11-24",
    "price" : 5764.50,
    "dma50" : 5930.18,
    "dma100" : 6021.15,
    "dma200" : 6251.78,
    "volume" : 24630.00
  },
  "quarterlyResults" : [ {
    "date" : "2005-03-31",
    "sales" : 121.40,
    "salesGrowthYoY" : null,
    "grossProfitMargin" : 100.00,
    "grossProfit" : 121.40,
    "operatingProfitMargin" : 11.61,
    "operatingProfit" : 14.09,
    "netProfitMargin" : 7.91,
    "netProfit" : 9.60
  }, {
    "date" : "2005-06-30",
    "sales" : 129.40,
    "salesGrowthYoY" : null,
    "grossProfitMargin" : 100.00,
    "grossProfit" : 129.40,
    "operatingProfitMargin" : 16.92,
    "operatingProfit" : 21.89,
    "netProfitMargin" : 8.04,
    "netProfit" : 10.40
  }, {
    "date" : "2005-09-30",
    "sales" : 137.30,
    "salesGrowthYoY" : null,
    "grossProfitMargin" : 100.00,
    "grossProfit" : 137.30,
    "operatingProfitMargin" : 19.08,
    "operatingProfit" : 26.20,
    "netProfitMargin" : 12.89,
    "netProfit" : 17.70
  }, {
    "date" : "2005-12-31",
    "sales" : 148.50,
    "salesGrowthYoY" : null,
    "grossProfitMargin" : 100.00,
    "grossProfit" : 148.50,
    "operatingProfitMargin" : 17.44,
    "operatingProfit" : 25.90,
    "netProfitMargin" : 10.37,
    "netProfit" : 15.40
  }, {
    "date" : "2006-03-31",
    "sales" : 152.00,
    "salesGrowthYoY" : 25.21,
    "grossProfitMargin" : 100.00,
    "grossProfit" : 152.00,
    "operatingProfitMargin" : 20.07,
    "operatingProfit" : 30.51,
    "netProfitMargin" : 11.97,
    "netProfit" : 18.19
  }, {
    "date" : "2006-06-30",
    "sales" : 157.40,
    "salesGrowthYoY" : 21.64,
    "grossProfitMargin" : 100.00,
    "grossProfit" : 157.40,
    "operatingProfitMargin" : 15.25,
    "operatingProfit" : 24.00,
    "netProfitMargin" : 7.05,
    "netProfit" : 11.10
  }, {
    "date" : "2006-09-30",
    "sales" : 176.50,
    "salesGrowthYoY" : 28.55,
    "grossProfitMargin" : 100.00,
    "grossProfit" : 176.50,
    "operatingProfitMargin" : 11.05,
    "operatingProfit" : 19.50,
    "netProfitMargin" : 4.93,
    "netProfit" : 8.70
  }, {
    "date" : "2006-12-31",
    "sales" : 182.20,
    "salesGrowthYoY" : 22.69,
    "grossProfitMargin" : 100.00,
    "grossProfit" : 182.20,
    "operatingProfitMargin" : 14.05,
    "operatingProfit" : 25.60,
    "netProfitMargin" : 6.64,
    "netProfit" : 12.10
  }, {
    "date" : "2007-03-31",
    "sales" : 181.60,
    "salesGrowthYoY" : 19.47,
    "grossProfitMargin" : 100.00,
    "grossProfit" : 181.60,
    "operatingProfitMargin" : 17.68,
    "operatingProfit" : 32.11,
    "netProfitMargin" : 8.98,
    "netProfit" : 16.31
  }, {
    "date" : "2007-06-30",
    "sales" : 187.50,
    "salesGrowthYoY" : 19.12,
    "grossProfitMargin" : 100.00,
    "grossProfit" : 187.50,
    "operatingProfitMargin" : 16.80,
    "operatingProfit" : 31.50,
    "netProfitMargin" : 9.17,
    "netProfit" : 17.19
  }, {
    "date" : "2007-09-30",
    "sales" : 207.30,
    "salesGrowthYoY" : 17.45,
    "grossProfitMargin" : 100.00,
    "grossProfit" : 207.30,
    "operatingProfitMargin" : 14.48,
    "operatingProfit" : 30.02,
    "netProfitMargin" : 8.41,
    "netProfit" : 17.43
  }, {
    "date" : "2007-12-31",
    "sales" : 232.29,
    "salesGrowthYoY" : 27.49,
    "grossProfitMargin" : 100.00,
    "grossProfit" : 232.29,
    "operatingProfitMargin" : 14.67,
    "operatingProfit" : 34.08,
    "netProfitMargin" : 8.15,
    "netProfit" : 18.93
  }, {
    "date" : "2008-03-31",
    "sales" : 239.70,
    "salesGrowthYoY" : 31.99,
    "grossProfitMargin" : 100.00,
    "grossProfit" : 239.70,
    "operatingProfitMargin" : 20.28,
    "operatingProfit" : 48.61,
    "netProfitMargin" : 12.80,
    "netProfit" : 30.68
  }, {
    "date" : "2008-06-30",
    "sales" : 244.65,
    "salesGrowthYoY" : 30.48,
    "grossProfitMargin" : 100.00,
    "grossProfit" : 244.65,
    "operatingProfitMargin" : 14.09,
    "operatingProfit" : 34.47,
    "netProfitMargin" : 8.43,
    "netProfit" : 20.62
  }, {
    "date" : "2008-09-30",
    "sales" : 265.79,
    "salesGrowthYoY" : 28.22,
    "grossProfitMargin" : 100.00,
    "grossProfit" : 265.79,
    "operatingProfitMargin" : 8.97,
    "operatingProfit" : 23.84,
    "netProfitMargin" : 5.11,
    "netProfit" : 13.58
  }, {
    "date" : "2008-12-31",
    "sales" : 229.28,
    "salesGrowthYoY" : -1.30,
    "grossProfitMargin" : 100.00,
    "grossProfit" : 229.28,
    "operatingProfitMargin" : 10.05,
    "operatingProfit" : 23.04,
    "netProfitMargin" : 5.41,
    "netProfit" : 12.40
  }, {
    "date" : "2009-03-31",
    "sales" : 209.59,
    "salesGrowthYoY" : -12.56,
    "grossProfitMargin" : 100.00,
    "grossProfit" : 209.59,
    "operatingProfitMargin" : 9.95,
    "operatingProfit" : 20.85,
    "netProfitMargin" : 5.58,
    "netProfit" : 11.70
  }, {
    "date" : "2009-06-30",
    "sales" : 208.26,
    "salesGrowthYoY" : -14.87,
    "grossProfitMargin" : 100.00,
    "grossProfit" : 208.26,
    "operatingProfitMargin" : 9.98,
    "operatingProfit" : 20.78,
    "netProfitMargin" : 5.49,
    "netProfit" : 11.43
  }, {
    "date" : "2009-09-30",
    "sales" : 236.03,
    "salesGrowthYoY" : -11.20,
    "grossProfitMargin" : 100.00,
    "grossProfit" : 236.03,
    "operatingProfitMargin" : 11.96,
    "operatingProfit" : 28.23,
    "netProfitMargin" : 6.99,
    "netProfit" : 16.50
  }, {
    "date" : "2009-12-31",
    "sales" : 253.52,
    "salesGrowthYoY" : 10.57,
    "grossProfitMargin" : 100.00,
    "grossProfit" : 253.52,
    "operatingProfitMargin" : 14.20,
    "operatingProfit" : 36.00,
    "netProfitMargin" : 8.33,
    "netProfit" : 21.12
  }, {
    "date" : "2010-03-31",
    "sales" : 257.70,
    "salesGrowthYoY" : 22.95,
    "grossProfitMargin" : 100.00,
    "grossProfit" : 257.70,
    "operatingProfitMargin" : 15.55,
    "operatingProfit" : 40.07,
    "netProfitMargin" : 9.23,
    "netProfit" : 23.79
  }, {
    "date" : "2010-06-30",
    "sales" : 277.31,
    "salesGrowthYoY" : 33.16,
    "grossProfitMargin" : 100.00,
    "grossProfit" : 277.31,
    "operatingProfitMargin" : 14.63,
    "operatingProfit" : 40.57,
    "netProfitMargin" : 9.24,
    "netProfit" : 25.62
  }, {
    "date" : "2010-09-30",
    "sales" : 294.23,
    "salesGrowthYoY" : 24.66,
    "grossProfitMargin" : 100.00,
    "grossProfit" : 294.23,
    "operatingProfitMargin" : 11.78,
    "operatingProfit" : 34.66,
    "netProfitMargin" : 7.13,
    "netProfit" : 20.98
  }, {
    "date" : "2010-12-31",
    "sales" : 319.03,
    "salesGrowthYoY" : 25.84,
    "grossProfitMargin" : 100.00,
    "grossProfit" : 319.03,
    "operatingProfitMargin" : 12.43,
    "operatingProfit" : 39.66,
    "netProfitMargin" : 7.52,
    "netProfit" : 23.99
  }, {
    "date" : "2011-03-31",
    "sales" : 336.99,
    "salesGrowthYoY" : 30.77,
    "grossProfitMargin" : 100.00,
    "grossProfit" : 336.99,
    "operatingProfitMargin" : 15.78,
    "operatingProfit" : 53.18,
    "netProfitMargin" : 10.72,
    "netProfit" : 36.13
  }, {
    "date" : "2011-06-30",
    "sales" : 372.08,
    "salesGrowthYoY" : 34.17,
    "grossProfitMargin" : 100.00,
    "grossProfit" : 372.08,
    "operatingProfitMargin" : 13.70,
    "operatingProfit" : 50.97,
    "netProfitMargin" : 9.14,
    "netProfit" : 34.01
  }, {
    "date" : "2011-09-30",
    "sales" : 388.94,
    "salesGrowthYoY" : 32.19,
    "grossProfitMargin" : 100.00,
    "grossProfit" : 388.94,
    "operatingProfitMargin" : 11.33,
    "operatingProfit" : 44.07,
    "netProfitMargin" : 7.65,
    "netProfit" : 29.75
  }, {
    "date" : "2011-12-31",
    "sales" : 394.70,
    "salesGrowthYoY" : 23.72,
    "grossProfitMargin" : 100.00,
    "grossProfit" : 394.70,
    "operatingProfitMargin" : 7.87,
    "operatingProfit" : 31.06,
    "netProfitMargin" : 5.67,
    "netProfit" : 22.38
  }, {
    "date" : "2012-03-31",
    "sales" : 411.35,
    "salesGrowthYoY" : 22.07,
    "grossProfitMargin" : 100.00,
    "grossProfit" : 411.35,
    "operatingProfitMargin" : 10.85,
    "operatingProfit" : 44.63,
    "netProfitMargin" : 7.07,
    "netProfit" : 29.08
  }, {
    "date" : "2012-06-30",
    "sales" : 431.71,
    "salesGrowthYoY" : 16.03,
    "grossProfitMargin" : 100.00,
    "grossProfit" : 431.71,
    "operatingProfitMargin" : 13.31,
    "operatingProfit" : 57.46,
    "netProfitMargin" : 9.41,
    "netProfit" : 40.62
  }, {
    "date" : "2012-09-30",
    "sales" : 418.08,
    "salesGrowthYoY" : 7.49,
    "grossProfitMargin" : 100.00,
    "grossProfit" : 418.08,
    "operatingProfitMargin" : 10.75,
    "operatingProfit" : 44.94,
    "netProfitMargin" : 7.70,
    "netProfit" : 32.19
  }, {
    "date" : "2012-12-31",
    "sales" : 459.38,
    "salesGrowthYoY" : 16.39,
    "grossProfitMargin" : 100.00,
    "grossProfit" : 459.38,
    "operatingProfitMargin" : 13.86,
    "operatingProfit" : 63.67,
    "netProfitMargin" : 9.80,
    "netProfit" : 45.02
  }, {
    "date" : "2013-03-31",
    "sales" : 445.99,
    "salesGrowthYoY" : 8.42,
    "grossProfitMargin" : 100.00,
    "grossProfit" : 445.99,
    "operatingProfitMargin" : 12.43,
    "operatingProfit" : 55.44,
    "netProfitMargin" : 9.36,
    "netProfit" : 41.74
  }, {
    "date" : "2013-06-30",
    "sales" : 453.52,
    "salesGrowthYoY" : 5.05,
    "grossProfitMargin" : 100.00,
    "grossProfit" : 453.52,
    "operatingProfitMargin" : 10.66,
    "operatingProfit" : 48.35,
    "netProfitMargin" : 8.96,
    "netProfit" : 40.64
  }, {
    "date" : "2013-09-30",
    "sales" : 471.60,
    "salesGrowthYoY" : 12.80,
    "grossProfitMargin" : 100.00,
    "grossProfit" : 471.60,
    "operatingProfitMargin" : 8.86,
    "operatingProfit" : 41.78,
    "netProfitMargin" : 6.37,
    "netProfit" : 30.04
  }, {
    "date" : "2013-12-31",
    "sales" : 505.50,
    "salesGrowthYoY" : 10.04,
    "grossProfitMargin" : 100.00,
    "grossProfit" : 505.50,
    "operatingProfitMargin" : 6.60,
    "operatingProfit" : 33.36,
    "netProfitMargin" : 4.56,
    "netProfit" : 23.05
  }, {
    "date" : "2014-03-31",
    "sales" : 503.53,
    "salesGrowthYoY" : 12.90,
    "grossProfitMargin" : 100.00,
    "grossProfit" : 503.53,
    "operatingProfitMargin" : 9.58,
    "operatingProfit" : 48.24,
    "netProfitMargin" : 6.09,
    "netProfit" : 30.66
  }, {
    "date" : "2014-06-30",
    "sales" : 526.95,
    "salesGrowthYoY" : 16.19,
    "grossProfitMargin" : 100.00,
    "grossProfit" : 526.95,
    "operatingProfitMargin" : 10.81,
    "operatingProfit" : 56.96,
    "netProfitMargin" : 6.48,
    "netProfit" : 34.15
  }, {
    "date" : "2014-09-30",
    "sales" : 581.67,
    "salesGrowthYoY" : 23.34,
    "grossProfitMargin" : 100.00,
    "grossProfit" : 581.67,
    "operatingProfitMargin" : 8.69,
    "operatingProfit" : 50.55,
    "netProfitMargin" : 5.30,
    "netProfit" : 30.83
  }, {
    "date" : "2014-12-31",
    "sales" : 588.87,
    "salesGrowthYoY" : 16.49,
    "grossProfitMargin" : 100.00,
    "grossProfit" : 588.87,
    "operatingProfitMargin" : 8.22,
    "operatingProfit" : 48.41,
    "netProfitMargin" : 4.61,
    "netProfit" : 27.15
  }, {
    "date" : "2015-03-31",
    "sales" : 571.01,
    "salesGrowthYoY" : 13.40,
    "grossProfitMargin" : 100.00,
    "grossProfit" : 571.01,
    "operatingProfitMargin" : 11.89,
    "operatingProfit" : 67.89,
    "netProfitMargin" : 6.08,
    "netProfit" : 34.72
  }, {
    "date" : "2015-06-30",
    "sales" : 616.89,
    "salesGrowthYoY" : 17.07,
    "grossProfitMargin" : 100.00,
    "grossProfit" : 616.89,
    "operatingProfitMargin" : 12.53,
    "operatingProfit" : 77.30,
    "netProfitMargin" : 7.25,
    "netProfit" : 44.72
  }, {
    "date" : "2015-09-30",
    "sales" : 653.05,
    "salesGrowthYoY" : 12.27,
    "grossProfitMargin" : 100.00,
    "grossProfit" : 653.05,
    "operatingProfitMargin" : 14.14,
    "operatingProfit" : 92.34,
    "netProfitMargin" : 8.26,
    "netProfit" : 53.94
  }, {
    "date" : "2015-12-31",
    "sales" : 653.08,
    "salesGrowthYoY" : 10.90,
    "grossProfitMargin" : 100.00,
    "grossProfit" : 653.08,
    "operatingProfitMargin" : 14.11,
    "operatingProfit" : 92.15,
    "netProfitMargin" : 8.03,
    "netProfit" : 52.44
  }, {
    "date" : "2016-03-31",
    "sales" : 629.67,
    "salesGrowthYoY" : 10.27,
    "grossProfitMargin" : 100.00,
    "grossProfit" : 629.67,
    "operatingProfitMargin" : 11.06,
    "operatingProfit" : 69.64,
    "netProfitMargin" : 6.17,
    "netProfit" : 38.85
  }, {
    "date" : "2016-06-30",
    "sales" : 621.37,
    "salesGrowthYoY" : 0.73,
    "grossProfitMargin" : 100.00,
    "grossProfit" : 621.37,
    "operatingProfitMargin" : 12.40,
    "operatingProfit" : 77.05,
    "netProfitMargin" : 7.09,
    "netProfit" : 44.06
  }, {
    "date" : "2016-09-30",
    "sales" : 663.22,
    "salesGrowthYoY" : 1.56,
    "grossProfitMargin" : 100.00,
    "grossProfit" : 663.22,
    "operatingProfitMargin" : 11.28,
    "operatingProfit" : 74.81,
    "netProfitMargin" : 6.45,
    "netProfit" : 42.78
  }, {
    "date" : "2016-12-31",
    "sales" : 720.00,
    "salesGrowthYoY" : 10.25,
    "grossProfitMargin" : 100.00,
    "grossProfit" : 720.00,
    "operatingProfitMargin" : 8.01,
    "operatingProfit" : 57.67,
    "netProfitMargin" : 3.91,
    "netProfit" : 28.15
  }, {
    "date" : "2017-03-31",
    "sales" : 676.28,
    "salesGrowthYoY" : 7.40,
    "grossProfitMargin" : 100.00,
    "grossProfit" : 676.28,
    "operatingProfitMargin" : 8.11,
    "operatingProfit" : 54.85,
    "netProfitMargin" : 3.63,
    "netProfit" : 24.55
  }, {
    "date" : "2017-06-30",
    "sales" : 666.66,
    "salesGrowthYoY" : 7.29,
    "grossProfitMargin" : 100.00,
    "grossProfit" : 666.66,
    "operatingProfitMargin" : 6.88,
    "operatingProfit" : 45.87,
    "netProfitMargin" : 3.16,
    "netProfit" : 21.07
  }, {
    "date" : "2017-09-30",
    "sales" : 702.83,
    "salesGrowthYoY" : 5.97,
    "grossProfitMargin" : 100.00,
    "grossProfit" : 702.83,
    "operatingProfitMargin" : 10.92,
    "operatingProfit" : 76.75,
    "netProfitMargin" : 5.89,
    "netProfit" : 41.40
  }, {
    "date" : "2017-12-31",
    "sales" : 704.59,
    "salesGrowthYoY" : -2.14,
    "grossProfitMargin" : 100.00,
    "grossProfit" : 704.59,
    "operatingProfitMargin" : 11.42,
    "operatingProfit" : 80.46,
    "netProfitMargin" : 6.46,
    "netProfit" : 45.52
  }, {
    "date" : "2018-03-31",
    "sales" : 716.77,
    "salesGrowthYoY" : 5.99,
    "grossProfitMargin" : 100.00,
    "grossProfit" : 716.77,
    "operatingProfitMargin" : 7.92,
    "operatingProfit" : 56.77,
    "netProfitMargin" : 4.76,
    "netProfit" : 34.12
  }, {
    "date" : "2018-06-30",
    "sales" : 732.78,
    "salesGrowthYoY" : 9.92,
    "grossProfitMargin" : 100.00,
    "grossProfit" : 732.78,
    "operatingProfitMargin" : 6.08,
    "operatingProfit" : 44.55,
    "netProfitMargin" : 3.01,
    "netProfit" : 22.06
  }, {
    "date" : "2018-09-30",
    "sales" : 797.91,
    "salesGrowthYoY" : 13.53,
    "grossProfitMargin" : 100.00,
    "grossProfit" : 797.91,
    "operatingProfitMargin" : 5.04,
    "operatingProfit" : 40.21,
    "netProfitMargin" : 2.67,
    "netProfit" : 21.30
  }, {
    "date" : "2018-12-31",
    "sales" : 855.45,
    "salesGrowthYoY" : 21.41,
    "grossProfitMargin" : 100.00,
    "grossProfit" : 855.45,
    "operatingProfitMargin" : 7.02,
    "operatingProfit" : 60.05,
    "netProfitMargin" : 3.66,
    "netProfit" : 31.31
  }, {
    "date" : "2019-03-31",
    "sales" : 779.32,
    "salesGrowthYoY" : 8.73,
    "grossProfitMargin" : 100.00,
    "grossProfit" : 779.32,
    "operatingProfitMargin" : 3.67,
    "operatingProfit" : 28.60,
    "netProfitMargin" : 1.65,
    "netProfit" : 12.86
  }, {
    "date" : "2019-06-30",
    "sales" : 786.55,
    "salesGrowthYoY" : 7.34,
    "grossProfitMargin" : 100.00,
    "grossProfit" : 786.55,
    "operatingProfitMargin" : 5.66,
    "operatingProfit" : 44.52,
    "netProfitMargin" : 0.58,
    "netProfit" : 4.56
  }, {
    "date" : "2019-09-30",
    "sales" : 800.07,
    "salesGrowthYoY" : 0.27,
    "grossProfitMargin" : 100.00,
    "grossProfit" : 800.07,
    "operatingProfitMargin" : 7.58,
    "operatingProfit" : 60.65,
    "netProfitMargin" : 1.75,
    "netProfit" : 14.00
  }, {
    "date" : "2019-12-31",
    "sales" : 855.64,
    "salesGrowthYoY" : 0.02,
    "grossProfitMargin" : 100.00,
    "grossProfit" : 855.64,
    "operatingProfitMargin" : 7.82,
    "operatingProfit" : 66.91,
    "netProfitMargin" : 2.63,
    "netProfit" : 22.50
  }, {
    "date" : "2020-03-31",
    "sales" : 724.13,
    "salesGrowthYoY" : -7.08,
    "grossProfitMargin" : 100.00,
    "grossProfit" : 724.13,
    "operatingProfitMargin" : 2.17,
    "operatingProfit" : 15.71,
    "netProfitMargin" : -3.29,
    "netProfit" : -23.82
  }, {
    "date" : "2020-06-30",
    "sales" : 414.19,
    "salesGrowthYoY" : -47.34,
    "grossProfitMargin" : 100.00,
    "grossProfit" : 414.19,
    "operatingProfitMargin" : -28.54,
    "operatingProfit" : -118.21,
    "netProfitMargin" : -30.89,
    "netProfit" : -127.94
  }, {
    "date" : "2020-09-30",
    "sales" : 864.42,
    "salesGrowthYoY" : 8.04,
    "grossProfitMargin" : 100.00,
    "grossProfit" : 864.42,
    "operatingProfitMargin" : 17.07,
    "operatingProfit" : 147.56,
    "netProfitMargin" : 7.73,
    "netProfit" : 66.82
  }, {
    "date" : "2020-12-31",
    "sales" : 1034.92,
    "salesGrowthYoY" : 20.95,
    "grossProfitMargin" : 100.00,
    "grossProfit" : 1034.92,
    "operatingProfitMargin" : 16.75,
    "operatingProfit" : 173.35,
    "netProfitMargin" : 8.44,
    "netProfit" : 87.35
  }, {
    "date" : "2021-03-31",
    "sales" : 966.17,
    "salesGrowthYoY" : 33.42,
    "grossProfitMargin" : 100.00,
    "grossProfit" : 966.17,
    "operatingProfitMargin" : 18.00,
    "operatingProfit" : 173.91,
    "netProfitMargin" : 9.22,
    "netProfit" : 89.08
  }, {
    "date" : "2021-06-30",
    "sales" : 864.79,
    "salesGrowthYoY" : 108.79,
    "grossProfitMargin" : 100.00,
    "grossProfit" : 864.79,
    "operatingProfitMargin" : 9.65,
    "operatingProfit" : 83.45,
    "netProfitMargin" : 3.40,
    "netProfit" : 29.40
  }, {
    "date" : "2021-09-30",
    "sales" : 1123.57,
    "salesGrowthYoY" : 29.98,
    "grossProfitMargin" : 100.00,
    "grossProfit" : 1123.57,
    "operatingProfitMargin" : 17.67,
    "operatingProfit" : 198.53,
    "netProfitMargin" : 10.23,
    "netProfit" : 114.94
  }, {
    "date" : "2021-12-31",
    "sales" : 1254.75,
    "salesGrowthYoY" : 21.24,
    "grossProfitMargin" : 100.00,
    "grossProfit" : 1254.75,
    "operatingProfitMargin" : 16.25,
    "operatingProfit" : 203.90,
    "netProfitMargin" : 9.74,
    "netProfit" : 122.21
  }, {
    "date" : "2022-03-31",
    "sales" : 1165.91,
    "salesGrowthYoY" : 20.67,
    "grossProfitMargin" : 100.00,
    "grossProfit" : 1165.91,
    "operatingProfitMargin" : 18.69,
    "operatingProfit" : 217.91,
    "netProfitMargin" : 11.61,
    "netProfit" : 135.36
  }, {
    "date" : "2022-06-30",
    "sales" : 1293.31,
    "salesGrowthYoY" : 49.55,
    "grossProfitMargin" : 100.00,
    "grossProfit" : 1293.31,
    "operatingProfitMargin" : 14.75,
    "operatingProfit" : 190.76,
    "netProfitMargin" : 9.06,
    "netProfit" : 117.17
  }, {
    "date" : "2022-09-30",
    "sales" : 1325.28,
    "salesGrowthYoY" : 17.95,
    "grossProfitMargin" : 100.00,
    "grossProfit" : 1325.28,
    "operatingProfitMargin" : 12.28,
    "operatingProfit" : 162.74,
    "netProfitMargin" : 6.94,
    "netProfit" : 91.97
  }, {
    "date" : "2022-12-31",
    "sales" : 1337.08,
    "salesGrowthYoY" : 6.56,
    "grossProfitMargin" : 100.00,
    "grossProfit" : 1337.08,
    "operatingProfitMargin" : 11.26,
    "operatingProfit" : 150.56,
    "netProfitMargin" : 6.50,
    "netProfit" : 86.91
  }, {
    "date" : "2023-03-31",
    "sales" : 1216.55,
    "salesGrowthYoY" : 4.34,
    "grossProfitMargin" : 100.00,
    "grossProfit" : 1216.55,
    "operatingProfitMargin" : 10.54,
    "operatingProfit" : 128.22,
    "netProfitMargin" : 5.78,
    "netProfit" : 70.32
  }, {
    "date" : "2023-06-30",
    "sales" : 1237.55,
    "salesGrowthYoY" : -4.31,
    "grossProfitMargin" : 100.00,
    "grossProfit" : 1237.55,
    "operatingProfitMargin" : 9.16,
    "operatingProfit" : 113.36,
    "netProfitMargin" : 4.83,
    "netProfit" : 59.77
  }, {
    "date" : "2023-09-30",
    "sales" : 1324.48,
    "salesGrowthYoY" : -0.06,
    "grossProfitMargin" : 100.00,
    "grossProfit" : 1324.48,
    "operatingProfitMargin" : 9.85,
    "operatingProfit" : 130.46,
    "netProfitMargin" : 5.38,
    "netProfit" : 71.26
  }, {
    "date" : "2023-12-31",
    "sales" : 1382.93,
    "salesGrowthYoY" : 3.43,
    "grossProfitMargin" : 100.00,
    "grossProfit" : 1382.93,
    "operatingProfitMargin" : 9.71,
    "operatingProfit" : 134.28,
    "netProfitMargin" : 5.90,
    "netProfit" : 81.59
  }, {
    "date" : "2024-03-31",
    "sales" : 1322.87,
    "salesGrowthYoY" : 8.74,
    "grossProfitMargin" : 100.00,
    "grossProfit" : 1322.87,
    "operatingProfitMargin" : 10.54,
    "operatingProfit" : 139.43,
    "netProfitMargin" : 5.75,
    "netProfit" : 76.07
  }, {
    "date" : "2024-06-30",
    "sales" : 1342.71,
    "salesGrowthYoY" : 8.50,
    "grossProfitMargin" : 100.00,
    "grossProfit" : 1342.71,
    "operatingProfitMargin" : 8.15,
    "operatingProfit" : 109.43,
    "netProfitMargin" : 3.84,
    "netProfit" : 51.56
  }, {
    "date" : "2024-09-30",
    "sales" : 1448.46,
    "salesGrowthYoY" : 9.36,
    "grossProfitMargin" : 100.00,
    "grossProfit" : 1448.46,
    "operatingProfitMargin" : 8.41,
    "operatingProfit" : 121.82,
    "netProfitMargin" : 4.19,
    "netProfit" : 60.69
  }, {
    "date" : "2024-12-31",
    "sales" : 1511.69,
    "salesGrowthYoY" : 9.31,
    "grossProfitMargin" : 100.00,
    "grossProfit" : 1511.69,
    "operatingProfitMargin" : 9.67,
    "operatingProfit" : 146.18,
    "netProfitMargin" : 5.23,
    "netProfit" : 79.06
  }, {
    "date" : "2025-03-31",
    "sales" : 1417.32,
    "salesGrowthYoY" : 7.14,
    "grossProfitMargin" : 100.00,
    "grossProfit" : 1417.32,
    "operatingProfitMargin" : 8.33,
    "operatingProfit" : 118.06,
    "netProfitMargin" : 3.75,
    "netProfit" : 53.15
  }, {
    "date" : "2025-06-30",
    "sales" : 1441.92,
    "salesGrowthYoY" : 7.39,
    "grossProfitMargin" : 100.00,
    "grossProfit" : 1441.92,
    "operatingProfitMargin" : 6.95,
    "operatingProfit" : 100.21,
    "netProfitMargin" : 3.25,
    "netProfit" : 46.86
  }, {
    "date" : "2025-09-30",
    "sales" : 1549.33,
    "salesGrowthYoY" : 6.96,
    "grossProfitMargin" : 100.00,
    "grossProfit" : 1549.33,
    "operatingProfitMargin" : 10.15,
    "operatingProfit" : 157.26,
    "netProfitMargin" : 5.13,
    "netProfit" : 79.48
  } ],
  "latestQuarterlyResult" : {
    "date" : "2025-09-30",
    "sales" : 1549.33,
    "salesGrowthYoY" : 6.96,
    "grossProfitMargin" : 100.00,
    "grossProfit" : 1549.33,
    "operatingProfitMargin" : 10.15,
    "operatingProfit" : 157.26,
    "netProfitMargin" : 5.13,
    "netProfit" : 79.48
  },
  "companyScore" : {
    "priceHigherThanDma50" : 0.00,
    "priceHigherThanDma100" : 0.00,
    "priceHigherThanDma200" : 0.00,
    "dma50HigherThanDma100" : 0.00,
    "dma50HigherThanDma200" : 0.00,
    "dma100HigherThanDma200" : 0.00,
    "pricePercentageAboveDma50" : 5.14,
    "pricePercentageAboveDma100" : 5.21,
    "pricePercentageAboveDma200" : 5.39,
    "weeklyVolumeHigherThanYearlyVolume" : 0.00,
    "salesGrowthPercentile" : 6.96,
    "operatingProfitMarginPercentile" : 15.85,
    "netProfitMarginPercentile" : 8.23,
    "totalTechnicalScore" : 15.74,
    "totalFundamentalScore" : 31.03,
    "totalScore" : 46.78
  }
}