{
  "metadata" : {
    "screenerCompanyId" : "1553",
    "companyCode" : "CEMPRO",
    "companyName" : "Cemindia Project",
    "screenerCompanyLink" : "https://www.screener.in/company/CEMPRO/consolidated/",
    "screenerTechnicalHistoryLink" : "https://www.screener.in/api/company/1553/chart/?q=Price-DMA50-DMA200-Volume&days=365",
    "screenerQuarterlyResultsLink" : "https://www.screener.in/api/company/1553/chart/?q=GPM-OPM-NPM-Quarter+Sales&days=10000",
    "attributes" : {
      "companyCode" : "CEMPRO",
      "companyName" : "Cemindia Project",
      "marketCap" : 13705.00,
      "peRatio" : 30.80,
      "description" : "ITD Cementation India Limited is engaged in the business of providing design, engineering, procurement and construction (EPC) services for infrastructure projects in India. [1]"
    },
    "companyScore" : {
      "priceHigherThanDma50" : 0.00,
      "priceHigherThanDma100" : 5.00,
      "priceHigherThanDma200" : 5.00,
      "dma50HigherThanDma100" : 5.00,
      "dma50HigherThanDma200" : 5.00,
      "dma100HigherThanDma200" : 5.00,
      "pricePercentageAboveDma50" : 5.08,
      "pricePercentageAboveDma100" : 4.99,
      "pricePercentageAboveDma200" : 4.61,
      "weeklyVolumeHigherThanYearlyVolume" : 0.00,
      "salesGrowthPercentile" : 9.62,
      "operatingProfitMarginPercentile" : 12.98,
      "netProfitMarginPercentile" : 8.80,
      "totalTechnicalScore" : 39.67,
      "totalFundamentalScore" : 31.39,
      "totalScore" : 71.07
    }
  },
  "attributes" : {
    "companyCode" : "CEMPRO",
    "companyName" : "Cemindia Project",
    "marketCap" : 13705.00,
    "peRatio" : 30.80,
    "description" : "ITD Cementation India Limited is engaged in the business of providing design, engineering, procurement and construction (EPC) services for infrastructure projects in India. [1]"
  },
  "technicalHistory" : [ {
    "date" : "2024-12-27",
    "price" : 531.55,
    "dma50" : 525.95,
    "dma100" : null,
    "dma200" : 472.45,
    "volume" : 529012.00
  }, {
    "date" : "2024-12-30",
    "price" : 533.00,
    "dma50" : 526.23,
    "dma100" : null,
    "dma200" : 473.05,
    "volume" : 357408.00
  }, {
    "date" : "2024-12-31",
    "price" : 538.15,
    "dma50" : 526.69,
    "dma100" : null,
    "dma200" : 473.70,
    "volume" : 2043330.00
  }, {
    "date" : "2025-01-01",
    "price" : 542.60,
    "dma50" : 527.32,
    "dma100" : null,
    "dma200" : 474.38,
    "volume" : 627942.00
  }, {
    "date" : "2025-01-02",
    "price" : 540.60,
    "dma50" : 527.84,
    "dma100" : null,
    "dma200" : 475.04,
    "volume" : 438922.00
  }, {
    "date" : "2025-01-03",
    "price" : 540.10,
    "dma50" : 528.32,
    "dma100" : null,
    "dma200" : 475.69,
    "volume" : 401751.00
  }, {
    "date" : "2025-01-06",
    "price" : 526.85,
    "dma50" : 528.26,
    "dma100" : null,
    "dma200" : 476.20,
    "volume" : 1019814.00
  }, {
    "date" : "2025-01-07",
    "price" : 526.05,
    "dma50" : 528.18,
    "dma100" : null,
    "dma200" : 476.69,
    "volume" : 402838.00
  }, {
    "date" : "2025-01-08",
    "price" : 521.05,
    "dma50" : 527.90,
    "dma100" : null,
    "dma200" : 477.13,
    "volume" : 489933.00
  }, {
    "date" : "2025-01-09",
    "price" : 525.00,
    "dma50" : 527.78,
    "dma100" : null,
    "dma200" : 477.61,
    "volume" : 468036.00
  }, {
    "date" : "2025-01-10",
    "price" : 523.45,
    "dma50" : 527.61,
    "dma100" : null,
    "dma200" : 478.07,
    "volume" : 606300.00
  }, {
    "date" : "2025-01-13",
    "price" : 510.20,
    "dma50" : 526.93,
    "dma100" : null,
    "dma200" : 478.39,
    "volume" : 795467.00
  }, {
    "date" : "2025-01-14",
    "price" : 512.55,
    "dma50" : 526.37,
    "dma100" : null,
    "dma200" : 478.73,
    "volume" : 434603.00
  }, {
    "date" : "2025-01-15",
    "price" : 514.85,
    "dma50" : 525.91,
    "dma100" : null,
    "dma200" : 479.09,
    "volume" : 473453.00
  }, {
    "date" : "2025-01-16",
    "price" : 517.55,
    "dma50" : 525.59,
    "dma100" : null,
    "dma200" : 479.47,
    "volume" : 277393.00
  }, {
    "date" : "2025-01-17",
    "price" : 523.80,
    "dma50" : 525.52,
    "dma100" : null,
    "dma200" : 479.91,
    "volume" : 409288.00
  }, {
    "date" : "2025-01-20",
    "price" : 522.90,
    "dma50" : 525.41,
    "dma100" : null,
    "dma200" : 480.34,
    "volume" : 135896.00
  }, {
    "date" : "2025-01-21",
    "price" : 527.50,
    "dma50" : 525.50,
    "dma100" : null,
    "dma200" : 480.81,
    "volume" : 425892.00
  }, {
    "date" : "2025-01-22",
    "price" : 520.55,
    "dma50" : 525.30,
    "dma100" : null,
    "dma200" : 481.20,
    "volume" : 703544.00
  }, {
    "date" : "2025-01-23",
    "price" : 516.65,
    "dma50" : 524.96,
    "dma100" : null,
    "dma200" : 481.55,
    "volume" : 317283.00
  }, {
    "date" : "2025-01-24",
    "price" : 513.60,
    "dma50" : 524.52,
    "dma100" : null,
    "dma200" : 481.87,
    "volume" : 322955.00
  }, {
    "date" : "2025-01-27",
    "price" : 506.60,
    "dma50" : 523.81,
    "dma100" : null,
    "dma200" : 482.12,
    "volume" : 381256.00
  }, {
    "date" : "2025-01-28",
    "price" : 512.35,
    "dma50" : 523.36,
    "dma100" : null,
    "dma200" : 482.42,
    "volume" : 611965.00
  }, {
    "date" : "2025-01-29",
    "price" : 532.00,
    "dma50" : 523.70,
    "dma100" : null,
    "dma200" : 482.91,
    "volume" : 961811.00
  }, {
    "date" : "2025-01-30",
    "price" : 534.70,
    "dma50" : 524.13,
    "dma100" : null,
    "dma200" : 483.43,
    "volume" : 510873.00
  }, {
    "date" : "2025-01-31",
    "price" : 540.30,
    "dma50" : 524.77,
    "dma100" : null,
    "dma200" : 483.99,
    "volume" : 646844.00
  }, {
    "date" : "2025-02-01",
    "price" : 535.15,
    "dma50" : 525.18,
    "dma100" : null,
    "dma200" : 484.50,
    "volume" : 476316.00
  }, {
    "date" : "2025-02-03",
    "price" : 528.10,
    "dma50" : 525.29,
    "dma100" : null,
    "dma200" : 484.94,
    "volume" : 958469.00
  }, {
    "date" : "2025-02-04",
    "price" : 538.75,
    "dma50" : 525.82,
    "dma100" : null,
    "dma200" : 485.47,
    "volume" : 2051984.00
  }, {
    "date" : "2025-02-05",
    "price" : 532.35,
    "dma50" : 526.07,
    "dma100" : null,
    "dma200" : 485.94,
    "volume" : 1117944.00
  }, {
    "date" : "2025-02-06",
    "price" : 536.15,
    "dma50" : 526.47,
    "dma100" : null,
    "dma200" : 486.44,
    "volume" : 302089.00
  }, {
    "date" : "2025-02-07",
    "price" : 537.70,
    "dma50" : 526.91,
    "dma100" : null,
    "dma200" : 486.95,
    "volume" : 478936.00
  }, {
    "date" : "2025-02-10",
    "price" : 537.30,
    "dma50" : 527.32,
    "dma100" : null,
    "dma200" : 487.45,
    "volume" : 265876.00
  }, {
    "date" : "2025-02-11",
    "price" : 524.35,
    "dma50" : 527.20,
    "dma100" : null,
    "dma200" : 487.82,
    "volume" : 1078355.00
  }, {
    "date" : "2025-02-12",
    "price" : 531.20,
    "dma50" : 527.36,
    "dma100" : null,
    "dma200" : 488.25,
    "volume" : 662117.00
  }, {
    "date" : "2025-02-13",
    "price" : 525.20,
    "dma50" : 527.27,
    "dma100" : null,
    "dma200" : 488.62,
    "volume" : 535120.00
  }, {
    "date" : "2025-02-14",
    "price" : 524.75,
    "dma50" : 527.17,
    "dma100" : null,
    "dma200" : 488.98,
    "volume" : 909752.00
  }, {
    "date" : "2025-02-17",
    "price" : 523.75,
    "dma50" : 527.04,
    "dma100" : null,
    "dma200" : 489.32,
    "volume" : 340988.00
  }, {
    "date" : "2025-02-18",
    "price" : 521.05,
    "dma50" : 526.80,
    "dma100" : null,
    "dma200" : 489.64,
    "volume" : 317192.00
  }, {
    "date" : "2025-02-19",
    "price" : 525.25,
    "dma50" : 526.74,
    "dma100" : null,
    "dma200" : 489.99,
    "volume" : 710905.00
  }, {
    "date" : "2025-02-20",
    "price" : 532.25,
    "dma50" : 526.96,
    "dma100" : null,
    "dma200" : 490.41,
    "volume" : 1237905.00
  }, {
    "date" : "2025-02-21",
    "price" : 528.30,
    "dma50" : 527.01,
    "dma100" : null,
    "dma200" : 490.79,
    "volume" : 491646.00
  }, {
    "date" : "2025-02-24",
    "price" : 526.00,
    "dma50" : 526.97,
    "dma100" : null,
    "dma200" : 491.14,
    "volume" : 290424.00
  }, {
    "date" : "2025-02-25",
    "price" : 525.20,
    "dma50" : 526.90,
    "dma100" : null,
    "dma200" : 491.48,
    "volume" : 349109.00
  }, {
    "date" : "2025-02-27",
    "price" : 532.30,
    "dma50" : 527.11,
    "dma100" : null,
    "dma200" : 491.88,
    "volume" : 533632.00
  }, {
    "date" : "2025-02-28",
    "price" : 536.50,
    "dma50" : 527.48,
    "dma100" : null,
    "dma200" : 492.33,
    "volume" : 957025.00
  }, {
    "date" : "2025-03-03",
    "price" : 525.35,
    "dma50" : 527.40,
    "dma100" : null,
    "dma200" : 492.66,
    "volume" : 819680.00
  }, {
    "date" : "2025-03-04",
    "price" : 521.30,
    "dma50" : 527.16,
    "dma100" : null,
    "dma200" : 492.94,
    "volume" : 561807.00
  }, {
    "date" : "2025-03-05",
    "price" : 525.55,
    "dma50" : 527.10,
    "dma100" : null,
    "dma200" : 493.27,
    "volume" : 362534.00
  }, {
    "date" : "2025-03-06",
    "price" : 530.30,
    "dma50" : 527.22,
    "dma100" : null,
    "dma200" : 493.64,
    "volume" : 568375.00
  }, {
    "date" : "2025-03-07",
    "price" : 535.10,
    "dma50" : 527.53,
    "dma100" : null,
    "dma200" : 494.05,
    "volume" : 542802.00
  }, {
    "date" : "2025-03-10",
    "price" : 539.35,
    "dma50" : 527.99,
    "dma100" : null,
    "dma200" : 494.50,
    "volume" : 391842.00
  }, {
    "date" : "2025-03-11",
    "price" : 546.40,
    "dma50" : 528.72,
    "dma100" : null,
    "dma200" : 495.02,
    "volume" : 1500397.00
  }, {
    "date" : "2025-03-12",
    "price" : 554.55,
    "dma50" : 529.73,
    "dma100" : null,
    "dma200" : 495.61,
    "volume" : 1233884.00
  }, {
    "date" : "2025-03-13",
    "price" : 552.65,
    "dma50" : 530.63,
    "dma100" : null,
    "dma200" : 496.18,
    "volume" : 660821.00
  }, {
    "date" : "2025-03-17",
    "price" : 553.00,
    "dma50" : 531.51,
    "dma100" : null,
    "dma200" : 496.74,
    "volume" : 826890.00
  }, {
    "date" : "2025-03-18",
    "price" : 549.00,
    "dma50" : 532.19,
    "dma100" : null,
    "dma200" : 497.26,
    "volume" : 494205.00
  }, {
    "date" : "2025-03-19",
    "price" : 552.20,
    "dma50" : 532.98,
    "dma100" : null,
    "dma200" : 497.81,
    "volume" : 750274.00
  }, {
    "date" : "2025-03-20",
    "price" : 553.90,
    "dma50" : 533.80,
    "dma100" : null,
    "dma200" : 498.37,
    "volume" : 613923.00
  }, {
    "date" : "2025-03-21",
    "price" : 554.45,
    "dma50" : 534.61,
    "dma100" : null,
    "dma200" : 498.92,
    "volume" : 533352.00
  }, {
    "date" : "2025-03-24",
    "price" : 553.30,
    "dma50" : 535.34,
    "dma100" : null,
    "dma200" : 499.46,
    "volume" : 480604.00
  }, {
    "date" : "2025-03-25",
    "price" : 560.55,
    "dma50" : 536.33,
    "dma100" : null,
    "dma200" : 500.07,
    "volume" : 1633011.00
  }, {
    "date" : "2025-03-26",
    "price" : 555.25,
    "dma50" : 537.07,
    "dma100" : null,
    "dma200" : 500.62,
    "volume" : 772094.00
  }, {
    "date" : "2025-03-27",
    "price" : 555.00,
    "dma50" : 537.77,
    "dma100" : null,
    "dma200" : 501.16,
    "volume" : 879090.00
  }, {
    "date" : "2025-03-28",
    "price" : 557.30,
    "dma50" : 538.54,
    "dma100" : null,
    "dma200" : 501.72,
    "volume" : 460272.00
  }, {
    "date" : "2025-04-01",
    "price" : 555.70,
    "dma50" : 539.21,
    "dma100" : null,
    "dma200" : 502.26,
    "volume" : 449449.00
  }, {
    "date" : "2025-04-02",
    "price" : 557.75,
    "dma50" : 539.94,
    "dma100" : null,
    "dma200" : 502.81,
    "volume" : 995941.00
  }, {
    "date" : "2025-04-03",
    "price" : 559.50,
    "dma50" : 540.71,
    "dma100" : null,
    "dma200" : 503.37,
    "volume" : 1140525.00
  }, {
    "date" : "2025-04-04",
    "price" : 558.40,
    "dma50" : 541.40,
    "dma100" : null,
    "dma200" : 503.92,
    "volume" : 862444.00
  }, {
    "date" : "2025-04-07",
    "price" : 553.85,
    "dma50" : 541.89,
    "dma100" : null,
    "dma200" : 504.42,
    "volume" : 1525408.00
  }, {
    "date" : "2025-04-08",
    "price" : 560.80,
    "dma50" : 542.63,
    "dma100" : null,
    "dma200" : 504.98,
    "volume" : 1181714.00
  }, {
    "date" : "2025-04-09",
    "price" : 537.25,
    "dma50" : 542.42,
    "dma100" : null,
    "dma200" : 505.30,
    "volume" : 467750.00
  }, {
    "date" : "2025-04-11",
    "price" : 524.90,
    "dma50" : 541.73,
    "dma100" : null,
    "dma200" : 505.50,
    "volume" : 770230.00
  }, {
    "date" : "2025-04-15",
    "price" : 532.45,
    "dma50" : 541.37,
    "dma100" : null,
    "dma200" : 505.76,
    "volume" : 594163.00
  }, {
    "date" : "2025-04-16",
    "price" : 528.35,
    "dma50" : 540.86,
    "dma100" : null,
    "dma200" : 505.99,
    "volume" : 450657.00
  }, {
    "date" : "2025-04-17",
    "price" : 532.20,
    "dma50" : 540.52,
    "dma100" : null,
    "dma200" : 506.25,
    "volume" : 703737.00
  }, {
    "date" : "2025-04-21",
    "price" : 535.20,
    "dma50" : 540.31,
    "dma100" : null,
    "dma200" : 506.54,
    "volume" : 484757.00
  }, {
    "date" : "2025-04-22",
    "price" : 536.15,
    "dma50" : 540.15,
    "dma100" : null,
    "dma200" : 506.83,
    "volume" : 328204.00
  }, {
    "date" : "2025-04-23",
    "price" : 527.00,
    "dma50" : 539.63,
    "dma100" : null,
    "dma200" : 507.03,
    "volume" : 432874.00
  }, {
    "date" : "2025-04-24",
    "price" : 541.55,
    "dma50" : 539.71,
    "dma100" : null,
    "dma200" : 507.38,
    "volume" : 378556.00
  }, {
    "date" : "2025-04-25",
    "price" : 518.40,
    "dma50" : 538.87,
    "dma100" : null,
    "dma200" : 507.49,
    "volume" : 586135.00
  }, {
    "date" : "2025-04-28",
    "price" : 507.85,
    "dma50" : 537.65,
    "dma100" : null,
    "dma200" : 507.49,
    "volume" : 410227.00
  }, {
    "date" : "2025-04-29",
    "price" : 501.45,
    "dma50" : 536.23,
    "dma100" : null,
    "dma200" : 507.43,
    "volume" : 311336.00
  }, {
    "date" : "2025-04-30",
    "price" : 487.55,
    "dma50" : 534.33,
    "dma100" : null,
    "dma200" : 507.23,
    "volume" : 337875.00
  }, {
    "date" : "2025-05-02",
    "price" : 481.15,
    "dma50" : 532.24,
    "dma100" : null,
    "dma200" : 506.97,
    "volume" : 232464.00
  }, {
    "date" : "2025-05-05",
    "price" : 532.00,
    "dma50" : 532.23,
    "dma100" : null,
    "dma200" : 507.22,
    "volume" : 1700921.00
  }, {
    "date" : "2025-05-06",
    "price" : 502.20,
    "dma50" : 531.05,
    "dma100" : null,
    "dma200" : 507.17,
    "volume" : 499416.00
  }, {
    "date" : "2025-05-07",
    "price" : 523.15,
    "dma50" : 530.74,
    "dma100" : null,
    "dma200" : 507.33,
    "volume" : 392953.00
  }, {
    "date" : "2025-05-08",
    "price" : 523.90,
    "dma50" : 530.47,
    "dma100" : null,
    "dma200" : 507.50,
    "volume" : 444410.00
  }, {
    "date" : "2025-05-09",
    "price" : 523.75,
    "dma50" : 530.21,
    "dma100" : null,
    "dma200" : 507.66,
    "volume" : 475405.00
  }, {
    "date" : "2025-05-12",
    "price" : 543.35,
    "dma50" : 530.73,
    "dma100" : null,
    "dma200" : 508.01,
    "volume" : 730353.00
  }, {
    "date" : "2025-05-13",
    "price" : 564.95,
    "dma50" : 532.07,
    "dma100" : null,
    "dma200" : 508.58,
    "volume" : 586324.00
  }, {
    "date" : "2025-05-14",
    "price" : 627.95,
    "dma50" : 535.83,
    "dma100" : null,
    "dma200" : 509.77,
    "volume" : 7812014.00
  }, {
    "date" : "2025-05-15",
    "price" : 674.60,
    "dma50" : 541.27,
    "dma100" : null,
    "dma200" : 511.41,
    "volume" : 3091544.00
  }, {
    "date" : "2025-05-16",
    "price" : 653.65,
    "dma50" : 545.68,
    "dma100" : null,
    "dma200" : 512.82,
    "volume" : 1212575.00
  }, {
    "date" : "2025-05-19",
    "price" : 671.75,
    "dma50" : 550.62,
    "dma100" : null,
    "dma200" : 514.40,
    "volume" : 664282.00
  }, {
    "date" : "2025-05-20",
    "price" : 652.95,
    "dma50" : 554.63,
    "dma100" : null,
    "dma200" : 515.78,
    "volume" : 482949.00
  }, {
    "date" : "2025-05-21",
    "price" : 658.10,
    "dma50" : 558.69,
    "dma100" : null,
    "dma200" : 517.20,
    "volume" : 392171.00
  }, {
    "date" : "2025-05-22",
    "price" : 649.95,
    "dma50" : 562.27,
    "dma100" : null,
    "dma200" : 518.52,
    "volume" : 268013.00
  }, {
    "date" : "2025-05-23",
    "price" : 663.40,
    "dma50" : 566.24,
    "dma100" : null,
    "dma200" : 519.96,
    "volume" : 394045.00
  }, {
    "date" : "2025-05-26",
    "price" : 723.55,
    "dma50" : 572.41,
    "dma100" : 544.26,
    "dma200" : 521.99,
    "volume" : 2651355.00
  }, {
    "date" : "2025-05-27",
    "price" : 727.65,
    "dma50" : 578.49,
    "dma100" : 546.20,
    "dma200" : 524.03,
    "volume" : 831887.00
  }, {
    "date" : "2025-05-28",
    "price" : 731.05,
    "dma50" : 584.48,
    "dma100" : 548.13,
    "dma200" : 526.09,
    "volume" : 472300.00
  }, {
    "date" : "2025-05-29",
    "price" : 724.85,
    "dma50" : 589.98,
    "dma100" : 549.95,
    "dma200" : 528.07,
    "volume" : 349175.00
  }, {
    "date" : "2025-05-30",
    "price" : 714.85,
    "dma50" : 594.88,
    "dma100" : 551.70,
    "dma200" : 529.93,
    "volume" : 764328.00
  }, {
    "date" : "2025-06-02",
    "price" : 739.85,
    "dma50" : 600.56,
    "dma100" : 553.69,
    "dma200" : 532.02,
    "volume" : 338009.00
  }, {
    "date" : "2025-06-03",
    "price" : 739.90,
    "dma50" : 606.03,
    "dma100" : 555.83,
    "dma200" : 534.09,
    "volume" : 334874.00
  }, {
    "date" : "2025-06-04",
    "price" : 758.45,
    "dma50" : 612.00,
    "dma100" : 558.15,
    "dma200" : 536.32,
    "volume" : 425128.00
  }, {
    "date" : "2025-06-05",
    "price" : 759.15,
    "dma50" : 617.77,
    "dma100" : 560.53,
    "dma200" : 538.54,
    "volume" : 220318.00
  }, {
    "date" : "2025-06-06",
    "price" : 747.85,
    "dma50" : 622.88,
    "dma100" : 562.76,
    "dma200" : 540.62,
    "volume" : 388251.00
  }, {
    "date" : "2025-06-09",
    "price" : 759.20,
    "dma50" : 628.22,
    "dma100" : 565.12,
    "dma200" : 542.79,
    "volume" : 239933.00
  }, {
    "date" : "2025-06-10",
    "price" : 808.05,
    "dma50" : 635.27,
    "dma100" : 568.09,
    "dma200" : 545.43,
    "volume" : 2332073.00
  }, {
    "date" : "2025-06-11",
    "price" : 795.40,
    "dma50" : 641.55,
    "dma100" : 570.92,
    "dma200" : 547.92,
    "volume" : 456015.00
  }, {
    "date" : "2025-06-12",
    "price" : 762.05,
    "dma50" : 646.28,
    "dma100" : 573.40,
    "dma200" : 550.05,
    "volume" : 483641.00
  }, {
    "date" : "2025-06-13",
    "price" : 769.85,
    "dma50" : 651.12,
    "dma100" : 575.92,
    "dma200" : 552.24,
    "volume" : 343977.00
  }, {
    "date" : "2025-06-16",
    "price" : 780.95,
    "dma50" : 656.22,
    "dma100" : 578.49,
    "dma200" : 554.51,
    "volume" : 459989.00
  }, {
    "date" : "2025-06-17",
    "price" : 776.65,
    "dma50" : 660.94,
    "dma100" : 581.03,
    "dma200" : 556.72,
    "volume" : 152509.00
  }, {
    "date" : "2025-06-18",
    "price" : 800.45,
    "dma50" : 666.41,
    "dma100" : 583.76,
    "dma200" : 559.15,
    "volume" : 538727.00
  }, {
    "date" : "2025-06-19",
    "price" : 808.80,
    "dma50" : 671.99,
    "dma100" : 586.64,
    "dma200" : 561.63,
    "volume" : 634059.00
  }, {
    "date" : "2025-06-20",
    "price" : 805.95,
    "dma50" : 677.25,
    "dma100" : 589.53,
    "dma200" : 564.06,
    "volume" : 1236170.00
  }, {
    "date" : "2025-06-23",
    "price" : 804.15,
    "dma50" : 682.22,
    "dma100" : 592.44,
    "dma200" : 566.45,
    "volume" : 435709.00
  }, {
    "date" : "2025-06-24",
    "price" : 812.40,
    "dma50" : 687.33,
    "dma100" : 595.50,
    "dma200" : 568.90,
    "volume" : 364420.00
  }, {
    "date" : "2025-06-25",
    "price" : 866.50,
    "dma50" : 694.35,
    "dma100" : 599.04,
    "dma200" : 571.86,
    "volume" : 1358136.00
  }, {
    "date" : "2025-06-26",
    "price" : 878.05,
    "dma50" : 701.56,
    "dma100" : 602.50,
    "dma200" : 574.91,
    "volume" : 1100582.00
  }, {
    "date" : "2025-06-27",
    "price" : 889.40,
    "dma50" : 708.92,
    "dma100" : 606.04,
    "dma200" : 578.04,
    "volume" : 685259.00
  }, {
    "date" : "2025-06-30",
    "price" : 934.50,
    "dma50" : 717.77,
    "dma100" : 609.99,
    "dma200" : 581.58,
    "volume" : 1903164.00
  }, {
    "date" : "2025-07-01",
    "price" : 904.60,
    "dma50" : 725.10,
    "dma100" : 613.68,
    "dma200" : 584.80,
    "volume" : 722948.00
  }, {
    "date" : "2025-07-02",
    "price" : 930.70,
    "dma50" : 733.16,
    "dma100" : 617.71,
    "dma200" : 588.24,
    "volume" : 674261.00
  }, {
    "date" : "2025-07-03",
    "price" : 909.20,
    "dma50" : 740.06,
    "dma100" : 621.41,
    "dma200" : 591.43,
    "volume" : 381744.00
  }, {
    "date" : "2025-07-04",
    "price" : 902.30,
    "dma50" : 746.43,
    "dma100" : 625.11,
    "dma200" : 594.53,
    "volume" : 539674.00
  }, {
    "date" : "2025-07-07",
    "price" : 871.75,
    "dma50" : 751.34,
    "dma100" : 628.47,
    "dma200" : 597.29,
    "volume" : 678501.00
  }, {
    "date" : "2025-07-08",
    "price" : 861.85,
    "dma50" : 755.67,
    "dma100" : 631.71,
    "dma200" : 599.92,
    "volume" : 361317.00
  }, {
    "date" : "2025-07-09",
    "price" : 901.35,
    "dma50" : 761.39,
    "dma100" : 635.35,
    "dma200" : 602.92,
    "volume" : 813861.00
  }, {
    "date" : "2025-07-10",
    "price" : 875.50,
    "dma50" : 765.86,
    "dma100" : 638.86,
    "dma200" : 605.63,
    "volume" : 420252.00
  }, {
    "date" : "2025-07-11",
    "price" : 871.25,
    "dma50" : 770.00,
    "dma100" : 642.26,
    "dma200" : 608.27,
    "volume" : 303761.00
  }, {
    "date" : "2025-07-14",
    "price" : 862.15,
    "dma50" : 773.61,
    "dma100" : 645.63,
    "dma200" : 610.80,
    "volume" : 357551.00
  }, {
    "date" : "2025-07-15",
    "price" : 863.00,
    "dma50" : 777.11,
    "dma100" : 649.01,
    "dma200" : 613.31,
    "volume" : 300285.00
  }, {
    "date" : "2025-07-16",
    "price" : 833.45,
    "dma50" : 779.32,
    "dma100" : 652.11,
    "dma200" : 615.50,
    "volume" : 560595.00
  }, {
    "date" : "2025-07-17",
    "price" : 821.70,
    "dma50" : 780.99,
    "dma100" : 655.12,
    "dma200" : 617.55,
    "volume" : 415842.00
  }, {
    "date" : "2025-07-18",
    "price" : 808.10,
    "dma50" : 782.05,
    "dma100" : 657.95,
    "dma200" : 619.45,
    "volume" : 469400.00
  }, {
    "date" : "2025-07-21",
    "price" : 818.15,
    "dma50" : 783.46,
    "dma100" : 660.80,
    "dma200" : 621.42,
    "volume" : 498259.00
  }, {
    "date" : "2025-07-22",
    "price" : 807.70,
    "dma50" : 784.42,
    "dma100" : 663.60,
    "dma200" : 623.28,
    "volume" : 214676.00
  }, {
    "date" : "2025-07-23",
    "price" : 804.45,
    "dma50" : 785.20,
    "dma100" : 666.38,
    "dma200" : 625.08,
    "volume" : 255655.00
  }, {
    "date" : "2025-07-24",
    "price" : 787.60,
    "dma50" : 785.29,
    "dma100" : 669.01,
    "dma200" : 626.70,
    "volume" : 436418.00
  }, {
    "date" : "2025-07-25",
    "price" : 770.95,
    "dma50" : 784.73,
    "dma100" : 671.39,
    "dma200" : 628.13,
    "volume" : 298635.00
  }, {
    "date" : "2025-07-28",
    "price" : 726.05,
    "dma50" : 782.43,
    "dma100" : 673.29,
    "dma200" : 629.11,
    "volume" : 870079.00
  }, {
    "date" : "2025-07-29",
    "price" : 763.60,
    "dma50" : 781.69,
    "dma100" : 675.67,
    "dma200" : 630.44,
    "volume" : 1035002.00
  }, {
    "date" : "2025-07-30",
    "price" : 785.50,
    "dma50" : 781.84,
    "dma100" : 678.31,
    "dma200" : 631.99,
    "volume" : 767956.00
  }, {
    "date" : "2025-07-31",
    "price" : 777.70,
    "dma50" : 781.68,
    "dma100" : 680.83,
    "dma200" : 633.44,
    "volume" : 1206260.00
  }, {
    "date" : "2025-08-01",
    "price" : 792.35,
    "dma50" : 782.10,
    "dma100" : 683.46,
    "dma200" : 635.02,
    "volume" : 3065802.00
  }, {
    "date" : "2025-08-04",
    "price" : 774.60,
    "dma50" : 781.80,
    "dma100" : 685.85,
    "dma200" : 636.41,
    "volume" : 406504.00
  }, {
    "date" : "2025-08-05",
    "price" : 748.70,
    "dma50" : 780.51,
    "dma100" : 687.94,
    "dma200" : 637.52,
    "volume" : 428020.00
  }, {
    "date" : "2025-08-06",
    "price" : 737.85,
    "dma50" : 778.83,
    "dma100" : 689.86,
    "dma200" : 638.52,
    "volume" : 364384.00
  }, {
    "date" : "2025-08-07",
    "price" : 729.80,
    "dma50" : 776.91,
    "dma100" : 691.61,
    "dma200" : 639.43,
    "volume" : 519521.00
  }, {
    "date" : "2025-08-08",
    "price" : 725.65,
    "dma50" : 774.90,
    "dma100" : 693.34,
    "dma200" : 640.29,
    "volume" : 312258.00
  }, {
    "date" : "2025-08-11",
    "price" : 768.20,
    "dma50" : 774.64,
    "dma100" : 695.49,
    "dma200" : 641.56,
    "volume" : 774830.00
  }, {
    "date" : "2025-08-12",
    "price" : 758.95,
    "dma50" : 774.02,
    "dma100" : 697.59,
    "dma200" : 642.73,
    "volume" : 652198.00
  }, {
    "date" : "2025-08-13",
    "price" : 790.25,
    "dma50" : 774.66,
    "dma100" : 699.97,
    "dma200" : 644.20,
    "volume" : 709595.00
  }, {
    "date" : "2025-08-14",
    "price" : 768.40,
    "dma50" : 774.41,
    "dma100" : 702.12,
    "dma200" : 645.43,
    "volume" : 293939.00
  }, {
    "date" : "2025-08-18",
    "price" : 782.85,
    "dma50" : 774.74,
    "dma100" : 704.40,
    "dma200" : 646.80,
    "volume" : 352353.00
  }, {
    "date" : "2025-08-19",
    "price" : 793.95,
    "dma50" : 775.50,
    "dma100" : 706.81,
    "dma200" : 648.27,
    "volume" : 401537.00
  }, {
    "date" : "2025-08-20",
    "price" : 770.70,
    "dma50" : 775.31,
    "dma100" : 708.91,
    "dma200" : 649.48,
    "volume" : 420378.00
  }, {
    "date" : "2025-08-21",
    "price" : 760.70,
    "dma50" : 774.74,
    "dma100" : 710.96,
    "dma200" : 650.59,
    "volume" : 332288.00
  }, {
    "date" : "2025-08-22",
    "price" : 763.15,
    "dma50" : 774.28,
    "dma100" : 713.05,
    "dma200" : 651.71,
    "volume" : 501495.00
  }, {
    "date" : "2025-08-25",
    "price" : 764.45,
    "dma50" : 773.90,
    "dma100" : 715.12,
    "dma200" : 652.83,
    "volume" : 234608.00
  }, {
    "date" : "2025-08-26",
    "price" : 725.40,
    "dma50" : 771.99,
    "dma100" : 716.81,
    "dma200" : 653.55,
    "volume" : 481105.00
  }, {
    "date" : "2025-08-28",
    "price" : 703.50,
    "dma50" : 769.31,
    "dma100" : 718.27,
    "dma200" : 654.05,
    "volume" : 408295.00
  }, {
    "date" : "2025-08-29",
    "price" : 708.10,
    "dma50" : 766.91,
    "dma100" : 719.76,
    "dma200" : 654.59,
    "volume" : 310548.00
  }, {
    "date" : "2025-09-01",
    "price" : 688.50,
    "dma50" : 763.83,
    "dma100" : 721.06,
    "dma200" : 654.93,
    "volume" : 588187.00
  }, {
    "date" : "2025-09-02",
    "price" : 708.25,
    "dma50" : 761.65,
    "dma100" : 722.60,
    "dma200" : 655.46,
    "volume" : 351768.00
  }, {
    "date" : "2025-09-03",
    "price" : 724.90,
    "dma50" : 760.21,
    "dma100" : 724.24,
    "dma200" : 656.15,
    "volume" : 552545.00
  }, {
    "date" : "2025-09-04",
    "price" : 708.85,
    "dma50" : 758.20,
    "dma100" : 725.96,
    "dma200" : 656.67,
    "volume" : 403553.00
  }, {
    "date" : "2025-09-05",
    "price" : 724.15,
    "dma50" : 756.86,
    "dma100" : 727.95,
    "dma200" : 657.34,
    "volume" : 436787.00
  }, {
    "date" : "2025-09-08",
    "price" : 736.20,
    "dma50" : 756.05,
    "dma100" : 729.99,
    "dma200" : 658.13,
    "volume" : 458272.00
  }, {
    "date" : "2025-09-09",
    "price" : 783.95,
    "dma50" : 757.15,
    "dma100" : 732.55,
    "dma200" : 659.38,
    "volume" : 1327721.00
  }, {
    "date" : "2025-09-10",
    "price" : 795.85,
    "dma50" : 758.66,
    "dma100" : 735.18,
    "dma200" : 660.74,
    "volume" : 797001.00
  }, {
    "date" : "2025-09-11",
    "price" : 786.55,
    "dma50" : 759.76,
    "dma100" : 737.70,
    "dma200" : 661.99,
    "volume" : 297688.00
  }, {
    "date" : "2025-09-12",
    "price" : 782.85,
    "dma50" : 760.66,
    "dma100" : 740.16,
    "dma200" : 663.19,
    "volume" : 428061.00
  }, {
    "date" : "2025-09-15",
    "price" : 794.35,
    "dma50" : 761.98,
    "dma100" : 742.84,
    "dma200" : 664.50,
    "volume" : 291577.00
  }, {
    "date" : "2025-09-16",
    "price" : 826.20,
    "dma50" : 764.50,
    "dma100" : 745.68,
    "dma200" : 666.11,
    "volume" : 1307844.00
  }, {
    "date" : "2025-09-17",
    "price" : 826.00,
    "dma50" : 766.91,
    "dma100" : 748.76,
    "dma200" : 667.70,
    "volume" : 267778.00
  }, {
    "date" : "2025-09-18",
    "price" : 818.55,
    "dma50" : 768.94,
    "dma100" : 751.87,
    "dma200" : 669.20,
    "volume" : 200762.00
  }, {
    "date" : "2025-09-19",
    "price" : 772.30,
    "dma50" : 769.07,
    "dma100" : 754.57,
    "dma200" : 670.22,
    "volume" : 2657759.00
  }, {
    "date" : "2025-09-22",
    "price" : 801.40,
    "dma50" : 770.34,
    "dma100" : 757.71,
    "dma200" : 671.53,
    "volume" : 721341.00
  }, {
    "date" : "2025-09-23",
    "price" : 822.25,
    "dma50" : 772.37,
    "dma100" : 761.12,
    "dma200" : 673.03,
    "volume" : 630604.00
  }, {
    "date" : "2025-09-24",
    "price" : 798.55,
    "dma50" : 773.40,
    "dma100" : 763.79,
    "dma200" : 674.28,
    "volume" : 494468.00
  }, {
    "date" : "2025-09-25",
    "price" : 818.20,
    "dma50" : 775.16,
    "dma100" : 766.95,
    "dma200" : 675.71,
    "volume" : 361935.00
  }, {
    "date" : "2025-09-26",
    "price" : 801.50,
    "dma50" : 776.19,
    "dma100" : 769.73,
    "dma200" : 676.96,
    "volume" : 481827.00
  }, {
    "date" : "2025-09-29",
    "price" : 780.55,
    "dma50" : 776.36,
    "dma100" : 772.30,
    "dma200" : 677.99,
    "volume" : 463346.00
  }, {
    "date" : "2025-09-30",
    "price" : 810.25,
    "dma50" : 777.69,
    "dma100" : 775.16,
    "dma200" : 679.31,
    "volume" : 948758.00
  }, {
    "date" : "2025-10-01",
    "price" : 815.25,
    "dma50" : 779.16,
    "dma100" : 777.88,
    "dma200" : 680.66,
    "volume" : 221951.00
  }, {
    "date" : "2025-10-03",
    "price" : 819.30,
    "dma50" : 780.74,
    "dma100" : 780.43,
    "dma200" : 682.04,
    "volume" : 273048.00
  }, {
    "date" : "2025-10-06",
    "price" : 845.75,
    "dma50" : 783.29,
    "dma100" : 782.61,
    "dma200" : 683.67,
    "volume" : 851650.00
  }, {
    "date" : "2025-10-07",
    "price" : 826.90,
    "dma50" : 785.00,
    "dma100" : 784.13,
    "dma200" : 685.09,
    "volume" : 650819.00
  }, {
    "date" : "2025-10-08",
    "price" : 809.85,
    "dma50" : 785.97,
    "dma100" : 785.69,
    "dma200" : 686.34,
    "volume" : 254577.00
  }, {
    "date" : "2025-10-09",
    "price" : 808.00,
    "dma50" : 786.84,
    "dma100" : 787.05,
    "dma200" : 687.55,
    "volume" : 216151.00
  }, {
    "date" : "2025-10-10",
    "price" : 817.90,
    "dma50" : 788.05,
    "dma100" : 788.70,
    "dma200" : 688.84,
    "volume" : 207815.00
  }, {
    "date" : "2025-10-13",
    "price" : 803.65,
    "dma50" : 788.67,
    "dma100" : 790.16,
    "dma200" : 689.99,
    "volume" : 196705.00
  }, {
    "date" : "2025-10-14",
    "price" : 765.75,
    "dma50" : 787.77,
    "dma100" : 791.32,
    "dma200" : 690.74,
    "volume" : 666938.00
  }, {
    "date" : "2025-10-15",
    "price" : 788.05,
    "dma50" : 787.78,
    "dma100" : 792.56,
    "dma200" : 691.71,
    "volume" : 401690.00
  }, {
    "date" : "2025-10-16",
    "price" : 771.75,
    "dma50" : 787.15,
    "dma100" : 793.04,
    "dma200" : 692.50,
    "volume" : 310958.00
  }, {
    "date" : "2025-10-17",
    "price" : 772.60,
    "dma50" : 786.58,
    "dma100" : 793.49,
    "dma200" : 693.30,
    "volume" : 204935.00
  }, {
    "date" : "2025-10-20",
    "price" : 798.35,
    "dma50" : 787.04,
    "dma100" : 794.17,
    "dma200" : 694.35,
    "volume" : 297636.00
  }, {
    "date" : "2025-10-21",
    "price" : 797.85,
    "dma50" : 787.46,
    "dma100" : 794.90,
    "dma200" : 695.38,
    "volume" : 68758.00
  }, {
    "date" : "2025-10-23",
    "price" : 802.35,
    "dma50" : 788.05,
    "dma100" : 795.77,
    "dma200" : 696.44,
    "volume" : 402082.00
  }, {
    "date" : "2025-10-24",
    "price" : 799.65,
    "dma50" : 788.50,
    "dma100" : 796.37,
    "dma200" : 697.47,
    "volume" : 365330.00
  }, {
    "date" : "2025-10-27",
    "price" : 829.25,
    "dma50" : 790.10,
    "dma100" : 797.26,
    "dma200" : 698.78,
    "volume" : 520698.00
  }, {
    "date" : "2025-10-28",
    "price" : 837.35,
    "dma50" : 791.95,
    "dma100" : 798.05,
    "dma200" : 700.16,
    "volume" : 543631.00
  }, {
    "date" : "2025-10-29",
    "price" : 846.15,
    "dma50" : 794.08,
    "dma100" : 798.92,
    "dma200" : 701.61,
    "volume" : 342274.00
  }, {
    "date" : "2025-10-30",
    "price" : 846.45,
    "dma50" : 796.13,
    "dma100" : 799.91,
    "dma200" : 703.05,
    "volume" : 588298.00
  }, {
    "date" : "2025-10-31",
    "price" : 810.25,
    "dma50" : 796.69,
    "dma100" : 800.42,
    "dma200" : 704.12,
    "volume" : 815287.00
  }, {
    "date" : "2025-11-03",
    "price" : 858.50,
    "dma50" : 799.11,
    "dma100" : 800.92,
    "dma200" : 705.65,
    "volume" : 872584.00
  }, {
    "date" : "2025-11-04",
    "price" : 862.70,
    "dma50" : 801.60,
    "dma100" : 801.60,
    "dma200" : 707.22,
    "volume" : 405666.00
  }, {
    "date" : "2025-11-06",
    "price" : 849.25,
    "dma50" : 803.47,
    "dma100" : 802.47,
    "dma200" : 708.63,
    "volume" : 372208.00
  }, {
    "date" : "2025-11-07",
    "price" : 856.40,
    "dma50" : 805.55,
    "dma100" : 803.33,
    "dma200" : 710.10,
    "volume" : 333148.00
  }, {
    "date" : "2025-11-10",
    "price" : 831.05,
    "dma50" : 806.55,
    "dma100" : 803.83,
    "dma200" : 711.30,
    "volume" : 325334.00
  }, {
    "date" : "2025-11-11",
    "price" : 809.55,
    "dma50" : 806.67,
    "dma100" : 804.16,
    "dma200" : 712.28,
    "volume" : 223522.00
  }, {
    "date" : "2025-11-12",
    "price" : 820.90,
    "dma50" : 807.22,
    "dma100" : 804.37,
    "dma200" : 713.36,
    "volume" : 230464.00
  }, {
    "date" : "2025-11-13",
    "price" : 822.00,
    "dma50" : 807.80,
    "dma100" : 804.50,
    "dma200" : 714.44,
    "volume" : 191302.00
  }, {
    "date" : "2025-11-14",
    "price" : 825.50,
    "dma50" : 808.50,
    "dma100" : 804.70,
    "dma200" : 715.55,
    "volume" : 155523.00
  }, {
    "date" : "2025-11-17",
    "price" : 840.95,
    "dma50" : 809.77,
    "dma100" : 805.06,
    "dma200" : 716.80,
    "volume" : 558889.00
  }, {
    "date" : "2025-11-18",
    "price" : 801.65,
    "dma50" : 809.45,
    "dma100" : 804.96,
    "dma200" : 717.64,
    "volume" : 642032.00
  }, {
    "date" : "2025-11-19",
    "price" : 816.10,
    "dma50" : 809.71,
    "dma100" : 804.45,
    "dma200" : 718.62,
    "volume" : 337435.00
  }, {
    "date" : "2025-11-20",
    "price" : 810.35,
    "dma50" : 809.74,
    "dma100" : 803.78,
    "dma200" : 719.53,
    "volume" : 200974.00
  }, {
    "date" : "2025-11-21",
    "price" : 778.35,
    "dma50" : 808.51,
    "dma100" : 802.66,
    "dma200" : 720.12,
    "volume" : 447157.00
  }, {
    "date" : "2025-11-24",
    "price" : 774.05,
    "dma50" : 807.16,
    "dma100" : 801.06,
    "dma200" : 720.66,
    "volume" : 199064.00
  }, {
    "date" : "2025-11-25",
    "price" : 771.85,
    "dma50" : 805.77,
    "dma100" : 799.73,
    "dma200" : 721.16,
    "volume" : 138136.00
  }, {
    "date" : "2025-11-26",
    "price" : 791.95,
    "dma50" : 805.23,
    "dma100" : 798.35,
    "dma200" : 721.87,
    "volume" : 202756.00
  }, {
    "date" : "2025-11-27",
    "price" : 809.30,
    "dma50" : 805.39,
    "dma100" : 797.35,
    "dma200" : 722.74,
    "volume" : 239058.00
  }, {
    "date" : "2025-11-28",
    "price" : 839.85,
    "dma50" : 806.74,
    "dma100" : 796.72,
    "dma200" : 723.90,
    "volume" : 828835.00
  }, {
    "date" : "2025-12-01",
    "price" : 859.95,
    "dma50" : 808.83,
    "dma100" : 796.60,
    "dma200" : 725.26,
    "volume" : 966856.00
  }, {
    "date" : "2025-12-02",
    "price" : 848.50,
    "dma50" : 810.38,
    "dma100" : 796.47,
    "dma200" : 726.48,
    "volume" : 289338.00
  }, {
    "date" : "2025-12-03",
    "price" : 829.30,
    "dma50" : 811.12,
    "dma100" : 795.75,
    "dma200" : 727.51,
    "volume" : 203075.00
  }, {
    "date" : "2025-12-04",
    "price" : 816.10,
    "dma50" : 811.32,
    "dma100" : 795.16,
    "dma200" : 728.39,
    "volume" : 219829.00
  }, {
    "date" : "2025-12-05",
    "price" : 820.85,
    "dma50" : 811.69,
    "dma100" : 794.65,
    "dma200" : 729.31,
    "volume" : 236446.00
  }, {
    "date" : "2025-12-08",
    "price" : 789.70,
    "dma50" : 810.83,
    "dma100" : 793.93,
    "dma200" : 729.91,
    "volume" : 286425.00
  }, {
    "date" : "2025-12-09",
    "price" : 822.70,
    "dma50" : 811.30,
    "dma100" : 793.52,
    "dma200" : 730.83,
    "volume" : 406112.00
  }, {
    "date" : "2025-12-10",
    "price" : 804.70,
    "dma50" : 811.04,
    "dma100" : 793.24,
    "dma200" : 731.57,
    "volume" : 244815.00
  }, {
    "date" : "2025-12-11",
    "price" : 827.45,
    "dma50" : 811.68,
    "dma100" : 793.29,
    "dma200" : 732.52,
    "volume" : 266909.00
  }, {
    "date" : "2025-12-12",
    "price" : 830.45,
    "dma50" : 812.42,
    "dma100" : 793.52,
    "dma200" : 733.50,
    "volume" : 212877.00
  }, {
    "date" : "2025-12-15",
    "price" : 823.90,
    "dma50" : 812.87,
    "dma100" : 793.58,
    "dma200" : 734.40,
    "volume" : 159974.00
  }, {
    "date" : "2025-12-16",
    "price" : 815.95,
    "dma50" : 812.99,
    "dma100" : 793.66,
    "dma200" : 735.21,
    "volume" : 125626.00
  }, {
    "date" : "2025-12-17",
    "price" : 795.50,
    "dma50" : 812.30,
    "dma100" : 793.57,
    "dma200" : 735.81,
    "volume" : 160459.00
  }, {
    "date" : "2025-12-18",
    "price" : 792.05,
    "dma50" : 811.51,
    "dma100" : 793.61,
    "dma200" : 736.37,
    "volume" : 193747.00
  }, {
    "date" : "2025-12-19",
    "price" : 800.25,
    "dma50" : 811.07,
    "dma100" : 793.91,
    "dma200" : 737.00,
    "volume" : 192727.00
  }, {
    "date" : "2025-12-22",
    "price" : 823.30,
    "dma50" : 811.55,
    "dma100" : 794.88,
    "dma200" : 737.86,
    "volume" : 236681.00
  }, {
    "date" : "2025-12-23",
    "price" : 826.65,
    "dma50" : 812.14,
    "dma100" : 795.51,
    "dma200" : 738.74,
    "volume" : 250749.00
  }, {
    "date" : "2025-12-24",
    "price" : 812.85,
    "dma50" : 812.17,
    "dma100" : 795.78,
    "dma200" : 739.48,
    "volume" : 123828.00
  }, {
    "date" : "2025-12-26",
    "price" : 798.35,
    "dma50" : 811.62,
    "dma100" : 795.99,
    "dma200" : 740.07,
    "volume" : 150367.00
  } ],
  "latestTechnicalAttributes" : {
    "date" : "2025-12-26",
    "price" : 798.35,
    "dma50" : 811.62,
    "dma100" : 795.99,
    "dma200" : 740.07,
    "volume" : 150367.00
  },
  "quarterlyResults" : [ {
    "date" : "2005-03-31",
    "sales" : 122.70,
    "salesGrowthYoY" : null,
    "grossProfitMargin" : 67.64,
    "grossProfit" : 82.99,
    "operatingProfitMargin" : 2.05,
    "operatingProfit" : 2.52,
    "netProfitMargin" : 2.00,
    "netProfit" : 2.45
  }, {
    "date" : "2005-06-30",
    "sales" : 110.07,
    "salesGrowthYoY" : null,
    "grossProfitMargin" : 57.39,
    "grossProfit" : 63.17,
    "operatingProfitMargin" : -3.97,
    "operatingProfit" : -4.37,
    "netProfitMargin" : -5.42,
    "netProfit" : -5.97
  }, {
    "date" : "2005-09-30",
    "sales" : 81.05,
    "salesGrowthYoY" : null,
    "grossProfitMargin" : 88.22,
    "grossProfit" : 71.50,
    "operatingProfitMargin" : 3.07,
    "operatingProfit" : 2.49,
    "netProfitMargin" : 0.17,
    "netProfit" : 0.14
  }, {
    "date" : "2005-12-31",
    "sales" : 167.23,
    "salesGrowthYoY" : null,
    "grossProfitMargin" : 52.93,
    "grossProfit" : 88.51,
    "operatingProfitMargin" : 8.15,
    "operatingProfit" : 13.63,
    "netProfitMargin" : 4.85,
    "netProfit" : 8.11
  }, {
    "date" : "2006-03-31",
    "sales" : 127.25,
    "salesGrowthYoY" : 3.71,
    "grossProfitMargin" : 74.50,
    "grossProfit" : 94.80,
    "operatingProfitMargin" : 3.88,
    "operatingProfit" : 4.94,
    "netProfitMargin" : -2.00,
    "netProfit" : -2.54
  }, {
    "date" : "2006-06-30",
    "sales" : 128.62,
    "salesGrowthYoY" : 16.85,
    "grossProfitMargin" : 69.64,
    "grossProfit" : 89.57,
    "operatingProfitMargin" : 5.70,
    "operatingProfit" : 7.33,
    "netProfitMargin" : 0.13,
    "netProfit" : 0.17
  }, {
    "date" : "2006-09-30",
    "sales" : 133.18,
    "salesGrowthYoY" : 64.32,
    "grossProfitMargin" : 67.83,
    "grossProfit" : 90.34,
    "operatingProfitMargin" : 2.27,
    "operatingProfit" : 3.02,
    "netProfitMargin" : -1.26,
    "netProfit" : -1.68
  }, {
    "date" : "2006-12-31",
    "sales" : 130.83,
    "salesGrowthYoY" : -21.77,
    "grossProfitMargin" : 83.81,
    "grossProfit" : 109.65,
    "operatingProfitMargin" : 10.74,
    "operatingProfit" : 14.05,
    "netProfitMargin" : 5.16,
    "netProfit" : 6.75
  }, {
    "date" : "2007-03-31",
    "sales" : 166.27,
    "salesGrowthYoY" : 30.66,
    "grossProfitMargin" : 66.79,
    "grossProfit" : 111.05,
    "operatingProfitMargin" : 4.57,
    "operatingProfit" : 7.60,
    "netProfitMargin" : 0.99,
    "netProfit" : 1.65
  }, {
    "date" : "2007-06-30",
    "sales" : 197.80,
    "salesGrowthYoY" : 53.79,
    "grossProfitMargin" : 60.52,
    "grossProfit" : 119.71,
    "operatingProfitMargin" : 6.22,
    "operatingProfit" : 12.30,
    "netProfitMargin" : 1.44,
    "netProfit" : 2.85
  }, {
    "date" : "2007-09-30",
    "sales" : 193.42,
    "salesGrowthYoY" : 45.23,
    "grossProfitMargin" : 61.28,
    "grossProfit" : 118.53,
    "operatingProfitMargin" : 7.51,
    "operatingProfit" : 14.53,
    "netProfitMargin" : 0.49,
    "netProfit" : 0.95
  }, {
    "date" : "2007-12-31",
    "sales" : 226.05,
    "salesGrowthYoY" : 72.78,
    "grossProfitMargin" : 61.40,
    "grossProfit" : 138.79,
    "operatingProfitMargin" : 7.29,
    "operatingProfit" : 16.48,
    "netProfitMargin" : 0.82,
    "netProfit" : 1.85
  }, {
    "date" : "2008-03-31",
    "sales" : 264.61,
    "salesGrowthYoY" : 59.14,
    "grossProfitMargin" : 54.62,
    "grossProfit" : 144.53,
    "operatingProfitMargin" : 4.72,
    "operatingProfit" : 12.49,
    "netProfitMargin" : 0.68,
    "netProfit" : 1.80
  }, {
    "date" : "2008-06-30",
    "sales" : 231.28,
    "salesGrowthYoY" : 16.93,
    "grossProfitMargin" : 55.75,
    "grossProfit" : 128.94,
    "operatingProfitMargin" : 2.23,
    "operatingProfit" : 5.16,
    "netProfitMargin" : -2.06,
    "netProfit" : -4.76
  }, {
    "date" : "2008-09-30",
    "sales" : 195.55,
    "salesGrowthYoY" : 1.10,
    "grossProfitMargin" : 58.28,
    "grossProfit" : 113.97,
    "operatingProfitMargin" : 5.41,
    "operatingProfit" : 10.58,
    "netProfitMargin" : 0.76,
    "netProfit" : 1.49
  }, {
    "date" : "2008-12-31",
    "sales" : 266.08,
    "salesGrowthYoY" : 17.71,
    "grossProfitMargin" : 63.13,
    "grossProfit" : 167.98,
    "operatingProfitMargin" : 4.69,
    "operatingProfit" : 12.48,
    "netProfitMargin" : 0.18,
    "netProfit" : 0.48
  }, {
    "date" : "2009-03-31",
    "sales" : 290.03,
    "salesGrowthYoY" : 9.61,
    "grossProfitMargin" : 57.05,
    "grossProfit" : 165.46,
    "operatingProfitMargin" : 8.88,
    "operatingProfit" : 25.75,
    "netProfitMargin" : 0.75,
    "netProfit" : 2.18
  }, {
    "date" : "2009-06-30",
    "sales" : 240.36,
    "salesGrowthYoY" : 3.93,
    "grossProfitMargin" : 59.53,
    "grossProfit" : 143.09,
    "operatingProfitMargin" : 8.25,
    "operatingProfit" : 19.83,
    "netProfitMargin" : 0.92,
    "netProfit" : 2.21
  }, {
    "date" : "2009-09-30",
    "sales" : 211.64,
    "salesGrowthYoY" : 8.23,
    "grossProfitMargin" : 64.09,
    "grossProfit" : 135.64,
    "operatingProfitMargin" : 12.07,
    "operatingProfit" : 25.54,
    "netProfitMargin" : 0.43,
    "netProfit" : 0.91
  }, {
    "date" : "2009-12-31",
    "sales" : 264.22,
    "salesGrowthYoY" : -0.70,
    "grossProfitMargin" : 70.59,
    "grossProfit" : 186.51,
    "operatingProfitMargin" : 15.22,
    "operatingProfit" : 40.21,
    "netProfitMargin" : 0.05,
    "netProfit" : 0.13
  }, {
    "date" : "2010-03-31",
    "sales" : 265.48,
    "salesGrowthYoY" : -8.46,
    "grossProfitMargin" : 61.69,
    "grossProfit" : 163.77,
    "operatingProfitMargin" : 10.40,
    "operatingProfit" : 27.61,
    "netProfitMargin" : 1.73,
    "netProfit" : 4.59
  }, {
    "date" : "2010-06-30",
    "sales" : 254.54,
    "salesGrowthYoY" : 5.90,
    "grossProfitMargin" : 63.84,
    "grossProfit" : 162.50,
    "operatingProfitMargin" : 9.67,
    "operatingProfit" : 24.61,
    "netProfitMargin" : 0.20,
    "netProfit" : 0.51
  }, {
    "date" : "2010-09-30",
    "sales" : 247.51,
    "salesGrowthYoY" : 16.95,
    "grossProfitMargin" : 50.18,
    "grossProfit" : 124.20,
    "operatingProfitMargin" : 8.19,
    "operatingProfit" : 20.27,
    "netProfitMargin" : 0.16,
    "netProfit" : 0.40
  }, {
    "date" : "2010-12-31",
    "sales" : 304.42,
    "salesGrowthYoY" : 15.21,
    "grossProfitMargin" : 45.19,
    "grossProfit" : 137.57,
    "operatingProfitMargin" : 8.04,
    "operatingProfit" : 24.48,
    "netProfitMargin" : 1.28,
    "netProfit" : 3.90
  }, {
    "date" : "2011-03-31",
    "sales" : 344.28,
    "salesGrowthYoY" : 29.68,
    "grossProfitMargin" : 50.23,
    "grossProfit" : 172.93,
    "operatingProfitMargin" : 7.87,
    "operatingProfit" : 27.09,
    "netProfitMargin" : 1.14,
    "netProfit" : 3.92
  }, {
    "date" : "2011-06-30",
    "sales" : 339.71,
    "salesGrowthYoY" : 33.46,
    "grossProfitMargin" : 48.10,
    "grossProfit" : 163.40,
    "operatingProfitMargin" : 10.82,
    "operatingProfit" : 36.76,
    "netProfitMargin" : 1.37,
    "netProfit" : 4.65
  }, {
    "date" : "2011-09-30",
    "sales" : 292.05,
    "salesGrowthYoY" : 18.00,
    "grossProfitMargin" : 49.73,
    "grossProfit" : 145.24,
    "operatingProfitMargin" : 11.42,
    "operatingProfit" : 33.35,
    "netProfitMargin" : 0.55,
    "netProfit" : 1.61
  }, {
    "date" : "2011-12-31",
    "sales" : 326.57,
    "salesGrowthYoY" : 7.28,
    "grossProfitMargin" : 51.46,
    "grossProfit" : 168.05,
    "operatingProfitMargin" : 12.48,
    "operatingProfit" : 40.76,
    "netProfitMargin" : 3.79,
    "netProfit" : 12.38
  }, {
    "date" : "2012-03-31",
    "sales" : 384.36,
    "salesGrowthYoY" : 11.64,
    "grossProfitMargin" : 47.68,
    "grossProfit" : 183.26,
    "operatingProfitMargin" : 12.87,
    "operatingProfit" : 49.47,
    "netProfitMargin" : 3.11,
    "netProfit" : 11.95
  }, {
    "date" : "2012-06-30",
    "sales" : 332.09,
    "salesGrowthYoY" : -2.24,
    "grossProfitMargin" : 46.57,
    "grossProfit" : 154.65,
    "operatingProfitMargin" : 12.29,
    "operatingProfit" : 40.81,
    "netProfitMargin" : 1.93,
    "netProfit" : 6.41
  }, {
    "date" : "2012-09-30",
    "sales" : 270.60,
    "salesGrowthYoY" : -7.34,
    "grossProfitMargin" : 68.53,
    "grossProfit" : 185.44,
    "operatingProfitMargin" : 12.68,
    "operatingProfit" : 34.31,
    "netProfitMargin" : 0.83,
    "netProfit" : 2.25
  }, {
    "date" : "2012-12-31",
    "sales" : 316.09,
    "salesGrowthYoY" : -3.21,
    "grossProfitMargin" : 51.16,
    "grossProfit" : 161.71,
    "operatingProfitMargin" : 10.57,
    "operatingProfit" : 33.41,
    "netProfitMargin" : 0.44,
    "netProfit" : 1.39
  }, {
    "date" : "2013-03-31",
    "sales" : 354.69,
    "salesGrowthYoY" : -7.72,
    "grossProfitMargin" : 47.84,
    "grossProfit" : 169.68,
    "operatingProfitMargin" : 9.84,
    "operatingProfit" : 34.90,
    "netProfitMargin" : 1.57,
    "netProfit" : 5.57
  }, {
    "date" : "2013-06-30",
    "sales" : 336.09,
    "salesGrowthYoY" : 1.20,
    "grossProfitMargin" : 50.72,
    "grossProfit" : 170.46,
    "operatingProfitMargin" : 12.06,
    "operatingProfit" : 40.53,
    "netProfitMargin" : 1.37,
    "netProfit" : 4.60
  }, {
    "date" : "2013-09-30",
    "sales" : 302.68,
    "salesGrowthYoY" : 11.86,
    "grossProfitMargin" : 52.39,
    "grossProfit" : 158.57,
    "operatingProfitMargin" : 10.99,
    "operatingProfit" : 33.26,
    "netProfitMargin" : -1.10,
    "netProfit" : -3.33
  }, {
    "date" : "2013-12-31",
    "sales" : 266.29,
    "salesGrowthYoY" : -15.76,
    "grossProfitMargin" : 52.03,
    "grossProfit" : 138.55,
    "operatingProfitMargin" : 11.45,
    "operatingProfit" : 30.49,
    "netProfitMargin" : 0.93,
    "netProfit" : 2.48
  }, {
    "date" : "2014-03-31",
    "sales" : 303.97,
    "salesGrowthYoY" : -14.30,
    "grossProfitMargin" : 48.68,
    "grossProfit" : 147.97,
    "operatingProfitMargin" : 6.75,
    "operatingProfit" : 20.52,
    "netProfitMargin" : -3.38,
    "netProfit" : -10.27
  }, {
    "date" : "2014-06-30",
    "sales" : 336.94,
    "salesGrowthYoY" : 0.25,
    "grossProfitMargin" : 45.71,
    "grossProfit" : 154.02,
    "operatingProfitMargin" : 8.35,
    "operatingProfit" : 28.13,
    "netProfitMargin" : -0.71,
    "netProfit" : -2.39
  }, {
    "date" : "2014-09-30",
    "sales" : 310.65,
    "salesGrowthYoY" : 2.63,
    "grossProfitMargin" : 37.30,
    "grossProfit" : 115.87,
    "operatingProfitMargin" : 2.44,
    "operatingProfit" : 7.58,
    "netProfitMargin" : -7.07,
    "netProfit" : -21.96
  }, {
    "date" : "2014-12-31",
    "sales" : 417.84,
    "salesGrowthYoY" : 56.91,
    "grossProfitMargin" : 32.59,
    "grossProfit" : 136.17,
    "operatingProfitMargin" : 4.36,
    "operatingProfit" : 18.22,
    "netProfitMargin" : -3.77,
    "netProfit" : -15.75
  }, {
    "date" : "2015-03-31",
    "sales" : 498.19,
    "salesGrowthYoY" : 63.89,
    "grossProfitMargin" : 31.23,
    "grossProfit" : 155.58,
    "operatingProfitMargin" : 4.86,
    "operatingProfit" : 24.21,
    "netProfitMargin" : 5.48,
    "netProfit" : 27.30
  }, {
    "date" : "2015-06-30",
    "sales" : 647.42,
    "salesGrowthYoY" : 92.15,
    "grossProfitMargin" : 32.95,
    "grossProfit" : 213.32,
    "operatingProfitMargin" : 6.15,
    "operatingProfit" : 39.82,
    "netProfitMargin" : 0.49,
    "netProfit" : 3.17
  }, {
    "date" : "2015-09-30",
    "sales" : 608.20,
    "salesGrowthYoY" : 95.78,
    "grossProfitMargin" : 34.18,
    "grossProfit" : 207.88,
    "operatingProfitMargin" : 5.80,
    "operatingProfit" : 35.28,
    "netProfitMargin" : 0.68,
    "netProfit" : 4.14
  }, {
    "date" : "2015-12-31",
    "sales" : 989.71,
    "salesGrowthYoY" : 136.86,
    "grossProfitMargin" : 26.46,
    "grossProfit" : 261.88,
    "operatingProfitMargin" : 5.96,
    "operatingProfit" : 58.99,
    "netProfitMargin" : 3.04,
    "netProfit" : 30.09
  }, {
    "date" : "2016-03-31",
    "sales" : 965.71,
    "salesGrowthYoY" : 93.84,
    "grossProfitMargin" : 30.76,
    "grossProfit" : 297.05,
    "operatingProfitMargin" : 6.85,
    "operatingProfit" : 66.15,
    "netProfitMargin" : 2.25,
    "netProfit" : 21.73
  }, {
    "date" : "2016-06-30",
    "sales" : 830.17,
    "salesGrowthYoY" : 28.23,
    "grossProfitMargin" : 77.78,
    "grossProfit" : 645.71,
    "operatingProfitMargin" : 6.87,
    "operatingProfit" : 57.03,
    "netProfitMargin" : 1.13,
    "netProfit" : 9.38
  }, {
    "date" : "2016-09-30",
    "sales" : 444.21,
    "salesGrowthYoY" : -26.96,
    "grossProfitMargin" : 72.21,
    "grossProfit" : 320.76,
    "operatingProfitMargin" : 9.65,
    "operatingProfit" : 42.87,
    "netProfitMargin" : 1.77,
    "netProfit" : 7.86
  }, {
    "date" : "2016-12-31",
    "sales" : 677.27,
    "salesGrowthYoY" : -31.57,
    "grossProfitMargin" : 30.67,
    "grossProfit" : 207.72,
    "operatingProfitMargin" : 6.04,
    "operatingProfit" : 40.91,
    "netProfitMargin" : 1.75,
    "netProfit" : 11.85
  }, {
    "date" : "2017-03-31",
    "sales" : 518.33,
    "salesGrowthYoY" : -46.33,
    "grossProfitMargin" : 71.52,
    "grossProfit" : 370.71,
    "operatingProfitMargin" : 11.38,
    "operatingProfit" : 58.99,
    "netProfitMargin" : 2.93,
    "netProfit" : 15.19
  }, {
    "date" : "2017-06-30",
    "sales" : 473.44,
    "salesGrowthYoY" : -42.97,
    "grossProfitMargin" : 68.80,
    "grossProfit" : 325.73,
    "operatingProfitMargin" : 11.83,
    "operatingProfit" : 56.01,
    "netProfitMargin" : 4.38,
    "netProfit" : 20.74
  }, {
    "date" : "2017-09-30",
    "sales" : 413.72,
    "salesGrowthYoY" : -6.86,
    "grossProfitMargin" : 74.92,
    "grossProfit" : 309.96,
    "operatingProfitMargin" : 14.82,
    "operatingProfit" : 61.31,
    "netProfitMargin" : 4.62,
    "netProfit" : 19.11
  }, {
    "date" : "2017-12-31",
    "sales" : 467.43,
    "salesGrowthYoY" : -30.98,
    "grossProfitMargin" : 45.41,
    "grossProfit" : 212.26,
    "operatingProfitMargin" : 16.34,
    "operatingProfit" : 76.38,
    "netProfitMargin" : 8.48,
    "netProfit" : 39.64
  }, {
    "date" : "2018-03-31",
    "sales" : 503.22,
    "salesGrowthYoY" : -2.92,
    "grossProfitMargin" : 63.09,
    "grossProfit" : 317.48,
    "operatingProfitMargin" : 10.47,
    "operatingProfit" : 52.69,
    "netProfitMargin" : 5.33,
    "netProfit" : 26.82
  }, {
    "date" : "2018-06-30",
    "sales" : 452.32,
    "salesGrowthYoY" : -4.46,
    "grossProfitMargin" : 43.50,
    "grossProfit" : 196.76,
    "operatingProfitMargin" : 15.47,
    "operatingProfit" : 69.97,
    "netProfitMargin" : 6.33,
    "netProfit" : 28.63
  }, {
    "date" : "2018-09-30",
    "sales" : 414.83,
    "salesGrowthYoY" : 0.27,
    "grossProfitMargin" : 52.46,
    "grossProfit" : 217.62,
    "operatingProfitMargin" : 15.55,
    "operatingProfit" : 64.51,
    "netProfitMargin" : 6.57,
    "netProfit" : 27.25
  }, {
    "date" : "2018-12-31",
    "sales" : 454.28,
    "salesGrowthYoY" : -2.81,
    "grossProfitMargin" : 51.03,
    "grossProfit" : 231.82,
    "operatingProfitMargin" : 16.71,
    "operatingProfit" : 75.91,
    "netProfitMargin" : 7.58,
    "netProfit" : 34.43
  }, {
    "date" : "2019-03-31",
    "sales" : 456.12,
    "salesGrowthYoY" : -9.36,
    "grossProfitMargin" : 63.65,
    "grossProfit" : 290.32,
    "operatingProfitMargin" : -2.31,
    "operatingProfit" : -10.54,
    "netProfitMargin" : -7.73,
    "netProfit" : -35.26
  }, {
    "date" : "2019-06-30",
    "sales" : 538.03,
    "salesGrowthYoY" : 18.95,
    "grossProfitMargin" : 63.92,
    "grossProfit" : 343.91,
    "operatingProfitMargin" : 11.83,
    "operatingProfit" : 63.65,
    "netProfitMargin" : 3.10,
    "netProfit" : 16.68
  }, {
    "date" : "2019-09-30",
    "sales" : 527.93,
    "salesGrowthYoY" : 27.26,
    "grossProfitMargin" : 63.43,
    "grossProfit" : 334.87,
    "operatingProfitMargin" : 12.17,
    "operatingProfit" : 64.25,
    "netProfitMargin" : 4.11,
    "netProfit" : 21.70
  }, {
    "date" : "2019-12-31",
    "sales" : 519.01,
    "salesGrowthYoY" : 14.25,
    "grossProfitMargin" : 64.94,
    "grossProfit" : 337.05,
    "operatingProfitMargin" : 10.67,
    "operatingProfit" : 55.38,
    "netProfitMargin" : 1.98,
    "netProfit" : 10.28
  }, {
    "date" : "2020-03-31",
    "sales" : 557.03,
    "salesGrowthYoY" : 22.12,
    "grossProfitMargin" : 70.54,
    "grossProfit" : 392.93,
    "operatingProfitMargin" : 13.89,
    "operatingProfit" : 77.37,
    "netProfitMargin" : 6.37,
    "netProfit" : 35.48
  }, {
    "date" : "2020-06-30",
    "sales" : 287.86,
    "salesGrowthYoY" : -46.50,
    "grossProfitMargin" : 82.09,
    "grossProfit" : 236.30,
    "operatingProfitMargin" : 6.45,
    "operatingProfit" : 18.57,
    "netProfitMargin" : -5.90,
    "netProfit" : -16.98
  }, {
    "date" : "2020-09-30",
    "sales" : 458.43,
    "salesGrowthYoY" : -13.16,
    "grossProfitMargin" : 72.04,
    "grossProfit" : 330.25,
    "operatingProfitMargin" : -2.14,
    "operatingProfit" : -9.81,
    "netProfitMargin" : -10.85,
    "netProfit" : -49.74
  }, {
    "date" : "2020-12-31",
    "sales" : 655.54,
    "salesGrowthYoY" : 26.31,
    "grossProfitMargin" : 70.89,
    "grossProfit" : 464.71,
    "operatingProfitMargin" : 12.86,
    "operatingProfit" : 84.30,
    "netProfitMargin" : 4.57,
    "netProfit" : 29.96
  }, {
    "date" : "2021-03-31",
    "sales" : 806.48,
    "salesGrowthYoY" : 44.78,
    "grossProfitMargin" : 67.16,
    "grossProfit" : 541.63,
    "operatingProfitMargin" : 13.87,
    "operatingProfit" : 111.86,
    "netProfitMargin" : 6.51,
    "netProfit" : 52.50
  }, {
    "date" : "2021-06-30",
    "sales" : 675.46,
    "salesGrowthYoY" : 134.65,
    "grossProfitMargin" : 70.07,
    "grossProfit" : 473.29,
    "operatingProfitMargin" : 11.23,
    "operatingProfit" : 75.85,
    "netProfitMargin" : 2.65,
    "netProfit" : 17.90
  }, {
    "date" : "2021-09-30",
    "sales" : 713.20,
    "salesGrowthYoY" : 55.57,
    "grossProfitMargin" : 69.20,
    "grossProfit" : 493.53,
    "operatingProfitMargin" : 8.90,
    "operatingProfit" : 63.47,
    "netProfitMargin" : 2.09,
    "netProfit" : 14.91
  }, {
    "date" : "2021-12-31",
    "sales" : 850.02,
    "salesGrowthYoY" : 29.67,
    "grossProfitMargin" : 65.05,
    "grossProfit" : 552.94,
    "operatingProfitMargin" : 9.32,
    "operatingProfit" : 79.22,
    "netProfitMargin" : 2.31,
    "netProfit" : 19.64
  }, {
    "date" : "2022-03-31",
    "sales" : 1010.85,
    "salesGrowthYoY" : 25.34,
    "grossProfitMargin" : 63.26,
    "grossProfit" : 639.46,
    "operatingProfitMargin" : 8.13,
    "operatingProfit" : 82.18,
    "netProfitMargin" : 1.62,
    "netProfit" : 16.38
  }, {
    "date" : "2022-06-30",
    "sales" : 964.95,
    "salesGrowthYoY" : 42.86,
    "grossProfitMargin" : 64.31,
    "grossProfit" : 620.56,
    "operatingProfitMargin" : 9.16,
    "operatingProfit" : 88.39,
    "netProfitMargin" : 3.12,
    "netProfit" : 30.11
  }, {
    "date" : "2022-09-30",
    "sales" : 937.97,
    "salesGrowthYoY" : 31.52,
    "grossProfitMargin" : 70.40,
    "grossProfit" : 660.33,
    "operatingProfitMargin" : 8.53,
    "operatingProfit" : 80.01,
    "netProfitMargin" : 2.11,
    "netProfit" : 19.79
  }, {
    "date" : "2022-12-31",
    "sales" : 1191.79,
    "salesGrowthYoY" : 40.21,
    "grossProfitMargin" : 66.20,
    "grossProfit" : 788.96,
    "operatingProfitMargin" : 9.43,
    "operatingProfit" : 112.39,
    "netProfitMargin" : 3.08,
    "netProfit" : 36.71
  }, {
    "date" : "2023-03-31",
    "sales" : 1580.20,
    "salesGrowthYoY" : 56.32,
    "grossProfitMargin" : 59.59,
    "grossProfit" : 941.64,
    "operatingProfitMargin" : 8.82,
    "operatingProfit" : 139.37,
    "netProfitMargin" : 2.39,
    "netProfit" : 37.77
  }, {
    "date" : "2023-06-30",
    "sales" : 1799.96,
    "salesGrowthYoY" : 86.53,
    "grossProfitMargin" : 65.09,
    "grossProfit" : 1171.59,
    "operatingProfitMargin" : 9.00,
    "operatingProfit" : 162.00,
    "netProfitMargin" : 2.90,
    "netProfit" : 52.20
  }, {
    "date" : "2023-09-30",
    "sales" : 1583.36,
    "salesGrowthYoY" : 68.81,
    "grossProfitMargin" : 60.56,
    "grossProfit" : 958.88,
    "operatingProfitMargin" : 10.35,
    "operatingProfit" : 163.88,
    "netProfitMargin" : 3.39,
    "netProfit" : 53.68
  }, {
    "date" : "2023-12-31",
    "sales" : 1922.00,
    "salesGrowthYoY" : 61.27,
    "grossProfitMargin" : 58.89,
    "grossProfit" : 1131.87,
    "operatingProfitMargin" : 10.62,
    "operatingProfit" : 204.12,
    "netProfitMargin" : 4.08,
    "netProfit" : 78.42
  }, {
    "date" : "2024-03-31",
    "sales" : 2236.79,
    "salesGrowthYoY" : 41.55,
    "grossProfitMargin" : 61.23,
    "grossProfit" : 1369.59,
    "operatingProfitMargin" : 9.82,
    "operatingProfit" : 219.65,
    "netProfitMargin" : 4.00,
    "netProfit" : 89.47
  }, {
    "date" : "2024-06-30",
    "sales" : 2376.49,
    "salesGrowthYoY" : 32.03,
    "grossProfitMargin" : 62.99,
    "grossProfit" : 1496.95,
    "operatingProfitMargin" : 9.32,
    "operatingProfit" : 221.49,
    "netProfitMargin" : 4.22,
    "netProfit" : 100.29
  }, {
    "date" : "2024-09-30",
    "sales" : 1898.01,
    "salesGrowthYoY" : 19.87,
    "grossProfitMargin" : 66.25,
    "grossProfit" : 1257.43,
    "operatingProfitMargin" : 9.45,
    "operatingProfit" : 179.36,
    "netProfitMargin" : 3.80,
    "netProfit" : 72.12
  }, {
    "date" : "2024-12-31",
    "sales" : 2215.99,
    "salesGrowthYoY" : 15.30,
    "grossProfitMargin" : 65.62,
    "grossProfit" : 1454.13,
    "operatingProfitMargin" : 9.32,
    "operatingProfit" : 206.53,
    "netProfitMargin" : 3.93,
    "netProfit" : 87.09
  }, {
    "date" : "2025-03-31",
    "sales" : 2483.55,
    "salesGrowthYoY" : 11.03,
    "grossProfitMargin" : 62.60,
    "grossProfit" : 1554.70,
    "operatingProfitMargin" : 10.38,
    "operatingProfit" : 257.79,
    "netProfitMargin" : 4.57,
    "netProfit" : 113.50
  }, {
    "date" : "2025-06-30",
    "sales" : 2548.19,
    "salesGrowthYoY" : 7.22,
    "grossProfitMargin" : 64.86,
    "grossProfit" : 1652.76,
    "operatingProfitMargin" : 9.48,
    "operatingProfit" : 241.57,
    "netProfitMargin" : 5.38,
    "netProfit" : 137.09
  }, {
    "date" : "2025-09-30",
    "sales" : 2170.67,
    "salesGrowthYoY" : 14.37,
    "grossProfitMargin" : 66.90,
    "grossProfit" : 1452.18,
    "operatingProfitMargin" : 9.45,
    "operatingProfit" : 205.13,
    "netProfitMargin" : 4.96,
    "netProfit" : 107.67
  } ],
  "latestQuarterlyResult" : {
    "date" : "2025-09-30",
    "sales" : 2170.67,
    "salesGrowthYoY" : 14.37,
    "grossProfitMargin" : 66.90,
    "grossProfit" : 1452.18,
    "operatingProfitMargin" : 9.45,
    "operatingProfit" : 205.13,
    "netProfitMargin" : 4.96,
    "netProfit" : 107.67
  },
  "companyScore" : {
    "priceHigherThanDma50" : 0.00,
    "priceHigherThanDma100" : 5.00,
    "priceHigherThanDma200" : 5.00,
    "dma50HigherThanDma100" : 5.00,
    "dma50HigherThanDma200" : 5.00,
    "dma100HigherThanDma200" : 5.00,
    "pricePercentageAboveDma50" : 5.08,
    "pricePercentageAboveDma100" : 4.99,
    "pricePercentageAboveDma200" : 4.61,
    "weeklyVolumeHigherThanYearlyVolume" : 0.00,
    "salesGrowthPercentile" : 9.62,
    "operatingProfitMarginPercentile" : 12.98,
    "netProfitMarginPercentile" : 8.80,
    "totalTechnicalScore" : 39.67,
    "totalFundamentalScore" : 31.39,
    "totalScore" : 71.07
  }
}