{
  "metadata" : {
    "screenerCompanyId" : "612",
    "companyCode" : "CENTURYPLY",
    "companyName" : "Century Plyboard",
    "screenerCompanyLink" : "https://www.screener.in/company/CENTURYPLY/consolidated/",
    "screenerTechnicalHistoryLink" : "https://www.screener.in/api/company/612/chart/?q=Price-DMA50-DMA200-Volume&days=365",
    "screenerQuarterlyResultsLink" : "https://www.screener.in/api/company/612/chart/?q=GPM-OPM-NPM-Quarter+Sales&days=10000",
    "attributes" : {
      "companyCode" : "CENTURYPLY",
      "companyName" : "Century Plyboard",
      "marketCap" : 18409.00,
      "peRatio" : 79.50,
      "description" : "Century Plyboards India Ltd was incorporated in January 1982 by Mr. Sajjan Bhajanka and Mr. Sanjay Agarwal. The company has a diversified portfolio & manufactures plywood, veneer, laminates, medium density fibre (MDF), particle board and allied products. [1]"
    },
    "companyScore" : {
      "priceHigherThanDma50" : 5.00,
      "priceHigherThanDma100" : 5.00,
      "priceHigherThanDma200" : 5.00,
      "dma50HigherThanDma100" : 5.00,
      "dma50HigherThanDma200" : 5.00,
      "dma100HigherThanDma200" : 5.00,
      "pricePercentageAboveDma50" : 4.84,
      "pricePercentageAboveDma100" : 4.71,
      "pricePercentageAboveDma200" : 4.64,
      "weeklyVolumeHigherThanYearlyVolume" : 0.00,
      "salesGrowthPercentile" : 11.14,
      "operatingProfitMarginPercentile" : 12.09,
      "netProfitMarginPercentile" : 5.61,
      "totalTechnicalScore" : 44.19,
      "totalFundamentalScore" : 28.84,
      "totalScore" : 73.02
    }
  },
  "attributes" : {
    "companyCode" : "CENTURYPLY",
    "companyName" : "Century Plyboard",
    "marketCap" : 18409.00,
    "peRatio" : 79.50,
    "description" : "Century Plyboards India Ltd was incorporated in January 1982 by Mr. Sajjan Bhajanka and Mr. Sanjay Agarwal. The company has a diversified portfolio & manufactures plywood, veneer, laminates, medium density fibre (MDF), particle board and allied products. [1]"
  },
  "technicalHistory" : [ {
    "date" : "2025-01-01",
    "price" : 797.60,
    "dma50" : 787.88,
    "dma100" : null,
    "dma200" : 759.93,
    "volume" : 3819480.00
  }, {
    "date" : "2025-01-02",
    "price" : 853.90,
    "dma50" : 790.47,
    "dma100" : null,
    "dma200" : 760.86,
    "volume" : 1732397.00
  }, {
    "date" : "2025-01-03",
    "price" : 863.55,
    "dma50" : 793.33,
    "dma100" : null,
    "dma200" : 761.88,
    "volume" : 617036.00
  }, {
    "date" : "2025-01-06",
    "price" : 809.70,
    "dma50" : 793.98,
    "dma100" : null,
    "dma200" : 762.36,
    "volume" : 228449.00
  }, {
    "date" : "2025-01-07",
    "price" : 840.20,
    "dma50" : 795.79,
    "dma100" : null,
    "dma200" : 763.13,
    "volume" : 399437.00
  }, {
    "date" : "2025-01-08",
    "price" : 823.15,
    "dma50" : 796.86,
    "dma100" : null,
    "dma200" : 763.73,
    "volume" : 122673.00
  }, {
    "date" : "2025-01-09",
    "price" : 827.85,
    "dma50" : 798.08,
    "dma100" : null,
    "dma200" : 764.37,
    "volume" : 118624.00
  }, {
    "date" : "2025-01-10",
    "price" : 790.70,
    "dma50" : 797.79,
    "dma100" : null,
    "dma200" : 764.63,
    "volume" : 125078.00
  }, {
    "date" : "2025-01-13",
    "price" : 752.75,
    "dma50" : 796.02,
    "dma100" : null,
    "dma200" : 764.51,
    "volume" : 96512.00
  }, {
    "date" : "2025-01-14",
    "price" : 761.50,
    "dma50" : 794.67,
    "dma100" : null,
    "dma200" : 764.48,
    "volume" : 109028.00
  }, {
    "date" : "2025-01-15",
    "price" : 770.60,
    "dma50" : 793.72,
    "dma100" : null,
    "dma200" : 764.54,
    "volume" : 437771.00
  }, {
    "date" : "2025-01-16",
    "price" : 778.65,
    "dma50" : 793.13,
    "dma100" : null,
    "dma200" : 764.68,
    "volume" : 99673.00
  }, {
    "date" : "2025-01-17",
    "price" : 793.60,
    "dma50" : 793.15,
    "dma100" : null,
    "dma200" : 764.97,
    "volume" : 622073.00
  }, {
    "date" : "2025-01-20",
    "price" : 792.65,
    "dma50" : 793.13,
    "dma100" : null,
    "dma200" : 765.25,
    "volume" : 56488.00
  }, {
    "date" : "2025-01-21",
    "price" : 818.65,
    "dma50" : 794.13,
    "dma100" : null,
    "dma200" : 765.78,
    "volume" : 2282114.00
  }, {
    "date" : "2025-01-22",
    "price" : 810.90,
    "dma50" : 794.79,
    "dma100" : null,
    "dma200" : 766.23,
    "volume" : 164982.00
  }, {
    "date" : "2025-01-23",
    "price" : 814.10,
    "dma50" : 795.55,
    "dma100" : null,
    "dma200" : 766.70,
    "volume" : 92091.00
  }, {
    "date" : "2025-01-24",
    "price" : 799.15,
    "dma50" : 795.69,
    "dma100" : null,
    "dma200" : 767.03,
    "volume" : 180121.00
  }, {
    "date" : "2025-01-27",
    "price" : 776.05,
    "dma50" : 794.92,
    "dma100" : null,
    "dma200" : 767.12,
    "volume" : 68757.00
  }, {
    "date" : "2025-01-28",
    "price" : 775.35,
    "dma50" : 794.15,
    "dma100" : null,
    "dma200" : 767.20,
    "volume" : 81642.00
  }, {
    "date" : "2025-01-29",
    "price" : 786.00,
    "dma50" : 793.83,
    "dma100" : null,
    "dma200" : 767.39,
    "volume" : 41631.00
  }, {
    "date" : "2025-01-30",
    "price" : 788.00,
    "dma50" : 793.60,
    "dma100" : null,
    "dma200" : 767.59,
    "volume" : 34875.00
  }, {
    "date" : "2025-01-31",
    "price" : 804.65,
    "dma50" : 794.04,
    "dma100" : null,
    "dma200" : 767.96,
    "volume" : 264039.00
  }, {
    "date" : "2025-02-01",
    "price" : 801.55,
    "dma50" : 794.33,
    "dma100" : null,
    "dma200" : 768.29,
    "volume" : 50864.00
  }, {
    "date" : "2025-02-03",
    "price" : 830.55,
    "dma50" : 795.75,
    "dma100" : null,
    "dma200" : 768.91,
    "volume" : 537449.00
  }, {
    "date" : "2025-02-04",
    "price" : 845.90,
    "dma50" : 797.72,
    "dma100" : null,
    "dma200" : 769.68,
    "volume" : 196598.00
  }, {
    "date" : "2025-02-05",
    "price" : 868.20,
    "dma50" : 800.48,
    "dma100" : null,
    "dma200" : 770.66,
    "volume" : 2475221.00
  }, {
    "date" : "2025-02-06",
    "price" : 861.05,
    "dma50" : 802.86,
    "dma100" : null,
    "dma200" : 771.56,
    "volume" : 283700.00
  }, {
    "date" : "2025-02-07",
    "price" : 865.75,
    "dma50" : 805.32,
    "dma100" : null,
    "dma200" : 772.50,
    "volume" : 841950.00
  }, {
    "date" : "2025-02-10",
    "price" : 829.65,
    "dma50" : 806.28,
    "dma100" : null,
    "dma200" : 773.06,
    "volume" : 270641.00
  }, {
    "date" : "2025-02-11",
    "price" : 803.55,
    "dma50" : 806.17,
    "dma100" : null,
    "dma200" : 773.37,
    "volume" : 400560.00
  }, {
    "date" : "2025-02-12",
    "price" : 794.40,
    "dma50" : 805.71,
    "dma100" : null,
    "dma200" : 773.58,
    "volume" : 269473.00
  }, {
    "date" : "2025-02-13",
    "price" : 773.55,
    "dma50" : 804.45,
    "dma100" : null,
    "dma200" : 773.58,
    "volume" : 145956.00
  }, {
    "date" : "2025-02-14",
    "price" : 751.40,
    "dma50" : 802.37,
    "dma100" : null,
    "dma200" : 773.36,
    "volume" : 167284.00
  }, {
    "date" : "2025-02-17",
    "price" : 727.35,
    "dma50" : 799.43,
    "dma100" : null,
    "dma200" : 772.90,
    "volume" : 310541.00
  }, {
    "date" : "2025-02-18",
    "price" : 719.25,
    "dma50" : 796.28,
    "dma100" : null,
    "dma200" : 772.36,
    "volume" : 134721.00
  }, {
    "date" : "2025-02-19",
    "price" : 724.05,
    "dma50" : 793.45,
    "dma100" : null,
    "dma200" : 771.88,
    "volume" : 103529.00
  }, {
    "date" : "2025-02-20",
    "price" : 747.75,
    "dma50" : 791.66,
    "dma100" : null,
    "dma200" : 771.64,
    "volume" : 125000.00
  }, {
    "date" : "2025-02-21",
    "price" : 771.45,
    "dma50" : 790.86,
    "dma100" : null,
    "dma200" : 771.64,
    "volume" : 3869561.00
  }, {
    "date" : "2025-02-24",
    "price" : 765.25,
    "dma50" : 789.86,
    "dma100" : null,
    "dma200" : 771.58,
    "volume" : 3087286.00
  }, {
    "date" : "2025-02-25",
    "price" : 756.95,
    "dma50" : 788.57,
    "dma100" : null,
    "dma200" : 771.43,
    "volume" : 295436.00
  }, {
    "date" : "2025-02-27",
    "price" : 752.90,
    "dma50" : 787.17,
    "dma100" : null,
    "dma200" : 771.25,
    "volume" : 196473.00
  }, {
    "date" : "2025-02-28",
    "price" : 721.45,
    "dma50" : 784.59,
    "dma100" : null,
    "dma200" : 770.75,
    "volume" : 295674.00
  }, {
    "date" : "2025-03-03",
    "price" : 717.65,
    "dma50" : 781.97,
    "dma100" : null,
    "dma200" : 770.22,
    "volume" : 261879.00
  }, {
    "date" : "2025-03-04",
    "price" : 704.05,
    "dma50" : 778.91,
    "dma100" : null,
    "dma200" : 769.57,
    "volume" : 356061.00
  }, {
    "date" : "2025-03-05",
    "price" : 704.90,
    "dma50" : 776.01,
    "dma100" : null,
    "dma200" : 768.92,
    "volume" : 128088.00
  }, {
    "date" : "2025-03-06",
    "price" : 735.95,
    "dma50" : 774.44,
    "dma100" : null,
    "dma200" : 768.59,
    "volume" : 274376.00
  }, {
    "date" : "2025-03-07",
    "price" : 738.45,
    "dma50" : 773.03,
    "dma100" : null,
    "dma200" : 768.29,
    "volume" : 268899.00
  }, {
    "date" : "2025-03-10",
    "price" : 739.60,
    "dma50" : 771.72,
    "dma100" : null,
    "dma200" : 768.01,
    "volume" : 140246.00
  }, {
    "date" : "2025-03-11",
    "price" : 724.85,
    "dma50" : 769.88,
    "dma100" : null,
    "dma200" : 767.58,
    "volume" : 119240.00
  }, {
    "date" : "2025-03-12",
    "price" : 709.90,
    "dma50" : 767.53,
    "dma100" : null,
    "dma200" : 767.01,
    "volume" : 594808.00
  }, {
    "date" : "2025-03-13",
    "price" : 705.95,
    "dma50" : 765.11,
    "dma100" : null,
    "dma200" : 766.40,
    "volume" : 48875.00
  }, {
    "date" : "2025-03-17",
    "price" : 673.55,
    "dma50" : 761.52,
    "dma100" : null,
    "dma200" : 765.47,
    "volume" : 649208.00
  }, {
    "date" : "2025-03-18",
    "price" : 704.25,
    "dma50" : 759.28,
    "dma100" : null,
    "dma200" : 764.86,
    "volume" : 440736.00
  }, {
    "date" : "2025-03-19",
    "price" : 712.85,
    "dma50" : 757.45,
    "dma100" : null,
    "dma200" : 764.35,
    "volume" : 158763.00
  }, {
    "date" : "2025-03-20",
    "price" : 704.20,
    "dma50" : 755.37,
    "dma100" : null,
    "dma200" : 763.75,
    "volume" : 72755.00
  }, {
    "date" : "2025-03-21",
    "price" : 726.80,
    "dma50" : 754.25,
    "dma100" : null,
    "dma200" : 763.38,
    "volume" : 125020.00
  }, {
    "date" : "2025-03-24",
    "price" : 718.85,
    "dma50" : 752.86,
    "dma100" : null,
    "dma200" : 762.94,
    "volume" : 117397.00
  }, {
    "date" : "2025-03-25",
    "price" : 715.85,
    "dma50" : 751.41,
    "dma100" : null,
    "dma200" : 762.47,
    "volume" : 77095.00
  }, {
    "date" : "2025-03-26",
    "price" : 706.85,
    "dma50" : 749.66,
    "dma100" : null,
    "dma200" : 761.92,
    "volume" : 65728.00
  }, {
    "date" : "2025-03-27",
    "price" : 695.80,
    "dma50" : 747.55,
    "dma100" : null,
    "dma200" : 761.26,
    "volume" : 101357.00
  }, {
    "date" : "2025-03-28",
    "price" : 708.95,
    "dma50" : 746.03,
    "dma100" : null,
    "dma200" : 760.74,
    "volume" : 260147.00
  }, {
    "date" : "2025-04-01",
    "price" : 699.30,
    "dma50" : 744.20,
    "dma100" : null,
    "dma200" : 760.13,
    "volume" : 94071.00
  }, {
    "date" : "2025-04-02",
    "price" : 706.35,
    "dma50" : 742.72,
    "dma100" : null,
    "dma200" : 759.59,
    "volume" : 858591.00
  }, {
    "date" : "2025-04-03",
    "price" : 718.80,
    "dma50" : 741.78,
    "dma100" : null,
    "dma200" : 759.19,
    "volume" : 74614.00
  }, {
    "date" : "2025-04-04",
    "price" : 696.40,
    "dma50" : 740.00,
    "dma100" : null,
    "dma200" : 758.56,
    "volume" : 48319.00
  }, {
    "date" : "2025-04-07",
    "price" : 667.50,
    "dma50" : 737.16,
    "dma100" : null,
    "dma200" : 757.65,
    "volume" : 85151.00
  }, {
    "date" : "2025-04-08",
    "price" : 680.10,
    "dma50" : 734.92,
    "dma100" : null,
    "dma200" : 756.88,
    "volume" : 92451.00
  }, {
    "date" : "2025-04-09",
    "price" : 681.75,
    "dma50" : 732.83,
    "dma100" : null,
    "dma200" : 756.14,
    "volume" : 45429.00
  }, {
    "date" : "2025-04-11",
    "price" : 696.90,
    "dma50" : 731.42,
    "dma100" : null,
    "dma200" : 755.55,
    "volume" : 115740.00
  }, {
    "date" : "2025-04-15",
    "price" : 729.40,
    "dma50" : 731.34,
    "dma100" : null,
    "dma200" : 755.29,
    "volume" : 96970.00
  }, {
    "date" : "2025-04-16",
    "price" : 728.65,
    "dma50" : 731.24,
    "dma100" : null,
    "dma200" : 755.02,
    "volume" : 168700.00
  }, {
    "date" : "2025-04-17",
    "price" : 722.30,
    "dma50" : 730.89,
    "dma100" : null,
    "dma200" : 754.70,
    "volume" : 91882.00
  }, {
    "date" : "2025-04-21",
    "price" : 724.75,
    "dma50" : 730.65,
    "dma100" : null,
    "dma200" : 754.40,
    "volume" : 69545.00
  }, {
    "date" : "2025-04-22",
    "price" : 740.55,
    "dma50" : 731.04,
    "dma100" : null,
    "dma200" : 754.26,
    "volume" : 78686.00
  }, {
    "date" : "2025-04-23",
    "price" : 731.70,
    "dma50" : 731.06,
    "dma100" : null,
    "dma200" : 754.04,
    "volume" : 66526.00
  }, {
    "date" : "2025-04-24",
    "price" : 729.50,
    "dma50" : 731.00,
    "dma100" : null,
    "dma200" : 753.79,
    "volume" : 45083.00
  }, {
    "date" : "2025-04-25",
    "price" : 718.95,
    "dma50" : 730.53,
    "dma100" : null,
    "dma200" : 753.44,
    "volume" : 50241.00
  }, {
    "date" : "2025-04-28",
    "price" : 727.95,
    "dma50" : 730.43,
    "dma100" : null,
    "dma200" : 753.19,
    "volume" : 35813.00
  }, {
    "date" : "2025-04-29",
    "price" : 727.60,
    "dma50" : 730.32,
    "dma100" : null,
    "dma200" : 752.94,
    "volume" : 22471.00
  }, {
    "date" : "2025-04-30",
    "price" : 698.05,
    "dma50" : 729.05,
    "dma100" : null,
    "dma200" : 752.39,
    "volume" : 71188.00
  }, {
    "date" : "2025-05-02",
    "price" : 692.65,
    "dma50" : 727.62,
    "dma100" : null,
    "dma200" : 751.80,
    "volume" : 53507.00
  }, {
    "date" : "2025-05-05",
    "price" : 706.45,
    "dma50" : 726.79,
    "dma100" : null,
    "dma200" : 751.34,
    "volume" : 63329.00
  }, {
    "date" : "2025-05-06",
    "price" : 708.05,
    "dma50" : 726.06,
    "dma100" : null,
    "dma200" : 750.91,
    "volume" : 35368.00
  }, {
    "date" : "2025-05-07",
    "price" : 701.40,
    "dma50" : 725.09,
    "dma100" : null,
    "dma200" : 750.42,
    "volume" : 55877.00
  }, {
    "date" : "2025-05-08",
    "price" : 692.10,
    "dma50" : 723.80,
    "dma100" : null,
    "dma200" : 749.84,
    "volume" : 21551.00
  }, {
    "date" : "2025-05-09",
    "price" : 675.30,
    "dma50" : 721.90,
    "dma100" : null,
    "dma200" : 749.10,
    "volume" : 32143.00
  }, {
    "date" : "2025-05-12",
    "price" : 710.40,
    "dma50" : 721.44,
    "dma100" : null,
    "dma200" : 748.71,
    "volume" : 46102.00
  }, {
    "date" : "2025-05-13",
    "price" : 715.20,
    "dma50" : 721.20,
    "dma100" : null,
    "dma200" : 748.38,
    "volume" : 77887.00
  }, {
    "date" : "2025-05-14",
    "price" : 732.95,
    "dma50" : 721.66,
    "dma100" : null,
    "dma200" : 748.23,
    "volume" : 54479.00
  }, {
    "date" : "2025-05-15",
    "price" : 737.45,
    "dma50" : 722.28,
    "dma100" : null,
    "dma200" : 748.12,
    "volume" : 34361.00
  }, {
    "date" : "2025-05-16",
    "price" : 736.15,
    "dma50" : 722.82,
    "dma100" : null,
    "dma200" : 748.00,
    "volume" : 39151.00
  }, {
    "date" : "2025-05-19",
    "price" : 738.15,
    "dma50" : 723.42,
    "dma100" : null,
    "dma200" : 747.90,
    "volume" : 45437.00
  }, {
    "date" : "2025-05-20",
    "price" : 737.70,
    "dma50" : 723.98,
    "dma100" : null,
    "dma200" : 747.80,
    "volume" : 117757.00
  }, {
    "date" : "2025-05-21",
    "price" : 746.50,
    "dma50" : 724.87,
    "dma100" : null,
    "dma200" : 747.79,
    "volume" : 30882.00
  }, {
    "date" : "2025-05-22",
    "price" : 754.80,
    "dma50" : 726.04,
    "dma100" : null,
    "dma200" : 747.86,
    "volume" : 44622.00
  }, {
    "date" : "2025-05-23",
    "price" : 761.20,
    "dma50" : 727.42,
    "dma100" : null,
    "dma200" : 747.99,
    "volume" : 63648.00
  }, {
    "date" : "2025-05-26",
    "price" : 767.25,
    "dma50" : 728.98,
    "dma100" : null,
    "dma200" : 748.18,
    "volume" : 48817.00
  }, {
    "date" : "2025-05-27",
    "price" : 756.30,
    "dma50" : 730.05,
    "dma100" : null,
    "dma200" : 748.26,
    "volume" : 70258.00
  }, {
    "date" : "2025-05-28",
    "price" : 775.25,
    "dma50" : 731.83,
    "dma100" : null,
    "dma200" : 748.53,
    "volume" : 63250.00
  }, {
    "date" : "2025-05-29",
    "price" : 797.70,
    "dma50" : 734.41,
    "dma100" : 750.62,
    "dma200" : 749.02,
    "volume" : 458421.00
  }, {
    "date" : "2025-05-30",
    "price" : 777.90,
    "dma50" : 736.11,
    "dma100" : 749.86,
    "dma200" : 749.31,
    "volume" : 62427.00
  }, {
    "date" : "2025-06-02",
    "price" : 781.15,
    "dma50" : 737.88,
    "dma100" : 749.04,
    "dma200" : 749.62,
    "volume" : 51703.00
  }, {
    "date" : "2025-06-03",
    "price" : 782.95,
    "dma50" : 739.65,
    "dma100" : 748.77,
    "dma200" : 749.96,
    "volume" : 38641.00
  }, {
    "date" : "2025-06-04",
    "price" : 787.15,
    "dma50" : 741.51,
    "dma100" : 748.24,
    "dma200" : 750.33,
    "volume" : 69072.00
  }, {
    "date" : "2025-06-05",
    "price" : 784.75,
    "dma50" : 743.21,
    "dma100" : 747.86,
    "dma200" : 750.67,
    "volume" : 93909.00
  }, {
    "date" : "2025-06-06",
    "price" : 789.20,
    "dma50" : 745.01,
    "dma100" : 747.47,
    "dma200" : 751.05,
    "volume" : 38798.00
  }, {
    "date" : "2025-06-09",
    "price" : 773.85,
    "dma50" : 746.14,
    "dma100" : 747.30,
    "dma200" : 751.28,
    "volume" : 356034.00
  }, {
    "date" : "2025-06-10",
    "price" : 774.25,
    "dma50" : 747.24,
    "dma100" : 747.52,
    "dma200" : 751.51,
    "volume" : 50395.00
  }, {
    "date" : "2025-06-11",
    "price" : 771.95,
    "dma50" : 748.21,
    "dma100" : 747.62,
    "dma200" : 751.71,
    "volume" : 41172.00
  }, {
    "date" : "2025-06-12",
    "price" : 760.10,
    "dma50" : 748.68,
    "dma100" : 747.52,
    "dma200" : 751.79,
    "volume" : 29503.00
  }, {
    "date" : "2025-06-13",
    "price" : 775.60,
    "dma50" : 749.73,
    "dma100" : 747.49,
    "dma200" : 752.03,
    "volume" : 47534.00
  }, {
    "date" : "2025-06-16",
    "price" : 759.70,
    "dma50" : 750.13,
    "dma100" : 747.15,
    "dma200" : 752.11,
    "volume" : 61262.00
  }, {
    "date" : "2025-06-17",
    "price" : 751.80,
    "dma50" : 750.19,
    "dma100" : 746.74,
    "dma200" : 752.10,
    "volume" : 38433.00
  }, {
    "date" : "2025-06-18",
    "price" : 750.10,
    "dma50" : 750.19,
    "dma100" : 746.05,
    "dma200" : 752.08,
    "volume" : 14771.00
  }, {
    "date" : "2025-06-19",
    "price" : 746.55,
    "dma50" : 750.04,
    "dma100" : 745.41,
    "dma200" : 752.03,
    "volume" : 24693.00
  }, {
    "date" : "2025-06-20",
    "price" : 741.90,
    "dma50" : 749.73,
    "dma100" : 744.69,
    "dma200" : 751.93,
    "volume" : 41359.00
  }, {
    "date" : "2025-06-23",
    "price" : 735.20,
    "dma50" : 749.16,
    "dma100" : 744.05,
    "dma200" : 751.76,
    "volume" : 55550.00
  }, {
    "date" : "2025-06-24",
    "price" : 732.80,
    "dma50" : 748.51,
    "dma100" : 743.62,
    "dma200" : 751.57,
    "volume" : 40599.00
  }, {
    "date" : "2025-06-25",
    "price" : 737.20,
    "dma50" : 748.07,
    "dma100" : 743.23,
    "dma200" : 751.43,
    "volume" : 48759.00
  }, {
    "date" : "2025-06-26",
    "price" : 739.55,
    "dma50" : 747.74,
    "dma100" : 742.77,
    "dma200" : 751.31,
    "volume" : 26656.00
  }, {
    "date" : "2025-06-27",
    "price" : 777.70,
    "dma50" : 748.91,
    "dma100" : 742.67,
    "dma200" : 751.58,
    "volume" : 212298.00
  }, {
    "date" : "2025-06-30",
    "price" : 760.00,
    "dma50" : 749.35,
    "dma100" : 742.22,
    "dma200" : 751.66,
    "volume" : 80479.00
  }, {
    "date" : "2025-07-01",
    "price" : 750.15,
    "dma50" : 749.38,
    "dma100" : 741.71,
    "dma200" : 751.64,
    "volume" : 216203.00
  }, {
    "date" : "2025-07-02",
    "price" : 738.80,
    "dma50" : 748.96,
    "dma100" : 740.79,
    "dma200" : 751.52,
    "volume" : 37202.00
  }, {
    "date" : "2025-07-03",
    "price" : 735.60,
    "dma50" : 748.44,
    "dma100" : 739.69,
    "dma200" : 751.36,
    "volume" : 96646.00
  }, {
    "date" : "2025-07-04",
    "price" : 734.60,
    "dma50" : 747.90,
    "dma100" : 738.35,
    "dma200" : 751.19,
    "volume" : 22832.00
  }, {
    "date" : "2025-07-07",
    "price" : 736.55,
    "dma50" : 747.45,
    "dma100" : 737.10,
    "dma200" : 751.05,
    "volume" : 37346.00
  }, {
    "date" : "2025-07-08",
    "price" : 740.80,
    "dma50" : 747.19,
    "dma100" : 735.86,
    "dma200" : 750.94,
    "volume" : 32503.00
  }, {
    "date" : "2025-07-09",
    "price" : 740.10,
    "dma50" : 746.91,
    "dma100" : 734.96,
    "dma200" : 750.84,
    "volume" : 24778.00
  }, {
    "date" : "2025-07-10",
    "price" : 734.70,
    "dma50" : 746.43,
    "dma100" : 734.27,
    "dma200" : 750.67,
    "volume" : 223144.00
  }, {
    "date" : "2025-07-11",
    "price" : 730.70,
    "dma50" : 745.82,
    "dma100" : 733.63,
    "dma200" : 750.48,
    "volume" : 26258.00
  }, {
    "date" : "2025-07-14",
    "price" : 734.25,
    "dma50" : 745.36,
    "dma100" : 733.24,
    "dma200" : 750.31,
    "volume" : 73116.00
  }, {
    "date" : "2025-07-15",
    "price" : 731.20,
    "dma50" : 744.81,
    "dma100" : 733.04,
    "dma200" : 750.12,
    "volume" : 108437.00
  }, {
    "date" : "2025-07-16",
    "price" : 724.45,
    "dma50" : 744.01,
    "dma100" : 733.01,
    "dma200" : 749.87,
    "volume" : 67062.00
  }, {
    "date" : "2025-07-17",
    "price" : 727.55,
    "dma50" : 743.36,
    "dma100" : 733.09,
    "dma200" : 749.65,
    "volume" : 43590.00
  }, {
    "date" : "2025-07-18",
    "price" : 720.35,
    "dma50" : 742.46,
    "dma100" : 733.06,
    "dma200" : 749.36,
    "volume" : 43572.00
  }, {
    "date" : "2025-07-21",
    "price" : 729.75,
    "dma50" : 741.96,
    "dma100" : 732.88,
    "dma200" : 749.16,
    "volume" : 84033.00
  }, {
    "date" : "2025-07-22",
    "price" : 729.60,
    "dma50" : 741.48,
    "dma100" : 732.46,
    "dma200" : 748.97,
    "volume" : 43470.00
  }, {
    "date" : "2025-07-23",
    "price" : 728.35,
    "dma50" : 740.96,
    "dma100" : 732.09,
    "dma200" : 748.76,
    "volume" : 21601.00
  }, {
    "date" : "2025-07-24",
    "price" : 744.55,
    "dma50" : 741.10,
    "dma100" : 731.96,
    "dma200" : 748.72,
    "volume" : 210010.00
  }, {
    "date" : "2025-07-25",
    "price" : 743.05,
    "dma50" : 741.18,
    "dma100" : 731.87,
    "dma200" : 748.66,
    "volume" : 38111.00
  }, {
    "date" : "2025-07-28",
    "price" : 735.70,
    "dma50" : 740.97,
    "dma100" : 732.01,
    "dma200" : 748.53,
    "volume" : 44589.00
  }, {
    "date" : "2025-07-29",
    "price" : 731.55,
    "dma50" : 740.60,
    "dma100" : 732.15,
    "dma200" : 748.36,
    "volume" : 46019.00
  }, {
    "date" : "2025-07-30",
    "price" : 733.30,
    "dma50" : 740.31,
    "dma100" : 732.44,
    "dma200" : 748.21,
    "volume" : 48413.00
  }, {
    "date" : "2025-07-31",
    "price" : 731.50,
    "dma50" : 739.96,
    "dma100" : 732.71,
    "dma200" : 748.05,
    "volume" : 83117.00
  }, {
    "date" : "2025-08-01",
    "price" : 739.80,
    "dma50" : 739.96,
    "dma100" : 732.74,
    "dma200" : 747.97,
    "volume" : 32214.00
  }, {
    "date" : "2025-08-04",
    "price" : 753.60,
    "dma50" : 740.49,
    "dma100" : 732.90,
    "dma200" : 748.02,
    "volume" : 59502.00
  }, {
    "date" : "2025-08-05",
    "price" : 749.65,
    "dma50" : 740.85,
    "dma100" : 733.00,
    "dma200" : 748.04,
    "volume" : 55320.00
  }, {
    "date" : "2025-08-06",
    "price" : 749.20,
    "dma50" : 741.18,
    "dma100" : 733.24,
    "dma200" : 748.05,
    "volume" : 42752.00
  }, {
    "date" : "2025-08-07",
    "price" : 738.25,
    "dma50" : 741.06,
    "dma100" : 733.52,
    "dma200" : 747.95,
    "volume" : 592283.00
  }, {
    "date" : "2025-08-08",
    "price" : 738.40,
    "dma50" : 740.96,
    "dma100" : 733.85,
    "dma200" : 747.86,
    "volume" : 72098.00
  }, {
    "date" : "2025-08-11",
    "price" : 736.10,
    "dma50" : 740.77,
    "dma100" : 734.47,
    "dma200" : 747.74,
    "volume" : 169746.00
  }, {
    "date" : "2025-08-12",
    "price" : 723.65,
    "dma50" : 740.10,
    "dma100" : 734.67,
    "dma200" : 747.50,
    "volume" : 47128.00
  }, {
    "date" : "2025-08-13",
    "price" : 726.45,
    "dma50" : 739.56,
    "dma100" : 734.80,
    "dma200" : 747.29,
    "volume" : 27568.00
  }, {
    "date" : "2025-08-14",
    "price" : 728.45,
    "dma50" : 739.13,
    "dma100" : 735.05,
    "dma200" : 747.10,
    "volume" : 24157.00
  }, {
    "date" : "2025-08-18",
    "price" : 760.50,
    "dma50" : 739.97,
    "dma100" : 735.38,
    "dma200" : 747.24,
    "volume" : 168254.00
  }, {
    "date" : "2025-08-19",
    "price" : 758.00,
    "dma50" : 740.67,
    "dma100" : 735.77,
    "dma200" : 747.34,
    "volume" : 45192.00
  }, {
    "date" : "2025-08-20",
    "price" : 739.20,
    "dma50" : 740.61,
    "dma100" : 736.01,
    "dma200" : 747.26,
    "volume" : 119537.00
  }, {
    "date" : "2025-08-21",
    "price" : 740.60,
    "dma50" : 740.61,
    "dma100" : 736.35,
    "dma200" : 747.20,
    "volume" : 36860.00
  }, {
    "date" : "2025-08-22",
    "price" : 737.60,
    "dma50" : 740.50,
    "dma100" : 736.76,
    "dma200" : 747.10,
    "volume" : 39838.00
  }, {
    "date" : "2025-08-25",
    "price" : 737.35,
    "dma50" : 740.37,
    "dma100" : 737.05,
    "dma200" : 747.00,
    "volume" : 33679.00
  }, {
    "date" : "2025-08-26",
    "price" : 739.60,
    "dma50" : 740.34,
    "dma100" : 737.45,
    "dma200" : 746.93,
    "volume" : 56059.00
  }, {
    "date" : "2025-08-28",
    "price" : 730.95,
    "dma50" : 739.97,
    "dma100" : 737.70,
    "dma200" : 746.77,
    "volume" : 27012.00
  }, {
    "date" : "2025-08-29",
    "price" : 746.40,
    "dma50" : 740.23,
    "dma100" : 737.97,
    "dma200" : 746.77,
    "volume" : 87982.00
  }, {
    "date" : "2025-09-01",
    "price" : 765.15,
    "dma50" : 741.20,
    "dma100" : 738.66,
    "dma200" : 746.95,
    "volume" : 107647.00
  }, {
    "date" : "2025-09-02",
    "price" : 774.25,
    "dma50" : 742.50,
    "dma100" : 739.73,
    "dma200" : 747.22,
    "volume" : 194783.00
  }, {
    "date" : "2025-09-03",
    "price" : 779.90,
    "dma50" : 743.97,
    "dma100" : 740.73,
    "dma200" : 747.55,
    "volume" : 49318.00
  }, {
    "date" : "2025-09-04",
    "price" : 788.20,
    "dma50" : 745.70,
    "dma100" : 741.79,
    "dma200" : 747.95,
    "volume" : 233028.00
  }, {
    "date" : "2025-09-05",
    "price" : 803.80,
    "dma50" : 747.98,
    "dma100" : 742.86,
    "dma200" : 748.51,
    "volume" : 120138.00
  }, {
    "date" : "2025-09-08",
    "price" : 795.75,
    "dma50" : 749.85,
    "dma100" : 743.52,
    "dma200" : 748.98,
    "volume" : 122027.00
  }, {
    "date" : "2025-09-09",
    "price" : 788.20,
    "dma50" : 751.36,
    "dma100" : 744.12,
    "dma200" : 749.37,
    "volume" : 143727.00
  }, {
    "date" : "2025-09-10",
    "price" : 790.15,
    "dma50" : 752.88,
    "dma100" : 744.80,
    "dma200" : 749.77,
    "volume" : 82928.00
  }, {
    "date" : "2025-09-11",
    "price" : 809.00,
    "dma50" : 755.08,
    "dma100" : 745.64,
    "dma200" : 750.36,
    "volume" : 222730.00
  }, {
    "date" : "2025-09-12",
    "price" : 815.35,
    "dma50" : 757.44,
    "dma100" : 746.39,
    "dma200" : 751.01,
    "volume" : 180552.00
  }, {
    "date" : "2025-09-15",
    "price" : 810.20,
    "dma50" : 759.51,
    "dma100" : 747.17,
    "dma200" : 751.60,
    "volume" : 153560.00
  }, {
    "date" : "2025-09-16",
    "price" : 811.90,
    "dma50" : 761.57,
    "dma100" : 748.00,
    "dma200" : 752.20,
    "volume" : 56010.00
  }, {
    "date" : "2025-09-17",
    "price" : 810.55,
    "dma50" : 763.49,
    "dma100" : 748.91,
    "dma200" : 752.78,
    "volume" : 34969.00
  }, {
    "date" : "2025-09-18",
    "price" : 805.45,
    "dma50" : 765.13,
    "dma100" : 749.69,
    "dma200" : 753.30,
    "volume" : 23413.00
  }, {
    "date" : "2025-09-19",
    "price" : 815.10,
    "dma50" : 767.09,
    "dma100" : 750.56,
    "dma200" : 753.92,
    "volume" : 102927.00
  }, {
    "date" : "2025-09-22",
    "price" : 808.65,
    "dma50" : 768.72,
    "dma100" : 751.67,
    "dma200" : 754.46,
    "volume" : 58358.00
  }, {
    "date" : "2025-09-23",
    "price" : 810.20,
    "dma50" : 770.35,
    "dma100" : 752.84,
    "dma200" : 755.02,
    "volume" : 46416.00
  }, {
    "date" : "2025-09-24",
    "price" : 810.90,
    "dma50" : 771.94,
    "dma100" : 753.89,
    "dma200" : 755.57,
    "volume" : 33325.00
  }, {
    "date" : "2025-09-25",
    "price" : 809.35,
    "dma50" : 773.41,
    "dma100" : 754.90,
    "dma200" : 756.11,
    "volume" : 31905.00
  }, {
    "date" : "2025-09-26",
    "price" : 798.85,
    "dma50" : 774.40,
    "dma100" : 755.88,
    "dma200" : 756.53,
    "volume" : 39415.00
  }, {
    "date" : "2025-09-29",
    "price" : 786.75,
    "dma50" : 774.89,
    "dma100" : 756.82,
    "dma200" : 756.83,
    "volume" : 202849.00
  }, {
    "date" : "2025-09-30",
    "price" : 813.10,
    "dma50" : 776.39,
    "dma100" : 758.20,
    "dma200" : 757.39,
    "volume" : 296416.00
  }, {
    "date" : "2025-10-01",
    "price" : 801.60,
    "dma50" : 777.37,
    "dma100" : 759.11,
    "dma200" : 757.83,
    "volume" : 80184.00
  }, {
    "date" : "2025-10-03",
    "price" : 807.95,
    "dma50" : 778.57,
    "dma100" : 760.04,
    "dma200" : 758.33,
    "volume" : 89270.00
  }, {
    "date" : "2025-10-06",
    "price" : 816.25,
    "dma50" : 780.05,
    "dma100" : 760.87,
    "dma200" : 758.91,
    "volume" : 117822.00
  }, {
    "date" : "2025-10-07",
    "price" : 817.10,
    "dma50" : 781.50,
    "dma100" : 761.67,
    "dma200" : 759.49,
    "volume" : 46198.00
  }, {
    "date" : "2025-10-08",
    "price" : 820.10,
    "dma50" : 783.02,
    "dma100" : 762.51,
    "dma200" : 760.09,
    "volume" : 619973.00
  }, {
    "date" : "2025-10-09",
    "price" : 786.80,
    "dma50" : 783.17,
    "dma100" : 763.00,
    "dma200" : 760.36,
    "volume" : 192974.00
  }, {
    "date" : "2025-10-10",
    "price" : 770.10,
    "dma50" : 782.65,
    "dma100" : 763.32,
    "dma200" : 760.45,
    "volume" : 120333.00
  }, {
    "date" : "2025-10-13",
    "price" : 746.40,
    "dma50" : 781.23,
    "dma100" : 763.32,
    "dma200" : 760.31,
    "volume" : 136721.00
  }, {
    "date" : "2025-10-14",
    "price" : 727.15,
    "dma50" : 779.11,
    "dma100" : 763.04,
    "dma200" : 759.98,
    "volume" : 343844.00
  }, {
    "date" : "2025-10-15",
    "price" : 741.75,
    "dma50" : 777.65,
    "dma100" : 762.85,
    "dma200" : 759.80,
    "volume" : 159458.00
  }, {
    "date" : "2025-10-16",
    "price" : 758.30,
    "dma50" : 776.89,
    "dma100" : 762.76,
    "dma200" : 759.79,
    "volume" : 125348.00
  }, {
    "date" : "2025-10-17",
    "price" : 751.40,
    "dma50" : 775.89,
    "dma100" : 762.71,
    "dma200" : 759.70,
    "volume" : 44067.00
  }, {
    "date" : "2025-10-20",
    "price" : 755.30,
    "dma50" : 775.08,
    "dma100" : 762.51,
    "dma200" : 759.66,
    "volume" : 41681.00
  }, {
    "date" : "2025-10-21",
    "price" : 747.25,
    "dma50" : 773.99,
    "dma100" : 762.00,
    "dma200" : 759.54,
    "volume" : 20853.00
  }, {
    "date" : "2025-10-23",
    "price" : 740.10,
    "dma50" : 772.66,
    "dma100" : 761.63,
    "dma200" : 759.34,
    "volume" : 63106.00
  }, {
    "date" : "2025-10-24",
    "price" : 741.75,
    "dma50" : 771.45,
    "dma100" : 761.23,
    "dma200" : 759.17,
    "volume" : 36809.00
  }, {
    "date" : "2025-10-27",
    "price" : 744.10,
    "dma50" : 770.38,
    "dma100" : 760.84,
    "dma200" : 759.02,
    "volume" : 26315.00
  }, {
    "date" : "2025-10-28",
    "price" : 749.40,
    "dma50" : 769.55,
    "dma100" : 760.47,
    "dma200" : 758.92,
    "volume" : 32165.00
  }, {
    "date" : "2025-10-29",
    "price" : 753.25,
    "dma50" : 768.91,
    "dma100" : 760.15,
    "dma200" : 758.87,
    "volume" : 128139.00
  }, {
    "date" : "2025-10-30",
    "price" : 755.90,
    "dma50" : 768.40,
    "dma100" : 759.82,
    "dma200" : 758.84,
    "volume" : 121580.00
  }, {
    "date" : "2025-10-31",
    "price" : 754.45,
    "dma50" : 767.86,
    "dma100" : 759.62,
    "dma200" : 758.79,
    "volume" : 60939.00
  }, {
    "date" : "2025-11-03",
    "price" : 754.65,
    "dma50" : 767.34,
    "dma100" : 759.43,
    "dma200" : 758.75,
    "volume" : 32768.00
  }, {
    "date" : "2025-11-04",
    "price" : 757.95,
    "dma50" : 766.97,
    "dma100" : 759.29,
    "dma200" : 758.74,
    "volume" : 45411.00
  }, {
    "date" : "2025-11-06",
    "price" : 756.60,
    "dma50" : 766.56,
    "dma100" : 759.25,
    "dma200" : 758.72,
    "volume" : 36683.00
  }, {
    "date" : "2025-11-07",
    "price" : 748.35,
    "dma50" : 765.85,
    "dma100" : 758.98,
    "dma200" : 758.62,
    "volume" : 26590.00
  }, {
    "date" : "2025-11-10",
    "price" : 749.85,
    "dma50" : 765.22,
    "dma100" : 758.88,
    "dma200" : 758.53,
    "volume" : 24496.00
  }, {
    "date" : "2025-11-11",
    "price" : 743.75,
    "dma50" : 764.38,
    "dma100" : 758.80,
    "dma200" : 758.39,
    "volume" : 20712.00
  }, {
    "date" : "2025-11-12",
    "price" : 763.75,
    "dma50" : 764.35,
    "dma100" : 758.94,
    "dma200" : 758.44,
    "volume" : 514574.00
  }, {
    "date" : "2025-11-13",
    "price" : 799.45,
    "dma50" : 765.73,
    "dma100" : 759.47,
    "dma200" : 758.85,
    "volume" : 770818.00
  }, {
    "date" : "2025-11-14",
    "price" : 792.40,
    "dma50" : 766.78,
    "dma100" : 759.97,
    "dma200" : 759.18,
    "volume" : 75879.00
  }, {
    "date" : "2025-11-17",
    "price" : 786.65,
    "dma50" : 767.56,
    "dma100" : 760.49,
    "dma200" : 759.45,
    "volume" : 43505.00
  }, {
    "date" : "2025-11-18",
    "price" : 780.85,
    "dma50" : 768.08,
    "dma100" : 760.97,
    "dma200" : 759.67,
    "volume" : 42413.00
  }, {
    "date" : "2025-11-19",
    "price" : 778.00,
    "dma50" : 768.47,
    "dma100" : 761.38,
    "dma200" : 759.85,
    "volume" : 27090.00
  }, {
    "date" : "2025-11-20",
    "price" : 770.55,
    "dma50" : 768.55,
    "dma100" : 761.69,
    "dma200" : 759.96,
    "volume" : 47823.00
  }, {
    "date" : "2025-11-21",
    "price" : 750.55,
    "dma50" : 767.84,
    "dma100" : 761.41,
    "dma200" : 759.86,
    "volume" : 44788.00
  }, {
    "date" : "2025-11-24",
    "price" : 752.85,
    "dma50" : 767.25,
    "dma100" : 761.34,
    "dma200" : 759.79,
    "volume" : 65435.00
  }, {
    "date" : "2025-11-25",
    "price" : 789.95,
    "dma50" : 768.14,
    "dma100" : 761.74,
    "dma200" : 760.09,
    "volume" : 231831.00
  }, {
    "date" : "2025-11-26",
    "price" : 815.90,
    "dma50" : 770.02,
    "dma100" : 762.51,
    "dma200" : 760.65,
    "volume" : 349670.00
  }, {
    "date" : "2025-11-27",
    "price" : 810.80,
    "dma50" : 771.62,
    "dma100" : 763.26,
    "dma200" : 761.15,
    "volume" : 919335.00
  }, {
    "date" : "2025-11-28",
    "price" : 800.80,
    "dma50" : 772.76,
    "dma100" : 763.93,
    "dma200" : 761.54,
    "volume" : 57763.00
  }, {
    "date" : "2025-12-01",
    "price" : 813.80,
    "dma50" : 774.37,
    "dma100" : 764.70,
    "dma200" : 762.06,
    "volume" : 110069.00
  }, {
    "date" : "2025-12-02",
    "price" : 817.90,
    "dma50" : 776.08,
    "dma100" : 765.47,
    "dma200" : 762.62,
    "volume" : 70243.00
  }, {
    "date" : "2025-12-03",
    "price" : 811.80,
    "dma50" : 777.48,
    "dma100" : 766.19,
    "dma200" : 763.11,
    "volume" : 46321.00
  }, {
    "date" : "2025-12-04",
    "price" : 798.95,
    "dma50" : 778.32,
    "dma100" : 766.83,
    "dma200" : 763.46,
    "volume" : 38467.00
  }, {
    "date" : "2025-12-05",
    "price" : 801.50,
    "dma50" : 779.23,
    "dma100" : 767.54,
    "dma200" : 763.84,
    "volume" : 33121.00
  }, {
    "date" : "2025-12-08",
    "price" : 788.75,
    "dma50" : 779.60,
    "dma100" : 768.08,
    "dma200" : 764.09,
    "volume" : 109252.00
  }, {
    "date" : "2025-12-09",
    "price" : 797.85,
    "dma50" : 780.32,
    "dma100" : 768.75,
    "dma200" : 764.43,
    "volume" : 52554.00
  }, {
    "date" : "2025-12-10",
    "price" : 828.90,
    "dma50" : 782.22,
    "dma100" : 769.79,
    "dma200" : 765.07,
    "volume" : 233681.00
  }, {
    "date" : "2025-12-11",
    "price" : 839.90,
    "dma50" : 784.49,
    "dma100" : 770.92,
    "dma200" : 765.81,
    "volume" : 381841.00
  }, {
    "date" : "2025-12-12",
    "price" : 844.00,
    "dma50" : 786.82,
    "dma100" : 772.15,
    "dma200" : 766.59,
    "volume" : 174283.00
  }, {
    "date" : "2025-12-15",
    "price" : 839.65,
    "dma50" : 788.89,
    "dma100" : 773.25,
    "dma200" : 767.32,
    "volume" : 37681.00
  }, {
    "date" : "2025-12-16",
    "price" : 829.90,
    "dma50" : 790.50,
    "dma100" : 774.25,
    "dma200" : 767.94,
    "volume" : 45845.00
  }, {
    "date" : "2025-12-17",
    "price" : 840.95,
    "dma50" : 792.48,
    "dma100" : 775.38,
    "dma200" : 768.67,
    "volume" : 48989.00
  }, {
    "date" : "2025-12-18",
    "price" : 818.00,
    "dma50" : 793.48,
    "dma100" : 776.12,
    "dma200" : 769.16,
    "volume" : 51349.00
  }, {
    "date" : "2025-12-19",
    "price" : 822.90,
    "dma50" : 794.63,
    "dma100" : 776.91,
    "dma200" : 769.69,
    "volume" : 81463.00
  }, {
    "date" : "2025-12-22",
    "price" : 827.75,
    "dma50" : 795.93,
    "dma100" : 777.83,
    "dma200" : 770.27,
    "volume" : 36678.00
  }, {
    "date" : "2025-12-23",
    "price" : 831.65,
    "dma50" : 797.33,
    "dma100" : 778.84,
    "dma200" : 770.88,
    "volume" : 166894.00
  }, {
    "date" : "2025-12-24",
    "price" : 829.00,
    "dma50" : 798.57,
    "dma100" : 779.79,
    "dma200" : 771.46,
    "volume" : 32250.00
  }, {
    "date" : "2025-12-26",
    "price" : 826.90,
    "dma50" : 799.68,
    "dma100" : 780.75,
    "dma200" : 772.01,
    "volume" : 26303.00
  }, {
    "date" : "2025-12-29",
    "price" : 829.95,
    "dma50" : 800.87,
    "dma100" : 781.65,
    "dma200" : 772.59,
    "volume" : 57911.00
  }, {
    "date" : "2025-12-30",
    "price" : 812.00,
    "dma50" : 801.31,
    "dma100" : 782.23,
    "dma200" : 772.98,
    "volume" : 169574.00
  }, {
    "date" : "2025-12-31",
    "price" : 828.80,
    "dma50" : 802.39,
    "dma100" : 783.02,
    "dma200" : 773.53,
    "volume" : 53437.00
  } ],
  "latestTechnicalAttributes" : {
    "date" : "2025-12-31",
    "price" : 828.80,
    "dma50" : 802.39,
    "dma100" : 783.02,
    "dma200" : 773.53,
    "volume" : 53437.00
  },
  "quarterlyResults" : [ {
    "date" : "2005-03-31",
    "sales" : 45.67,
    "salesGrowthYoY" : null,
    "grossProfitMargin" : 37.97,
    "grossProfit" : 17.34,
    "operatingProfitMargin" : 3.63,
    "operatingProfit" : 1.66,
    "netProfitMargin" : 4.20,
    "netProfit" : 1.92
  }, {
    "date" : "2005-06-30",
    "sales" : 43.46,
    "salesGrowthYoY" : null,
    "grossProfitMargin" : 33.48,
    "grossProfit" : 14.55,
    "operatingProfitMargin" : 5.89,
    "operatingProfit" : 2.56,
    "netProfitMargin" : 2.99,
    "netProfit" : 1.30
  }, {
    "date" : "2005-09-30",
    "sales" : 67.02,
    "salesGrowthYoY" : null,
    "grossProfitMargin" : 35.69,
    "grossProfit" : 23.92,
    "operatingProfitMargin" : 5.51,
    "operatingProfit" : 3.69,
    "netProfitMargin" : 4.31,
    "netProfit" : 2.89
  }, {
    "date" : "2005-12-31",
    "sales" : 77.33,
    "salesGrowthYoY" : null,
    "grossProfitMargin" : 35.89,
    "grossProfit" : 27.75,
    "operatingProfitMargin" : 7.68,
    "operatingProfit" : 5.94,
    "netProfitMargin" : 3.39,
    "netProfit" : 2.62
  }, {
    "date" : "2006-03-31",
    "sales" : 79.34,
    "salesGrowthYoY" : 73.72,
    "grossProfitMargin" : 37.84,
    "grossProfit" : 30.02,
    "operatingProfitMargin" : 10.71,
    "operatingProfit" : 8.50,
    "netProfitMargin" : 4.51,
    "netProfit" : 3.58
  }, {
    "date" : "2006-06-30",
    "sales" : 91.09,
    "salesGrowthYoY" : 109.60,
    "grossProfitMargin" : 35.24,
    "grossProfit" : 32.10,
    "operatingProfitMargin" : 7.47,
    "operatingProfit" : 6.80,
    "netProfitMargin" : 2.80,
    "netProfit" : 2.55
  }, {
    "date" : "2006-09-30",
    "sales" : 107.50,
    "salesGrowthYoY" : 60.40,
    "grossProfitMargin" : 38.37,
    "grossProfit" : 41.25,
    "operatingProfitMargin" : 10.97,
    "operatingProfit" : 11.79,
    "netProfitMargin" : 7.92,
    "netProfit" : 8.51
  }, {
    "date" : "2006-12-31",
    "sales" : 108.58,
    "salesGrowthYoY" : 40.41,
    "grossProfitMargin" : 45.26,
    "grossProfit" : 49.14,
    "operatingProfitMargin" : 12.30,
    "operatingProfit" : 13.36,
    "netProfitMargin" : 6.78,
    "netProfit" : 7.36
  }, {
    "date" : "2007-03-31",
    "sales" : 117.73,
    "salesGrowthYoY" : 48.39,
    "grossProfitMargin" : 41.97,
    "grossProfit" : 49.41,
    "operatingProfitMargin" : 5.94,
    "operatingProfit" : 6.99,
    "netProfitMargin" : 4.43,
    "netProfit" : 5.22
  }, {
    "date" : "2007-06-30",
    "sales" : 131.88,
    "salesGrowthYoY" : 44.78,
    "grossProfitMargin" : 49.74,
    "grossProfit" : 65.60,
    "operatingProfitMargin" : 14.11,
    "operatingProfit" : 18.61,
    "netProfitMargin" : 7.76,
    "netProfit" : 10.23
  }, {
    "date" : "2007-09-30",
    "sales" : 150.08,
    "salesGrowthYoY" : 39.61,
    "grossProfitMargin" : 36.00,
    "grossProfit" : 54.03,
    "operatingProfitMargin" : 14.78,
    "operatingProfit" : 22.18,
    "netProfitMargin" : 9.63,
    "netProfit" : 14.45
  }, {
    "date" : "2007-12-31",
    "sales" : 139.86,
    "salesGrowthYoY" : 28.81,
    "grossProfitMargin" : 47.18,
    "grossProfit" : 65.99,
    "operatingProfitMargin" : 10.30,
    "operatingProfit" : 14.41,
    "netProfitMargin" : 8.02,
    "netProfit" : 11.22
  }, {
    "date" : "2008-03-31",
    "sales" : 165.87,
    "salesGrowthYoY" : 40.89,
    "grossProfitMargin" : 47.30,
    "grossProfit" : 78.46,
    "operatingProfitMargin" : 11.40,
    "operatingProfit" : 18.91,
    "netProfitMargin" : 4.53,
    "netProfit" : 7.51
  }, {
    "date" : "2008-06-30",
    "sales" : 180.38,
    "salesGrowthYoY" : 36.78,
    "grossProfitMargin" : 40.37,
    "grossProfit" : 72.82,
    "operatingProfitMargin" : 11.25,
    "operatingProfit" : 20.29,
    "netProfitMargin" : 12.35,
    "netProfit" : 22.28
  }, {
    "date" : "2008-09-30",
    "sales" : 204.08,
    "salesGrowthYoY" : 35.98,
    "grossProfitMargin" : 41.77,
    "grossProfit" : 85.24,
    "operatingProfitMargin" : 12.65,
    "operatingProfit" : 25.82,
    "netProfitMargin" : 8.66,
    "netProfit" : 17.67
  }, {
    "date" : "2008-12-31",
    "sales" : 157.16,
    "salesGrowthYoY" : 12.37,
    "grossProfitMargin" : 43.85,
    "grossProfit" : 68.91,
    "operatingProfitMargin" : 4.14,
    "operatingProfit" : 6.51,
    "netProfitMargin" : -3.07,
    "netProfit" : -4.82
  }, {
    "date" : "2009-03-31",
    "sales" : 185.68,
    "salesGrowthYoY" : 11.94,
    "grossProfitMargin" : 49.53,
    "grossProfit" : 91.97,
    "operatingProfitMargin" : -1.30,
    "operatingProfit" : -2.41,
    "netProfitMargin" : 1.72,
    "netProfit" : 3.19
  }, {
    "date" : "2009-06-30",
    "sales" : 174.93,
    "salesGrowthYoY" : -3.02,
    "grossProfitMargin" : 46.55,
    "grossProfit" : 81.43,
    "operatingProfitMargin" : 14.82,
    "operatingProfit" : 25.92,
    "netProfitMargin" : 10.65,
    "netProfit" : 18.63
  }, {
    "date" : "2009-09-30",
    "sales" : 184.21,
    "salesGrowthYoY" : -9.74,
    "grossProfitMargin" : 51.12,
    "grossProfit" : 94.17,
    "operatingProfitMargin" : 10.44,
    "operatingProfit" : 19.23,
    "netProfitMargin" : 13.25,
    "netProfit" : 24.41
  }, {
    "date" : "2009-12-31",
    "sales" : 206.93,
    "salesGrowthYoY" : 31.67,
    "grossProfitMargin" : 49.17,
    "grossProfit" : 101.75,
    "operatingProfitMargin" : 14.33,
    "operatingProfit" : 29.65,
    "netProfitMargin" : 9.07,
    "netProfit" : 18.77
  }, {
    "date" : "2010-03-31",
    "sales" : 224.55,
    "salesGrowthYoY" : 20.93,
    "grossProfitMargin" : 47.56,
    "grossProfit" : 106.80,
    "operatingProfitMargin" : 11.59,
    "operatingProfit" : 26.03,
    "netProfitMargin" : 7.96,
    "netProfit" : 17.87
  }, {
    "date" : "2010-06-30",
    "sales" : 219.98,
    "salesGrowthYoY" : 25.75,
    "grossProfitMargin" : 48.68,
    "grossProfit" : 107.09,
    "operatingProfitMargin" : 12.12,
    "operatingProfit" : 26.66,
    "netProfitMargin" : 7.76,
    "netProfit" : 17.07
  }, {
    "date" : "2010-09-30",
    "sales" : 244.15,
    "salesGrowthYoY" : 32.54,
    "grossProfitMargin" : 43.42,
    "grossProfit" : 106.01,
    "operatingProfitMargin" : 11.80,
    "operatingProfit" : 28.81,
    "netProfitMargin" : 8.98,
    "netProfit" : 21.92
  }, {
    "date" : "2010-12-31",
    "sales" : 249.87,
    "salesGrowthYoY" : 20.75,
    "grossProfitMargin" : 46.46,
    "grossProfit" : 116.09,
    "operatingProfitMargin" : 10.37,
    "operatingProfit" : 25.91,
    "netProfitMargin" : 8.48,
    "netProfit" : 21.19
  }, {
    "date" : "2011-03-31",
    "sales" : 233.00,
    "salesGrowthYoY" : 3.76,
    "grossProfitMargin" : 37.09,
    "grossProfit" : 86.42,
    "operatingProfitMargin" : 5.78,
    "operatingProfit" : 13.47,
    "netProfitMargin" : 6.14,
    "netProfit" : 14.31
  }, {
    "date" : "2011-06-30",
    "sales" : 257.58,
    "salesGrowthYoY" : 17.09,
    "grossProfitMargin" : 39.34,
    "grossProfit" : 101.33,
    "operatingProfitMargin" : 13.81,
    "operatingProfit" : 35.57,
    "netProfitMargin" : 8.98,
    "netProfit" : 23.13
  }, {
    "date" : "2011-09-30",
    "sales" : 287.64,
    "salesGrowthYoY" : 17.81,
    "grossProfitMargin" : 40.11,
    "grossProfit" : 115.37,
    "operatingProfitMargin" : 15.33,
    "operatingProfit" : 44.10,
    "netProfitMargin" : 9.67,
    "netProfit" : 27.81
  }, {
    "date" : "2011-12-31",
    "sales" : 282.12,
    "salesGrowthYoY" : 12.91,
    "grossProfitMargin" : 38.29,
    "grossProfit" : 108.02,
    "operatingProfitMargin" : 10.48,
    "operatingProfit" : 29.57,
    "netProfitMargin" : 5.48,
    "netProfit" : 15.46
  }, {
    "date" : "2012-03-31",
    "sales" : 291.00,
    "salesGrowthYoY" : 24.89,
    "grossProfitMargin" : 39.15,
    "grossProfit" : 113.93,
    "operatingProfitMargin" : 12.81,
    "operatingProfit" : 37.28,
    "netProfitMargin" : 6.53,
    "netProfit" : 19.00
  }, {
    "date" : "2012-06-30",
    "sales" : 274.30,
    "salesGrowthYoY" : 6.49,
    "grossProfitMargin" : 38.25,
    "grossProfit" : 104.92,
    "operatingProfitMargin" : 13.09,
    "operatingProfit" : 35.91,
    "netProfitMargin" : -1.15,
    "netProfit" : -3.15
  }, {
    "date" : "2012-09-30",
    "sales" : 278.50,
    "salesGrowthYoY" : -3.18,
    "grossProfitMargin" : 35.76,
    "grossProfit" : 99.59,
    "operatingProfitMargin" : 4.46,
    "operatingProfit" : 12.42,
    "netProfitMargin" : 7.78,
    "netProfit" : 21.67
  }, {
    "date" : "2012-12-31",
    "sales" : 277.53,
    "salesGrowthYoY" : -1.63,
    "grossProfitMargin" : 34.13,
    "grossProfit" : 94.72,
    "operatingProfitMargin" : 3.68,
    "operatingProfit" : 10.21,
    "netProfitMargin" : -2.97,
    "netProfit" : -8.24
  }, {
    "date" : "2013-03-31",
    "sales" : 300.83,
    "salesGrowthYoY" : 3.38,
    "grossProfitMargin" : 41.18,
    "grossProfit" : 123.88,
    "operatingProfitMargin" : 15.21,
    "operatingProfit" : 45.76,
    "netProfitMargin" : 14.08,
    "netProfit" : 42.36
  }, {
    "date" : "2013-06-30",
    "sales" : 283.70,
    "salesGrowthYoY" : 3.43,
    "grossProfitMargin" : 40.88,
    "grossProfit" : 115.98,
    "operatingProfitMargin" : 3.18,
    "operatingProfit" : 9.02,
    "netProfitMargin" : -1.48,
    "netProfit" : -4.20
  }, {
    "date" : "2013-09-30",
    "sales" : 351.79,
    "salesGrowthYoY" : 26.32,
    "grossProfitMargin" : 41.87,
    "grossProfit" : 147.29,
    "operatingProfitMargin" : 12.29,
    "operatingProfit" : 43.23,
    "netProfitMargin" : 6.26,
    "netProfit" : 22.02
  }, {
    "date" : "2013-12-31",
    "sales" : 305.58,
    "salesGrowthYoY" : 10.11,
    "grossProfitMargin" : 40.56,
    "grossProfit" : 123.94,
    "operatingProfitMargin" : 11.79,
    "operatingProfit" : 36.03,
    "netProfitMargin" : 6.46,
    "netProfit" : 19.74
  }, {
    "date" : "2014-03-31",
    "sales" : 342.90,
    "salesGrowthYoY" : 13.98,
    "grossProfitMargin" : 40.07,
    "grossProfit" : 137.40,
    "operatingProfitMargin" : 17.47,
    "operatingProfit" : 59.90,
    "netProfitMargin" : 8.57,
    "netProfit" : 29.39
  }, {
    "date" : "2014-06-30",
    "sales" : 362.74,
    "salesGrowthYoY" : 27.86,
    "grossProfitMargin" : 40.73,
    "grossProfit" : 147.74,
    "operatingProfitMargin" : 13.01,
    "operatingProfit" : 47.19,
    "netProfitMargin" : 7.09,
    "netProfit" : 25.72
  }, {
    "date" : "2014-09-30",
    "sales" : 407.02,
    "salesGrowthYoY" : 15.70,
    "grossProfitMargin" : 43.23,
    "grossProfit" : 175.95,
    "operatingProfitMargin" : 15.68,
    "operatingProfit" : 63.82,
    "netProfitMargin" : 8.79,
    "netProfit" : 35.78
  }, {
    "date" : "2014-12-31",
    "sales" : 385.84,
    "salesGrowthYoY" : 26.26,
    "grossProfitMargin" : 49.55,
    "grossProfit" : 191.18,
    "operatingProfitMargin" : 18.91,
    "operatingProfit" : 72.96,
    "netProfitMargin" : 10.72,
    "netProfit" : 41.36
  }, {
    "date" : "2015-03-31",
    "sales" : 409.22,
    "salesGrowthYoY" : 19.34,
    "grossProfitMargin" : 48.60,
    "grossProfit" : 198.88,
    "operatingProfitMargin" : 19.39,
    "operatingProfit" : 79.35,
    "netProfitMargin" : 11.72,
    "netProfit" : 47.96
  }, {
    "date" : "2015-06-30",
    "sales" : 369.54,
    "salesGrowthYoY" : 1.87,
    "grossProfitMargin" : 47.06,
    "grossProfit" : 173.91,
    "operatingProfitMargin" : 18.17,
    "operatingProfit" : 67.15,
    "netProfitMargin" : 10.86,
    "netProfit" : 40.13
  }, {
    "date" : "2015-09-30",
    "sales" : 438.65,
    "salesGrowthYoY" : 7.77,
    "grossProfitMargin" : 46.57,
    "grossProfit" : 204.28,
    "operatingProfitMargin" : 16.89,
    "operatingProfit" : 74.09,
    "netProfitMargin" : 10.70,
    "netProfit" : 46.94
  }, {
    "date" : "2015-12-31",
    "sales" : 380.44,
    "salesGrowthYoY" : -1.40,
    "grossProfitMargin" : 51.70,
    "grossProfit" : 196.69,
    "operatingProfitMargin" : 18.29,
    "operatingProfit" : 69.58,
    "netProfitMargin" : 10.82,
    "netProfit" : 41.16
  }, {
    "date" : "2016-03-31",
    "sales" : 447.05,
    "salesGrowthYoY" : 9.24,
    "grossProfitMargin" : 48.67,
    "grossProfit" : 217.58,
    "operatingProfitMargin" : 17.01,
    "operatingProfit" : 76.04,
    "netProfitMargin" : 9.31,
    "netProfit" : 41.62
  }, {
    "date" : "2016-06-30",
    "sales" : 405.75,
    "salesGrowthYoY" : 9.80,
    "grossProfitMargin" : 49.59,
    "grossProfit" : 201.21,
    "operatingProfitMargin" : 16.30,
    "operatingProfit" : 66.14,
    "netProfitMargin" : 10.61,
    "netProfit" : 43.05
  }, {
    "date" : "2016-09-30",
    "sales" : 462.70,
    "salesGrowthYoY" : 5.48,
    "grossProfitMargin" : 48.04,
    "grossProfit" : 222.28,
    "operatingProfitMargin" : 16.17,
    "operatingProfit" : 74.82,
    "netProfitMargin" : 10.65,
    "netProfit" : 49.28
  }, {
    "date" : "2016-12-31",
    "sales" : 425.46,
    "salesGrowthYoY" : 11.83,
    "grossProfitMargin" : 48.28,
    "grossProfit" : 205.41,
    "operatingProfitMargin" : 15.84,
    "operatingProfit" : 67.39,
    "netProfitMargin" : 8.77,
    "netProfit" : 37.31
  }, {
    "date" : "2017-03-31",
    "sales" : 488.54,
    "salesGrowthYoY" : 9.28,
    "grossProfitMargin" : 48.20,
    "grossProfit" : 235.48,
    "operatingProfitMargin" : 17.15,
    "operatingProfit" : 83.78,
    "netProfitMargin" : 11.44,
    "netProfit" : 55.89
  }, {
    "date" : "2017-06-30",
    "sales" : 438.60,
    "salesGrowthYoY" : 8.10,
    "grossProfitMargin" : 46.67,
    "grossProfit" : 204.69,
    "operatingProfitMargin" : 13.92,
    "operatingProfit" : 61.05,
    "netProfitMargin" : 7.78,
    "netProfit" : 34.12
  }, {
    "date" : "2017-09-30",
    "sales" : 474.55,
    "salesGrowthYoY" : 2.56,
    "grossProfitMargin" : 46.37,
    "grossProfit" : 220.05,
    "operatingProfitMargin" : 15.60,
    "operatingProfit" : 74.03,
    "netProfitMargin" : 8.46,
    "netProfit" : 40.15
  }, {
    "date" : "2017-12-31",
    "sales" : 509.93,
    "salesGrowthYoY" : 19.85,
    "grossProfitMargin" : 48.87,
    "grossProfit" : 249.20,
    "operatingProfitMargin" : 17.21,
    "operatingProfit" : 87.76,
    "netProfitMargin" : 9.15,
    "netProfit" : 46.66
  }, {
    "date" : "2018-03-31",
    "sales" : 544.13,
    "salesGrowthYoY" : 11.38,
    "grossProfitMargin" : 49.67,
    "grossProfit" : 270.27,
    "operatingProfitMargin" : 15.28,
    "operatingProfit" : 83.14,
    "netProfitMargin" : 6.56,
    "netProfit" : 35.69
  }, {
    "date" : "2018-06-30",
    "sales" : 537.26,
    "salesGrowthYoY" : 22.49,
    "grossProfitMargin" : 48.74,
    "grossProfit" : 261.86,
    "operatingProfitMargin" : 16.11,
    "operatingProfit" : 86.55,
    "netProfitMargin" : 8.44,
    "netProfit" : 45.34
  }, {
    "date" : "2018-09-30",
    "sales" : 564.45,
    "salesGrowthYoY" : 18.94,
    "grossProfitMargin" : 47.83,
    "grossProfit" : 269.98,
    "operatingProfitMargin" : 13.15,
    "operatingProfit" : 74.23,
    "netProfitMargin" : 6.70,
    "netProfit" : 37.82
  }, {
    "date" : "2018-12-31",
    "sales" : 578.89,
    "salesGrowthYoY" : 13.52,
    "grossProfitMargin" : 46.66,
    "grossProfit" : 270.11,
    "operatingProfitMargin" : 13.12,
    "operatingProfit" : 75.95,
    "netProfitMargin" : 7.15,
    "netProfit" : 41.39
  }, {
    "date" : "2019-03-31",
    "sales" : 583.23,
    "salesGrowthYoY" : 7.19,
    "grossProfitMargin" : 48.07,
    "grossProfit" : 280.36,
    "operatingProfitMargin" : 10.92,
    "operatingProfit" : 63.69,
    "netProfitMargin" : 5.86,
    "netProfit" : 34.18
  }, {
    "date" : "2019-06-30",
    "sales" : 573.71,
    "salesGrowthYoY" : 6.78,
    "grossProfitMargin" : 49.08,
    "grossProfit" : 281.58,
    "operatingProfitMargin" : 16.14,
    "operatingProfit" : 92.60,
    "netProfitMargin" : 8.39,
    "netProfit" : 48.13
  }, {
    "date" : "2019-09-30",
    "sales" : 589.35,
    "salesGrowthYoY" : 4.41,
    "grossProfitMargin" : 49.82,
    "grossProfit" : 293.61,
    "operatingProfitMargin" : 15.74,
    "operatingProfit" : 92.76,
    "netProfitMargin" : 8.85,
    "netProfit" : 52.16
  }, {
    "date" : "2019-12-31",
    "sales" : 595.43,
    "salesGrowthYoY" : 2.86,
    "grossProfitMargin" : 48.93,
    "grossProfit" : 291.34,
    "operatingProfitMargin" : 8.17,
    "operatingProfit" : 48.65,
    "netProfitMargin" : 3.21,
    "netProfit" : 19.11
  }, {
    "date" : "2020-03-31",
    "sales" : 524.19,
    "salesGrowthYoY" : -10.12,
    "grossProfitMargin" : 51.11,
    "grossProfit" : 267.91,
    "operatingProfitMargin" : 13.37,
    "operatingProfit" : 70.08,
    "netProfitMargin" : 7.40,
    "netProfit" : 38.79
  }, {
    "date" : "2020-06-30",
    "sales" : 200.68,
    "salesGrowthYoY" : -65.02,
    "grossProfitMargin" : 52.88,
    "grossProfit" : 106.12,
    "operatingProfitMargin" : 0.42,
    "operatingProfit" : 0.84,
    "netProfitMargin" : -4.23,
    "netProfit" : -8.49
  }, {
    "date" : "2020-09-30",
    "sales" : 519.83,
    "salesGrowthYoY" : -11.80,
    "grossProfitMargin" : 49.80,
    "grossProfit" : 258.88,
    "operatingProfitMargin" : 16.52,
    "operatingProfit" : 85.88,
    "netProfitMargin" : 9.90,
    "netProfit" : 51.46
  }, {
    "date" : "2020-12-31",
    "sales" : 654.36,
    "salesGrowthYoY" : 9.90,
    "grossProfitMargin" : 49.85,
    "grossProfit" : 326.20,
    "operatingProfitMargin" : 18.62,
    "operatingProfit" : 121.84,
    "netProfitMargin" : 11.33,
    "netProfit" : 74.14
  }, {
    "date" : "2021-03-31",
    "sales" : 738.62,
    "salesGrowthYoY" : 40.91,
    "grossProfitMargin" : 49.13,
    "grossProfit" : 362.88,
    "operatingProfitMargin" : 17.17,
    "operatingProfit" : 126.82,
    "netProfitMargin" : 11.27,
    "netProfit" : 83.24
  }, {
    "date" : "2021-06-30",
    "sales" : 448.88,
    "salesGrowthYoY" : 123.68,
    "grossProfitMargin" : 55.83,
    "grossProfit" : 250.61,
    "operatingProfitMargin" : 13.64,
    "operatingProfit" : 61.23,
    "netProfitMargin" : 7.55,
    "netProfit" : 33.89
  }, {
    "date" : "2021-09-30",
    "sales" : 808.29,
    "salesGrowthYoY" : 55.49,
    "grossProfitMargin" : 48.15,
    "grossProfit" : 389.19,
    "operatingProfitMargin" : 19.89,
    "operatingProfit" : 160.77,
    "netProfitMargin" : 12.75,
    "netProfit" : 103.06
  }, {
    "date" : "2021-12-31",
    "sales" : 848.45,
    "salesGrowthYoY" : 29.66,
    "grossProfitMargin" : 47.57,
    "grossProfit" : 403.61,
    "operatingProfitMargin" : 17.88,
    "operatingProfit" : 151.70,
    "netProfitMargin" : 11.46,
    "netProfit" : 97.23
  }, {
    "date" : "2022-03-31",
    "sales" : 895.26,
    "salesGrowthYoY" : 21.21,
    "grossProfitMargin" : 48.67,
    "grossProfit" : 435.72,
    "operatingProfitMargin" : 17.98,
    "operatingProfit" : 160.97,
    "netProfitMargin" : 10.17,
    "netProfit" : 91.05
  }, {
    "date" : "2022-06-30",
    "sales" : 881.48,
    "salesGrowthYoY" : 96.37,
    "grossProfitMargin" : 47.18,
    "grossProfit" : 415.88,
    "operatingProfitMargin" : 16.48,
    "operatingProfit" : 145.27,
    "netProfitMargin" : 10.94,
    "netProfit" : 96.43
  }, {
    "date" : "2022-09-30",
    "sales" : 900.20,
    "salesGrowthYoY" : 11.37,
    "grossProfitMargin" : 45.76,
    "grossProfit" : 411.93,
    "operatingProfitMargin" : 11.52,
    "operatingProfit" : 103.70,
    "netProfitMargin" : 8.47,
    "netProfit" : 76.25
  }, {
    "date" : "2022-12-31",
    "sales" : 877.17,
    "salesGrowthYoY" : 3.38,
    "grossProfitMargin" : 45.42,
    "grossProfit" : 398.41,
    "operatingProfitMargin" : 14.25,
    "operatingProfit" : 125.00,
    "netProfitMargin" : 9.28,
    "netProfit" : 81.40
  }, {
    "date" : "2023-03-31",
    "sales" : 938.65,
    "salesGrowthYoY" : 4.85,
    "grossProfitMargin" : 45.72,
    "grossProfit" : 429.15,
    "operatingProfitMargin" : 16.67,
    "operatingProfit" : 156.47,
    "netProfitMargin" : 11.44,
    "netProfit" : 107.38
  }, {
    "date" : "2023-06-30",
    "sales" : 882.39,
    "salesGrowthYoY" : 0.10,
    "grossProfitMargin" : 47.36,
    "grossProfit" : 417.90,
    "operatingProfitMargin" : 14.75,
    "operatingProfit" : 130.15,
    "netProfitMargin" : 9.53,
    "netProfit" : 84.09
  }, {
    "date" : "2023-09-30",
    "sales" : 987.92,
    "salesGrowthYoY" : 9.74,
    "grossProfitMargin" : 47.37,
    "grossProfit" : 467.98,
    "operatingProfitMargin" : 14.21,
    "operatingProfit" : 140.38,
    "netProfitMargin" : 9.14,
    "netProfit" : 90.30
  }, {
    "date" : "2023-12-31",
    "sales" : 909.67,
    "salesGrowthYoY" : 3.71,
    "grossProfitMargin" : 44.65,
    "grossProfit" : 406.17,
    "operatingProfitMargin" : 11.51,
    "operatingProfit" : 104.70,
    "netProfitMargin" : 6.98,
    "netProfit" : 63.49
  }, {
    "date" : "2024-03-31",
    "sales" : 1025.64,
    "salesGrowthYoY" : 9.27,
    "grossProfitMargin" : 44.43,
    "grossProfit" : 455.69,
    "operatingProfitMargin" : 12.06,
    "operatingProfit" : 123.69,
    "netProfitMargin" : 7.51,
    "netProfit" : 77.03
  }, {
    "date" : "2024-06-30",
    "sales" : 952.23,
    "salesGrowthYoY" : 7.91,
    "grossProfitMargin" : 43.24,
    "grossProfit" : 411.74,
    "operatingProfitMargin" : 12.50,
    "operatingProfit" : 119.03,
    "netProfitMargin" : 7.76,
    "netProfit" : 73.89
  }, {
    "date" : "2024-09-30",
    "sales" : 1063.19,
    "salesGrowthYoY" : 7.62,
    "grossProfitMargin" : 42.15,
    "grossProfit" : 448.13,
    "operatingProfitMargin" : 11.51,
    "operatingProfit" : 122.37,
    "netProfitMargin" : 7.12,
    "netProfit" : 75.70
  }, {
    "date" : "2024-12-31",
    "sales" : 1003.50,
    "salesGrowthYoY" : 10.31,
    "grossProfitMargin" : 43.12,
    "grossProfit" : 432.71,
    "operatingProfitMargin" : 10.34,
    "operatingProfit" : 103.76,
    "netProfitMargin" : 6.36,
    "netProfit" : 63.82
  }, {
    "date" : "2025-03-31",
    "sales" : 1048.99,
    "salesGrowthYoY" : 2.28,
    "grossProfitMargin" : 43.16,
    "grossProfit" : 452.74,
    "operatingProfitMargin" : 12.17,
    "operatingProfit" : 127.66,
    "netProfitMargin" : 6.78,
    "netProfit" : 71.12
  }, {
    "date" : "2025-06-30",
    "sales" : 1017.24,
    "salesGrowthYoY" : 6.83,
    "grossProfitMargin" : 43.80,
    "grossProfit" : 445.55,
    "operatingProfitMargin" : 10.99,
    "operatingProfit" : 111.79,
    "netProfitMargin" : 6.67,
    "netProfit" : 67.85
  }, {
    "date" : "2025-09-30",
    "sales" : 1204.77,
    "salesGrowthYoY" : 13.32,
    "grossProfitMargin" : 43.73,
    "grossProfit" : 526.85,
    "operatingProfitMargin" : 11.51,
    "operatingProfit" : 138.67,
    "netProfitMargin" : 6.04,
    "netProfit" : 72.77
  } ],
  "latestQuarterlyResult" : {
    "date" : "2025-09-30",
    "sales" : 1204.77,
    "salesGrowthYoY" : 13.32,
    "grossProfitMargin" : 43.73,
    "grossProfit" : 526.85,
    "operatingProfitMargin" : 11.51,
    "operatingProfit" : 138.67,
    "netProfitMargin" : 6.04,
    "netProfit" : 72.77
  },
  "companyScore" : {
    "priceHigherThanDma50" : 5.00,
    "priceHigherThanDma100" : 5.00,
    "priceHigherThanDma200" : 5.00,
    "dma50HigherThanDma100" : 5.00,
    "dma50HigherThanDma200" : 5.00,
    "dma100HigherThanDma200" : 5.00,
    "pricePercentageAboveDma50" : 4.84,
    "pricePercentageAboveDma100" : 4.71,
    "pricePercentageAboveDma200" : 4.64,
    "weeklyVolumeHigherThanYearlyVolume" : 0.00,
    "salesGrowthPercentile" : 11.14,
    "operatingProfitMarginPercentile" : 12.09,
    "netProfitMarginPercentile" : 5.61,
    "totalTechnicalScore" : 44.19,
    "totalFundamentalScore" : 28.84,
    "totalScore" : 73.02
  }
}