{
  "metadata" : {
    "screenerCompanyId" : "620",
    "companyCode" : "CHAMBLFERT",
    "companyName" : "Chambal Fert.",
    "screenerCompanyLink" : "https://www.screener.in/company/CHAMBLFERT",
    "screenerTechnicalHistoryLink" : "https://www.screener.in/api/company/620/chart/?q=Price-DMA50-DMA200-Volume&days=365",
    "screenerQuarterlyResultsLink" : "https://www.screener.in/api/company/620/chart/?q=GPM-OPM-NPM-Quarter+Sales&days=10000",
    "attributes" : {
      "companyCode" : "CHAMBLFERT",
      "companyName" : "Chambal Fert.",
      "marketCap" : 17302.00,
      "peRatio" : 9.38,
      "description" : "Chambal Fertilisers & Chemicals Ltd is engaged in production of Urea from its own manufacturing plants. It also markets/ deals in other fertilisers and agri-inputs. It also has a Joint Venture for manufacture of Phospohric Acid in Morocco. The company was also engaged in Software business, However, in FY21, it sold assets and transferred certain liabilities of the business to cease the operations of the software business.[1]"
    },
    "companyScore" : {
      "priceHigherThanDma50" : 0.00,
      "priceHigherThanDma100" : 0.00,
      "priceHigherThanDma200" : 0.00,
      "dma50HigherThanDma100" : 0.00,
      "dma50HigherThanDma200" : 0.00,
      "dma100HigherThanDma200" : 0.00,
      "pricePercentageAboveDma50" : 5.47,
      "pricePercentageAboveDma100" : 5.79,
      "pricePercentageAboveDma200" : 5.85,
      "weeklyVolumeHigherThanYearlyVolume" : 0.00,
      "salesGrowthPercentile" : 17.72,
      "operatingProfitMarginPercentile" : 11.91,
      "netProfitMarginPercentile" : 8.24,
      "totalTechnicalScore" : 17.10,
      "totalFundamentalScore" : 37.86,
      "totalScore" : 54.96
    }
  },
  "attributes" : {
    "companyCode" : "CHAMBLFERT",
    "companyName" : "Chambal Fert.",
    "marketCap" : 17302.00,
    "peRatio" : 9.38,
    "description" : "Chambal Fertilisers & Chemicals Ltd is engaged in production of Urea from its own manufacturing plants. It also markets/ deals in other fertilisers and agri-inputs. It also has a Joint Venture for manufacture of Phospohric Acid in Morocco. The company was also engaged in Software business, However, in FY21, it sold assets and transferred certain liabilities of the business to cease the operations of the software business.[1]"
  },
  "technicalHistory" : [ {
    "date" : "2024-12-06",
    "price" : 542.65,
    "dma50" : 495.68,
    "dma100" : null,
    "dma200" : 456.15,
    "volume" : 1483334.00
  }, {
    "date" : "2024-12-09",
    "price" : 528.15,
    "dma50" : 496.95,
    "dma100" : null,
    "dma200" : 456.86,
    "volume" : 1904562.00
  }, {
    "date" : "2024-12-10",
    "price" : 536.80,
    "dma50" : 498.51,
    "dma100" : null,
    "dma200" : 457.66,
    "volume" : 1308342.00
  }, {
    "date" : "2024-12-11",
    "price" : 534.00,
    "dma50" : 499.91,
    "dma100" : null,
    "dma200" : 458.42,
    "volume" : 548857.00
  }, {
    "date" : "2024-12-12",
    "price" : 529.95,
    "dma50" : 501.08,
    "dma100" : null,
    "dma200" : 459.13,
    "volume" : 613569.00
  }, {
    "date" : "2024-12-13",
    "price" : 527.85,
    "dma50" : 502.13,
    "dma100" : null,
    "dma200" : 459.81,
    "volume" : 1070810.00
  }, {
    "date" : "2024-12-16",
    "price" : 531.95,
    "dma50" : 503.30,
    "dma100" : null,
    "dma200" : 460.53,
    "volume" : 789358.00
  }, {
    "date" : "2024-12-17",
    "price" : 529.60,
    "dma50" : 504.33,
    "dma100" : null,
    "dma200" : 461.22,
    "volume" : 4928180.00
  }, {
    "date" : "2024-12-18",
    "price" : 524.15,
    "dma50" : 505.11,
    "dma100" : null,
    "dma200" : 461.84,
    "volume" : 2523611.00
  }, {
    "date" : "2024-12-19",
    "price" : 527.35,
    "dma50" : 505.98,
    "dma100" : null,
    "dma200" : 462.50,
    "volume" : 1783796.00
  }, {
    "date" : "2024-12-20",
    "price" : 509.15,
    "dma50" : 506.11,
    "dma100" : null,
    "dma200" : 462.96,
    "volume" : 1291906.00
  }, {
    "date" : "2024-12-23",
    "price" : 507.75,
    "dma50" : 506.17,
    "dma100" : null,
    "dma200" : 463.41,
    "volume" : 645332.00
  }, {
    "date" : "2024-12-24",
    "price" : 502.95,
    "dma50" : 506.05,
    "dma100" : null,
    "dma200" : 463.80,
    "volume" : 619892.00
  }, {
    "date" : "2024-12-26",
    "price" : 500.40,
    "dma50" : 505.82,
    "dma100" : null,
    "dma200" : 464.16,
    "volume" : 971520.00
  }, {
    "date" : "2024-12-27",
    "price" : 499.60,
    "dma50" : 505.58,
    "dma100" : null,
    "dma200" : 464.52,
    "volume" : 893548.00
  }, {
    "date" : "2024-12-30",
    "price" : 490.35,
    "dma50" : 504.98,
    "dma100" : null,
    "dma200" : 464.77,
    "volume" : 554538.00
  }, {
    "date" : "2024-12-31",
    "price" : 493.95,
    "dma50" : 504.55,
    "dma100" : null,
    "dma200" : 465.06,
    "volume" : 564915.00
  }, {
    "date" : "2025-01-01",
    "price" : 503.65,
    "dma50" : 504.52,
    "dma100" : null,
    "dma200" : 465.45,
    "volume" : 833627.00
  }, {
    "date" : "2025-01-02",
    "price" : 506.30,
    "dma50" : 504.59,
    "dma100" : null,
    "dma200" : 465.85,
    "volume" : 1050303.00
  }, {
    "date" : "2025-01-03",
    "price" : 500.30,
    "dma50" : 504.42,
    "dma100" : null,
    "dma200" : 466.20,
    "volume" : 853170.00
  }, {
    "date" : "2025-01-06",
    "price" : 479.60,
    "dma50" : 503.44,
    "dma100" : null,
    "dma200" : 466.33,
    "volume" : 933204.00
  }, {
    "date" : "2025-01-07",
    "price" : 502.15,
    "dma50" : 503.39,
    "dma100" : null,
    "dma200" : 466.69,
    "volume" : 2460246.00
  }, {
    "date" : "2025-01-08",
    "price" : 500.50,
    "dma50" : 503.28,
    "dma100" : null,
    "dma200" : 467.02,
    "volume" : 1334295.00
  }, {
    "date" : "2025-01-09",
    "price" : 492.00,
    "dma50" : 502.84,
    "dma100" : null,
    "dma200" : 467.27,
    "volume" : 3567363.00
  }, {
    "date" : "2025-01-10",
    "price" : 481.40,
    "dma50" : 502.00,
    "dma100" : null,
    "dma200" : 467.41,
    "volume" : 1118408.00
  }, {
    "date" : "2025-01-13",
    "price" : 454.40,
    "dma50" : 500.13,
    "dma100" : null,
    "dma200" : 467.28,
    "volume" : 923270.00
  }, {
    "date" : "2025-01-14",
    "price" : 475.05,
    "dma50" : 499.15,
    "dma100" : null,
    "dma200" : 467.36,
    "volume" : 953726.00
  }, {
    "date" : "2025-01-15",
    "price" : 485.30,
    "dma50" : 498.60,
    "dma100" : null,
    "dma200" : 467.54,
    "volume" : 1225579.00
  }, {
    "date" : "2025-01-16",
    "price" : 496.60,
    "dma50" : 498.53,
    "dma100" : null,
    "dma200" : 467.83,
    "volume" : 1061348.00
  }, {
    "date" : "2025-01-17",
    "price" : 500.85,
    "dma50" : 498.62,
    "dma100" : null,
    "dma200" : 468.16,
    "volume" : 1011295.00
  }, {
    "date" : "2025-01-20",
    "price" : 497.90,
    "dma50" : 498.59,
    "dma100" : null,
    "dma200" : 468.45,
    "volume" : 602651.00
  }, {
    "date" : "2025-01-21",
    "price" : 492.95,
    "dma50" : 498.37,
    "dma100" : null,
    "dma200" : 468.70,
    "volume" : 732199.00
  }, {
    "date" : "2025-01-22",
    "price" : 497.55,
    "dma50" : 498.34,
    "dma100" : null,
    "dma200" : 468.98,
    "volume" : 1993434.00
  }, {
    "date" : "2025-01-23",
    "price" : 509.30,
    "dma50" : 498.77,
    "dma100" : null,
    "dma200" : 469.38,
    "volume" : 2137815.00
  }, {
    "date" : "2025-01-24",
    "price" : 496.05,
    "dma50" : 498.66,
    "dma100" : null,
    "dma200" : 469.65,
    "volume" : 1693484.00
  }, {
    "date" : "2025-01-27",
    "price" : 478.60,
    "dma50" : 497.87,
    "dma100" : null,
    "dma200" : 469.74,
    "volume" : 685676.00
  }, {
    "date" : "2025-01-28",
    "price" : 467.50,
    "dma50" : 496.68,
    "dma100" : null,
    "dma200" : 469.72,
    "volume" : 747345.00
  }, {
    "date" : "2025-01-29",
    "price" : 490.85,
    "dma50" : 496.45,
    "dma100" : null,
    "dma200" : 469.93,
    "volume" : 888307.00
  }, {
    "date" : "2025-01-30",
    "price" : 494.00,
    "dma50" : 496.36,
    "dma100" : null,
    "dma200" : 470.17,
    "volume" : 851363.00
  }, {
    "date" : "2025-01-31",
    "price" : 504.10,
    "dma50" : 496.66,
    "dma100" : null,
    "dma200" : 470.50,
    "volume" : 1491645.00
  }, {
    "date" : "2025-02-01",
    "price" : 491.25,
    "dma50" : 496.45,
    "dma100" : null,
    "dma200" : 470.71,
    "volume" : 2384765.00
  }, {
    "date" : "2025-02-03",
    "price" : 494.75,
    "dma50" : 496.38,
    "dma100" : null,
    "dma200" : 470.95,
    "volume" : 1006146.00
  }, {
    "date" : "2025-02-04",
    "price" : 512.75,
    "dma50" : 497.02,
    "dma100" : null,
    "dma200" : 471.36,
    "volume" : 1558819.00
  }, {
    "date" : "2025-02-05",
    "price" : 517.80,
    "dma50" : 497.84,
    "dma100" : null,
    "dma200" : 471.83,
    "volume" : 1436215.00
  }, {
    "date" : "2025-02-06",
    "price" : 519.85,
    "dma50" : 498.70,
    "dma100" : null,
    "dma200" : 472.30,
    "volume" : 3414485.00
  }, {
    "date" : "2025-02-07",
    "price" : 555.75,
    "dma50" : 500.94,
    "dma100" : null,
    "dma200" : 473.13,
    "volume" : 10735014.00
  }, {
    "date" : "2025-02-10",
    "price" : 547.30,
    "dma50" : 502.76,
    "dma100" : null,
    "dma200" : 473.87,
    "volume" : 3348081.00
  }, {
    "date" : "2025-02-11",
    "price" : 526.45,
    "dma50" : 503.69,
    "dma100" : null,
    "dma200" : 474.40,
    "volume" : 1612148.00
  }, {
    "date" : "2025-02-12",
    "price" : 529.30,
    "dma50" : 504.69,
    "dma100" : null,
    "dma200" : 474.94,
    "volume" : 1642251.00
  }, {
    "date" : "2025-02-13",
    "price" : 535.25,
    "dma50" : 505.89,
    "dma100" : null,
    "dma200" : 475.54,
    "volume" : 2036896.00
  }, {
    "date" : "2025-02-14",
    "price" : 528.15,
    "dma50" : 506.76,
    "dma100" : null,
    "dma200" : 476.07,
    "volume" : 2110781.00
  }, {
    "date" : "2025-02-17",
    "price" : 542.80,
    "dma50" : 508.17,
    "dma100" : null,
    "dma200" : 476.73,
    "volume" : 2141736.00
  }, {
    "date" : "2025-02-18",
    "price" : 537.00,
    "dma50" : 509.31,
    "dma100" : null,
    "dma200" : 477.33,
    "volume" : 1398225.00
  }, {
    "date" : "2025-02-19",
    "price" : 536.80,
    "dma50" : 510.38,
    "dma100" : null,
    "dma200" : 477.92,
    "volume" : 1786855.00
  }, {
    "date" : "2025-02-20",
    "price" : 561.35,
    "dma50" : 512.38,
    "dma100" : null,
    "dma200" : 478.75,
    "volume" : 3215646.00
  }, {
    "date" : "2025-02-21",
    "price" : 550.00,
    "dma50" : 513.86,
    "dma100" : null,
    "dma200" : 479.46,
    "volume" : 4091022.00
  }, {
    "date" : "2025-02-24",
    "price" : 537.85,
    "dma50" : 514.80,
    "dma100" : null,
    "dma200" : 480.04,
    "volume" : 1383527.00
  }, {
    "date" : "2025-02-25",
    "price" : 564.20,
    "dma50" : 516.74,
    "dma100" : null,
    "dma200" : 480.88,
    "volume" : 5414983.00
  }, {
    "date" : "2025-02-27",
    "price" : 574.75,
    "dma50" : 519.01,
    "dma100" : null,
    "dma200" : 481.81,
    "volume" : 5188793.00
  }, {
    "date" : "2025-02-28",
    "price" : 533.70,
    "dma50" : 519.59,
    "dma100" : null,
    "dma200" : 482.33,
    "volume" : 5015244.00
  }, {
    "date" : "2025-03-03",
    "price" : 545.35,
    "dma50" : 520.60,
    "dma100" : null,
    "dma200" : 482.96,
    "volume" : 2762785.00
  }, {
    "date" : "2025-03-04",
    "price" : 536.20,
    "dma50" : 521.21,
    "dma100" : null,
    "dma200" : 483.49,
    "volume" : 1052331.00
  }, {
    "date" : "2025-03-05",
    "price" : 571.10,
    "dma50" : 523.17,
    "dma100" : null,
    "dma200" : 484.36,
    "volume" : 2371847.00
  }, {
    "date" : "2025-03-06",
    "price" : 576.90,
    "dma50" : 525.27,
    "dma100" : null,
    "dma200" : 485.28,
    "volume" : 4662953.00
  }, {
    "date" : "2025-03-07",
    "price" : 571.20,
    "dma50" : 527.07,
    "dma100" : null,
    "dma200" : 486.13,
    "volume" : 2136697.00
  }, {
    "date" : "2025-03-10",
    "price" : 574.05,
    "dma50" : 528.92,
    "dma100" : null,
    "dma200" : 487.01,
    "volume" : 1509543.00
  }, {
    "date" : "2025-03-11",
    "price" : 563.60,
    "dma50" : 530.28,
    "dma100" : null,
    "dma200" : 487.77,
    "volume" : 2272257.00
  }, {
    "date" : "2025-03-12",
    "price" : 565.35,
    "dma50" : 531.65,
    "dma100" : null,
    "dma200" : 488.54,
    "volume" : 1128225.00
  }, {
    "date" : "2025-03-13",
    "price" : 556.55,
    "dma50" : 532.63,
    "dma100" : null,
    "dma200" : 489.22,
    "volume" : 1712654.00
  }, {
    "date" : "2025-03-17",
    "price" : 578.90,
    "dma50" : 534.44,
    "dma100" : null,
    "dma200" : 490.11,
    "volume" : 3146434.00
  }, {
    "date" : "2025-03-18",
    "price" : 568.60,
    "dma50" : 535.78,
    "dma100" : null,
    "dma200" : 490.89,
    "volume" : 2193453.00
  }, {
    "date" : "2025-03-19",
    "price" : 586.95,
    "dma50" : 537.79,
    "dma100" : null,
    "dma200" : 491.85,
    "volume" : 2569889.00
  }, {
    "date" : "2025-03-20",
    "price" : 579.55,
    "dma50" : 539.43,
    "dma100" : null,
    "dma200" : 492.72,
    "volume" : 1578544.00
  }, {
    "date" : "2025-03-21",
    "price" : 597.05,
    "dma50" : 541.69,
    "dma100" : null,
    "dma200" : 493.76,
    "volume" : 2588284.00
  }, {
    "date" : "2025-03-24",
    "price" : 619.50,
    "dma50" : 544.74,
    "dma100" : null,
    "dma200" : 495.01,
    "volume" : 3022012.00
  }, {
    "date" : "2025-03-25",
    "price" : 614.35,
    "dma50" : 547.47,
    "dma100" : null,
    "dma200" : 496.20,
    "volume" : 1794092.00
  }, {
    "date" : "2025-03-26",
    "price" : 618.05,
    "dma50" : 550.24,
    "dma100" : null,
    "dma200" : 497.41,
    "volume" : 1904983.00
  }, {
    "date" : "2025-03-27",
    "price" : 619.35,
    "dma50" : 552.95,
    "dma100" : null,
    "dma200" : 498.62,
    "volume" : 2555241.00
  }, {
    "date" : "2025-03-28",
    "price" : 625.50,
    "dma50" : 555.79,
    "dma100" : null,
    "dma200" : 499.89,
    "volume" : 2395577.00
  }, {
    "date" : "2025-04-01",
    "price" : 621.40,
    "dma50" : 558.36,
    "dma100" : null,
    "dma200" : 501.09,
    "volume" : 1366136.00
  }, {
    "date" : "2025-04-02",
    "price" : 634.20,
    "dma50" : 561.34,
    "dma100" : null,
    "dma200" : 502.42,
    "volume" : 1277018.00
  }, {
    "date" : "2025-04-03",
    "price" : 629.30,
    "dma50" : 564.00,
    "dma100" : null,
    "dma200" : 503.68,
    "volume" : 1424680.00
  }, {
    "date" : "2025-04-04",
    "price" : 624.60,
    "dma50" : 566.38,
    "dma100" : null,
    "dma200" : 504.88,
    "volume" : 1082023.00
  }, {
    "date" : "2025-04-07",
    "price" : 612.80,
    "dma50" : 568.20,
    "dma100" : null,
    "dma200" : 505.96,
    "volume" : 2150451.00
  }, {
    "date" : "2025-04-08",
    "price" : 631.65,
    "dma50" : 570.69,
    "dma100" : null,
    "dma200" : 507.21,
    "volume" : 1873283.00
  }, {
    "date" : "2025-04-09",
    "price" : 638.05,
    "dma50" : 573.33,
    "dma100" : null,
    "dma200" : 508.51,
    "volume" : 2379918.00
  }, {
    "date" : "2025-04-11",
    "price" : 645.25,
    "dma50" : 576.15,
    "dma100" : null,
    "dma200" : 509.87,
    "volume" : 2588467.00
  }, {
    "date" : "2025-04-15",
    "price" : 664.00,
    "dma50" : 579.60,
    "dma100" : null,
    "dma200" : 511.41,
    "volume" : 2886437.00
  }, {
    "date" : "2025-04-16",
    "price" : 654.75,
    "dma50" : 582.54,
    "dma100" : null,
    "dma200" : 512.83,
    "volume" : 2184005.00
  }, {
    "date" : "2025-04-17",
    "price" : 673.60,
    "dma50" : 586.11,
    "dma100" : null,
    "dma200" : 514.43,
    "volume" : 3709824.00
  }, {
    "date" : "2025-04-21",
    "price" : 690.10,
    "dma50" : 590.19,
    "dma100" : null,
    "dma200" : 516.18,
    "volume" : 1997776.00
  }, {
    "date" : "2025-04-22",
    "price" : 684.70,
    "dma50" : 593.90,
    "dma100" : null,
    "dma200" : 517.86,
    "volume" : 2093612.00
  }, {
    "date" : "2025-04-23",
    "price" : 688.60,
    "dma50" : 597.61,
    "dma100" : null,
    "dma200" : 519.56,
    "volume" : 2302189.00
  }, {
    "date" : "2025-04-24",
    "price" : 688.25,
    "dma50" : 601.17,
    "dma100" : null,
    "dma200" : 521.23,
    "volume" : 1503753.00
  }, {
    "date" : "2025-04-25",
    "price" : 676.85,
    "dma50" : 604.13,
    "dma100" : null,
    "dma200" : 522.78,
    "volume" : 1752004.00
  }, {
    "date" : "2025-04-28",
    "price" : 690.95,
    "dma50" : 607.54,
    "dma100" : null,
    "dma200" : 524.46,
    "volume" : 1168759.00
  }, {
    "date" : "2025-04-29",
    "price" : 691.60,
    "dma50" : 610.83,
    "dma100" : null,
    "dma200" : 526.12,
    "volume" : 1614726.00
  }, {
    "date" : "2025-04-30",
    "price" : 692.65,
    "dma50" : 614.04,
    "dma100" : null,
    "dma200" : 527.78,
    "volume" : 2477233.00
  }, {
    "date" : "2025-05-02",
    "price" : 695.10,
    "dma50" : 617.22,
    "dma100" : null,
    "dma200" : 529.44,
    "volume" : 1283051.00
  }, {
    "date" : "2025-05-05",
    "price" : 690.85,
    "dma50" : 620.11,
    "dma100" : null,
    "dma200" : 531.05,
    "volume" : 1243892.00
  }, {
    "date" : "2025-05-06",
    "price" : 726.65,
    "dma50" : 624.29,
    "dma100" : 559.92,
    "dma200" : 532.99,
    "volume" : 5741365.00
  }, {
    "date" : "2025-05-07",
    "price" : 709.70,
    "dma50" : 627.64,
    "dma100" : 561.73,
    "dma200" : 534.75,
    "volume" : 3676625.00
  }, {
    "date" : "2025-05-08",
    "price" : 691.05,
    "dma50" : 630.12,
    "dma100" : 563.28,
    "dma200" : 536.31,
    "volume" : 2639865.00
  }, {
    "date" : "2025-05-09",
    "price" : 693.90,
    "dma50" : 632.62,
    "dma100" : 564.88,
    "dma200" : 537.87,
    "volume" : 3728713.00
  }, {
    "date" : "2025-05-12",
    "price" : 689.35,
    "dma50" : 634.85,
    "dma100" : 566.47,
    "dma200" : 539.38,
    "volume" : 2208663.00
  }, {
    "date" : "2025-05-13",
    "price" : 657.55,
    "dma50" : 635.74,
    "dma100" : 567.77,
    "dma200" : 540.56,
    "volume" : 3433194.00
  }, {
    "date" : "2025-05-14",
    "price" : 647.95,
    "dma50" : 636.22,
    "dma100" : 568.93,
    "dma200" : 541.63,
    "volume" : 2179097.00
  }, {
    "date" : "2025-05-15",
    "price" : 636.10,
    "dma50" : 636.21,
    "dma100" : 569.99,
    "dma200" : 542.57,
    "volume" : 2808795.00
  }, {
    "date" : "2025-05-16",
    "price" : 632.10,
    "dma50" : 636.05,
    "dma100" : 571.07,
    "dma200" : 543.46,
    "volume" : 1799294.00
  }, {
    "date" : "2025-05-19",
    "price" : 621.75,
    "dma50" : 635.49,
    "dma100" : 572.02,
    "dma200" : 544.24,
    "volume" : 2982178.00
  }, {
    "date" : "2025-05-20",
    "price" : 603.40,
    "dma50" : 634.23,
    "dma100" : 572.96,
    "dma200" : 544.82,
    "volume" : 3495695.00
  }, {
    "date" : "2025-05-21",
    "price" : 603.85,
    "dma50" : 633.04,
    "dma100" : 573.92,
    "dma200" : 545.41,
    "volume" : 2242833.00
  }, {
    "date" : "2025-05-22",
    "price" : 591.10,
    "dma50" : 631.40,
    "dma100" : 574.80,
    "dma200" : 545.87,
    "volume" : 1998171.00
  }, {
    "date" : "2025-05-23",
    "price" : 594.30,
    "dma50" : 629.94,
    "dma100" : 575.74,
    "dma200" : 546.35,
    "volume" : 2678530.00
  }, {
    "date" : "2025-05-26",
    "price" : 586.80,
    "dma50" : 628.25,
    "dma100" : 576.61,
    "dma200" : 546.75,
    "volume" : 2617148.00
  }, {
    "date" : "2025-05-27",
    "price" : 594.10,
    "dma50" : 626.91,
    "dma100" : 577.65,
    "dma200" : 547.22,
    "volume" : 2996586.00
  }, {
    "date" : "2025-05-28",
    "price" : 582.20,
    "dma50" : 625.16,
    "dma100" : 578.53,
    "dma200" : 547.57,
    "volume" : 4182892.00
  }, {
    "date" : "2025-05-29",
    "price" : 585.95,
    "dma50" : 623.62,
    "dma100" : 579.35,
    "dma200" : 547.95,
    "volume" : 2031424.00
  }, {
    "date" : "2025-05-30",
    "price" : 551.00,
    "dma50" : 620.77,
    "dma100" : 579.80,
    "dma200" : 547.98,
    "volume" : 4964022.00
  }, {
    "date" : "2025-06-02",
    "price" : 555.45,
    "dma50" : 618.21,
    "dma100" : 580.35,
    "dma200" : 548.06,
    "volume" : 2372552.00
  }, {
    "date" : "2025-06-03",
    "price" : 561.90,
    "dma50" : 616.00,
    "dma100" : 581.18,
    "dma200" : 548.19,
    "volume" : 4047844.00
  }, {
    "date" : "2025-06-04",
    "price" : 559.30,
    "dma50" : 613.78,
    "dma100" : 581.75,
    "dma200" : 548.31,
    "volume" : 2180713.00
  }, {
    "date" : "2025-06-05",
    "price" : 552.60,
    "dma50" : 611.38,
    "dma100" : 582.27,
    "dma200" : 548.35,
    "volume" : 3043341.00
  }, {
    "date" : "2025-06-06",
    "price" : 540.05,
    "dma50" : 608.58,
    "dma100" : 582.75,
    "dma200" : 548.27,
    "volume" : 2706499.00
  }, {
    "date" : "2025-06-09",
    "price" : 551.95,
    "dma50" : 606.36,
    "dma100" : 583.45,
    "dma200" : 548.30,
    "volume" : 1716216.00
  }, {
    "date" : "2025-06-10",
    "price" : 565.00,
    "dma50" : 604.74,
    "dma100" : 584.56,
    "dma200" : 548.47,
    "volume" : 2995297.00
  }, {
    "date" : "2025-06-11",
    "price" : 564.75,
    "dma50" : 603.17,
    "dma100" : 585.46,
    "dma200" : 548.63,
    "volume" : 3612405.00
  }, {
    "date" : "2025-06-12",
    "price" : 544.50,
    "dma50" : 600.87,
    "dma100" : 586.05,
    "dma200" : 548.59,
    "volume" : 2173277.00
  }, {
    "date" : "2025-06-13",
    "price" : 549.45,
    "dma50" : 598.85,
    "dma100" : 586.58,
    "dma200" : 548.60,
    "volume" : 1655573.00
  }, {
    "date" : "2025-06-16",
    "price" : 558.25,
    "dma50" : 597.26,
    "dma100" : 587.15,
    "dma200" : 548.69,
    "volume" : 1450742.00
  }, {
    "date" : "2025-06-17",
    "price" : 555.45,
    "dma50" : 595.62,
    "dma100" : 587.73,
    "dma200" : 548.76,
    "volume" : 1228458.00
  }, {
    "date" : "2025-06-18",
    "price" : 551.00,
    "dma50" : 593.87,
    "dma100" : 588.31,
    "dma200" : 548.78,
    "volume" : 912937.00
  }, {
    "date" : "2025-06-19",
    "price" : 543.75,
    "dma50" : 591.91,
    "dma100" : 588.77,
    "dma200" : 548.73,
    "volume" : 915835.00
  }, {
    "date" : "2025-06-20",
    "price" : 550.85,
    "dma50" : 590.30,
    "dma100" : 589.19,
    "dma200" : 548.75,
    "volume" : 1600220.00
  }, {
    "date" : "2025-06-23",
    "price" : 563.30,
    "dma50" : 589.24,
    "dma100" : 589.86,
    "dma200" : 548.90,
    "volume" : 3003209.00
  }, {
    "date" : "2025-06-24",
    "price" : 562.75,
    "dma50" : 588.20,
    "dma100" : 590.70,
    "dma200" : 549.04,
    "volume" : 1484210.00
  }, {
    "date" : "2025-06-25",
    "price" : 560.30,
    "dma50" : 587.10,
    "dma100" : 591.63,
    "dma200" : 549.15,
    "volume" : 1546465.00
  }, {
    "date" : "2025-06-26",
    "price" : 557.90,
    "dma50" : 585.96,
    "dma100" : 592.30,
    "dma200" : 549.24,
    "volume" : 1399018.00
  }, {
    "date" : "2025-06-27",
    "price" : 560.25,
    "dma50" : 584.95,
    "dma100" : 592.96,
    "dma200" : 549.35,
    "volume" : 1125196.00
  }, {
    "date" : "2025-06-30",
    "price" : 565.25,
    "dma50" : 584.18,
    "dma100" : 593.57,
    "dma200" : 549.50,
    "volume" : 912121.00
  }, {
    "date" : "2025-07-01",
    "price" : 558.80,
    "dma50" : 583.18,
    "dma100" : 594.25,
    "dma200" : 549.60,
    "volume" : 2486429.00
  }, {
    "date" : "2025-07-02",
    "price" : 549.90,
    "dma50" : 581.88,
    "dma100" : 594.80,
    "dma200" : 549.60,
    "volume" : 1250047.00
  }, {
    "date" : "2025-07-03",
    "price" : 565.15,
    "dma50" : 581.22,
    "dma100" : 595.32,
    "dma200" : 549.75,
    "volume" : 2308751.00
  }, {
    "date" : "2025-07-04",
    "price" : 563.30,
    "dma50" : 580.52,
    "dma100" : 595.78,
    "dma200" : 549.89,
    "volume" : 1326352.00
  }, {
    "date" : "2025-07-07",
    "price" : 557.70,
    "dma50" : 579.62,
    "dma100" : 596.16,
    "dma200" : 549.97,
    "volume" : 647495.00
  }, {
    "date" : "2025-07-08",
    "price" : 554.05,
    "dma50" : 578.62,
    "dma100" : 596.14,
    "dma200" : 550.01,
    "volume" : 784045.00
  }, {
    "date" : "2025-07-09",
    "price" : 554.85,
    "dma50" : 577.69,
    "dma100" : 596.21,
    "dma200" : 550.06,
    "volume" : 760803.00
  }, {
    "date" : "2025-07-10",
    "price" : 550.65,
    "dma50" : 576.63,
    "dma100" : 596.46,
    "dma200" : 550.06,
    "volume" : 580683.00
  }, {
    "date" : "2025-07-11",
    "price" : 535.20,
    "dma50" : 575.00,
    "dma100" : 596.52,
    "dma200" : 549.91,
    "volume" : 1728781.00
  }, {
    "date" : "2025-07-14",
    "price" : 544.75,
    "dma50" : 573.82,
    "dma100" : 596.61,
    "dma200" : 549.86,
    "volume" : 979312.00
  }, {
    "date" : "2025-07-15",
    "price" : 553.40,
    "dma50" : 573.02,
    "dma100" : 596.86,
    "dma200" : 549.90,
    "volume" : 1275964.00
  }, {
    "date" : "2025-07-16",
    "price" : 552.10,
    "dma50" : 572.20,
    "dma100" : 596.96,
    "dma200" : 549.92,
    "volume" : 1105475.00
  }, {
    "date" : "2025-07-17",
    "price" : 554.90,
    "dma50" : 571.52,
    "dma100" : 597.14,
    "dma200" : 549.97,
    "volume" : 1145213.00
  }, {
    "date" : "2025-07-18",
    "price" : 548.65,
    "dma50" : 570.62,
    "dma100" : 597.25,
    "dma200" : 549.96,
    "volume" : 1186685.00
  }, {
    "date" : "2025-07-21",
    "price" : 551.70,
    "dma50" : 569.88,
    "dma100" : 597.16,
    "dma200" : 549.97,
    "volume" : 932094.00
  }, {
    "date" : "2025-07-22",
    "price" : 550.20,
    "dma50" : 569.11,
    "dma100" : 597.16,
    "dma200" : 549.98,
    "volume" : 772961.00
  }, {
    "date" : "2025-07-23",
    "price" : 558.90,
    "dma50" : 568.71,
    "dma100" : 597.37,
    "dma200" : 550.06,
    "volume" : 1563887.00
  }, {
    "date" : "2025-07-24",
    "price" : 554.45,
    "dma50" : 568.15,
    "dma100" : 597.27,
    "dma200" : 550.11,
    "volume" : 1958135.00
  }, {
    "date" : "2025-07-25",
    "price" : 538.00,
    "dma50" : 566.97,
    "dma100" : 596.90,
    "dma200" : 549.99,
    "volume" : 1509146.00
  }, {
    "date" : "2025-07-28",
    "price" : 529.90,
    "dma50" : 565.51,
    "dma100" : 596.87,
    "dma200" : 549.79,
    "volume" : 1607652.00
  }, {
    "date" : "2025-07-29",
    "price" : 532.70,
    "dma50" : 564.23,
    "dma100" : 596.74,
    "dma200" : 549.62,
    "volume" : 1208665.00
  }, {
    "date" : "2025-07-30",
    "price" : 538.20,
    "dma50" : 563.21,
    "dma100" : 596.76,
    "dma200" : 549.50,
    "volume" : 2731792.00
  }, {
    "date" : "2025-07-31",
    "price" : 514.90,
    "dma50" : 561.31,
    "dma100" : 596.20,
    "dma200" : 549.16,
    "volume" : 7749712.00
  }, {
    "date" : "2025-08-01",
    "price" : 518.30,
    "dma50" : 559.62,
    "dma100" : 595.61,
    "dma200" : 548.85,
    "volume" : 15341335.00
  }, {
    "date" : "2025-08-04",
    "price" : 532.15,
    "dma50" : 558.55,
    "dma100" : 595.22,
    "dma200" : 548.69,
    "volume" : 2830548.00
  }, {
    "date" : "2025-08-05",
    "price" : 567.50,
    "dma50" : 558.90,
    "dma100" : 595.16,
    "dma200" : 548.87,
    "volume" : 12354804.00
  }, {
    "date" : "2025-08-06",
    "price" : 569.50,
    "dma50" : 559.31,
    "dma100" : 595.22,
    "dma200" : 549.08,
    "volume" : 3341574.00
  }, {
    "date" : "2025-08-07",
    "price" : 561.65,
    "dma50" : 559.41,
    "dma100" : 595.18,
    "dma200" : 549.20,
    "volume" : 1820972.00
  }, {
    "date" : "2025-08-08",
    "price" : 530.55,
    "dma50" : 558.27,
    "dma100" : 594.92,
    "dma200" : 549.02,
    "volume" : 3161841.00
  }, {
    "date" : "2025-08-11",
    "price" : 522.25,
    "dma50" : 556.86,
    "dma100" : 594.35,
    "dma200" : 548.75,
    "volume" : 1523541.00
  }, {
    "date" : "2025-08-12",
    "price" : 536.65,
    "dma50" : 556.07,
    "dma100" : 594.03,
    "dma200" : 548.63,
    "volume" : 1592570.00
  }, {
    "date" : "2025-08-13",
    "price" : 527.30,
    "dma50" : 554.94,
    "dma100" : 593.44,
    "dma200" : 548.42,
    "volume" : 1051783.00
  }, {
    "date" : "2025-08-14",
    "price" : 528.60,
    "dma50" : 553.91,
    "dma100" : 592.93,
    "dma200" : 548.22,
    "volume" : 859197.00
  }, {
    "date" : "2025-08-18",
    "price" : 534.75,
    "dma50" : 553.16,
    "dma100" : 592.30,
    "dma200" : 548.09,
    "volume" : 903762.00
  }, {
    "date" : "2025-08-19",
    "price" : 549.85,
    "dma50" : 553.03,
    "dma100" : 591.61,
    "dma200" : 548.11,
    "volume" : 2231342.00
  }, {
    "date" : "2025-08-20",
    "price" : 562.95,
    "dma50" : 553.42,
    "dma100" : 591.09,
    "dma200" : 548.25,
    "volume" : 2277699.00
  }, {
    "date" : "2025-08-21",
    "price" : 562.65,
    "dma50" : 553.78,
    "dma100" : 590.54,
    "dma200" : 548.40,
    "volume" : 911790.00
  }, {
    "date" : "2025-08-22",
    "price" : 561.55,
    "dma50" : 554.08,
    "dma100" : 589.96,
    "dma200" : 548.53,
    "volume" : 976266.00
  }, {
    "date" : "2025-08-25",
    "price" : 555.70,
    "dma50" : 554.15,
    "dma100" : 589.26,
    "dma200" : 548.60,
    "volume" : 770724.00
  }, {
    "date" : "2025-08-26",
    "price" : 552.70,
    "dma50" : 554.09,
    "dma100" : 588.58,
    "dma200" : 548.64,
    "volume" : 1036187.00
  }, {
    "date" : "2025-08-28",
    "price" : 541.75,
    "dma50" : 553.61,
    "dma100" : 587.65,
    "dma200" : 548.57,
    "volume" : 526792.00
  }, {
    "date" : "2025-08-29",
    "price" : 540.10,
    "dma50" : 553.08,
    "dma100" : 586.76,
    "dma200" : 548.49,
    "volume" : 986516.00
  }, {
    "date" : "2025-09-01",
    "price" : 544.85,
    "dma50" : 552.75,
    "dma100" : 585.96,
    "dma200" : 548.45,
    "volume" : 487153.00
  }, {
    "date" : "2025-09-02",
    "price" : 559.05,
    "dma50" : 553.00,
    "dma100" : 585.42,
    "dma200" : 548.56,
    "volume" : 1990236.00
  }, {
    "date" : "2025-09-03",
    "price" : 569.75,
    "dma50" : 553.66,
    "dma100" : 584.81,
    "dma200" : 548.77,
    "volume" : 4067300.00
  }, {
    "date" : "2025-09-04",
    "price" : 557.65,
    "dma50" : 553.81,
    "dma100" : 584.00,
    "dma200" : 548.85,
    "volume" : 1626654.00
  }, {
    "date" : "2025-09-05",
    "price" : 553.40,
    "dma50" : 553.80,
    "dma100" : 583.08,
    "dma200" : 548.90,
    "volume" : 761254.00
  }, {
    "date" : "2025-09-08",
    "price" : 549.55,
    "dma50" : 553.63,
    "dma100" : 581.94,
    "dma200" : 548.91,
    "volume" : 922221.00
  }, {
    "date" : "2025-09-09",
    "price" : 537.90,
    "dma50" : 553.01,
    "dma100" : 580.77,
    "dma200" : 548.80,
    "volume" : 2228952.00
  }, {
    "date" : "2025-09-10",
    "price" : 545.10,
    "dma50" : 552.70,
    "dma100" : 579.48,
    "dma200" : 548.76,
    "volume" : 1152923.00
  }, {
    "date" : "2025-09-11",
    "price" : 543.25,
    "dma50" : 552.33,
    "dma100" : 578.02,
    "dma200" : 548.71,
    "volume" : 655885.00
  }, {
    "date" : "2025-09-12",
    "price" : 539.25,
    "dma50" : 551.82,
    "dma100" : 576.56,
    "dma200" : 548.61,
    "volume" : 587056.00
  }, {
    "date" : "2025-09-15",
    "price" : 538.90,
    "dma50" : 551.31,
    "dma100" : 575.06,
    "dma200" : 548.51,
    "volume" : 588390.00
  }, {
    "date" : "2025-09-16",
    "price" : 545.45,
    "dma50" : 551.08,
    "dma100" : 573.64,
    "dma200" : 548.48,
    "volume" : 759500.00
  }, {
    "date" : "2025-09-17",
    "price" : 554.20,
    "dma50" : 551.21,
    "dma100" : 572.41,
    "dma200" : 548.54,
    "volume" : 1044867.00
  }, {
    "date" : "2025-09-18",
    "price" : 547.60,
    "dma50" : 551.06,
    "dma100" : 570.98,
    "dma200" : 548.53,
    "volume" : 543454.00
  }, {
    "date" : "2025-09-19",
    "price" : 543.20,
    "dma50" : 550.76,
    "dma100" : 569.49,
    "dma200" : 548.48,
    "volume" : 807752.00
  }, {
    "date" : "2025-09-22",
    "price" : 539.75,
    "dma50" : 550.32,
    "dma100" : 567.96,
    "dma200" : 548.39,
    "volume" : 453802.00
  }, {
    "date" : "2025-09-23",
    "price" : 537.10,
    "dma50" : 549.81,
    "dma100" : 566.38,
    "dma200" : 548.28,
    "volume" : 591175.00
  }, {
    "date" : "2025-09-24",
    "price" : 532.80,
    "dma50" : 549.14,
    "dma100" : 564.80,
    "dma200" : 548.13,
    "volume" : 687647.00
  }, {
    "date" : "2025-09-25",
    "price" : 527.90,
    "dma50" : 548.31,
    "dma100" : 562.82,
    "dma200" : 547.92,
    "volume" : 511223.00
  }, {
    "date" : "2025-09-26",
    "price" : 519.70,
    "dma50" : 547.18,
    "dma100" : 560.92,
    "dma200" : 547.64,
    "volume" : 789865.00
  }, {
    "date" : "2025-09-29",
    "price" : 508.40,
    "dma50" : 545.66,
    "dma100" : 559.09,
    "dma200" : 547.25,
    "volume" : 1282093.00
  }, {
    "date" : "2025-09-30",
    "price" : 510.75,
    "dma50" : 544.29,
    "dma100" : 557.26,
    "dma200" : 546.89,
    "volume" : 676645.00
  }, {
    "date" : "2025-10-01",
    "price" : 510.60,
    "dma50" : 542.97,
    "dma100" : 555.47,
    "dma200" : 546.53,
    "volume" : 659486.00
  }, {
    "date" : "2025-10-03",
    "price" : 519.70,
    "dma50" : 542.06,
    "dma100" : 554.09,
    "dma200" : 546.26,
    "volume" : 884767.00
  }, {
    "date" : "2025-10-06",
    "price" : 516.95,
    "dma50" : 541.08,
    "dma100" : 552.78,
    "dma200" : 545.97,
    "volume" : 443246.00
  }, {
    "date" : "2025-10-07",
    "price" : 510.65,
    "dma50" : 539.88,
    "dma100" : 551.53,
    "dma200" : 545.62,
    "volume" : 487827.00
  }, {
    "date" : "2025-10-08",
    "price" : 510.35,
    "dma50" : 538.72,
    "dma100" : 550.31,
    "dma200" : 545.27,
    "volume" : 409090.00
  }, {
    "date" : "2025-10-09",
    "price" : 507.05,
    "dma50" : 537.48,
    "dma100" : 549.16,
    "dma200" : 544.89,
    "volume" : 610528.00
  }, {
    "date" : "2025-10-10",
    "price" : 498.35,
    "dma50" : 535.95,
    "dma100" : 548.11,
    "dma200" : 544.42,
    "volume" : 1042584.00
  }, {
    "date" : "2025-10-13",
    "price" : 499.10,
    "dma50" : 534.50,
    "dma100" : 547.06,
    "dma200" : 543.97,
    "volume" : 486207.00
  }, {
    "date" : "2025-10-14",
    "price" : 483.20,
    "dma50" : 532.49,
    "dma100" : 545.99,
    "dma200" : 543.37,
    "volume" : 1005147.00
  }, {
    "date" : "2025-10-15",
    "price" : 485.05,
    "dma50" : 530.63,
    "dma100" : 544.89,
    "dma200" : 542.79,
    "volume" : 640515.00
  }, {
    "date" : "2025-10-16",
    "price" : 490.25,
    "dma50" : 529.05,
    "dma100" : 543.93,
    "dma200" : 542.27,
    "volume" : 873671.00
  }, {
    "date" : "2025-10-17",
    "price" : 484.15,
    "dma50" : 527.29,
    "dma100" : 542.83,
    "dma200" : 541.69,
    "volume" : 481158.00
  }, {
    "date" : "2025-10-20",
    "price" : 483.05,
    "dma50" : 525.55,
    "dma100" : 541.84,
    "dma200" : 541.10,
    "volume" : 641856.00
  }, {
    "date" : "2025-10-21",
    "price" : 488.65,
    "dma50" : 524.10,
    "dma100" : 540.86,
    "dma200" : 540.58,
    "volume" : 100458.00
  }, {
    "date" : "2025-10-23",
    "price" : 494.65,
    "dma50" : 522.95,
    "dma100" : 540.30,
    "dma200" : 540.12,
    "volume" : 1067544.00
  }, {
    "date" : "2025-10-24",
    "price" : 488.00,
    "dma50" : 521.58,
    "dma100" : 539.63,
    "dma200" : 539.61,
    "volume" : 630458.00
  }, {
    "date" : "2025-10-27",
    "price" : 486.85,
    "dma50" : 520.22,
    "dma100" : 538.88,
    "dma200" : 539.08,
    "volume" : 551235.00
  }, {
    "date" : "2025-10-28",
    "price" : 487.40,
    "dma50" : 518.93,
    "dma100" : 538.16,
    "dma200" : 538.57,
    "volume" : 948489.00
  }, {
    "date" : "2025-10-29",
    "price" : 495.40,
    "dma50" : 518.01,
    "dma100" : 537.58,
    "dma200" : 538.14,
    "volume" : 738552.00
  }, {
    "date" : "2025-10-30",
    "price" : 484.60,
    "dma50" : 516.70,
    "dma100" : 537.03,
    "dma200" : 537.60,
    "volume" : 1050390.00
  }, {
    "date" : "2025-10-31",
    "price" : 480.85,
    "dma50" : 515.29,
    "dma100" : 536.32,
    "dma200" : 537.04,
    "volume" : 1162215.00
  }, {
    "date" : "2025-11-03",
    "price" : 488.30,
    "dma50" : 514.23,
    "dma100" : 535.55,
    "dma200" : 536.56,
    "volume" : 601946.00
  }, {
    "date" : "2025-11-04",
    "price" : 481.50,
    "dma50" : 512.95,
    "dma100" : 534.72,
    "dma200" : 536.01,
    "volume" : 792045.00
  }, {
    "date" : "2025-11-06",
    "price" : 484.70,
    "dma50" : 511.84,
    "dma100" : 534.12,
    "dma200" : 535.50,
    "volume" : 1663904.00
  }, {
    "date" : "2025-11-07",
    "price" : 479.85,
    "dma50" : 510.59,
    "dma100" : 533.43,
    "dma200" : 534.94,
    "volume" : 832657.00
  }, {
    "date" : "2025-11-10",
    "price" : 468.85,
    "dma50" : 508.95,
    "dma100" : 532.53,
    "dma200" : 534.29,
    "volume" : 1301683.00
  }, {
    "date" : "2025-11-11",
    "price" : 464.00,
    "dma50" : 507.19,
    "dma100" : 531.62,
    "dma200" : 533.59,
    "volume" : 1293529.00
  }, {
    "date" : "2025-11-12",
    "price" : 466.60,
    "dma50" : 505.60,
    "dma100" : 530.77,
    "dma200" : 532.92,
    "volume" : 2005701.00
  }, {
    "date" : "2025-11-13",
    "price" : 466.10,
    "dma50" : 504.05,
    "dma100" : 530.00,
    "dma200" : 532.25,
    "volume" : 1614097.00
  }, {
    "date" : "2025-11-14",
    "price" : 463.55,
    "dma50" : 502.46,
    "dma100" : 529.12,
    "dma200" : 531.57,
    "volume" : 1143211.00
  }, {
    "date" : "2025-11-17",
    "price" : 469.30,
    "dma50" : 501.16,
    "dma100" : 528.18,
    "dma200" : 530.95,
    "volume" : 1257430.00
  }, {
    "date" : "2025-11-18",
    "price" : 464.00,
    "dma50" : 499.70,
    "dma100" : 527.20,
    "dma200" : 530.29,
    "volume" : 1305913.00
  }, {
    "date" : "2025-11-19",
    "price" : 457.25,
    "dma50" : 498.04,
    "dma100" : 526.17,
    "dma200" : 529.56,
    "volume" : 1136080.00
  }, {
    "date" : "2025-11-20",
    "price" : 457.50,
    "dma50" : 496.45,
    "dma100" : 525.16,
    "dma200" : 528.84,
    "volume" : 878141.00
  }, {
    "date" : "2025-11-21",
    "price" : 459.15,
    "dma50" : 494.98,
    "dma100" : 524.15,
    "dma200" : 528.15,
    "volume" : 669636.00
  }, {
    "date" : "2025-11-24",
    "price" : 440.45,
    "dma50" : 492.85,
    "dma100" : 522.90,
    "dma200" : 527.28,
    "volume" : 1908281.00
  }, {
    "date" : "2025-11-25",
    "price" : 446.70,
    "dma50" : 491.04,
    "dma100" : 521.78,
    "dma200" : 526.47,
    "volume" : 1016065.00
  }, {
    "date" : "2025-11-26",
    "price" : 442.15,
    "dma50" : 489.12,
    "dma100" : 520.70,
    "dma200" : 525.63,
    "volume" : 1090282.00
  }, {
    "date" : "2025-11-27",
    "price" : 442.60,
    "dma50" : 487.29,
    "dma100" : 519.48,
    "dma200" : 524.81,
    "volume" : 560722.00
  }, {
    "date" : "2025-11-28",
    "price" : 440.15,
    "dma50" : 485.45,
    "dma100" : 518.25,
    "dma200" : 523.97,
    "volume" : 819832.00
  }, {
    "date" : "2025-12-01",
    "price" : 441.70,
    "dma50" : 483.73,
    "dma100" : 517.09,
    "dma200" : 523.15,
    "volume" : 664617.00
  }, {
    "date" : "2025-12-02",
    "price" : 438.95,
    "dma50" : 481.97,
    "dma100" : 515.94,
    "dma200" : 522.31,
    "volume" : 1172999.00
  }, {
    "date" : "2025-12-03",
    "price" : 434.35,
    "dma50" : 480.11,
    "dma100" : 514.73,
    "dma200" : 521.43,
    "volume" : 776991.00
  }, {
    "date" : "2025-12-04",
    "price" : 433.40,
    "dma50" : 478.27,
    "dma100" : 513.56,
    "dma200" : 520.56,
    "volume" : 543805.00
  }, {
    "date" : "2025-12-05",
    "price" : 431.85,
    "dma50" : 476.45,
    "dma100" : 512.52,
    "dma200" : 519.68,
    "volume" : 981148.00
  } ],
  "latestTechnicalAttributes" : {
    "date" : "2025-12-05",
    "price" : 431.85,
    "dma50" : 476.45,
    "dma100" : 512.52,
    "dma200" : 519.68,
    "volume" : 981148.00
  },
  "quarterlyResults" : [ {
    "date" : "2005-03-31",
    "sales" : 463.09,
    "salesGrowthYoY" : null,
    "grossProfitMargin" : 35.54,
    "grossProfit" : 164.58,
    "operatingProfitMargin" : 14.09,
    "operatingProfit" : 65.25,
    "netProfitMargin" : 9.74,
    "netProfit" : 45.10
  }, {
    "date" : "2005-06-30",
    "sales" : 472.63,
    "salesGrowthYoY" : null,
    "grossProfitMargin" : 42.55,
    "grossProfit" : 201.10,
    "operatingProfitMargin" : 17.58,
    "operatingProfit" : 83.09,
    "netProfitMargin" : 5.13,
    "netProfit" : 24.25
  }, {
    "date" : "2005-09-30",
    "sales" : 710.65,
    "salesGrowthYoY" : null,
    "grossProfitMargin" : 34.97,
    "grossProfit" : 248.51,
    "operatingProfitMargin" : 16.07,
    "operatingProfit" : 114.20,
    "netProfitMargin" : 6.55,
    "netProfit" : 46.55
  }, {
    "date" : "2005-12-31",
    "sales" : 1051.76,
    "salesGrowthYoY" : null,
    "grossProfitMargin" : 24.50,
    "grossProfit" : 257.68,
    "operatingProfitMargin" : 15.06,
    "operatingProfit" : 158.40,
    "netProfitMargin" : 7.41,
    "netProfit" : 77.94
  }, {
    "date" : "2006-03-31",
    "sales" : 505.58,
    "salesGrowthYoY" : 9.18,
    "grossProfitMargin" : 47.04,
    "grossProfit" : 237.82,
    "operatingProfitMargin" : 16.63,
    "operatingProfit" : 84.08,
    "netProfitMargin" : 5.38,
    "netProfit" : 27.20
  }, {
    "date" : "2006-06-30",
    "sales" : 532.67,
    "salesGrowthYoY" : 12.70,
    "grossProfitMargin" : 40.63,
    "grossProfit" : 216.42,
    "operatingProfitMargin" : 20.50,
    "operatingProfit" : 109.20,
    "netProfitMargin" : 6.00,
    "netProfit" : 31.96
  }, {
    "date" : "2006-09-30",
    "sales" : 778.11,
    "salesGrowthYoY" : 9.49,
    "grossProfitMargin" : 31.14,
    "grossProfit" : 242.30,
    "operatingProfitMargin" : 15.63,
    "operatingProfit" : 121.62,
    "netProfitMargin" : 4.96,
    "netProfit" : 38.59
  }, {
    "date" : "2006-12-31",
    "sales" : 792.22,
    "salesGrowthYoY" : -24.68,
    "grossProfitMargin" : 32.07,
    "grossProfit" : 254.06,
    "operatingProfitMargin" : 17.13,
    "operatingProfit" : 135.71,
    "netProfitMargin" : 7.21,
    "netProfit" : 57.12
  }, {
    "date" : "2007-03-31",
    "sales" : 488.31,
    "salesGrowthYoY" : -3.42,
    "grossProfitMargin" : 46.81,
    "grossProfit" : 228.58,
    "operatingProfitMargin" : 17.64,
    "operatingProfit" : 86.14,
    "netProfitMargin" : 1.68,
    "netProfit" : 8.20
  }, {
    "date" : "2007-06-30",
    "sales" : 595.11,
    "salesGrowthYoY" : 11.72,
    "grossProfitMargin" : 43.71,
    "grossProfit" : 260.12,
    "operatingProfitMargin" : 18.57,
    "operatingProfit" : 110.51,
    "netProfitMargin" : 10.37,
    "netProfit" : 61.71
  }, {
    "date" : "2007-09-30",
    "sales" : 720.74,
    "salesGrowthYoY" : -7.37,
    "grossProfitMargin" : 35.64,
    "grossProfit" : 256.87,
    "operatingProfitMargin" : 16.23,
    "operatingProfit" : 116.98,
    "netProfitMargin" : 8.24,
    "netProfit" : 59.39
  }, {
    "date" : "2007-12-31",
    "sales" : 806.47,
    "salesGrowthYoY" : 1.80,
    "grossProfitMargin" : 35.83,
    "grossProfit" : 288.96,
    "operatingProfitMargin" : 17.78,
    "operatingProfit" : 143.39,
    "netProfitMargin" : 7.76,
    "netProfit" : 62.58
  }, {
    "date" : "2008-03-31",
    "sales" : 596.95,
    "salesGrowthYoY" : 22.25,
    "grossProfitMargin" : 44.86,
    "grossProfit" : 267.79,
    "operatingProfitMargin" : 11.35,
    "operatingProfit" : 67.75,
    "netProfitMargin" : 3.25,
    "netProfit" : 19.40
  }, {
    "date" : "2008-06-30",
    "sales" : 809.16,
    "salesGrowthYoY" : 35.97,
    "grossProfitMargin" : 36.38,
    "grossProfit" : 294.37,
    "operatingProfitMargin" : 17.90,
    "operatingProfit" : 144.84,
    "netProfitMargin" : 4.40,
    "netProfit" : 35.60
  }, {
    "date" : "2008-09-30",
    "sales" : 1734.44,
    "salesGrowthYoY" : 140.65,
    "grossProfitMargin" : 21.54,
    "grossProfit" : 373.60,
    "operatingProfitMargin" : 8.90,
    "operatingProfit" : 154.37,
    "netProfitMargin" : 2.74,
    "netProfit" : 47.52
  }, {
    "date" : "2008-12-31",
    "sales" : 1242.18,
    "salesGrowthYoY" : 54.03,
    "grossProfitMargin" : 31.98,
    "grossProfit" : 397.25,
    "operatingProfitMargin" : 15.55,
    "operatingProfit" : 193.16,
    "netProfitMargin" : 5.77,
    "netProfit" : 71.67
  }, {
    "date" : "2009-03-31",
    "sales" : 871.27,
    "salesGrowthYoY" : 45.95,
    "grossProfitMargin" : 38.09,
    "grossProfit" : 331.87,
    "operatingProfitMargin" : 19.15,
    "operatingProfit" : 166.85,
    "netProfitMargin" : 3.58,
    "netProfit" : 31.19
  }, {
    "date" : "2009-06-30",
    "sales" : 777.77,
    "salesGrowthYoY" : -3.88,
    "grossProfitMargin" : 36.83,
    "grossProfit" : 286.45,
    "operatingProfitMargin" : 18.51,
    "operatingProfit" : 143.97,
    "netProfitMargin" : 6.73,
    "netProfit" : 52.34
  }, {
    "date" : "2009-09-30",
    "sales" : 963.83,
    "salesGrowthYoY" : -44.43,
    "grossProfitMargin" : 38.08,
    "grossProfit" : 367.03,
    "operatingProfitMargin" : 17.90,
    "operatingProfit" : 172.53,
    "netProfitMargin" : 6.70,
    "netProfit" : 64.58
  }, {
    "date" : "2009-12-31",
    "sales" : 1146.06,
    "salesGrowthYoY" : -7.74,
    "grossProfitMargin" : 30.74,
    "grossProfit" : 352.30,
    "operatingProfitMargin" : 16.53,
    "operatingProfit" : 189.44,
    "netProfitMargin" : 6.96,
    "netProfit" : 79.77
  }, {
    "date" : "2010-03-31",
    "sales" : 715.80,
    "salesGrowthYoY" : -17.84,
    "grossProfitMargin" : 44.15,
    "grossProfit" : 316.03,
    "operatingProfitMargin" : 20.46,
    "operatingProfit" : 146.45,
    "netProfitMargin" : 6.90,
    "netProfit" : 49.39
  }, {
    "date" : "2010-06-30",
    "sales" : 960.53,
    "salesGrowthYoY" : 23.50,
    "grossProfitMargin" : 37.21,
    "grossProfit" : 357.41,
    "operatingProfitMargin" : 17.65,
    "operatingProfit" : 169.53,
    "netProfitMargin" : 6.41,
    "netProfit" : 61.57
  }, {
    "date" : "2010-09-30",
    "sales" : 1541.53,
    "salesGrowthYoY" : 59.94,
    "grossProfitMargin" : 27.56,
    "grossProfit" : 424.85,
    "operatingProfitMargin" : 13.58,
    "operatingProfit" : 209.34,
    "netProfitMargin" : 5.58,
    "netProfit" : 86.02
  }, {
    "date" : "2010-12-31",
    "sales" : 1358.12,
    "salesGrowthYoY" : 18.50,
    "grossProfitMargin" : 30.44,
    "grossProfit" : 413.41,
    "operatingProfitMargin" : 16.88,
    "operatingProfit" : 229.25,
    "netProfitMargin" : 7.91,
    "netProfit" : 107.43
  }, {
    "date" : "2011-03-31",
    "sales" : 809.82,
    "salesGrowthYoY" : 13.13,
    "grossProfitMargin" : 62.08,
    "grossProfit" : 502.74,
    "operatingProfitMargin" : 15.61,
    "operatingProfit" : 126.41,
    "netProfitMargin" : 8.36,
    "netProfit" : 67.70
  }, {
    "date" : "2011-06-30",
    "sales" : 1152.14,
    "salesGrowthYoY" : 19.95,
    "grossProfitMargin" : 32.78,
    "grossProfit" : 377.67,
    "operatingProfitMargin" : 13.95,
    "operatingProfit" : 160.72,
    "netProfitMargin" : 5.53,
    "netProfit" : 63.71
  }, {
    "date" : "2011-09-30",
    "sales" : 1640.96,
    "salesGrowthYoY" : 6.45,
    "grossProfitMargin" : 27.58,
    "grossProfit" : 452.58,
    "operatingProfitMargin" : 11.59,
    "operatingProfit" : 190.19,
    "netProfitMargin" : 5.59,
    "netProfit" : 91.73
  }, {
    "date" : "2011-12-31",
    "sales" : 1784.85,
    "salesGrowthYoY" : 31.42,
    "grossProfitMargin" : 25.45,
    "grossProfit" : 454.24,
    "operatingProfitMargin" : 11.15,
    "operatingProfit" : 199.01,
    "netProfitMargin" : -0.07,
    "netProfit" : -1.25
  }, {
    "date" : "2012-03-31",
    "sales" : 1883.34,
    "salesGrowthYoY" : 132.56,
    "grossProfitMargin" : 28.30,
    "grossProfit" : 532.99,
    "operatingProfitMargin" : 12.57,
    "operatingProfit" : 236.74,
    "netProfitMargin" : 4.95,
    "netProfit" : 93.23
  }, {
    "date" : "2012-06-30",
    "sales" : 1365.65,
    "salesGrowthYoY" : 18.53,
    "grossProfitMargin" : 31.71,
    "grossProfit" : 433.05,
    "operatingProfitMargin" : 13.70,
    "operatingProfit" : 187.09,
    "netProfitMargin" : 5.64,
    "netProfit" : 77.02
  }, {
    "date" : "2012-09-30",
    "sales" : 2341.76,
    "salesGrowthYoY" : 42.71,
    "grossProfitMargin" : 21.69,
    "grossProfit" : 507.93,
    "operatingProfitMargin" : 8.33,
    "operatingProfit" : 195.07,
    "netProfitMargin" : 4.32,
    "netProfit" : 101.16
  }, {
    "date" : "2012-12-31",
    "sales" : 2089.23,
    "salesGrowthYoY" : 17.05,
    "grossProfitMargin" : 23.42,
    "grossProfit" : 489.30,
    "operatingProfitMargin" : 10.07,
    "operatingProfit" : 210.39,
    "netProfitMargin" : 4.60,
    "netProfit" : 96.10
  }, {
    "date" : "2013-03-31",
    "sales" : 1544.18,
    "salesGrowthYoY" : -18.01,
    "grossProfitMargin" : 28.63,
    "grossProfit" : 442.10,
    "operatingProfitMargin" : 8.11,
    "operatingProfit" : 125.23,
    "netProfitMargin" : 1.49,
    "netProfit" : 23.01
  }, {
    "date" : "2013-06-30",
    "sales" : 1689.63,
    "salesGrowthYoY" : 23.72,
    "grossProfitMargin" : 27.09,
    "grossProfit" : 457.72,
    "operatingProfitMargin" : 7.67,
    "operatingProfit" : 129.59,
    "netProfitMargin" : 6.69,
    "netProfit" : 113.04
  }, {
    "date" : "2013-09-30",
    "sales" : 2490.28,
    "salesGrowthYoY" : 6.34,
    "grossProfitMargin" : 22.58,
    "grossProfit" : 562.31,
    "operatingProfitMargin" : 7.76,
    "operatingProfit" : 193.25,
    "netProfitMargin" : 3.78,
    "netProfit" : 94.13
  }, {
    "date" : "2013-12-31",
    "sales" : 2359.88,
    "salesGrowthYoY" : 12.95,
    "grossProfitMargin" : 24.88,
    "grossProfit" : 587.14,
    "operatingProfitMargin" : 9.88,
    "operatingProfit" : 233.16,
    "netProfitMargin" : 3.83,
    "netProfit" : 90.38
  }, {
    "date" : "2014-03-31",
    "sales" : 1442.10,
    "salesGrowthYoY" : -6.61,
    "grossProfitMargin" : 29.19,
    "grossProfit" : 420.95,
    "operatingProfitMargin" : 4.00,
    "operatingProfit" : 57.68,
    "netProfitMargin" : 0.39,
    "netProfit" : 5.62
  }, {
    "date" : "2014-06-30",
    "sales" : 1996.23,
    "salesGrowthYoY" : 18.15,
    "grossProfitMargin" : 25.99,
    "grossProfit" : 518.82,
    "operatingProfitMargin" : 9.08,
    "operatingProfit" : 181.26,
    "netProfitMargin" : 4.05,
    "netProfit" : 80.85
  }, {
    "date" : "2014-09-30",
    "sales" : 2508.16,
    "salesGrowthYoY" : 0.72,
    "grossProfitMargin" : 25.09,
    "grossProfit" : 629.30,
    "operatingProfitMargin" : 9.88,
    "operatingProfit" : 247.81,
    "netProfitMargin" : 4.58,
    "netProfit" : 114.87
  }, {
    "date" : "2014-12-31",
    "sales" : 2824.65,
    "salesGrowthYoY" : 19.69,
    "grossProfitMargin" : 23.71,
    "grossProfit" : 669.72,
    "operatingProfitMargin" : 8.10,
    "operatingProfit" : 228.80,
    "netProfitMargin" : 5.12,
    "netProfit" : 144.62
  }, {
    "date" : "2015-03-31",
    "sales" : 1553.11,
    "salesGrowthYoY" : 7.70,
    "grossProfitMargin" : 29.60,
    "grossProfit" : 459.72,
    "operatingProfitMargin" : 2.90,
    "operatingProfit" : 45.04,
    "netProfitMargin" : -0.26,
    "netProfit" : -4.04
  }, {
    "date" : "2015-06-30",
    "sales" : 2348.06,
    "salesGrowthYoY" : 17.62,
    "grossProfitMargin" : 25.49,
    "grossProfit" : 598.52,
    "operatingProfitMargin" : 10.09,
    "operatingProfit" : 236.92,
    "netProfitMargin" : 6.37,
    "netProfit" : 149.57
  }, {
    "date" : "2015-09-30",
    "sales" : 2747.59,
    "salesGrowthYoY" : 9.55,
    "grossProfitMargin" : 23.22,
    "grossProfit" : 637.99,
    "operatingProfitMargin" : 8.82,
    "operatingProfit" : 242.34,
    "netProfitMargin" : 4.28,
    "netProfit" : 117.60
  }, {
    "date" : "2015-12-31",
    "sales" : 2826.89,
    "salesGrowthYoY" : 0.08,
    "grossProfitMargin" : 24.98,
    "grossProfit" : 706.16,
    "operatingProfitMargin" : 10.22,
    "operatingProfit" : 288.91,
    "netProfitMargin" : 2.78,
    "netProfit" : 78.59
  }, {
    "date" : "2016-03-31",
    "sales" : 1404.71,
    "salesGrowthYoY" : -9.56,
    "grossProfitMargin" : 23.19,
    "grossProfit" : 325.75,
    "operatingProfitMargin" : 2.29,
    "operatingProfit" : 32.17,
    "netProfitMargin" : -3.60,
    "netProfit" : -50.57
  }, {
    "date" : "2016-06-30",
    "sales" : 1795.28,
    "salesGrowthYoY" : -23.54,
    "grossProfitMargin" : 24.18,
    "grossProfit" : 434.10,
    "operatingProfitMargin" : 11.78,
    "operatingProfit" : 211.48,
    "netProfitMargin" : 7.83,
    "netProfit" : 140.57
  }, {
    "date" : "2016-09-30",
    "sales" : 2164.40,
    "salesGrowthYoY" : -21.23,
    "grossProfitMargin" : 32.97,
    "grossProfit" : 713.60,
    "operatingProfitMargin" : 10.25,
    "operatingProfit" : 221.85,
    "netProfitMargin" : 5.87,
    "netProfit" : 127.05
  }, {
    "date" : "2016-12-31",
    "sales" : 2378.22,
    "salesGrowthYoY" : -15.87,
    "grossProfitMargin" : 29.70,
    "grossProfit" : 706.33,
    "operatingProfitMargin" : 8.57,
    "operatingProfit" : 203.81,
    "netProfitMargin" : 5.47,
    "netProfit" : 130.09
  }, {
    "date" : "2017-03-31",
    "sales" : 1072.76,
    "salesGrowthYoY" : -23.63,
    "grossProfitMargin" : 53.23,
    "grossProfit" : 571.03,
    "operatingProfitMargin" : 4.94,
    "operatingProfit" : 52.99,
    "netProfitMargin" : 2.53,
    "netProfit" : 27.14
  }, {
    "date" : "2017-06-30",
    "sales" : 1966.29,
    "salesGrowthYoY" : 9.53,
    "grossProfitMargin" : 32.84,
    "grossProfit" : 645.73,
    "operatingProfitMargin" : 9.58,
    "operatingProfit" : 188.37,
    "netProfitMargin" : 7.13,
    "netProfit" : 140.20
  }, {
    "date" : "2017-09-30",
    "sales" : 2107.80,
    "salesGrowthYoY" : -2.62,
    "grossProfitMargin" : 36.66,
    "grossProfit" : 772.72,
    "operatingProfitMargin" : 10.36,
    "operatingProfit" : 218.37,
    "netProfitMargin" : 6.70,
    "netProfit" : 141.22
  }, {
    "date" : "2017-12-31",
    "sales" : 2330.10,
    "salesGrowthYoY" : -2.02,
    "grossProfitMargin" : 34.39,
    "grossProfit" : 801.32,
    "operatingProfitMargin" : 12.72,
    "operatingProfit" : 296.39,
    "netProfitMargin" : 6.40,
    "netProfit" : 149.13
  }, {
    "date" : "2018-03-31",
    "sales" : 1056.93,
    "salesGrowthYoY" : -1.48,
    "grossProfitMargin" : 57.59,
    "grossProfit" : 608.69,
    "operatingProfitMargin" : 7.08,
    "operatingProfit" : 74.83,
    "netProfitMargin" : 4.69,
    "netProfit" : 49.57
  }, {
    "date" : "2018-06-30",
    "sales" : 2190.36,
    "salesGrowthYoY" : 11.40,
    "grossProfitMargin" : 38.09,
    "grossProfit" : 834.31,
    "operatingProfitMargin" : 10.47,
    "operatingProfit" : 229.33,
    "netProfitMargin" : 7.09,
    "netProfit" : 155.30
  }, {
    "date" : "2018-09-30",
    "sales" : 2486.09,
    "salesGrowthYoY" : 17.95,
    "grossProfitMargin" : 35.31,
    "grossProfit" : 877.84,
    "operatingProfitMargin" : 8.34,
    "operatingProfit" : 207.34,
    "netProfitMargin" : 5.83,
    "netProfit" : 144.94
  }, {
    "date" : "2018-12-31",
    "sales" : 2807.21,
    "salesGrowthYoY" : 20.48,
    "grossProfitMargin" : 35.15,
    "grossProfit" : 986.73,
    "operatingProfitMargin" : 12.76,
    "operatingProfit" : 358.20,
    "netProfitMargin" : 5.45,
    "netProfit" : 152.99
  }, {
    "date" : "2019-03-31",
    "sales" : 2610.85,
    "salesGrowthYoY" : 147.02,
    "grossProfitMargin" : 50.32,
    "grossProfit" : 1313.78,
    "operatingProfitMargin" : 16.01,
    "operatingProfit" : 418.00,
    "netProfitMargin" : 9.49,
    "netProfit" : 247.77
  }, {
    "date" : "2019-06-30",
    "sales" : 2854.69,
    "salesGrowthYoY" : 30.33,
    "grossProfitMargin" : 42.81,
    "grossProfit" : 1222.09,
    "operatingProfitMargin" : 15.63,
    "operatingProfit" : 446.19,
    "netProfitMargin" : 8.26,
    "netProfit" : 235.80
  }, {
    "date" : "2019-09-30",
    "sales" : 3550.13,
    "salesGrowthYoY" : 42.80,
    "grossProfitMargin" : 40.94,
    "grossProfit" : 1453.42,
    "operatingProfitMargin" : 15.67,
    "operatingProfit" : 556.31,
    "netProfitMargin" : 10.57,
    "netProfit" : 375.25
  }, {
    "date" : "2019-12-31",
    "sales" : 3832.04,
    "salesGrowthYoY" : 36.51,
    "grossProfitMargin" : 40.14,
    "grossProfit" : 1538.18,
    "operatingProfitMargin" : 17.81,
    "operatingProfit" : 682.49,
    "netProfitMargin" : 12.16,
    "netProfit" : 465.98
  }, {
    "date" : "2020-03-31",
    "sales" : 1969.09,
    "salesGrowthYoY" : -24.58,
    "grossProfitMargin" : 56.00,
    "grossProfit" : 1102.69,
    "operatingProfitMargin" : 11.04,
    "operatingProfit" : 217.39,
    "netProfitMargin" : 5.14,
    "netProfit" : 101.21
  }, {
    "date" : "2020-06-30",
    "sales" : 3218.67,
    "salesGrowthYoY" : 12.75,
    "grossProfitMargin" : 41.36,
    "grossProfit" : 1331.24,
    "operatingProfitMargin" : 18.37,
    "operatingProfit" : 591.27,
    "netProfitMargin" : 9.76,
    "netProfit" : 314.14
  }, {
    "date" : "2020-09-30",
    "sales" : 3986.94,
    "salesGrowthYoY" : 12.30,
    "grossProfitMargin" : 39.36,
    "grossProfit" : 1569.26,
    "operatingProfitMargin" : 19.37,
    "operatingProfit" : 772.27,
    "netProfitMargin" : 10.44,
    "netProfit" : 416.24
  }, {
    "date" : "2020-12-31",
    "sales" : 3872.64,
    "salesGrowthYoY" : 1.06,
    "grossProfitMargin" : 39.77,
    "grossProfit" : 1540.15,
    "operatingProfitMargin" : 20.32,
    "operatingProfit" : 786.92,
    "netProfitMargin" : 11.66,
    "netProfit" : 451.55
  }, {
    "date" : "2021-03-31",
    "sales" : 1640.76,
    "salesGrowthYoY" : -16.67,
    "grossProfitMargin" : 57.31,
    "grossProfit" : 940.32,
    "operatingProfitMargin" : 17.41,
    "operatingProfit" : 285.66,
    "netProfitMargin" : 10.07,
    "netProfit" : 165.22
  }, {
    "date" : "2021-06-30",
    "sales" : 3539.52,
    "salesGrowthYoY" : 9.97,
    "grossProfitMargin" : 40.80,
    "grossProfit" : 1444.12,
    "operatingProfitMargin" : 16.43,
    "operatingProfit" : 581.54,
    "netProfitMargin" : 9.67,
    "netProfit" : 342.27
  }, {
    "date" : "2021-09-30",
    "sales" : 4478.61,
    "salesGrowthYoY" : 12.33,
    "grossProfitMargin" : 37.25,
    "grossProfit" : 1668.28,
    "operatingProfitMargin" : 16.46,
    "operatingProfit" : 737.18,
    "netProfitMargin" : 9.51,
    "netProfit" : 425.92
  }, {
    "date" : "2021-12-31",
    "sales" : 4743.33,
    "salesGrowthYoY" : 22.48,
    "grossProfitMargin" : 36.69,
    "grossProfit" : 1740.33,
    "operatingProfitMargin" : 12.28,
    "operatingProfit" : 582.48,
    "netProfitMargin" : 6.86,
    "netProfit" : 325.39
  }, {
    "date" : "2022-03-31",
    "sales" : 3307.37,
    "salesGrowthYoY" : 101.58,
    "grossProfitMargin" : 48.76,
    "grossProfit" : 1612.67,
    "operatingProfitMargin" : 10.90,
    "operatingProfit" : 360.50,
    "netProfitMargin" : 5.85,
    "netProfit" : 193.48
  }, {
    "date" : "2022-06-30",
    "sales" : 7291.18,
    "salesGrowthYoY" : 105.99,
    "grossProfitMargin" : 28.59,
    "grossProfit" : 2084.55,
    "operatingProfitMargin" : 8.14,
    "operatingProfit" : 593.50,
    "netProfitMargin" : 5.57,
    "netProfit" : 406.12
  }, {
    "date" : "2022-09-30",
    "sales" : 8586.75,
    "salesGrowthYoY" : 91.73,
    "grossProfitMargin" : 26.49,
    "grossProfit" : 2274.63,
    "operatingProfitMargin" : 5.18,
    "operatingProfit" : 444.79,
    "netProfitMargin" : 2.80,
    "netProfit" : 240.43
  }, {
    "date" : "2022-12-31",
    "sales" : 8296.21,
    "salesGrowthYoY" : 74.90,
    "grossProfitMargin" : 27.96,
    "grossProfit" : 2319.62,
    "operatingProfitMargin" : 8.08,
    "operatingProfit" : 670.33,
    "netProfitMargin" : 3.91,
    "netProfit" : 324.38
  }, {
    "date" : "2023-03-31",
    "sales" : 3598.67,
    "salesGrowthYoY" : 8.81,
    "grossProfitMargin" : 38.62,
    "grossProfit" : 1389.81,
    "operatingProfitMargin" : 3.11,
    "operatingProfit" : 111.92,
    "netProfitMargin" : 2.72,
    "netProfit" : 97.88
  }, {
    "date" : "2023-06-30",
    "sales" : 5589.28,
    "salesGrowthYoY" : -23.34,
    "grossProfitMargin" : 34.95,
    "grossProfit" : 1953.45,
    "operatingProfitMargin" : 11.33,
    "operatingProfit" : 633.27,
    "netProfitMargin" : 8.40,
    "netProfit" : 469.50
  }, {
    "date" : "2023-09-30",
    "sales" : 5385.52,
    "salesGrowthYoY" : -37.28,
    "grossProfitMargin" : 36.55,
    "grossProfit" : 1968.41,
    "operatingProfitMargin" : 11.42,
    "operatingProfit" : 615.03,
    "netProfitMargin" : 6.91,
    "netProfit" : 372.14
  }, {
    "date" : "2023-12-31",
    "sales" : 4348.57,
    "salesGrowthYoY" : -47.58,
    "grossProfitMargin" : 43.95,
    "grossProfit" : 1911.20,
    "operatingProfitMargin" : 14.46,
    "operatingProfit" : 628.80,
    "netProfitMargin" : 9.28,
    "netProfit" : 403.55
  }, {
    "date" : "2024-03-31",
    "sales" : 2643.04,
    "salesGrowthYoY" : -26.56,
    "grossProfitMargin" : 46.59,
    "grossProfit" : 1231.39,
    "operatingProfitMargin" : 6.31,
    "operatingProfit" : 166.78,
    "netProfitMargin" : 3.26,
    "netProfit" : 86.16
  }, {
    "date" : "2024-06-30",
    "sales" : 4933.23,
    "salesGrowthYoY" : -11.74,
    "grossProfitMargin" : 41.36,
    "grossProfit" : 2040.38,
    "operatingProfitMargin" : 15.25,
    "operatingProfit" : 752.32,
    "netProfitMargin" : 11.19,
    "netProfit" : 552.03
  }, {
    "date" : "2024-09-30",
    "sales" : 4346.18,
    "salesGrowthYoY" : -19.30,
    "grossProfitMargin" : 47.44,
    "grossProfit" : 2061.83,
    "operatingProfitMargin" : 18.18,
    "operatingProfit" : 790.14,
    "netProfitMargin" : 11.51,
    "netProfit" : 500.25
  }, {
    "date" : "2024-12-31",
    "sales" : 4918.06,
    "salesGrowthYoY" : 13.10,
    "grossProfitMargin" : 40.16,
    "grossProfit" : 1975.09,
    "operatingProfitMargin" : 15.82,
    "operatingProfit" : 778.04,
    "netProfitMargin" : 10.26,
    "netProfit" : 504.59
  }, {
    "date" : "2025-03-31",
    "sales" : 2448.73,
    "salesGrowthYoY" : -7.35,
    "grossProfitMargin" : 51.16,
    "grossProfit" : 1252.77,
    "operatingProfitMargin" : 6.68,
    "operatingProfit" : 163.58,
    "netProfitMargin" : 4.07,
    "netProfit" : 99.66
  }, {
    "date" : "2025-06-30",
    "sales" : 5697.61,
    "salesGrowthYoY" : 15.49,
    "grossProfitMargin" : 35.09,
    "grossProfit" : 1999.29,
    "operatingProfitMargin" : 13.36,
    "operatingProfit" : 761.20,
    "netProfitMargin" : 11.20,
    "netProfit" : 638.13
  }, {
    "date" : "2025-09-30",
    "sales" : 6412.76,
    "salesGrowthYoY" : 47.55,
    "grossProfitMargin" : 32.49,
    "grossProfit" : 2083.51,
    "operatingProfitMargin" : 13.13,
    "operatingProfit" : 842.00,
    "netProfitMargin" : 9.38,
    "netProfit" : 601.52
  } ],
  "latestQuarterlyResult" : {
    "date" : "2025-09-30",
    "sales" : 6412.76,
    "salesGrowthYoY" : 47.55,
    "grossProfitMargin" : 32.49,
    "grossProfit" : 2083.51,
    "operatingProfitMargin" : 13.13,
    "operatingProfit" : 842.00,
    "netProfitMargin" : 9.38,
    "netProfit" : 601.52
  },
  "companyScore" : {
    "priceHigherThanDma50" : 0.00,
    "priceHigherThanDma100" : 0.00,
    "priceHigherThanDma200" : 0.00,
    "dma50HigherThanDma100" : 0.00,
    "dma50HigherThanDma200" : 0.00,
    "dma100HigherThanDma200" : 0.00,
    "pricePercentageAboveDma50" : 5.47,
    "pricePercentageAboveDma100" : 5.79,
    "pricePercentageAboveDma200" : 5.85,
    "weeklyVolumeHigherThanYearlyVolume" : 0.00,
    "salesGrowthPercentile" : 17.72,
    "operatingProfitMarginPercentile" : 11.91,
    "netProfitMarginPercentile" : 8.24,
    "totalTechnicalScore" : 17.10,
    "totalFundamentalScore" : 37.86,
    "totalScore" : 54.96
  }
}