{
  "metadata" : {
    "screenerCompanyId" : "636",
    "companyCode" : "CHENNPETRO",
    "companyName" : "C P C L",
    "screenerCompanyLink" : "https://www.screener.in/company/CHENNPETRO/consolidated/",
    "screenerTechnicalHistoryLink" : "https://www.screener.in/api/company/636/chart/?q=Price-DMA50-DMA200-Volume&days=365",
    "screenerQuarterlyResultsLink" : "https://www.screener.in/api/company/636/chart/?q=GPM-OPM-NPM-Quarter+Sales&days=10000",
    "attributes" : {
      "companyCode" : "CHENNPETRO",
      "companyName" : "C P C L",
      "marketCap" : 12766.00,
      "peRatio" : 10.90,
      "description" : "Chennai Petroleum Corporation Limited is in the business of refining crude oil to produce & supply various petroleum products and manufacture and sale of lubricating oil additives.[1]"
    },
    "companyScore" : {
      "priceHigherThanDma50" : 0.00,
      "priceHigherThanDma100" : 5.00,
      "priceHigherThanDma200" : 5.00,
      "dma50HigherThanDma100" : 5.00,
      "dma50HigherThanDma200" : 5.00,
      "dma100HigherThanDma200" : 5.00,
      "pricePercentageAboveDma50" : 5.03,
      "pricePercentageAboveDma100" : 4.88,
      "pricePercentageAboveDma200" : 4.54,
      "weeklyVolumeHigherThanYearlyVolume" : 0.00,
      "salesGrowthPercentile" : 15.44,
      "operatingProfitMarginPercentile" : 14.70,
      "netProfitMarginPercentile" : 8.21,
      "totalTechnicalScore" : 39.45,
      "totalFundamentalScore" : 38.36,
      "totalScore" : 77.81
    }
  },
  "attributes" : {
    "companyCode" : "CHENNPETRO",
    "companyName" : "C P C L",
    "marketCap" : 12766.00,
    "peRatio" : 10.90,
    "description" : "Chennai Petroleum Corporation Limited is in the business of refining crude oil to produce & supply various petroleum products and manufacture and sale of lubricating oil additives.[1]"
  },
  "technicalHistory" : [ {
    "date" : "2025-01-17",
    "price" : 590.95,
    "dma50" : 635.60,
    "dma100" : null,
    "dma200" : 758.81,
    "volume" : 991743.00
  }, {
    "date" : "2025-01-20",
    "price" : 597.85,
    "dma50" : 634.12,
    "dma100" : null,
    "dma200" : 757.21,
    "volume" : 1543591.00
  }, {
    "date" : "2025-01-21",
    "price" : 584.80,
    "dma50" : 632.19,
    "dma100" : null,
    "dma200" : 755.49,
    "volume" : 593610.00
  }, {
    "date" : "2025-01-22",
    "price" : 581.95,
    "dma50" : 630.22,
    "dma100" : null,
    "dma200" : 753.77,
    "volume" : 544822.00
  }, {
    "date" : "2025-01-23",
    "price" : 576.15,
    "dma50" : 628.10,
    "dma100" : null,
    "dma200" : 752.00,
    "volume" : 387787.00
  }, {
    "date" : "2025-01-24",
    "price" : 556.90,
    "dma50" : 625.31,
    "dma100" : null,
    "dma200" : 750.06,
    "volume" : 929996.00
  }, {
    "date" : "2025-01-27",
    "price" : 529.90,
    "dma50" : 621.57,
    "dma100" : null,
    "dma200" : 747.87,
    "volume" : 679590.00
  }, {
    "date" : "2025-01-28",
    "price" : 523.65,
    "dma50" : 617.73,
    "dma100" : null,
    "dma200" : 745.64,
    "volume" : 830478.00
  }, {
    "date" : "2025-01-29",
    "price" : 525.65,
    "dma50" : 614.11,
    "dma100" : null,
    "dma200" : 743.45,
    "volume" : 466838.00
  }, {
    "date" : "2025-01-30",
    "price" : 524.50,
    "dma50" : 610.60,
    "dma100" : null,
    "dma200" : 741.27,
    "volume" : 459529.00
  }, {
    "date" : "2025-01-31",
    "price" : 541.45,
    "dma50" : 607.89,
    "dma100" : null,
    "dma200" : 739.28,
    "volume" : 672349.00
  }, {
    "date" : "2025-02-01",
    "price" : 540.65,
    "dma50" : 605.25,
    "dma100" : null,
    "dma200" : 737.30,
    "volume" : 343789.00
  }, {
    "date" : "2025-02-03",
    "price" : 515.90,
    "dma50" : 601.75,
    "dma100" : null,
    "dma200" : 735.10,
    "volume" : 495523.00
  }, {
    "date" : "2025-02-04",
    "price" : 527.35,
    "dma50" : 598.83,
    "dma100" : null,
    "dma200" : 733.03,
    "volume" : 515091.00
  }, {
    "date" : "2025-02-05",
    "price" : 532.65,
    "dma50" : 596.23,
    "dma100" : null,
    "dma200" : 731.04,
    "volume" : 513436.00
  }, {
    "date" : "2025-02-06",
    "price" : 526.75,
    "dma50" : 593.51,
    "dma100" : null,
    "dma200" : 729.01,
    "volume" : 369461.00
  }, {
    "date" : "2025-02-07",
    "price" : 522.85,
    "dma50" : 590.74,
    "dma100" : null,
    "dma200" : 726.96,
    "volume" : 279859.00
  }, {
    "date" : "2025-02-10",
    "price" : 517.05,
    "dma50" : 587.85,
    "dma100" : null,
    "dma200" : 724.87,
    "volume" : 335685.00
  }, {
    "date" : "2025-02-11",
    "price" : 501.70,
    "dma50" : 584.47,
    "dma100" : null,
    "dma200" : 722.65,
    "volume" : 482303.00
  }, {
    "date" : "2025-02-12",
    "price" : 501.25,
    "dma50" : 581.21,
    "dma100" : null,
    "dma200" : 720.44,
    "volume" : 697565.00
  }, {
    "date" : "2025-02-13",
    "price" : 501.75,
    "dma50" : 578.09,
    "dma100" : null,
    "dma200" : 718.27,
    "volume" : 312784.00
  }, {
    "date" : "2025-02-14",
    "price" : 479.35,
    "dma50" : 574.22,
    "dma100" : null,
    "dma200" : 715.89,
    "volume" : 487927.00
  }, {
    "date" : "2025-02-17",
    "price" : 484.05,
    "dma50" : 570.68,
    "dma100" : null,
    "dma200" : 713.58,
    "volume" : 624895.00
  }, {
    "date" : "2025-02-18",
    "price" : 478.60,
    "dma50" : 567.07,
    "dma100" : null,
    "dma200" : 711.24,
    "volume" : 461144.00
  }, {
    "date" : "2025-02-19",
    "price" : 496.25,
    "dma50" : 564.29,
    "dma100" : null,
    "dma200" : 709.11,
    "volume" : 485984.00
  }, {
    "date" : "2025-02-20",
    "price" : 499.85,
    "dma50" : 561.77,
    "dma100" : null,
    "dma200" : 707.02,
    "volume" : 388509.00
  }, {
    "date" : "2025-02-21",
    "price" : 505.10,
    "dma50" : 559.55,
    "dma100" : null,
    "dma200" : 705.01,
    "volume" : 576259.00
  }, {
    "date" : "2025-02-24",
    "price" : 508.40,
    "dma50" : 557.54,
    "dma100" : null,
    "dma200" : 703.06,
    "volume" : 350799.00
  }, {
    "date" : "2025-02-25",
    "price" : 491.75,
    "dma50" : 554.96,
    "dma100" : null,
    "dma200" : 700.96,
    "volume" : 374596.00
  }, {
    "date" : "2025-02-27",
    "price" : 469.80,
    "dma50" : 551.62,
    "dma100" : null,
    "dma200" : 698.66,
    "volume" : 578891.00
  }, {
    "date" : "2025-02-28",
    "price" : 451.60,
    "dma50" : 547.70,
    "dma100" : null,
    "dma200" : 696.20,
    "volume" : 681934.00
  }, {
    "date" : "2025-03-03",
    "price" : 452.05,
    "dma50" : 543.95,
    "dma100" : null,
    "dma200" : 693.77,
    "volume" : 806477.00
  }, {
    "date" : "2025-03-04",
    "price" : 462.65,
    "dma50" : 540.76,
    "dma100" : null,
    "dma200" : 691.47,
    "volume" : 702359.00
  }, {
    "date" : "2025-03-05",
    "price" : 471.30,
    "dma50" : 538.03,
    "dma100" : null,
    "dma200" : 689.28,
    "volume" : 1049109.00
  }, {
    "date" : "2025-03-06",
    "price" : 527.05,
    "dma50" : 537.60,
    "dma100" : null,
    "dma200" : 687.66,
    "volume" : 18679352.00
  }, {
    "date" : "2025-03-07",
    "price" : 529.20,
    "dma50" : 537.27,
    "dma100" : null,
    "dma200" : 686.09,
    "volume" : 3238751.00
  }, {
    "date" : "2025-03-10",
    "price" : 513.05,
    "dma50" : 536.32,
    "dma100" : null,
    "dma200" : 684.36,
    "volume" : 1442622.00
  }, {
    "date" : "2025-03-11",
    "price" : 551.50,
    "dma50" : 536.92,
    "dma100" : null,
    "dma200" : 683.04,
    "volume" : 23715893.00
  }, {
    "date" : "2025-03-12",
    "price" : 552.80,
    "dma50" : 537.54,
    "dma100" : null,
    "dma200" : 681.75,
    "volume" : 3833029.00
  }, {
    "date" : "2025-03-13",
    "price" : 570.15,
    "dma50" : 538.82,
    "dma100" : null,
    "dma200" : 680.64,
    "volume" : 5592580.00
  }, {
    "date" : "2025-03-17",
    "price" : 561.85,
    "dma50" : 539.72,
    "dma100" : null,
    "dma200" : 679.45,
    "volume" : 1535720.00
  }, {
    "date" : "2025-03-18",
    "price" : 559.90,
    "dma50" : 540.52,
    "dma100" : null,
    "dma200" : 678.26,
    "volume" : 1217775.00
  }, {
    "date" : "2025-03-19",
    "price" : 573.35,
    "dma50" : 541.80,
    "dma100" : null,
    "dma200" : 677.22,
    "volume" : 1979645.00
  }, {
    "date" : "2025-03-20",
    "price" : 575.50,
    "dma50" : 543.12,
    "dma100" : null,
    "dma200" : 676.21,
    "volume" : 1047072.00
  }, {
    "date" : "2025-03-21",
    "price" : 632.95,
    "dma50" : 546.65,
    "dma100" : null,
    "dma200" : 675.78,
    "volume" : 11831221.00
  }, {
    "date" : "2025-03-24",
    "price" : 637.55,
    "dma50" : 550.21,
    "dma100" : null,
    "dma200" : 675.40,
    "volume" : 4285486.00
  }, {
    "date" : "2025-03-25",
    "price" : 614.25,
    "dma50" : 552.72,
    "dma100" : null,
    "dma200" : 674.79,
    "volume" : 1853030.00
  }, {
    "date" : "2025-03-26",
    "price" : 630.55,
    "dma50" : 555.78,
    "dma100" : null,
    "dma200" : 674.35,
    "volume" : 13968722.00
  }, {
    "date" : "2025-03-27",
    "price" : 626.15,
    "dma50" : 558.53,
    "dma100" : null,
    "dma200" : 673.87,
    "volume" : 2137748.00
  }, {
    "date" : "2025-03-28",
    "price" : 615.10,
    "dma50" : 560.75,
    "dma100" : null,
    "dma200" : 673.28,
    "volume" : 1386993.00
  }, {
    "date" : "2025-04-01",
    "price" : 599.95,
    "dma50" : 562.29,
    "dma100" : null,
    "dma200" : 672.56,
    "volume" : 1087885.00
  }, {
    "date" : "2025-04-02",
    "price" : 608.45,
    "dma50" : 564.10,
    "dma100" : null,
    "dma200" : 671.92,
    "volume" : 1337859.00
  }, {
    "date" : "2025-04-03",
    "price" : 610.25,
    "dma50" : 565.91,
    "dma100" : null,
    "dma200" : 671.30,
    "volume" : 918841.00
  }, {
    "date" : "2025-04-04",
    "price" : 608.80,
    "dma50" : 567.59,
    "dma100" : null,
    "dma200" : 670.68,
    "volume" : 3454147.00
  }, {
    "date" : "2025-04-07",
    "price" : 594.50,
    "dma50" : 568.65,
    "dma100" : null,
    "dma200" : 669.92,
    "volume" : 3347207.00
  }, {
    "date" : "2025-04-08",
    "price" : 610.00,
    "dma50" : 570.27,
    "dma100" : null,
    "dma200" : 669.33,
    "volume" : 1463908.00
  }, {
    "date" : "2025-04-09",
    "price" : 606.80,
    "dma50" : 571.70,
    "dma100" : null,
    "dma200" : 668.71,
    "volume" : 2502632.00
  }, {
    "date" : "2025-04-11",
    "price" : 616.20,
    "dma50" : 573.45,
    "dma100" : null,
    "dma200" : 668.18,
    "volume" : 1606094.00
  }, {
    "date" : "2025-04-15",
    "price" : 619.45,
    "dma50" : 575.25,
    "dma100" : null,
    "dma200" : 667.70,
    "volume" : 933733.00
  }, {
    "date" : "2025-04-16",
    "price" : 631.00,
    "dma50" : 577.44,
    "dma100" : null,
    "dma200" : 667.33,
    "volume" : 2609910.00
  }, {
    "date" : "2025-04-17",
    "price" : 621.75,
    "dma50" : 579.17,
    "dma100" : null,
    "dma200" : 666.88,
    "volume" : 1046819.00
  }, {
    "date" : "2025-04-21",
    "price" : 635.35,
    "dma50" : 581.38,
    "dma100" : null,
    "dma200" : 666.57,
    "volume" : 1328968.00
  }, {
    "date" : "2025-04-22",
    "price" : 633.80,
    "dma50" : 583.43,
    "dma100" : null,
    "dma200" : 666.24,
    "volume" : 841858.00
  }, {
    "date" : "2025-04-23",
    "price" : 628.40,
    "dma50" : 585.20,
    "dma100" : null,
    "dma200" : 665.86,
    "volume" : 953246.00
  }, {
    "date" : "2025-04-24",
    "price" : 627.15,
    "dma50" : 586.84,
    "dma100" : null,
    "dma200" : 665.48,
    "volume" : 585964.00
  }, {
    "date" : "2025-04-25",
    "price" : 631.00,
    "dma50" : 588.57,
    "dma100" : null,
    "dma200" : 665.13,
    "volume" : 5492247.00
  }, {
    "date" : "2025-04-28",
    "price" : 620.95,
    "dma50" : 589.84,
    "dma100" : null,
    "dma200" : 664.70,
    "volume" : 1289407.00
  }, {
    "date" : "2025-04-29",
    "price" : 619.55,
    "dma50" : 591.01,
    "dma100" : null,
    "dma200" : 664.25,
    "volume" : 726852.00
  }, {
    "date" : "2025-04-30",
    "price" : 612.30,
    "dma50" : 591.84,
    "dma100" : null,
    "dma200" : 663.73,
    "volume" : 1005409.00
  }, {
    "date" : "2025-05-02",
    "price" : 617.70,
    "dma50" : 592.86,
    "dma100" : null,
    "dma200" : 663.27,
    "volume" : 823624.00
  }, {
    "date" : "2025-05-05",
    "price" : 625.55,
    "dma50" : 594.14,
    "dma100" : null,
    "dma200" : 662.90,
    "volume" : 1060371.00
  }, {
    "date" : "2025-05-06",
    "price" : 607.95,
    "dma50" : 594.68,
    "dma100" : null,
    "dma200" : 662.35,
    "volume" : 716532.00
  }, {
    "date" : "2025-05-07",
    "price" : 615.15,
    "dma50" : 595.48,
    "dma100" : null,
    "dma200" : 661.88,
    "volume" : 671128.00
  }, {
    "date" : "2025-05-08",
    "price" : 605.35,
    "dma50" : 595.87,
    "dma100" : null,
    "dma200" : 661.32,
    "volume" : 690170.00
  }, {
    "date" : "2025-05-09",
    "price" : 591.90,
    "dma50" : 595.71,
    "dma100" : null,
    "dma200" : 660.63,
    "volume" : 618208.00
  }, {
    "date" : "2025-05-12",
    "price" : 618.75,
    "dma50" : 596.62,
    "dma100" : null,
    "dma200" : 660.21,
    "volume" : 695445.00
  }, {
    "date" : "2025-05-13",
    "price" : 621.15,
    "dma50" : 597.58,
    "dma100" : null,
    "dma200" : 659.82,
    "volume" : 465832.00
  }, {
    "date" : "2025-05-14",
    "price" : 626.85,
    "dma50" : 598.73,
    "dma100" : null,
    "dma200" : 659.49,
    "volume" : 481727.00
  }, {
    "date" : "2025-05-15",
    "price" : 640.30,
    "dma50" : 600.36,
    "dma100" : null,
    "dma200" : 659.30,
    "volume" : 2478643.00
  }, {
    "date" : "2025-05-16",
    "price" : 646.75,
    "dma50" : 602.18,
    "dma100" : null,
    "dma200" : 659.18,
    "volume" : 1012323.00
  }, {
    "date" : "2025-05-19",
    "price" : 652.45,
    "dma50" : 604.15,
    "dma100" : null,
    "dma200" : 659.11,
    "volume" : 1796796.00
  }, {
    "date" : "2025-05-20",
    "price" : 675.00,
    "dma50" : 606.93,
    "dma100" : null,
    "dma200" : 659.27,
    "volume" : 6447161.00
  }, {
    "date" : "2025-05-21",
    "price" : 691.45,
    "dma50" : 610.24,
    "dma100" : null,
    "dma200" : 659.59,
    "volume" : 2737479.00
  }, {
    "date" : "2025-05-22",
    "price" : 684.20,
    "dma50" : 613.14,
    "dma100" : null,
    "dma200" : 659.83,
    "volume" : 1333592.00
  }, {
    "date" : "2025-05-23",
    "price" : 680.60,
    "dma50" : 615.79,
    "dma100" : null,
    "dma200" : 660.04,
    "volume" : 827168.00
  }, {
    "date" : "2025-05-26",
    "price" : 686.85,
    "dma50" : 618.57,
    "dma100" : null,
    "dma200" : 660.31,
    "volume" : 754539.00
  }, {
    "date" : "2025-05-27",
    "price" : 684.05,
    "dma50" : 621.14,
    "dma100" : null,
    "dma200" : 660.54,
    "volume" : 940603.00
  }, {
    "date" : "2025-05-28",
    "price" : 719.05,
    "dma50" : 624.98,
    "dma100" : null,
    "dma200" : 661.12,
    "volume" : 5184907.00
  }, {
    "date" : "2025-05-29",
    "price" : 721.65,
    "dma50" : 628.77,
    "dma100" : null,
    "dma200" : 661.73,
    "volume" : 1968929.00
  }, {
    "date" : "2025-05-30",
    "price" : 676.20,
    "dma50" : 630.63,
    "dma100" : null,
    "dma200" : 661.87,
    "volume" : 3447019.00
  }, {
    "date" : "2025-06-02",
    "price" : 666.80,
    "dma50" : 632.05,
    "dma100" : null,
    "dma200" : 661.92,
    "volume" : 867295.00
  }, {
    "date" : "2025-06-03",
    "price" : 651.15,
    "dma50" : 632.80,
    "dma100" : null,
    "dma200" : 661.81,
    "volume" : 1192452.00
  }, {
    "date" : "2025-06-04",
    "price" : 658.50,
    "dma50" : 633.81,
    "dma100" : null,
    "dma200" : 661.78,
    "volume" : 1146343.00
  }, {
    "date" : "2025-06-05",
    "price" : 652.95,
    "dma50" : 634.56,
    "dma100" : null,
    "dma200" : 661.69,
    "volume" : 654395.00
  }, {
    "date" : "2025-06-06",
    "price" : 648.35,
    "dma50" : 635.10,
    "dma100" : null,
    "dma200" : 661.56,
    "volume" : 523029.00
  }, {
    "date" : "2025-06-09",
    "price" : 655.90,
    "dma50" : 635.92,
    "dma100" : null,
    "dma200" : 661.50,
    "volume" : 820361.00
  }, {
    "date" : "2025-06-10",
    "price" : 668.85,
    "dma50" : 637.21,
    "dma100" : null,
    "dma200" : 661.58,
    "volume" : 1724339.00
  }, {
    "date" : "2025-06-11",
    "price" : 683.65,
    "dma50" : 639.03,
    "dma100" : null,
    "dma200" : 661.80,
    "volume" : 4303110.00
  }, {
    "date" : "2025-06-12",
    "price" : 664.40,
    "dma50" : 640.02,
    "dma100" : null,
    "dma200" : 661.82,
    "volume" : 1208260.00
  }, {
    "date" : "2025-06-13",
    "price" : 641.95,
    "dma50" : 640.10,
    "dma100" : null,
    "dma200" : 661.62,
    "volume" : 1200268.00
  }, {
    "date" : "2025-06-16",
    "price" : 627.05,
    "dma50" : 639.59,
    "dma100" : 588.96,
    "dma200" : 661.28,
    "volume" : 1212455.00
  }, {
    "date" : "2025-06-17",
    "price" : 637.20,
    "dma50" : 639.49,
    "dma100" : 589.36,
    "dma200" : 661.04,
    "volume" : 1218094.00
  }, {
    "date" : "2025-06-18",
    "price" : 629.05,
    "dma50" : 639.08,
    "dma100" : 589.80,
    "dma200" : 660.72,
    "volume" : 596880.00
  }, {
    "date" : "2025-06-19",
    "price" : 608.25,
    "dma50" : 637.87,
    "dma100" : 590.06,
    "dma200" : 660.20,
    "volume" : 1087079.00
  }, {
    "date" : "2025-06-20",
    "price" : 632.95,
    "dma50" : 637.68,
    "dma100" : 590.63,
    "dma200" : 659.93,
    "volume" : 1561272.00
  }, {
    "date" : "2025-06-23",
    "price" : 702.35,
    "dma50" : 640.22,
    "dma100" : 592.09,
    "dma200" : 660.35,
    "volume" : 18460864.00
  }, {
    "date" : "2025-06-24",
    "price" : 685.80,
    "dma50" : 642.00,
    "dma100" : 593.64,
    "dma200" : 660.60,
    "volume" : 2855500.00
  }, {
    "date" : "2025-06-25",
    "price" : 667.90,
    "dma50" : 643.02,
    "dma100" : 595.09,
    "dma200" : 660.68,
    "volume" : 1794236.00
  }, {
    "date" : "2025-06-26",
    "price" : 671.55,
    "dma50" : 644.14,
    "dma100" : 596.55,
    "dma200" : 660.79,
    "volume" : 2540219.00
  }, {
    "date" : "2025-06-27",
    "price" : 683.10,
    "dma50" : 645.67,
    "dma100" : 598.13,
    "dma200" : 661.01,
    "volume" : 1614253.00
  }, {
    "date" : "2025-06-30",
    "price" : 679.40,
    "dma50" : 646.99,
    "dma100" : 599.51,
    "dma200" : 661.19,
    "volume" : 903296.00
  }, {
    "date" : "2025-07-01",
    "price" : 681.75,
    "dma50" : 648.35,
    "dma100" : 600.92,
    "dma200" : 661.39,
    "volume" : 2089160.00
  }, {
    "date" : "2025-07-02",
    "price" : 700.70,
    "dma50" : 650.41,
    "dma100" : 602.77,
    "dma200" : 661.79,
    "volume" : 6676387.00
  }, {
    "date" : "2025-07-03",
    "price" : 712.40,
    "dma50" : 652.84,
    "dma100" : 604.62,
    "dma200" : 662.29,
    "volume" : 6280712.00
  }, {
    "date" : "2025-07-04",
    "price" : 771.15,
    "dma50" : 657.48,
    "dma100" : 607.01,
    "dma200" : 663.37,
    "volume" : 21017363.00
  }, {
    "date" : "2025-07-07",
    "price" : 738.20,
    "dma50" : 660.64,
    "dma100" : 609.12,
    "dma200" : 664.12,
    "volume" : 4023749.00
  }, {
    "date" : "2025-07-08",
    "price" : 734.05,
    "dma50" : 663.52,
    "dma100" : 611.23,
    "dma200" : 664.81,
    "volume" : 1868298.00
  }, {
    "date" : "2025-07-09",
    "price" : 738.60,
    "dma50" : 666.47,
    "dma100" : 613.45,
    "dma200" : 665.55,
    "volume" : 3188459.00
  }, {
    "date" : "2025-07-10",
    "price" : 733.80,
    "dma50" : 669.11,
    "dma100" : 615.77,
    "dma200" : 666.23,
    "volume" : 1169038.00
  }, {
    "date" : "2025-07-11",
    "price" : 719.30,
    "dma50" : 671.07,
    "dma100" : 617.95,
    "dma200" : 666.75,
    "volume" : 1069224.00
  }, {
    "date" : "2025-07-14",
    "price" : 721.90,
    "dma50" : 673.07,
    "dma100" : 620.15,
    "dma200" : 667.30,
    "volume" : 1013515.00
  }, {
    "date" : "2025-07-15",
    "price" : 743.70,
    "dma50" : 675.84,
    "dma100" : 622.80,
    "dma200" : 668.06,
    "volume" : 2334735.00
  }, {
    "date" : "2025-07-16",
    "price" : 749.15,
    "dma50" : 678.71,
    "dma100" : 625.45,
    "dma200" : 668.87,
    "volume" : 1532689.00
  }, {
    "date" : "2025-07-17",
    "price" : 747.25,
    "dma50" : 681.40,
    "dma100" : 628.13,
    "dma200" : 669.65,
    "volume" : 1140200.00
  }, {
    "date" : "2025-07-18",
    "price" : 779.40,
    "dma50" : 685.24,
    "dma100" : 630.96,
    "dma200" : 670.74,
    "volume" : 6776079.00
  }, {
    "date" : "2025-07-21",
    "price" : 779.70,
    "dma50" : 688.95,
    "dma100" : 633.76,
    "dma200" : 671.83,
    "volume" : 3702641.00
  }, {
    "date" : "2025-07-22",
    "price" : 787.15,
    "dma50" : 692.80,
    "dma100" : 636.58,
    "dma200" : 672.97,
    "volume" : 3198149.00
  }, {
    "date" : "2025-07-23",
    "price" : 777.75,
    "dma50" : 696.13,
    "dma100" : 639.28,
    "dma200" : 674.02,
    "volume" : 1903820.00
  }, {
    "date" : "2025-07-24",
    "price" : 761.60,
    "dma50" : 698.70,
    "dma100" : 641.98,
    "dma200" : 674.89,
    "volume" : 1515291.00
  }, {
    "date" : "2025-07-25",
    "price" : 687.60,
    "dma50" : 698.26,
    "dma100" : 644.15,
    "dma200" : 675.01,
    "volume" : 6204421.00
  }, {
    "date" : "2025-07-28",
    "price" : 720.90,
    "dma50" : 699.15,
    "dma100" : 646.85,
    "dma200" : 675.47,
    "volume" : 6553665.00
  }, {
    "date" : "2025-07-29",
    "price" : 705.30,
    "dma50" : 699.39,
    "dma100" : 649.38,
    "dma200" : 675.77,
    "volume" : 1204064.00
  }, {
    "date" : "2025-07-30",
    "price" : 699.40,
    "dma50" : 699.39,
    "dma100" : 651.75,
    "dma200" : 676.00,
    "volume" : 1655655.00
  }, {
    "date" : "2025-07-31",
    "price" : 682.65,
    "dma50" : 698.73,
    "dma100" : 653.86,
    "dma200" : 676.07,
    "volume" : 1234597.00
  }, {
    "date" : "2025-08-01",
    "price" : 656.50,
    "dma50" : 697.08,
    "dma100" : 655.15,
    "dma200" : 675.87,
    "volume" : 884308.00
  }, {
    "date" : "2025-08-04",
    "price" : 649.10,
    "dma50" : 695.20,
    "dma100" : 656.35,
    "dma200" : 675.61,
    "volume" : 756324.00
  }, {
    "date" : "2025-08-05",
    "price" : 638.95,
    "dma50" : 692.99,
    "dma100" : 657.61,
    "dma200" : 675.24,
    "volume" : 958704.00
  }, {
    "date" : "2025-08-06",
    "price" : 634.65,
    "dma50" : 690.70,
    "dma100" : 658.44,
    "dma200" : 674.84,
    "volume" : 716479.00
  }, {
    "date" : "2025-08-07",
    "price" : 641.15,
    "dma50" : 688.76,
    "dma100" : 659.33,
    "dma200" : 674.50,
    "volume" : 620941.00
  }, {
    "date" : "2025-08-08",
    "price" : 643.50,
    "dma50" : 686.99,
    "dma100" : 660.06,
    "dma200" : 674.20,
    "volume" : 1043464.00
  }, {
    "date" : "2025-08-11",
    "price" : 659.10,
    "dma50" : 685.89,
    "dma100" : 661.03,
    "dma200" : 674.05,
    "volume" : 814670.00
  }, {
    "date" : "2025-08-12",
    "price" : 660.80,
    "dma50" : 684.91,
    "dma100" : 662.04,
    "dma200" : 673.91,
    "volume" : 646823.00
  }, {
    "date" : "2025-08-13",
    "price" : 651.25,
    "dma50" : 683.59,
    "dma100" : 662.82,
    "dma200" : 673.69,
    "volume" : 353615.00
  }, {
    "date" : "2025-08-14",
    "price" : 633.35,
    "dma50" : 681.62,
    "dma100" : 663.40,
    "dma200" : 673.29,
    "volume" : 591909.00
  }, {
    "date" : "2025-08-18",
    "price" : 627.05,
    "dma50" : 679.48,
    "dma100" : 663.34,
    "dma200" : 672.83,
    "volume" : 886962.00
  }, {
    "date" : "2025-08-19",
    "price" : 656.15,
    "dma50" : 678.56,
    "dma100" : 663.53,
    "dma200" : 672.66,
    "volume" : 1302468.00
  }, {
    "date" : "2025-08-20",
    "price" : 659.45,
    "dma50" : 677.81,
    "dma100" : 663.98,
    "dma200" : 672.53,
    "volume" : 1251795.00
  }, {
    "date" : "2025-08-21",
    "price" : 663.60,
    "dma50" : 677.26,
    "dma100" : 664.31,
    "dma200" : 672.44,
    "volume" : 1153830.00
  }, {
    "date" : "2025-08-22",
    "price" : 659.20,
    "dma50" : 676.55,
    "dma100" : 664.64,
    "dma200" : 672.31,
    "volume" : 383396.00
  }, {
    "date" : "2025-08-25",
    "price" : 660.90,
    "dma50" : 675.93,
    "dma100" : 665.10,
    "dma200" : 672.19,
    "volume" : 346166.00
  }, {
    "date" : "2025-08-26",
    "price" : 649.90,
    "dma50" : 674.91,
    "dma100" : 665.60,
    "dma200" : 671.97,
    "volume" : 411861.00
  }, {
    "date" : "2025-08-28",
    "price" : 645.25,
    "dma50" : 673.75,
    "dma100" : 665.96,
    "dma200" : 671.71,
    "volume" : 417979.00
  }, {
    "date" : "2025-08-29",
    "price" : 645.40,
    "dma50" : 672.64,
    "dma100" : 666.32,
    "dma200" : 671.45,
    "volume" : 352875.00
  }, {
    "date" : "2025-09-01",
    "price" : 687.05,
    "dma50" : 673.20,
    "dma100" : 667.10,
    "dma200" : 671.60,
    "volume" : 2678980.00
  }, {
    "date" : "2025-09-02",
    "price" : 699.60,
    "dma50" : 674.24,
    "dma100" : 668.15,
    "dma200" : 671.88,
    "volume" : 1366320.00
  }, {
    "date" : "2025-09-03",
    "price" : 699.05,
    "dma50" : 675.21,
    "dma100" : 669.04,
    "dma200" : 672.15,
    "volume" : 684524.00
  }, {
    "date" : "2025-09-04",
    "price" : 692.85,
    "dma50" : 675.90,
    "dma100" : 669.90,
    "dma200" : 672.36,
    "volume" : 462815.00
  }, {
    "date" : "2025-09-05",
    "price" : 702.40,
    "dma50" : 676.94,
    "dma100" : 670.76,
    "dma200" : 672.65,
    "volume" : 483108.00
  }, {
    "date" : "2025-09-08",
    "price" : 702.40,
    "dma50" : 677.94,
    "dma100" : 671.59,
    "dma200" : 672.95,
    "volume" : 483114.00
  }, {
    "date" : "2025-09-09",
    "price" : 723.20,
    "dma50" : 679.72,
    "dma100" : 672.51,
    "dma200" : 673.45,
    "volume" : 1684803.00
  }, {
    "date" : "2025-09-10",
    "price" : 725.35,
    "dma50" : 681.51,
    "dma100" : 673.55,
    "dma200" : 673.97,
    "volume" : 1091676.00
  }, {
    "date" : "2025-09-11",
    "price" : 742.65,
    "dma50" : 683.90,
    "dma100" : 674.62,
    "dma200" : 674.65,
    "volume" : 3304677.00
  }, {
    "date" : "2025-09-12",
    "price" : 734.85,
    "dma50" : 685.90,
    "dma100" : 675.63,
    "dma200" : 675.25,
    "volume" : 685532.00
  }, {
    "date" : "2025-09-15",
    "price" : 751.90,
    "dma50" : 688.49,
    "dma100" : 676.87,
    "dma200" : 676.01,
    "volume" : 658201.00
  }, {
    "date" : "2025-09-16",
    "price" : 751.90,
    "dma50" : 690.98,
    "dma100" : 678.12,
    "dma200" : 676.77,
    "volume" : 497460.00
  }, {
    "date" : "2025-09-17",
    "price" : 739.80,
    "dma50" : 692.89,
    "dma100" : 679.20,
    "dma200" : 677.39,
    "volume" : 609632.00
  }, {
    "date" : "2025-09-18",
    "price" : 744.85,
    "dma50" : 694.93,
    "dma100" : 680.44,
    "dma200" : 678.07,
    "volume" : 569970.00
  }, {
    "date" : "2025-09-19",
    "price" : 742.40,
    "dma50" : 696.79,
    "dma100" : 681.67,
    "dma200" : 678.71,
    "volume" : 307706.00
  }, {
    "date" : "2025-09-22",
    "price" : 756.00,
    "dma50" : 699.11,
    "dma100" : 683.11,
    "dma200" : 679.47,
    "volume" : 1699084.00
  }, {
    "date" : "2025-09-23",
    "price" : 751.70,
    "dma50" : 701.17,
    "dma100" : 684.45,
    "dma200" : 680.19,
    "volume" : 494322.00
  }, {
    "date" : "2025-09-24",
    "price" : 753.30,
    "dma50" : 703.22,
    "dma100" : 685.73,
    "dma200" : 680.92,
    "volume" : 458560.00
  }, {
    "date" : "2025-09-25",
    "price" : 754.50,
    "dma50" : 705.23,
    "dma100" : 687.19,
    "dma200" : 681.65,
    "volume" : 857156.00
  }, {
    "date" : "2025-09-26",
    "price" : 760.50,
    "dma50" : 707.40,
    "dma100" : 688.65,
    "dma200" : 682.44,
    "volume" : 2066907.00
  }, {
    "date" : "2025-09-29",
    "price" : 763.35,
    "dma50" : 709.59,
    "dma100" : 690.23,
    "dma200" : 683.24,
    "volume" : 1850595.00
  }, {
    "date" : "2025-09-30",
    "price" : 757.80,
    "dma50" : 711.48,
    "dma100" : 691.88,
    "dma200" : 683.98,
    "volume" : 663406.00
  }, {
    "date" : "2025-10-01",
    "price" : 757.10,
    "dma50" : 713.27,
    "dma100" : 693.27,
    "dma200" : 684.71,
    "volume" : 584114.00
  }, {
    "date" : "2025-10-03",
    "price" : 780.40,
    "dma50" : 715.90,
    "dma100" : 694.86,
    "dma200" : 685.66,
    "volume" : 1405517.00
  }, {
    "date" : "2025-10-06",
    "price" : 807.70,
    "dma50" : 719.50,
    "dma100" : 696.67,
    "dma200" : 686.88,
    "volume" : 2180168.00
  }, {
    "date" : "2025-10-07",
    "price" : 805.30,
    "dma50" : 722.87,
    "dma100" : 698.32,
    "dma200" : 688.06,
    "volume" : 6743550.00
  }, {
    "date" : "2025-10-08",
    "price" : 803.55,
    "dma50" : 726.03,
    "dma100" : 699.89,
    "dma200" : 689.21,
    "volume" : 820579.00
  }, {
    "date" : "2025-10-09",
    "price" : 798.90,
    "dma50" : 728.89,
    "dma100" : 701.35,
    "dma200" : 690.30,
    "volume" : 680204.00
  }, {
    "date" : "2025-10-10",
    "price" : 802.25,
    "dma50" : 731.77,
    "dma100" : 702.62,
    "dma200" : 691.41,
    "volume" : 727026.00
  }, {
    "date" : "2025-10-13",
    "price" : 787.25,
    "dma50" : 733.94,
    "dma100" : 703.58,
    "dma200" : 692.37,
    "volume" : 604716.00
  }, {
    "date" : "2025-10-14",
    "price" : 768.45,
    "dma50" : 735.30,
    "dma100" : 704.42,
    "dma200" : 693.12,
    "volume" : 966707.00
  }, {
    "date" : "2025-10-15",
    "price" : 758.20,
    "dma50" : 736.19,
    "dma100" : 705.20,
    "dma200" : 693.77,
    "volume" : 1005299.00
  }, {
    "date" : "2025-10-16",
    "price" : 735.55,
    "dma50" : 736.17,
    "dma100" : 705.69,
    "dma200" : 694.19,
    "volume" : 3033815.00
  }, {
    "date" : "2025-10-17",
    "price" : 723.60,
    "dma50" : 735.68,
    "dma100" : 706.08,
    "dma200" : 694.48,
    "volume" : 956235.00
  }, {
    "date" : "2025-10-20",
    "price" : 775.85,
    "dma50" : 737.25,
    "dma100" : 706.65,
    "dma200" : 695.29,
    "volume" : 6309473.00
  }, {
    "date" : "2025-10-21",
    "price" : 779.30,
    "dma50" : 738.90,
    "dma100" : 707.23,
    "dma200" : 696.12,
    "volume" : 282347.00
  }, {
    "date" : "2025-10-23",
    "price" : 746.80,
    "dma50" : 739.21,
    "dma100" : 707.93,
    "dma200" : 696.63,
    "volume" : 1356221.00
  }, {
    "date" : "2025-10-24",
    "price" : 772.35,
    "dma50" : 740.51,
    "dma100" : 708.99,
    "dma200" : 697.38,
    "volume" : 2459611.00
  }, {
    "date" : "2025-10-27",
    "price" : 769.85,
    "dma50" : 741.66,
    "dma100" : 710.18,
    "dma200" : 698.10,
    "volume" : 17010824.00
  }, {
    "date" : "2025-10-28",
    "price" : 843.20,
    "dma50" : 745.64,
    "dma100" : 712.02,
    "dma200" : 699.55,
    "volume" : 18326181.00
  }, {
    "date" : "2025-10-29",
    "price" : 809.70,
    "dma50" : 748.15,
    "dma100" : 713.59,
    "dma200" : 700.64,
    "volume" : 5583745.00
  }, {
    "date" : "2025-10-30",
    "price" : 885.00,
    "dma50" : 753.52,
    "dma100" : 715.96,
    "dma200" : 702.48,
    "volume" : 17837412.00
  }, {
    "date" : "2025-10-31",
    "price" : 979.35,
    "dma50" : 762.38,
    "dma100" : 719.19,
    "dma200" : 705.23,
    "volume" : 37109771.00
  }, {
    "date" : "2025-11-03",
    "price" : 953.00,
    "dma50" : 769.85,
    "dma100" : 722.03,
    "dma200" : 707.70,
    "volume" : 10118132.00
  }, {
    "date" : "2025-11-04",
    "price" : 982.85,
    "dma50" : 778.20,
    "dma100" : 725.03,
    "dma200" : 710.43,
    "volume" : 11882007.00
  }, {
    "date" : "2025-11-06",
    "price" : 975.85,
    "dma50" : 785.96,
    "dma100" : 728.14,
    "dma200" : 713.08,
    "volume" : 8374490.00
  }, {
    "date" : "2025-11-07",
    "price" : 1016.30,
    "dma50" : 794.99,
    "dma100" : 731.88,
    "dma200" : 716.09,
    "volume" : 6207369.00
  }, {
    "date" : "2025-11-10",
    "price" : 1000.25,
    "dma50" : 803.04,
    "dma100" : 735.62,
    "dma200" : 718.92,
    "volume" : 4383435.00
  }, {
    "date" : "2025-11-11",
    "price" : 1032.55,
    "dma50" : 812.04,
    "dma100" : 739.57,
    "dma200" : 722.04,
    "volume" : 4625577.00
  }, {
    "date" : "2025-11-12",
    "price" : 1034.15,
    "dma50" : 820.75,
    "dma100" : 743.62,
    "dma200" : 725.15,
    "volume" : 2067718.00
  }, {
    "date" : "2025-11-13",
    "price" : 1035.00,
    "dma50" : 829.15,
    "dma100" : 747.89,
    "dma200" : 728.23,
    "volume" : 1810075.00
  }, {
    "date" : "2025-11-14",
    "price" : 1029.00,
    "dma50" : 836.99,
    "dma100" : 751.85,
    "dma200" : 731.22,
    "volume" : 1352814.00
  }, {
    "date" : "2025-11-17",
    "price" : 1075.80,
    "dma50" : 846.35,
    "dma100" : 755.58,
    "dma200" : 734.65,
    "volume" : 3710835.00
  }, {
    "date" : "2025-11-18",
    "price" : 1096.55,
    "dma50" : 856.16,
    "dma100" : 759.69,
    "dma200" : 738.25,
    "volume" : 3542357.00
  }, {
    "date" : "2025-11-19",
    "price" : 1060.40,
    "dma50" : 864.17,
    "dma100" : 763.61,
    "dma200" : 741.46,
    "volume" : 1380421.00
  }, {
    "date" : "2025-11-20",
    "price" : 1076.35,
    "dma50" : 872.49,
    "dma100" : 767.66,
    "dma200" : 744.79,
    "volume" : 3268461.00
  }, {
    "date" : "2025-11-21",
    "price" : 1025.20,
    "dma50" : 878.48,
    "dma100" : 771.08,
    "dma200" : 747.58,
    "volume" : 1952227.00
  }, {
    "date" : "2025-11-24",
    "price" : 989.20,
    "dma50" : 882.82,
    "dma100" : 774.18,
    "dma200" : 749.98,
    "volume" : 3255339.00
  }, {
    "date" : "2025-11-25",
    "price" : 1018.80,
    "dma50" : 888.16,
    "dma100" : 777.55,
    "dma200" : 752.66,
    "volume" : 2247724.00
  }, {
    "date" : "2025-11-26",
    "price" : 896.60,
    "dma50" : 888.49,
    "dma100" : 779.51,
    "dma200" : 754.09,
    "volume" : 8150761.00
  }, {
    "date" : "2025-11-27",
    "price" : 917.15,
    "dma50" : 889.61,
    "dma100" : 781.56,
    "dma200" : 755.71,
    "volume" : 6560366.00
  }, {
    "date" : "2025-11-28",
    "price" : 916.15,
    "dma50" : 890.65,
    "dma100" : 783.01,
    "dma200" : 757.31,
    "volume" : 2021632.00
  }, {
    "date" : "2025-12-01",
    "price" : 911.55,
    "dma50" : 891.47,
    "dma100" : 784.74,
    "dma200" : 758.84,
    "volume" : 1415777.00
  }, {
    "date" : "2025-12-02",
    "price" : 932.75,
    "dma50" : 893.09,
    "dma100" : 786.73,
    "dma200" : 760.58,
    "volume" : 2560615.00
  }, {
    "date" : "2025-12-03",
    "price" : 941.60,
    "dma50" : 894.99,
    "dma100" : 788.76,
    "dma200" : 762.38,
    "volume" : 2109338.00
  }, {
    "date" : "2025-12-04",
    "price" : 930.35,
    "dma50" : 896.38,
    "dma100" : 790.72,
    "dma200" : 764.05,
    "volume" : 1523121.00
  }, {
    "date" : "2025-12-05",
    "price" : 928.15,
    "dma50" : 897.63,
    "dma100" : 792.81,
    "dma200" : 765.68,
    "volume" : 819407.00
  }, {
    "date" : "2025-12-08",
    "price" : 929.45,
    "dma50" : 898.87,
    "dma100" : 794.89,
    "dma200" : 767.31,
    "volume" : 1445721.00
  }, {
    "date" : "2025-12-09",
    "price" : 919.10,
    "dma50" : 899.67,
    "dma100" : 796.64,
    "dma200" : 768.82,
    "volume" : 1906750.00
  }, {
    "date" : "2025-12-10",
    "price" : 945.80,
    "dma50" : 901.48,
    "dma100" : 798.61,
    "dma200" : 770.58,
    "volume" : 1705019.00
  }, {
    "date" : "2025-12-11",
    "price" : 922.15,
    "dma50" : 902.29,
    "dma100" : 800.36,
    "dma200" : 772.09,
    "volume" : 878238.00
  }, {
    "date" : "2025-12-12",
    "price" : 927.40,
    "dma50" : 903.27,
    "dma100" : 801.84,
    "dma200" : 773.64,
    "volume" : 797317.00
  }, {
    "date" : "2025-12-15",
    "price" : 924.10,
    "dma50" : 904.09,
    "dma100" : 803.28,
    "dma200" : 775.13,
    "volume" : 571531.00
  }, {
    "date" : "2025-12-16",
    "price" : 915.75,
    "dma50" : 904.55,
    "dma100" : 804.57,
    "dma200" : 776.53,
    "volume" : 690686.00
  }, {
    "date" : "2025-12-17",
    "price" : 913.95,
    "dma50" : 904.91,
    "dma100" : 805.93,
    "dma200" : 777.90,
    "volume" : 688852.00
  }, {
    "date" : "2025-12-18",
    "price" : 891.05,
    "dma50" : 904.37,
    "dma100" : 807.22,
    "dma200" : 779.02,
    "volume" : 641348.00
  }, {
    "date" : "2025-12-19",
    "price" : 887.90,
    "dma50" : 903.73,
    "dma100" : 809.23,
    "dma200" : 780.11,
    "volume" : 867022.00
  }, {
    "date" : "2025-12-22",
    "price" : 893.30,
    "dma50" : 903.32,
    "dma100" : 810.95,
    "dma200" : 781.23,
    "volume" : 747636.00
  }, {
    "date" : "2025-12-23",
    "price" : 861.80,
    "dma50" : 901.69,
    "dma100" : 812.52,
    "dma200" : 782.04,
    "volume" : 1156942.00
  }, {
    "date" : "2025-12-24",
    "price" : 848.25,
    "dma50" : 899.59,
    "dma100" : 814.01,
    "dma200" : 782.69,
    "volume" : 655139.00
  }, {
    "date" : "2025-12-26",
    "price" : 828.35,
    "dma50" : 896.80,
    "dma100" : 815.46,
    "dma200" : 783.15,
    "volume" : 899005.00
  }, {
    "date" : "2025-12-29",
    "price" : 812.00,
    "dma50" : 893.47,
    "dma100" : 817.02,
    "dma200" : 783.44,
    "volume" : 1035082.00
  }, {
    "date" : "2025-12-30",
    "price" : 798.05,
    "dma50" : 889.73,
    "dma100" : 818.51,
    "dma200" : 783.58,
    "volume" : 760991.00
  }, {
    "date" : "2025-12-31",
    "price" : 836.20,
    "dma50" : 887.63,
    "dma100" : 820.48,
    "dma200" : 784.11,
    "volume" : 3501650.00
  }, {
    "date" : "2026-01-01",
    "price" : 846.55,
    "dma50" : 886.02,
    "dma100" : 822.60,
    "dma200" : 784.73,
    "volume" : 1074898.00
  }, {
    "date" : "2026-01-02",
    "price" : 827.20,
    "dma50" : 883.71,
    "dma100" : 824.46,
    "dma200" : 785.15,
    "volume" : 709769.00
  }, {
    "date" : "2026-01-05",
    "price" : 813.60,
    "dma50" : 880.96,
    "dma100" : 826.16,
    "dma200" : 785.43,
    "volume" : 859944.00
  }, {
    "date" : "2026-01-06",
    "price" : 806.95,
    "dma50" : 878.06,
    "dma100" : 827.64,
    "dma200" : 785.65,
    "volume" : 720393.00
  }, {
    "date" : "2026-01-07",
    "price" : 816.80,
    "dma50" : 875.66,
    "dma100" : 829.20,
    "dma200" : 785.96,
    "volume" : 713828.00
  }, {
    "date" : "2026-01-08",
    "price" : 790.70,
    "dma50" : 872.33,
    "dma100" : 830.59,
    "dma200" : 786.00,
    "volume" : 556563.00
  }, {
    "date" : "2026-01-09",
    "price" : 782.70,
    "dma50" : 868.81,
    "dma100" : 832.09,
    "dma200" : 785.97,
    "volume" : 754024.00
  }, {
    "date" : "2026-01-12",
    "price" : 808.55,
    "dma50" : 866.45,
    "dma100" : 833.90,
    "dma200" : 786.20,
    "volume" : 1126909.00
  }, {
    "date" : "2026-01-13",
    "price" : 821.95,
    "dma50" : 864.70,
    "dma100" : 835.56,
    "dma200" : 786.55,
    "volume" : 938208.00
  }, {
    "date" : "2026-01-14",
    "price" : 875.30,
    "dma50" : 865.12,
    "dma100" : 837.72,
    "dma200" : 787.43,
    "volume" : 3187093.00
  }, {
    "date" : "2026-01-16",
    "price" : 859.95,
    "dma50" : 864.92,
    "dma100" : 839.68,
    "dma200" : 788.16,
    "volume" : 1827429.00
  } ],
  "latestTechnicalAttributes" : {
    "date" : "2026-01-16",
    "price" : 859.95,
    "dma50" : 864.92,
    "dma100" : 839.68,
    "dma200" : 788.16,
    "volume" : 1827429.00
  },
  "quarterlyResults" : [ {
    "date" : "2005-03-31",
    "sales" : 4339.99,
    "salesGrowthYoY" : null,
    "grossProfitMargin" : 13.54,
    "grossProfit" : 587.63,
    "operatingProfitMargin" : 9.59,
    "operatingProfit" : 416.21,
    "netProfitMargin" : 5.78,
    "netProfit" : 250.85
  }, {
    "date" : "2005-06-30",
    "sales" : 4662.98,
    "salesGrowthYoY" : null,
    "grossProfitMargin" : 12.23,
    "grossProfit" : 570.28,
    "operatingProfitMargin" : 9.27,
    "operatingProfit" : 432.26,
    "netProfitMargin" : 5.02,
    "netProfit" : 234.08
  }, {
    "date" : "2005-09-30",
    "sales" : 5469.24,
    "salesGrowthYoY" : null,
    "grossProfitMargin" : 10.44,
    "grossProfit" : 570.99,
    "operatingProfitMargin" : 7.15,
    "operatingProfit" : 391.05,
    "netProfitMargin" : 3.59,
    "netProfit" : 196.35
  }, {
    "date" : "2005-12-31",
    "sales" : 5473.65,
    "salesGrowthYoY" : null,
    "grossProfitMargin" : 4.95,
    "grossProfit" : 270.95,
    "operatingProfitMargin" : 2.40,
    "operatingProfit" : 131.37,
    "netProfitMargin" : 0.39,
    "netProfit" : 21.35
  }, {
    "date" : "2006-03-31",
    "sales" : 5493.48,
    "salesGrowthYoY" : 26.58,
    "grossProfitMargin" : 5.52,
    "grossProfit" : 303.24,
    "operatingProfitMargin" : 2.37,
    "operatingProfit" : 130.20,
    "netProfitMargin" : 0.53,
    "netProfit" : 29.12
  }, {
    "date" : "2006-06-30",
    "sales" : 6465.61,
    "salesGrowthYoY" : 38.66,
    "grossProfitMargin" : 9.82,
    "grossProfit" : 634.92,
    "operatingProfitMargin" : 7.41,
    "operatingProfit" : 479.10,
    "netProfitMargin" : 3.94,
    "netProfit" : 254.75
  }, {
    "date" : "2006-09-30",
    "sales" : 6652.74,
    "salesGrowthYoY" : 21.64,
    "grossProfitMargin" : 6.16,
    "grossProfit" : 409.81,
    "operatingProfitMargin" : 3.58,
    "operatingProfit" : 238.17,
    "netProfitMargin" : 1.46,
    "netProfit" : 97.13
  }, {
    "date" : "2006-12-31",
    "sales" : 5881.92,
    "salesGrowthYoY" : 7.46,
    "grossProfitMargin" : 4.63,
    "grossProfit" : 272.33,
    "operatingProfitMargin" : 2.07,
    "operatingProfit" : 121.76,
    "netProfitMargin" : 0.41,
    "netProfit" : 24.12
  }, {
    "date" : "2007-03-31",
    "sales" : 5653.05,
    "salesGrowthYoY" : 2.90,
    "grossProfitMargin" : 9.34,
    "grossProfit" : 527.99,
    "operatingProfitMargin" : 7.11,
    "operatingProfit" : 401.93,
    "netProfitMargin" : 3.34,
    "netProfit" : 188.81
  }, {
    "date" : "2007-06-30",
    "sales" : 6296.61,
    "salesGrowthYoY" : -2.61,
    "grossProfitMargin" : 10.24,
    "grossProfit" : 644.77,
    "operatingProfitMargin" : 8.25,
    "operatingProfit" : 519.47,
    "netProfitMargin" : 5.13,
    "netProfit" : 323.02
  }, {
    "date" : "2007-09-30",
    "sales" : 6281.63,
    "salesGrowthYoY" : -5.58,
    "grossProfitMargin" : 8.92,
    "grossProfit" : 560.32,
    "operatingProfitMargin" : 6.83,
    "operatingProfit" : 429.04,
    "netProfitMargin" : 3.67,
    "netProfit" : 230.54
  }, {
    "date" : "2007-12-31",
    "sales" : 7060.11,
    "salesGrowthYoY" : 20.03,
    "grossProfitMargin" : 8.11,
    "grossProfit" : 572.57,
    "operatingProfitMargin" : 5.82,
    "operatingProfit" : 410.90,
    "netProfitMargin" : 3.20,
    "netProfit" : 225.92
  }, {
    "date" : "2008-03-31",
    "sales" : 8367.89,
    "salesGrowthYoY" : 48.02,
    "grossProfitMargin" : 9.97,
    "grossProfit" : 834.28,
    "operatingProfitMargin" : 8.13,
    "operatingProfit" : 680.31,
    "netProfitMargin" : 4.11,
    "netProfit" : 343.92
  }, {
    "date" : "2008-06-30",
    "sales" : 11151.10,
    "salesGrowthYoY" : 77.10,
    "grossProfitMargin" : 14.05,
    "grossProfit" : 1566.73,
    "operatingProfitMargin" : 10.48,
    "operatingProfit" : 1168.64,
    "netProfitMargin" : 6.31,
    "netProfit" : 703.63
  }, {
    "date" : "2008-09-30",
    "sales" : 10283.23,
    "salesGrowthYoY" : 63.70,
    "grossProfitMargin" : 2.95,
    "grossProfit" : 303.36,
    "operatingProfitMargin" : -0.52,
    "operatingProfit" : -53.47,
    "netProfitMargin" : -1.00,
    "netProfit" : -102.83
  }, {
    "date" : "2008-12-31",
    "sales" : 5637.55,
    "salesGrowthYoY" : -20.15,
    "grossProfitMargin" : -27.27,
    "grossProfit" : -1537.36,
    "operatingProfitMargin" : -31.95,
    "operatingProfit" : -1801.20,
    "netProfitMargin" : -22.53,
    "netProfit" : -1270.14
  }, {
    "date" : "2009-03-31",
    "sales" : 4969.03,
    "salesGrowthYoY" : -40.62,
    "grossProfitMargin" : 13.67,
    "grossProfit" : 679.27,
    "operatingProfitMargin" : 10.45,
    "operatingProfit" : 519.26,
    "netProfitMargin" : 5.47,
    "netProfit" : 271.81
  }, {
    "date" : "2009-06-30",
    "sales" : 5660.39,
    "salesGrowthYoY" : -49.24,
    "grossProfitMargin" : 11.32,
    "grossProfit" : 640.76,
    "operatingProfitMargin" : 8.26,
    "operatingProfit" : 467.55,
    "netProfitMargin" : 5.38,
    "netProfit" : 304.53
  }, {
    "date" : "2009-09-30",
    "sales" : 6997.14,
    "salesGrowthYoY" : -31.96,
    "grossProfitMargin" : 7.23,
    "grossProfit" : 505.89,
    "operatingProfitMargin" : 4.60,
    "operatingProfit" : 321.87,
    "netProfitMargin" : 1.99,
    "netProfit" : 139.24
  }, {
    "date" : "2009-12-31",
    "sales" : 6849.84,
    "salesGrowthYoY" : 21.50,
    "grossProfitMargin" : 4.32,
    "grossProfit" : 295.91,
    "operatingProfitMargin" : 1.76,
    "operatingProfit" : 120.56,
    "netProfitMargin" : 3.22,
    "netProfit" : 220.56
  }, {
    "date" : "2010-03-31",
    "sales" : 5465.26,
    "salesGrowthYoY" : 9.99,
    "grossProfitMargin" : 4.29,
    "grossProfit" : 234.46,
    "operatingProfitMargin" : -1.04,
    "operatingProfit" : -56.84,
    "netProfitMargin" : -1.12,
    "netProfit" : -61.21
  }, {
    "date" : "2010-06-30",
    "sales" : 6327.65,
    "salesGrowthYoY" : 11.79,
    "grossProfitMargin" : 3.03,
    "grossProfit" : 191.73,
    "operatingProfitMargin" : 0.29,
    "operatingProfit" : 18.35,
    "netProfitMargin" : -0.87,
    "netProfit" : -55.05
  }, {
    "date" : "2010-09-30",
    "sales" : 8122.22,
    "salesGrowthYoY" : 16.08,
    "grossProfitMargin" : 5.74,
    "grossProfit" : 466.22,
    "operatingProfitMargin" : 3.14,
    "operatingProfit" : 255.04,
    "netProfitMargin" : 1.20,
    "netProfit" : 97.47
  }, {
    "date" : "2010-12-31",
    "sales" : 8347.61,
    "salesGrowthYoY" : 21.87,
    "grossProfitMargin" : 5.96,
    "grossProfit" : 497.52,
    "operatingProfitMargin" : 4.16,
    "operatingProfit" : 347.26,
    "netProfitMargin" : 1.86,
    "netProfit" : 155.27
  }, {
    "date" : "2011-03-31",
    "sales" : 10322.93,
    "salesGrowthYoY" : 88.88,
    "grossProfitMargin" : 8.23,
    "grossProfit" : 849.58,
    "operatingProfitMargin" : 5.75,
    "operatingProfit" : 593.57,
    "netProfitMargin" : 3.04,
    "netProfit" : 313.82
  }, {
    "date" : "2011-06-30",
    "sales" : 9897.33,
    "salesGrowthYoY" : 56.41,
    "grossProfitMargin" : 1.81,
    "grossProfit" : 179.14,
    "operatingProfitMargin" : 0.67,
    "operatingProfit" : 66.31,
    "netProfitMargin" : -0.56,
    "netProfit" : -55.43
  }, {
    "date" : "2011-09-30",
    "sales" : 9426.84,
    "salesGrowthYoY" : 16.06,
    "grossProfitMargin" : 3.74,
    "grossProfit" : 352.56,
    "operatingProfitMargin" : -2.19,
    "operatingProfit" : -206.45,
    "netProfitMargin" : 0.78,
    "netProfit" : 73.53
  }, {
    "date" : "2011-12-31",
    "sales" : 11151.29,
    "salesGrowthYoY" : 33.59,
    "grossProfitMargin" : 5.29,
    "grossProfit" : 589.90,
    "operatingProfitMargin" : 0.56,
    "operatingProfit" : 62.45,
    "netProfitMargin" : -0.57,
    "netProfit" : -63.56
  }, {
    "date" : "2012-03-31",
    "sales" : 10332.40,
    "salesGrowthYoY" : 0.09,
    "grossProfitMargin" : 4.77,
    "grossProfit" : 492.86,
    "operatingProfitMargin" : 4.55,
    "operatingProfit" : 470.12,
    "netProfitMargin" : 1.04,
    "netProfit" : 107.46
  }, {
    "date" : "2012-06-30",
    "sales" : 11043.20,
    "salesGrowthYoY" : 11.58,
    "grossProfitMargin" : -2.11,
    "grossProfit" : -233.01,
    "operatingProfitMargin" : -7.06,
    "operatingProfit" : -779.65,
    "netProfitMargin" : -8.77,
    "netProfit" : -968.49
  }, {
    "date" : "2012-09-30",
    "sales" : 7787.01,
    "salesGrowthYoY" : -17.40,
    "grossProfitMargin" : 4.25,
    "grossProfit" : 330.95,
    "operatingProfitMargin" : 3.39,
    "operatingProfit" : 263.98,
    "netProfitMargin" : 0.76,
    "netProfit" : 59.18
  }, {
    "date" : "2012-12-31",
    "sales" : 11593.82,
    "salesGrowthYoY" : 3.97,
    "grossProfitMargin" : 1.57,
    "grossProfit" : 182.02,
    "operatingProfitMargin" : -2.12,
    "operatingProfit" : -245.79,
    "netProfitMargin" : -4.01,
    "netProfit" : -464.91
  }, {
    "date" : "2013-03-31",
    "sales" : 12459.26,
    "salesGrowthYoY" : 20.58,
    "grossProfitMargin" : 0.80,
    "grossProfit" : 99.67,
    "operatingProfitMargin" : -0.93,
    "operatingProfit" : -115.87,
    "netProfitMargin" : -3.15,
    "netProfit" : -392.47
  }, {
    "date" : "2013-06-30",
    "sales" : 11530.66,
    "salesGrowthYoY" : 4.41,
    "grossProfitMargin" : 4.36,
    "grossProfit" : 502.74,
    "operatingProfitMargin" : -1.10,
    "operatingProfit" : -126.84,
    "netProfitMargin" : -3.27,
    "netProfit" : -377.05
  }, {
    "date" : "2013-09-30",
    "sales" : 13111.95,
    "salesGrowthYoY" : 68.38,
    "grossProfitMargin" : 7.04,
    "grossProfit" : 923.08,
    "operatingProfitMargin" : 5.25,
    "operatingProfit" : 688.38,
    "netProfitMargin" : 0.92,
    "netProfit" : 120.63
  }, {
    "date" : "2013-12-31",
    "sales" : 11360.33,
    "salesGrowthYoY" : -2.01,
    "grossProfitMargin" : 2.49,
    "grossProfit" : 282.87,
    "operatingProfitMargin" : 1.17,
    "operatingProfit" : 132.92,
    "netProfitMargin" : -0.85,
    "netProfit" : -96.56
  }, {
    "date" : "2014-03-31",
    "sales" : 13339.68,
    "salesGrowthYoY" : 7.07,
    "grossProfitMargin" : 2.08,
    "grossProfit" : 277.47,
    "operatingProfitMargin" : 1.69,
    "operatingProfit" : 225.44,
    "netProfitMargin" : 0.37,
    "netProfit" : 49.36
  }, {
    "date" : "2014-06-30",
    "sales" : 12989.44,
    "salesGrowthYoY" : 12.65,
    "grossProfitMargin" : 1.76,
    "grossProfit" : 228.61,
    "operatingProfitMargin" : -0.10,
    "operatingProfit" : -12.99,
    "netProfitMargin" : 3.93,
    "netProfit" : 510.48
  }, {
    "date" : "2014-09-30",
    "sales" : 10616.32,
    "salesGrowthYoY" : -19.03,
    "grossProfitMargin" : 2.55,
    "grossProfit" : 270.72,
    "operatingProfitMargin" : -0.84,
    "operatingProfit" : -89.18,
    "netProfitMargin" : -2.20,
    "netProfit" : -233.56
  }, {
    "date" : "2014-12-31",
    "sales" : 9436.25,
    "salesGrowthYoY" : -16.94,
    "grossProfitMargin" : -2.73,
    "grossProfit" : -257.61,
    "operatingProfitMargin" : -5.64,
    "operatingProfit" : -532.20,
    "netProfitMargin" : -7.21,
    "netProfit" : -680.35
  }, {
    "date" : "2015-03-31",
    "sales" : 8823.95,
    "salesGrowthYoY" : -33.85,
    "grossProfitMargin" : 8.54,
    "grossProfit" : 753.57,
    "operatingProfitMargin" : 5.49,
    "operatingProfit" : 484.43,
    "netProfitMargin" : 4.13,
    "netProfit" : 364.43
  }, {
    "date" : "2015-06-30",
    "sales" : 8947.89,
    "salesGrowthYoY" : -31.11,
    "grossProfitMargin" : 15.40,
    "grossProfit" : 1377.98,
    "operatingProfitMargin" : 11.90,
    "operatingProfit" : 1064.80,
    "netProfitMargin" : 10.35,
    "netProfit" : 926.11
  }, {
    "date" : "2015-09-30",
    "sales" : 6013.53,
    "salesGrowthYoY" : -43.36,
    "grossProfitMargin" : 1.52,
    "grossProfit" : 91.41,
    "operatingProfitMargin" : -4.69,
    "operatingProfit" : -282.03,
    "netProfitMargin" : -7.48,
    "netProfit" : -449.81
  }, {
    "date" : "2015-12-31",
    "sales" : 5087.24,
    "salesGrowthYoY" : -46.09,
    "grossProfitMargin" : 7.63,
    "grossProfit" : 388.16,
    "operatingProfitMargin" : 3.11,
    "operatingProfit" : 158.21,
    "netProfitMargin" : 0.36,
    "netProfit" : 18.31
  }, {
    "date" : "2016-03-31",
    "sales" : 5797.11,
    "salesGrowthYoY" : -34.30,
    "grossProfitMargin" : 12.65,
    "grossProfit" : 733.33,
    "operatingProfitMargin" : 7.02,
    "operatingProfit" : 406.96,
    "netProfitMargin" : 4.28,
    "netProfit" : 248.12
  }, {
    "date" : "2016-06-30",
    "sales" : 6448.90,
    "salesGrowthYoY" : -27.93,
    "grossProfitMargin" : 16.40,
    "grossProfit" : 1057.62,
    "operatingProfitMargin" : 12.02,
    "operatingProfit" : 775.16,
    "netProfitMargin" : 7.28,
    "netProfit" : 469.48
  }, {
    "date" : "2016-09-30",
    "sales" : 7148.05,
    "salesGrowthYoY" : 18.87,
    "grossProfitMargin" : 7.23,
    "grossProfit" : 516.80,
    "operatingProfitMargin" : 3.58,
    "operatingProfit" : 255.90,
    "netProfitMargin" : 1.37,
    "netProfit" : 97.93
  }, {
    "date" : "2016-12-31",
    "sales" : 7266.69,
    "salesGrowthYoY" : 42.84,
    "grossProfitMargin" : 11.44,
    "grossProfit" : 831.31,
    "operatingProfitMargin" : 7.41,
    "operatingProfit" : 538.46,
    "netProfitMargin" : 4.01,
    "netProfit" : 291.39
  }, {
    "date" : "2017-03-31",
    "sales" : 6827.89,
    "salesGrowthYoY" : 17.78,
    "grossProfitMargin" : 11.22,
    "grossProfit" : 766.09,
    "operatingProfitMargin" : 3.68,
    "operatingProfit" : 251.27,
    "netProfitMargin" : 2.50,
    "netProfit" : 170.70
  }, {
    "date" : "2017-06-30",
    "sales" : 6694.13,
    "salesGrowthYoY" : 3.80,
    "grossProfitMargin" : 7.46,
    "grossProfit" : 499.38,
    "operatingProfitMargin" : 2.91,
    "operatingProfit" : 194.80,
    "netProfitMargin" : 0.50,
    "netProfit" : 33.47
  }, {
    "date" : "2017-09-30",
    "sales" : 7457.92,
    "salesGrowthYoY" : 4.34,
    "grossProfitMargin" : 12.87,
    "grossProfit" : 959.83,
    "operatingProfitMargin" : 8.52,
    "operatingProfit" : 635.41,
    "netProfitMargin" : 4.22,
    "netProfit" : 314.72
  }, {
    "date" : "2017-12-31",
    "sales" : 8587.17,
    "salesGrowthYoY" : 18.17,
    "grossProfitMargin" : 13.24,
    "grossProfit" : 1136.94,
    "operatingProfitMargin" : 9.71,
    "operatingProfit" : 833.81,
    "netProfitMargin" : 4.50,
    "netProfit" : 386.42
  }, {
    "date" : "2018-03-31",
    "sales" : 9788.07,
    "salesGrowthYoY" : 43.35,
    "grossProfitMargin" : 8.42,
    "grossProfit" : 824.16,
    "operatingProfitMargin" : 3.63,
    "operatingProfit" : 355.31,
    "netProfitMargin" : 1.82,
    "netProfit" : 178.14
  }, {
    "date" : "2018-06-30",
    "sales" : 9520.94,
    "salesGrowthYoY" : 42.23,
    "grossProfitMargin" : 9.85,
    "grossProfit" : 937.81,
    "operatingProfitMargin" : 4.70,
    "operatingProfit" : 447.48,
    "netProfitMargin" : 1.64,
    "netProfit" : 156.14
  }, {
    "date" : "2018-09-30",
    "sales" : 11994.87,
    "salesGrowthYoY" : 60.83,
    "grossProfitMargin" : 6.49,
    "grossProfit" : 778.47,
    "operatingProfitMargin" : 1.96,
    "operatingProfit" : 235.10,
    "netProfitMargin" : 0.23,
    "netProfit" : 27.59
  }, {
    "date" : "2018-12-31",
    "sales" : 9865.83,
    "salesGrowthYoY" : 14.89,
    "grossProfitMargin" : -0.71,
    "grossProfit" : -70.05,
    "operatingProfitMargin" : -3.50,
    "operatingProfit" : -345.30,
    "netProfitMargin" : -3.72,
    "netProfit" : -367.01
  }, {
    "date" : "2019-03-31",
    "sales" : 9956.75,
    "salesGrowthYoY" : 1.72,
    "grossProfitMargin" : 4.97,
    "grossProfit" : 494.85,
    "operatingProfitMargin" : 1.80,
    "operatingProfit" : 179.22,
    "netProfitMargin" : -0.29,
    "netProfit" : -28.87
  }, {
    "date" : "2019-06-30",
    "sales" : 10147.77,
    "salesGrowthYoY" : 6.58,
    "grossProfitMargin" : 2.04,
    "grossProfit" : 207.01,
    "operatingProfitMargin" : -1.19,
    "operatingProfit" : -120.76,
    "netProfitMargin" : -2.30,
    "netProfit" : -233.40
  }, {
    "date" : "2019-09-30",
    "sales" : 9237.66,
    "salesGrowthYoY" : -22.99,
    "grossProfitMargin" : 3.92,
    "grossProfit" : 362.12,
    "operatingProfitMargin" : -1.24,
    "operatingProfit" : -114.55,
    "netProfitMargin" : -2.31,
    "netProfit" : -213.39
  }, {
    "date" : "2019-12-31",
    "sales" : 9146.67,
    "salesGrowthYoY" : -7.29,
    "grossProfitMargin" : 5.92,
    "grossProfit" : 541.48,
    "operatingProfitMargin" : 2.22,
    "operatingProfit" : 203.06,
    "netProfitMargin" : 0.07,
    "netProfit" : 6.40
  }, {
    "date" : "2020-03-31",
    "sales" : 8607.37,
    "salesGrowthYoY" : -13.55,
    "grossProfitMargin" : -19.19,
    "grossProfit" : -1651.75,
    "operatingProfitMargin" : -25.10,
    "operatingProfit" : -2160.45,
    "netProfitMargin" : -19.03,
    "netProfit" : -1637.98
  }, {
    "date" : "2020-06-30",
    "sales" : 2903.06,
    "salesGrowthYoY" : -71.39,
    "grossProfitMargin" : 33.36,
    "grossProfit" : 968.46,
    "operatingProfitMargin" : 21.38,
    "operatingProfit" : 620.67,
    "netProfitMargin" : 9.36,
    "netProfit" : 271.73
  }, {
    "date" : "2020-09-30",
    "sales" : 4874.59,
    "salesGrowthYoY" : -47.23,
    "grossProfitMargin" : 19.97,
    "grossProfit" : 973.46,
    "operatingProfitMargin" : 12.71,
    "operatingProfit" : 619.56,
    "netProfitMargin" : 5.96,
    "netProfit" : 290.53
  }, {
    "date" : "2020-12-31",
    "sales" : 5891.91,
    "salesGrowthYoY" : -35.58,
    "grossProfitMargin" : 8.89,
    "grossProfit" : 523.79,
    "operatingProfitMargin" : 3.57,
    "operatingProfit" : 210.34,
    "netProfitMargin" : -9.44,
    "netProfit" : -556.20
  }, {
    "date" : "2021-03-31",
    "sales" : 8737.24,
    "salesGrowthYoY" : 1.51,
    "grossProfitMargin" : 10.63,
    "grossProfit" : 928.77,
    "operatingProfitMargin" : 5.97,
    "operatingProfit" : 521.61,
    "netProfitMargin" : 2.65,
    "netProfit" : 231.54
  }, {
    "date" : "2021-06-30",
    "sales" : 8166.46,
    "salesGrowthYoY" : 181.31,
    "grossProfitMargin" : 7.96,
    "grossProfit" : 650.05,
    "operatingProfitMargin" : 3.57,
    "operatingProfit" : 291.54,
    "netProfitMargin" : 0.66,
    "netProfit" : 53.90
  }, {
    "date" : "2021-09-30",
    "sales" : 8856.06,
    "salesGrowthYoY" : 81.68,
    "grossProfitMargin" : 7.27,
    "grossProfit" : 643.84,
    "operatingProfitMargin" : 3.45,
    "operatingProfit" : 305.53,
    "netProfitMargin" : 0.74,
    "netProfit" : 65.53
  }, {
    "date" : "2021-12-31",
    "sales" : 9939.29,
    "salesGrowthYoY" : 68.69,
    "grossProfitMargin" : 9.00,
    "grossProfit" : 894.54,
    "operatingProfitMargin" : 5.49,
    "operatingProfit" : 545.67,
    "netProfitMargin" : 2.30,
    "netProfit" : 228.60
  }, {
    "date" : "2022-03-31",
    "sales" : 16413.57,
    "salesGrowthYoY" : 87.86,
    "grossProfitMargin" : 14.14,
    "grossProfit" : 2320.88,
    "operatingProfitMargin" : 9.67,
    "operatingProfit" : 1587.19,
    "netProfitMargin" : 6.06,
    "netProfit" : 994.66
  }, {
    "date" : "2022-06-30",
    "sales" : 23162.55,
    "salesGrowthYoY" : 183.63,
    "grossProfitMargin" : 17.91,
    "grossProfit" : 4148.41,
    "operatingProfitMargin" : 14.71,
    "operatingProfit" : 3407.21,
    "netProfitMargin" : 10.18,
    "netProfit" : 2357.95
  }, {
    "date" : "2022-09-30",
    "sales" : 19508.82,
    "salesGrowthYoY" : 120.29,
    "grossProfitMargin" : 4.17,
    "grossProfit" : 813.52,
    "operatingProfitMargin" : 1.18,
    "operatingProfit" : 230.20,
    "netProfitMargin" : 0.14,
    "netProfit" : 27.31
  }, {
    "date" : "2022-12-31",
    "sales" : 16054.44,
    "salesGrowthYoY" : 61.53,
    "grossProfitMargin" : 5.97,
    "grossProfit" : 958.45,
    "operatingProfitMargin" : 2.70,
    "operatingProfit" : 433.47,
    "netProfitMargin" : 0.89,
    "netProfit" : 142.88
  }, {
    "date" : "2023-03-31",
    "sales" : 18008.89,
    "salesGrowthYoY" : 9.72,
    "grossProfitMargin" : 12.61,
    "grossProfit" : 2270.92,
    "operatingProfitMargin" : 9.03,
    "operatingProfit" : 1626.20,
    "netProfitMargin" : 5.58,
    "netProfit" : 1004.90
  }, {
    "date" : "2023-06-30",
    "sales" : 14744.80,
    "salesGrowthYoY" : -36.34,
    "grossProfitMargin" : 9.36,
    "grossProfit" : 1380.11,
    "operatingProfitMargin" : 6.44,
    "operatingProfit" : 949.57,
    "netProfitMargin" : 3.72,
    "netProfit" : 548.51
  }, {
    "date" : "2023-09-30",
    "sales" : 16544.56,
    "salesGrowthYoY" : -15.19,
    "grossProfitMargin" : 13.92,
    "grossProfit" : 2303.00,
    "operatingProfitMargin" : 10.91,
    "operatingProfit" : 1805.01,
    "netProfitMargin" : 7.20,
    "netProfit" : 1191.21
  }, {
    "date" : "2023-12-31",
    "sales" : 17375.90,
    "salesGrowthYoY" : 8.23,
    "grossProfitMargin" : 6.47,
    "grossProfit" : 1124.22,
    "operatingProfitMargin" : 3.91,
    "operatingProfit" : 679.40,
    "netProfitMargin" : 2.07,
    "netProfit" : 359.68
  }, {
    "date" : "2024-03-31",
    "sales" : 17720.18,
    "salesGrowthYoY" : -1.60,
    "grossProfitMargin" : 8.60,
    "grossProfit" : 1523.94,
    "operatingProfitMargin" : 5.88,
    "operatingProfit" : 1041.95,
    "netProfitMargin" : 3.46,
    "netProfit" : 613.12
  }, {
    "date" : "2024-06-30",
    "sales" : 17094.98,
    "salesGrowthYoY" : 15.94,
    "grossProfitMargin" : 6.64,
    "grossProfit" : 1135.11,
    "operatingProfitMargin" : 3.88,
    "operatingProfit" : 663.29,
    "netProfitMargin" : 2.00,
    "netProfit" : 341.90
  }, {
    "date" : "2024-09-30",
    "sales" : 12086.54,
    "salesGrowthYoY" : -26.95,
    "grossProfitMargin" : -1.40,
    "grossProfit" : -169.21,
    "operatingProfitMargin" : -5.58,
    "operatingProfit" : -674.43,
    "netProfitMargin" : -5.21,
    "netProfit" : -629.71
  }, {
    "date" : "2024-12-31",
    "sales" : 12925.36,
    "salesGrowthYoY" : -25.61,
    "grossProfitMargin" : 5.64,
    "grossProfit" : 728.99,
    "operatingProfitMargin" : 1.87,
    "operatingProfit" : 241.70,
    "netProfitMargin" : 0.08,
    "netProfit" : 10.34
  }, {
    "date" : "2025-03-31",
    "sales" : 17249.10,
    "salesGrowthYoY" : -2.66,
    "grossProfitMargin" : 7.25,
    "grossProfit" : 1250.56,
    "operatingProfitMargin" : 4.55,
    "operatingProfit" : 784.83,
    "netProfitMargin" : 2.61,
    "netProfit" : 450.20
  }, {
    "date" : "2025-06-30",
    "sales" : 14812.10,
    "salesGrowthYoY" : -13.35,
    "grossProfitMargin" : 4.42,
    "grossProfit" : 654.69,
    "operatingProfitMargin" : 0.67,
    "operatingProfit" : 99.24,
    "netProfitMargin" : -0.38,
    "netProfit" : -56.29
  }, {
    "date" : "2025-09-30",
    "sales" : 16327.34,
    "salesGrowthYoY" : 35.09,
    "grossProfitMargin" : 11.06,
    "grossProfit" : 1805.80,
    "operatingProfitMargin" : 7.01,
    "operatingProfit" : 1144.55,
    "netProfitMargin" : 4.48,
    "netProfit" : 731.46
  } ],
  "latestQuarterlyResult" : {
    "date" : "2025-09-30",
    "sales" : 16327.34,
    "salesGrowthYoY" : 35.09,
    "grossProfitMargin" : 11.06,
    "grossProfit" : 1805.80,
    "operatingProfitMargin" : 7.01,
    "operatingProfit" : 1144.55,
    "netProfitMargin" : 4.48,
    "netProfit" : 731.46
  },
  "companyScore" : {
    "priceHigherThanDma50" : 0.00,
    "priceHigherThanDma100" : 5.00,
    "priceHigherThanDma200" : 5.00,
    "dma50HigherThanDma100" : 5.00,
    "dma50HigherThanDma200" : 5.00,
    "dma100HigherThanDma200" : 5.00,
    "pricePercentageAboveDma50" : 5.03,
    "pricePercentageAboveDma100" : 4.88,
    "pricePercentageAboveDma200" : 4.54,
    "weeklyVolumeHigherThanYearlyVolume" : 0.00,
    "salesGrowthPercentile" : 15.44,
    "operatingProfitMarginPercentile" : 14.70,
    "netProfitMarginPercentile" : 8.21,
    "totalTechnicalScore" : 39.45,
    "totalFundamentalScore" : 38.36,
    "totalScore" : 77.81
  }
}