{
  "metadata" : {
    "screenerCompanyId" : "644",
    "companyCode" : "CHOICEIN",
    "companyName" : "Choice Intl.",
    "screenerCompanyLink" : "https://www.screener.in/company/CHOICEIN/consolidated/",
    "screenerTechnicalHistoryLink" : "https://www.screener.in/api/company/644/chart/?q=Price-DMA50-DMA200-Volume&days=365",
    "screenerQuarterlyResultsLink" : "https://www.screener.in/api/company/644/chart/?q=GPM-OPM-NPM-Quarter+Sales&days=10000",
    "attributes" : {
      "companyCode" : "CHOICEIN",
      "companyName" : "Choice Intl.",
      "marketCap" : 17071.00,
      "peRatio" : 81.60,
      "description" : "Incorporated in 1993, Choice International Ltd provides services like Broking & Distribution, Investment Banking, Financial services, etc.[1]"
    },
    "companyScore" : {
      "priceHigherThanDma50" : 0.00,
      "priceHigherThanDma100" : 0.00,
      "priceHigherThanDma200" : 5.00,
      "dma50HigherThanDma100" : 0.00,
      "dma50HigherThanDma200" : 5.00,
      "dma100HigherThanDma200" : 5.00,
      "pricePercentageAboveDma50" : 5.13,
      "pricePercentageAboveDma100" : 5.18,
      "pricePercentageAboveDma200" : 4.81,
      "weeklyVolumeHigherThanYearlyVolume" : 5.00,
      "salesGrowthPercentile" : 11.25,
      "operatingProfitMarginPercentile" : 9.97,
      "netProfitMarginPercentile" : 5.28,
      "totalTechnicalScore" : 35.12,
      "totalFundamentalScore" : 26.50,
      "totalScore" : 61.62
    }
  },
  "attributes" : {
    "companyCode" : "CHOICEIN",
    "companyName" : "Choice Intl.",
    "marketCap" : 17071.00,
    "peRatio" : 81.60,
    "description" : "Incorporated in 1993, Choice International Ltd provides services like Broking & Distribution, Investment Banking, Financial services, etc.[1]"
  },
  "technicalHistory" : [ {
    "date" : "2025-02-13",
    "price" : 498.90,
    "dma50" : 519.77,
    "dma100" : null,
    "dma200" : 453.81,
    "volume" : 1607190.00
  }, {
    "date" : "2025-02-14",
    "price" : 492.50,
    "dma50" : 518.70,
    "dma100" : null,
    "dma200" : 454.19,
    "volume" : 1133805.00
  }, {
    "date" : "2025-02-17",
    "price" : 492.95,
    "dma50" : 517.69,
    "dma100" : null,
    "dma200" : 454.58,
    "volume" : 668306.00
  }, {
    "date" : "2025-02-18",
    "price" : 493.50,
    "dma50" : 516.74,
    "dma100" : null,
    "dma200" : 454.96,
    "volume" : 336695.00
  }, {
    "date" : "2025-02-19",
    "price" : 492.30,
    "dma50" : 515.78,
    "dma100" : null,
    "dma200" : 455.34,
    "volume" : 322068.00
  }, {
    "date" : "2025-02-20",
    "price" : 495.45,
    "dma50" : 514.98,
    "dma100" : null,
    "dma200" : 455.74,
    "volume" : 648382.00
  }, {
    "date" : "2025-02-21",
    "price" : 489.05,
    "dma50" : 513.97,
    "dma100" : null,
    "dma200" : 456.07,
    "volume" : 172657.00
  }, {
    "date" : "2025-02-24",
    "price" : 481.85,
    "dma50" : 512.71,
    "dma100" : null,
    "dma200" : 456.32,
    "volume" : 211506.00
  }, {
    "date" : "2025-02-25",
    "price" : 486.60,
    "dma50" : 511.68,
    "dma100" : null,
    "dma200" : 456.62,
    "volume" : 390474.00
  }, {
    "date" : "2025-02-27",
    "price" : 482.65,
    "dma50" : 510.54,
    "dma100" : null,
    "dma200" : 456.88,
    "volume" : 166662.00
  }, {
    "date" : "2025-02-28",
    "price" : 465.65,
    "dma50" : 508.78,
    "dma100" : null,
    "dma200" : 456.97,
    "volume" : 501885.00
  }, {
    "date" : "2025-03-03",
    "price" : 468.00,
    "dma50" : 507.18,
    "dma100" : null,
    "dma200" : 457.08,
    "volume" : 1029426.00
  }, {
    "date" : "2025-03-04",
    "price" : 468.45,
    "dma50" : 505.66,
    "dma100" : null,
    "dma200" : 457.19,
    "volume" : 375961.00
  }, {
    "date" : "2025-03-05",
    "price" : 483.10,
    "dma50" : 504.78,
    "dma100" : null,
    "dma200" : 457.45,
    "volume" : 533582.00
  }, {
    "date" : "2025-03-06",
    "price" : 489.85,
    "dma50" : 504.19,
    "dma100" : null,
    "dma200" : 457.77,
    "volume" : 518627.00
  }, {
    "date" : "2025-03-07",
    "price" : 487.05,
    "dma50" : 503.52,
    "dma100" : null,
    "dma200" : 458.06,
    "volume" : 380285.00
  }, {
    "date" : "2025-03-10",
    "price" : 487.60,
    "dma50" : 502.90,
    "dma100" : null,
    "dma200" : 458.36,
    "volume" : 263644.00
  }, {
    "date" : "2025-03-11",
    "price" : 486.75,
    "dma50" : 502.26,
    "dma100" : null,
    "dma200" : 458.64,
    "volume" : 223738.00
  }, {
    "date" : "2025-03-12",
    "price" : 482.30,
    "dma50" : 501.48,
    "dma100" : null,
    "dma200" : 458.88,
    "volume" : 196119.00
  }, {
    "date" : "2025-03-13",
    "price" : 480.65,
    "dma50" : 500.66,
    "dma100" : null,
    "dma200" : 459.09,
    "volume" : 320217.00
  }, {
    "date" : "2025-03-17",
    "price" : 481.35,
    "dma50" : 499.91,
    "dma100" : null,
    "dma200" : 459.31,
    "volume" : 194972.00
  }, {
    "date" : "2025-03-18",
    "price" : 486.65,
    "dma50" : 499.39,
    "dma100" : null,
    "dma200" : 459.59,
    "volume" : 375435.00
  }, {
    "date" : "2025-03-19",
    "price" : 502.75,
    "dma50" : 499.52,
    "dma100" : null,
    "dma200" : 460.02,
    "volume" : 548374.00
  }, {
    "date" : "2025-03-20",
    "price" : 502.10,
    "dma50" : 499.62,
    "dma100" : null,
    "dma200" : 460.44,
    "volume" : 471031.00
  }, {
    "date" : "2025-03-21",
    "price" : 496.90,
    "dma50" : 499.51,
    "dma100" : null,
    "dma200" : 460.80,
    "volume" : 386178.00
  }, {
    "date" : "2025-03-24",
    "price" : 503.00,
    "dma50" : 499.65,
    "dma100" : null,
    "dma200" : 461.22,
    "volume" : 438955.00
  }, {
    "date" : "2025-03-25",
    "price" : 501.95,
    "dma50" : 499.74,
    "dma100" : null,
    "dma200" : 461.62,
    "volume" : 239486.00
  }, {
    "date" : "2025-03-26",
    "price" : 491.80,
    "dma50" : 499.43,
    "dma100" : null,
    "dma200" : 461.92,
    "volume" : 538116.00
  }, {
    "date" : "2025-03-27",
    "price" : 487.50,
    "dma50" : 498.96,
    "dma100" : null,
    "dma200" : 462.18,
    "volume" : 383979.00
  }, {
    "date" : "2025-03-28",
    "price" : 501.85,
    "dma50" : 499.07,
    "dma100" : null,
    "dma200" : 462.57,
    "volume" : 528317.00
  }, {
    "date" : "2025-04-01",
    "price" : 508.65,
    "dma50" : 499.45,
    "dma100" : null,
    "dma200" : 463.03,
    "volume" : 472108.00
  }, {
    "date" : "2025-04-02",
    "price" : 512.25,
    "dma50" : 499.95,
    "dma100" : null,
    "dma200" : 463.52,
    "volume" : 382106.00
  }, {
    "date" : "2025-04-03",
    "price" : 518.70,
    "dma50" : 500.69,
    "dma100" : null,
    "dma200" : 464.07,
    "volume" : 464223.00
  }, {
    "date" : "2025-04-04",
    "price" : 513.70,
    "dma50" : 501.20,
    "dma100" : null,
    "dma200" : 464.56,
    "volume" : 279199.00
  }, {
    "date" : "2025-04-07",
    "price" : 483.95,
    "dma50" : 500.52,
    "dma100" : null,
    "dma200" : 464.76,
    "volume" : 342183.00
  }, {
    "date" : "2025-04-08",
    "price" : 503.15,
    "dma50" : 500.62,
    "dma100" : null,
    "dma200" : 465.14,
    "volume" : 488164.00
  }, {
    "date" : "2025-04-09",
    "price" : 504.70,
    "dma50" : 500.78,
    "dma100" : null,
    "dma200" : 465.53,
    "volume" : 258212.00
  }, {
    "date" : "2025-04-11",
    "price" : 515.60,
    "dma50" : 501.37,
    "dma100" : null,
    "dma200" : 466.03,
    "volume" : 691347.00
  }, {
    "date" : "2025-04-15",
    "price" : 533.65,
    "dma50" : 502.63,
    "dma100" : null,
    "dma200" : 466.70,
    "volume" : 895230.00
  }, {
    "date" : "2025-04-16",
    "price" : 538.65,
    "dma50" : 504.04,
    "dma100" : null,
    "dma200" : 467.42,
    "volume" : 723052.00
  }, {
    "date" : "2025-04-17",
    "price" : 544.30,
    "dma50" : 505.62,
    "dma100" : null,
    "dma200" : 468.18,
    "volume" : 706504.00
  }, {
    "date" : "2025-04-21",
    "price" : 556.25,
    "dma50" : 507.61,
    "dma100" : null,
    "dma200" : 469.06,
    "volume" : 691321.00
  }, {
    "date" : "2025-04-22",
    "price" : 562.75,
    "dma50" : 509.77,
    "dma100" : null,
    "dma200" : 469.99,
    "volume" : 844120.00
  }, {
    "date" : "2025-04-23",
    "price" : 606.45,
    "dma50" : 513.56,
    "dma100" : null,
    "dma200" : 471.35,
    "volume" : 4963071.00
  }, {
    "date" : "2025-04-24",
    "price" : 622.85,
    "dma50" : 517.85,
    "dma100" : null,
    "dma200" : 472.86,
    "volume" : 1588978.00
  }, {
    "date" : "2025-04-25",
    "price" : 624.80,
    "dma50" : 522.04,
    "dma100" : null,
    "dma200" : 474.37,
    "volume" : 1502052.00
  }, {
    "date" : "2025-04-28",
    "price" : 622.45,
    "dma50" : 525.98,
    "dma100" : null,
    "dma200" : 475.84,
    "volume" : 1149802.00
  }, {
    "date" : "2025-04-29",
    "price" : 613.95,
    "dma50" : 529.43,
    "dma100" : null,
    "dma200" : 477.22,
    "volume" : 1135974.00
  }, {
    "date" : "2025-04-30",
    "price" : 610.20,
    "dma50" : 532.60,
    "dma100" : null,
    "dma200" : 478.54,
    "volume" : 851566.00
  }, {
    "date" : "2025-05-02",
    "price" : 615.95,
    "dma50" : 535.87,
    "dma100" : null,
    "dma200" : 479.91,
    "volume" : 789383.00
  }, {
    "date" : "2025-05-05",
    "price" : 626.40,
    "dma50" : 539.42,
    "dma100" : null,
    "dma200" : 481.37,
    "volume" : 807948.00
  }, {
    "date" : "2025-05-06",
    "price" : 620.65,
    "dma50" : 542.60,
    "dma100" : null,
    "dma200" : 482.75,
    "volume" : 828532.00
  }, {
    "date" : "2025-05-07",
    "price" : 622.45,
    "dma50" : 545.73,
    "dma100" : null,
    "dma200" : 484.14,
    "volume" : 645248.00
  }, {
    "date" : "2025-05-08",
    "price" : 619.70,
    "dma50" : 548.63,
    "dma100" : null,
    "dma200" : 485.49,
    "volume" : 1464814.00
  }, {
    "date" : "2025-05-09",
    "price" : 619.55,
    "dma50" : 551.41,
    "dma100" : null,
    "dma200" : 486.82,
    "volume" : 871364.00
  }, {
    "date" : "2025-05-12",
    "price" : 651.95,
    "dma50" : 555.36,
    "dma100" : null,
    "dma200" : 488.47,
    "volume" : 1340215.00
  }, {
    "date" : "2025-05-13",
    "price" : 658.60,
    "dma50" : 559.41,
    "dma100" : null,
    "dma200" : 490.16,
    "volume" : 600302.00
  }, {
    "date" : "2025-05-14",
    "price" : 677.35,
    "dma50" : 564.03,
    "dma100" : null,
    "dma200" : 492.02,
    "volume" : 1375226.00
  }, {
    "date" : "2025-05-15",
    "price" : 679.15,
    "dma50" : 568.55,
    "dma100" : null,
    "dma200" : 493.88,
    "volume" : 669150.00
  }, {
    "date" : "2025-05-16",
    "price" : 684.20,
    "dma50" : 573.08,
    "dma100" : null,
    "dma200" : 495.78,
    "volume" : 385013.00
  }, {
    "date" : "2025-05-19",
    "price" : 690.55,
    "dma50" : 577.69,
    "dma100" : null,
    "dma200" : 497.72,
    "volume" : 610739.00
  }, {
    "date" : "2025-05-20",
    "price" : 692.15,
    "dma50" : 582.18,
    "dma100" : null,
    "dma200" : 499.65,
    "volume" : 435311.00
  }, {
    "date" : "2025-05-21",
    "price" : 699.90,
    "dma50" : 586.79,
    "dma100" : null,
    "dma200" : 501.64,
    "volume" : 436890.00
  }, {
    "date" : "2025-05-22",
    "price" : 702.85,
    "dma50" : 591.34,
    "dma100" : null,
    "dma200" : 503.65,
    "volume" : 344394.00
  }, {
    "date" : "2025-05-23",
    "price" : 703.75,
    "dma50" : 595.75,
    "dma100" : null,
    "dma200" : 505.64,
    "volume" : 447011.00
  }, {
    "date" : "2025-05-26",
    "price" : 706.45,
    "dma50" : 600.09,
    "dma100" : null,
    "dma200" : 507.63,
    "volume" : 353955.00
  }, {
    "date" : "2025-05-27",
    "price" : 705.00,
    "dma50" : 604.21,
    "dma100" : null,
    "dma200" : 509.60,
    "volume" : 245169.00
  }, {
    "date" : "2025-05-28",
    "price" : 710.90,
    "dma50" : 608.39,
    "dma100" : null,
    "dma200" : 511.60,
    "volume" : 291965.00
  }, {
    "date" : "2025-05-29",
    "price" : 705.90,
    "dma50" : 612.22,
    "dma100" : null,
    "dma200" : 513.54,
    "volume" : 284829.00
  }, {
    "date" : "2025-05-30",
    "price" : 701.55,
    "dma50" : 615.72,
    "dma100" : null,
    "dma200" : 515.41,
    "volume" : 523230.00
  }, {
    "date" : "2025-06-02",
    "price" : 703.55,
    "dma50" : 619.16,
    "dma100" : null,
    "dma200" : 517.28,
    "volume" : 369432.00
  }, {
    "date" : "2025-06-03",
    "price" : 705.20,
    "dma50" : 622.54,
    "dma100" : null,
    "dma200" : 519.15,
    "volume" : 279361.00
  }, {
    "date" : "2025-06-04",
    "price" : 705.55,
    "dma50" : 625.79,
    "dma100" : null,
    "dma200" : 521.00,
    "volume" : 1585108.00
  }, {
    "date" : "2025-06-05",
    "price" : 696.75,
    "dma50" : 628.57,
    "dma100" : null,
    "dma200" : 522.75,
    "volume" : 575909.00
  }, {
    "date" : "2025-06-06",
    "price" : 701.10,
    "dma50" : 631.42,
    "dma100" : null,
    "dma200" : 524.53,
    "volume" : 271902.00
  }, {
    "date" : "2025-06-09",
    "price" : 714.80,
    "dma50" : 634.69,
    "dma100" : null,
    "dma200" : 526.42,
    "volume" : 575289.00
  }, {
    "date" : "2025-06-10",
    "price" : 711.65,
    "dma50" : 637.71,
    "dma100" : null,
    "dma200" : 528.26,
    "volume" : 391252.00
  }, {
    "date" : "2025-06-11",
    "price" : 700.45,
    "dma50" : 640.17,
    "dma100" : null,
    "dma200" : 529.98,
    "volume" : 436603.00
  }, {
    "date" : "2025-06-12",
    "price" : 694.85,
    "dma50" : 642.31,
    "dma100" : null,
    "dma200" : 531.62,
    "volume" : 437299.00
  }, {
    "date" : "2025-06-13",
    "price" : 694.70,
    "dma50" : 644.37,
    "dma100" : null,
    "dma200" : 533.24,
    "volume" : 444637.00
  }, {
    "date" : "2025-06-16",
    "price" : 692.95,
    "dma50" : 646.27,
    "dma100" : null,
    "dma200" : 534.83,
    "volume" : 294567.00
  }, {
    "date" : "2025-06-17",
    "price" : 687.90,
    "dma50" : 647.90,
    "dma100" : null,
    "dma200" : 536.35,
    "volume" : 382518.00
  }, {
    "date" : "2025-06-18",
    "price" : 692.55,
    "dma50" : 649.65,
    "dma100" : null,
    "dma200" : 537.91,
    "volume" : 428756.00
  }, {
    "date" : "2025-06-19",
    "price" : 690.05,
    "dma50" : 651.24,
    "dma100" : null,
    "dma200" : 539.42,
    "volume" : 288626.00
  }, {
    "date" : "2025-06-20",
    "price" : 704.50,
    "dma50" : 653.33,
    "dma100" : null,
    "dma200" : 541.06,
    "volume" : 619046.00
  }, {
    "date" : "2025-06-23",
    "price" : 704.20,
    "dma50" : 655.32,
    "dma100" : null,
    "dma200" : 542.69,
    "volume" : 419525.00
  }, {
    "date" : "2025-06-24",
    "price" : 707.25,
    "dma50" : 657.36,
    "dma100" : null,
    "dma200" : 544.32,
    "volume" : 568813.00
  }, {
    "date" : "2025-06-25",
    "price" : 709.55,
    "dma50" : 659.41,
    "dma100" : null,
    "dma200" : 545.97,
    "volume" : 377866.00
  }, {
    "date" : "2025-06-26",
    "price" : 715.30,
    "dma50" : 661.60,
    "dma100" : null,
    "dma200" : 547.65,
    "volume" : 614814.00
  }, {
    "date" : "2025-06-27",
    "price" : 703.50,
    "dma50" : 663.24,
    "dma100" : null,
    "dma200" : 549.20,
    "volume" : 695364.00
  }, {
    "date" : "2025-06-30",
    "price" : 701.00,
    "dma50" : 664.72,
    "dma100" : null,
    "dma200" : 550.71,
    "volume" : 336187.00
  }, {
    "date" : "2025-07-01",
    "price" : 694.05,
    "dma50" : 665.87,
    "dma100" : null,
    "dma200" : 552.14,
    "volume" : 407797.00
  }, {
    "date" : "2025-07-02",
    "price" : 692.50,
    "dma50" : 666.92,
    "dma100" : null,
    "dma200" : 553.54,
    "volume" : 359338.00
  }, {
    "date" : "2025-07-03",
    "price" : 694.05,
    "dma50" : 667.98,
    "dma100" : null,
    "dma200" : 554.93,
    "volume" : 365359.00
  }, {
    "date" : "2025-07-04",
    "price" : 734.40,
    "dma50" : 670.58,
    "dma100" : null,
    "dma200" : 556.72,
    "volume" : 1295081.00
  }, {
    "date" : "2025-07-07",
    "price" : 709.35,
    "dma50" : 672.11,
    "dma100" : null,
    "dma200" : 558.24,
    "volume" : 795453.00
  }, {
    "date" : "2025-07-08",
    "price" : 704.90,
    "dma50" : 673.39,
    "dma100" : null,
    "dma200" : 559.70,
    "volume" : 361826.00
  }, {
    "date" : "2025-07-09",
    "price" : 700.85,
    "dma50" : 674.47,
    "dma100" : null,
    "dma200" : 561.10,
    "volume" : 461329.00
  }, {
    "date" : "2025-07-10",
    "price" : 701.60,
    "dma50" : 675.53,
    "dma100" : null,
    "dma200" : 562.50,
    "volume" : 198205.00
  }, {
    "date" : "2025-07-11",
    "price" : 705.95,
    "dma50" : 676.72,
    "dma100" : null,
    "dma200" : 563.93,
    "volume" : 257522.00
  }, {
    "date" : "2025-07-14",
    "price" : 690.75,
    "dma50" : 677.27,
    "dma100" : 605.20,
    "dma200" : 565.19,
    "volume" : 505660.00
  }, {
    "date" : "2025-07-15",
    "price" : 705.20,
    "dma50" : 678.37,
    "dma100" : 607.33,
    "dma200" : 566.58,
    "volume" : 588873.00
  }, {
    "date" : "2025-07-16",
    "price" : 747.10,
    "dma50" : 681.07,
    "dma100" : 609.87,
    "dma200" : 568.38,
    "volume" : 1360312.00
  }, {
    "date" : "2025-07-17",
    "price" : 756.30,
    "dma50" : 684.02,
    "dma100" : 612.49,
    "dma200" : 570.25,
    "volume" : 1052933.00
  }, {
    "date" : "2025-07-18",
    "price" : 753.05,
    "dma50" : 686.72,
    "dma100" : 615.10,
    "dma200" : 572.07,
    "volume" : 558184.00
  }, {
    "date" : "2025-07-21",
    "price" : 761.25,
    "dma50" : 689.65,
    "dma100" : 617.76,
    "dma200" : 573.95,
    "volume" : 1122105.00
  }, {
    "date" : "2025-07-22",
    "price" : 763.90,
    "dma50" : 692.56,
    "dma100" : 620.51,
    "dma200" : 575.84,
    "volume" : 1815309.00
  }, {
    "date" : "2025-07-23",
    "price" : 761.30,
    "dma50" : 695.25,
    "dma100" : 623.30,
    "dma200" : 577.69,
    "volume" : 1885761.00
  }, {
    "date" : "2025-07-24",
    "price" : 762.20,
    "dma50" : 697.88,
    "dma100" : 626.06,
    "dma200" : 579.52,
    "volume" : 1447168.00
  }, {
    "date" : "2025-07-25",
    "price" : 752.10,
    "dma50" : 700.00,
    "dma100" : 628.75,
    "dma200" : 581.24,
    "volume" : 473359.00
  }, {
    "date" : "2025-07-28",
    "price" : 736.80,
    "dma50" : 701.45,
    "dma100" : 631.47,
    "dma200" : 582.79,
    "volume" : 538519.00
  }, {
    "date" : "2025-07-29",
    "price" : 739.80,
    "dma50" : 702.95,
    "dma100" : 634.18,
    "dma200" : 584.35,
    "volume" : 885931.00
  }, {
    "date" : "2025-07-30",
    "price" : 744.15,
    "dma50" : 704.57,
    "dma100" : 636.94,
    "dma200" : 585.94,
    "volume" : 348454.00
  }, {
    "date" : "2025-07-31",
    "price" : 762.20,
    "dma50" : 706.83,
    "dma100" : 639.73,
    "dma200" : 587.69,
    "volume" : 1203350.00
  }, {
    "date" : "2025-08-01",
    "price" : 752.80,
    "dma50" : 708.63,
    "dma100" : 642.36,
    "dma200" : 589.34,
    "volume" : 624445.00
  }, {
    "date" : "2025-08-04",
    "price" : 752.30,
    "dma50" : 710.34,
    "dma100" : 645.01,
    "dma200" : 590.96,
    "volume" : 578773.00
  }, {
    "date" : "2025-08-05",
    "price" : 752.80,
    "dma50" : 712.01,
    "dma100" : 647.67,
    "dma200" : 592.57,
    "volume" : 464165.00
  }, {
    "date" : "2025-08-06",
    "price" : 739.30,
    "dma50" : 713.08,
    "dma100" : 650.19,
    "dma200" : 594.03,
    "volume" : 488979.00
  }, {
    "date" : "2025-08-07",
    "price" : 739.45,
    "dma50" : 714.11,
    "dma100" : 652.76,
    "dma200" : 595.47,
    "volume" : 426977.00
  }, {
    "date" : "2025-08-08",
    "price" : 740.75,
    "dma50" : 715.16,
    "dma100" : 655.36,
    "dma200" : 596.92,
    "volume" : 511456.00
  }, {
    "date" : "2025-08-11",
    "price" : 765.45,
    "dma50" : 717.13,
    "dma100" : 658.20,
    "dma200" : 598.60,
    "volume" : 991375.00
  }, {
    "date" : "2025-08-12",
    "price" : 789.15,
    "dma50" : 719.95,
    "dma100" : 661.23,
    "dma200" : 600.49,
    "volume" : 924549.00
  }, {
    "date" : "2025-08-13",
    "price" : 802.50,
    "dma50" : 723.19,
    "dma100" : 664.23,
    "dma200" : 602.50,
    "volume" : 720049.00
  }, {
    "date" : "2025-08-14",
    "price" : 801.70,
    "dma50" : 726.27,
    "dma100" : 667.22,
    "dma200" : 604.48,
    "volume" : 554544.00
  }, {
    "date" : "2025-08-18",
    "price" : 814.95,
    "dma50" : 729.75,
    "dma100" : 670.40,
    "dma200" : 606.58,
    "volume" : 531684.00
  }, {
    "date" : "2025-08-19",
    "price" : 819.10,
    "dma50" : 733.25,
    "dma100" : 673.56,
    "dma200" : 608.69,
    "volume" : 454950.00
  }, {
    "date" : "2025-08-20",
    "price" : 796.95,
    "dma50" : 735.75,
    "dma100" : 676.51,
    "dma200" : 610.57,
    "volume" : 369377.00
  }, {
    "date" : "2025-08-21",
    "price" : 786.40,
    "dma50" : 737.74,
    "dma100" : 679.46,
    "dma200" : 612.32,
    "volume" : 1377086.00
  }, {
    "date" : "2025-08-22",
    "price" : 803.25,
    "dma50" : 740.30,
    "dma100" : 682.62,
    "dma200" : 614.22,
    "volume" : 516910.00
  }, {
    "date" : "2025-08-25",
    "price" : 804.35,
    "dma50" : 742.82,
    "dma100" : 685.64,
    "dma200" : 616.11,
    "volume" : 232926.00
  }, {
    "date" : "2025-08-26",
    "price" : 802.75,
    "dma50" : 745.17,
    "dma100" : 688.58,
    "dma200" : 617.97,
    "volume" : 415461.00
  }, {
    "date" : "2025-08-28",
    "price" : 796.75,
    "dma50" : 747.19,
    "dma100" : 691.43,
    "dma200" : 619.74,
    "volume" : 286241.00
  }, {
    "date" : "2025-08-29",
    "price" : 796.00,
    "dma50" : 749.10,
    "dma100" : 694.20,
    "dma200" : 621.50,
    "volume" : 923344.00
  }, {
    "date" : "2025-09-01",
    "price" : 792.30,
    "dma50" : 750.80,
    "dma100" : 696.99,
    "dma200" : 623.20,
    "volume" : 394886.00
  }, {
    "date" : "2025-09-02",
    "price" : 786.30,
    "dma50" : 752.19,
    "dma100" : 700.01,
    "dma200" : 624.82,
    "volume" : 342812.00
  }, {
    "date" : "2025-09-03",
    "price" : 783.60,
    "dma50" : 753.42,
    "dma100" : 702.82,
    "dma200" : 626.40,
    "volume" : 404050.00
  }, {
    "date" : "2025-09-04",
    "price" : 780.75,
    "dma50" : 754.49,
    "dma100" : 705.58,
    "dma200" : 627.94,
    "volume" : 577161.00
  }, {
    "date" : "2025-09-05",
    "price" : 786.60,
    "dma50" : 755.75,
    "dma100" : 708.29,
    "dma200" : 629.51,
    "volume" : 952530.00
  }, {
    "date" : "2025-09-08",
    "price" : 783.10,
    "dma50" : 756.82,
    "dma100" : 710.78,
    "dma200" : 631.04,
    "volume" : 255578.00
  }, {
    "date" : "2025-09-09",
    "price" : 781.30,
    "dma50" : 757.78,
    "dma100" : 713.21,
    "dma200" : 632.54,
    "volume" : 457537.00
  }, {
    "date" : "2025-09-10",
    "price" : 786.65,
    "dma50" : 758.92,
    "dma100" : 715.63,
    "dma200" : 634.07,
    "volume" : 817121.00
  }, {
    "date" : "2025-09-11",
    "price" : 816.10,
    "dma50" : 761.16,
    "dma100" : 718.23,
    "dma200" : 635.88,
    "volume" : 665153.00
  }, {
    "date" : "2025-09-12",
    "price" : 817.45,
    "dma50" : 763.37,
    "dma100" : 720.78,
    "dma200" : 637.69,
    "volume" : 517883.00
  }, {
    "date" : "2025-09-15",
    "price" : 822.10,
    "dma50" : 765.67,
    "dma100" : 722.93,
    "dma200" : 639.52,
    "volume" : 462994.00
  }, {
    "date" : "2025-09-16",
    "price" : 825.00,
    "dma50" : 768.00,
    "dma100" : 724.95,
    "dma200" : 641.37,
    "volume" : 614350.00
  }, {
    "date" : "2025-09-17",
    "price" : 823.70,
    "dma50" : 770.18,
    "dma100" : 726.94,
    "dma200" : 643.18,
    "volume" : 299762.00
  }, {
    "date" : "2025-09-18",
    "price" : 820.25,
    "dma50" : 772.14,
    "dma100" : 728.92,
    "dma200" : 644.95,
    "volume" : 297048.00
  }, {
    "date" : "2025-09-19",
    "price" : 809.65,
    "dma50" : 773.62,
    "dma100" : 730.88,
    "dma200" : 646.58,
    "volume" : 428294.00
  }, {
    "date" : "2025-09-22",
    "price" : 805.85,
    "dma50" : 774.88,
    "dma100" : 732.83,
    "dma200" : 648.17,
    "volume" : 331089.00
  }, {
    "date" : "2025-09-23",
    "price" : 815.85,
    "dma50" : 776.49,
    "dma100" : 734.83,
    "dma200" : 649.84,
    "volume" : 324633.00
  }, {
    "date" : "2025-09-24",
    "price" : 826.30,
    "dma50" : 778.44,
    "dma100" : 736.83,
    "dma200" : 651.59,
    "volume" : 463974.00
  }, {
    "date" : "2025-09-25",
    "price" : 820.20,
    "dma50" : 780.08,
    "dma100" : 738.83,
    "dma200" : 653.27,
    "volume" : 484380.00
  }, {
    "date" : "2025-09-26",
    "price" : 804.45,
    "dma50" : 781.03,
    "dma100" : 740.65,
    "dma200" : 654.78,
    "volume" : 395750.00
  }, {
    "date" : "2025-09-29",
    "price" : 788.60,
    "dma50" : 781.33,
    "dma100" : 742.34,
    "dma200" : 656.11,
    "volume" : 1675308.00
  }, {
    "date" : "2025-09-30",
    "price" : 767.50,
    "dma50" : 780.79,
    "dma100" : 743.82,
    "dma200" : 657.22,
    "volume" : 528342.00
  }, {
    "date" : "2025-10-01",
    "price" : 766.20,
    "dma50" : 780.22,
    "dma100" : 744.96,
    "dma200" : 658.30,
    "volume" : 690854.00
  }, {
    "date" : "2025-10-03",
    "price" : 783.50,
    "dma50" : 780.34,
    "dma100" : 746.21,
    "dma200" : 659.55,
    "volume" : 416193.00
  }, {
    "date" : "2025-10-06",
    "price" : 801.95,
    "dma50" : 781.19,
    "dma100" : 747.45,
    "dma200" : 660.96,
    "volume" : 523774.00
  }, {
    "date" : "2025-10-07",
    "price" : 808.10,
    "dma50" : 782.25,
    "dma100" : 748.74,
    "dma200" : 662.43,
    "volume" : 364060.00
  }, {
    "date" : "2025-10-08",
    "price" : 794.75,
    "dma50" : 782.74,
    "dma100" : 749.85,
    "dma200" : 663.74,
    "volume" : 196688.00
  }, {
    "date" : "2025-10-09",
    "price" : 798.85,
    "dma50" : 783.37,
    "dma100" : 750.93,
    "dma200" : 665.09,
    "volume" : 255626.00
  }, {
    "date" : "2025-10-10",
    "price" : 795.90,
    "dma50" : 783.86,
    "dma100" : 751.97,
    "dma200" : 666.39,
    "volume" : 439961.00
  }, {
    "date" : "2025-10-13",
    "price" : 821.50,
    "dma50" : 785.34,
    "dma100" : 753.19,
    "dma200" : 667.93,
    "volume" : 857796.00
  }, {
    "date" : "2025-10-14",
    "price" : 814.85,
    "dma50" : 786.49,
    "dma100" : 754.31,
    "dma200" : 669.39,
    "volume" : 406826.00
  }, {
    "date" : "2025-10-15",
    "price" : 821.75,
    "dma50" : 787.88,
    "dma100" : 755.49,
    "dma200" : 670.91,
    "volume" : 457961.00
  }, {
    "date" : "2025-10-16",
    "price" : 822.60,
    "dma50" : 789.24,
    "dma100" : 756.65,
    "dma200" : 672.42,
    "volume" : 352798.00
  }, {
    "date" : "2025-10-17",
    "price" : 819.00,
    "dma50" : 790.41,
    "dma100" : 757.79,
    "dma200" : 673.88,
    "volume" : 693255.00
  }, {
    "date" : "2025-10-20",
    "price" : 818.00,
    "dma50" : 791.49,
    "dma100" : 758.86,
    "dma200" : 675.31,
    "volume" : 278047.00
  }, {
    "date" : "2025-10-21",
    "price" : 820.30,
    "dma50" : 792.62,
    "dma100" : 760.00,
    "dma200" : 676.76,
    "volume" : 97021.00
  }, {
    "date" : "2025-10-23",
    "price" : 814.85,
    "dma50" : 793.49,
    "dma100" : 761.14,
    "dma200" : 678.13,
    "volume" : 375312.00
  }, {
    "date" : "2025-10-24",
    "price" : 809.70,
    "dma50" : 794.12,
    "dma100" : 762.20,
    "dma200" : 679.44,
    "volume" : 212725.00
  }, {
    "date" : "2025-10-27",
    "price" : 804.70,
    "dma50" : 794.54,
    "dma100" : 763.19,
    "dma200" : 680.69,
    "volume" : 245128.00
  }, {
    "date" : "2025-10-28",
    "price" : 816.85,
    "dma50" : 795.41,
    "dma100" : 764.30,
    "dma200" : 682.04,
    "volume" : 540202.00
  }, {
    "date" : "2025-10-29",
    "price" : 822.05,
    "dma50" : 796.46,
    "dma100" : 765.56,
    "dma200" : 683.43,
    "volume" : 630450.00
  }, {
    "date" : "2025-10-30",
    "price" : 814.85,
    "dma50" : 797.18,
    "dma100" : 766.70,
    "dma200" : 684.74,
    "volume" : 462316.00
  }, {
    "date" : "2025-10-31",
    "price" : 836.60,
    "dma50" : 798.73,
    "dma100" : 767.91,
    "dma200" : 686.25,
    "volume" : 1359210.00
  }, {
    "date" : "2025-11-03",
    "price" : 830.55,
    "dma50" : 799.97,
    "dma100" : 769.10,
    "dma200" : 687.69,
    "volume" : 435366.00
  }, {
    "date" : "2025-11-04",
    "price" : 809.00,
    "dma50" : 800.33,
    "dma100" : 770.19,
    "dma200" : 688.89,
    "volume" : 353413.00
  }, {
    "date" : "2025-11-06",
    "price" : 798.85,
    "dma50" : 800.27,
    "dma100" : 771.23,
    "dma200" : 689.99,
    "volume" : 384944.00
  }, {
    "date" : "2025-11-07",
    "price" : 802.30,
    "dma50" : 800.35,
    "dma100" : 772.30,
    "dma200" : 691.11,
    "volume" : 276859.00
  }, {
    "date" : "2025-11-10",
    "price" : 794.60,
    "dma50" : 800.12,
    "dma100" : 773.32,
    "dma200" : 692.14,
    "volume" : 220240.00
  }, {
    "date" : "2025-11-11",
    "price" : 794.00,
    "dma50" : 799.88,
    "dma100" : 774.38,
    "dma200" : 693.15,
    "volume" : 261784.00
  }, {
    "date" : "2025-11-12",
    "price" : 787.60,
    "dma50" : 799.40,
    "dma100" : 775.33,
    "dma200" : 694.09,
    "volume" : 249066.00
  }, {
    "date" : "2025-11-13",
    "price" : 784.50,
    "dma50" : 798.82,
    "dma100" : 776.28,
    "dma200" : 694.99,
    "volume" : 313296.00
  }, {
    "date" : "2025-11-14",
    "price" : 784.85,
    "dma50" : 798.27,
    "dma100" : 777.08,
    "dma200" : 695.88,
    "volume" : 265779.00
  }, {
    "date" : "2025-11-17",
    "price" : 789.55,
    "dma50" : 797.93,
    "dma100" : 777.93,
    "dma200" : 696.82,
    "volume" : 317994.00
  }, {
    "date" : "2025-11-18",
    "price" : 783.90,
    "dma50" : 797.38,
    "dma100" : 778.70,
    "dma200" : 697.68,
    "volume" : 238445.00
  }, {
    "date" : "2025-11-19",
    "price" : 799.75,
    "dma50" : 797.47,
    "dma100" : 779.60,
    "dma200" : 698.70,
    "volume" : 662812.00
  }, {
    "date" : "2025-11-20",
    "price" : 795.00,
    "dma50" : 797.37,
    "dma100" : 780.40,
    "dma200" : 699.66,
    "volume" : 309004.00
  }, {
    "date" : "2025-11-21",
    "price" : 779.65,
    "dma50" : 796.68,
    "dma100" : 781.16,
    "dma200" : 700.45,
    "volume" : 230819.00
  }, {
    "date" : "2025-11-24",
    "price" : 782.95,
    "dma50" : 796.14,
    "dma100" : 781.98,
    "dma200" : 701.27,
    "volume" : 491311.00
  }, {
    "date" : "2025-11-25",
    "price" : 780.25,
    "dma50" : 795.52,
    "dma100" : 782.84,
    "dma200" : 702.06,
    "volume" : 209856.00
  }, {
    "date" : "2025-11-26",
    "price" : 811.05,
    "dma50" : 796.13,
    "dma100" : 784.03,
    "dma200" : 703.14,
    "volume" : 675976.00
  }, {
    "date" : "2025-11-27",
    "price" : 813.30,
    "dma50" : 796.80,
    "dma100" : 785.22,
    "dma200" : 704.24,
    "volume" : 760038.00
  }, {
    "date" : "2025-11-28",
    "price" : 806.45,
    "dma50" : 797.18,
    "dma100" : 785.94,
    "dma200" : 705.26,
    "volume" : 1186612.00
  }, {
    "date" : "2025-12-01",
    "price" : 794.90,
    "dma50" : 797.09,
    "dma100" : 786.80,
    "dma200" : 706.15,
    "volume" : 1120154.00
  }, {
    "date" : "2025-12-02",
    "price" : 784.70,
    "dma50" : 796.60,
    "dma100" : 787.59,
    "dma200" : 706.93,
    "volume" : 1171683.00
  }, {
    "date" : "2025-12-03",
    "price" : 782.60,
    "dma50" : 796.05,
    "dma100" : 788.41,
    "dma200" : 707.68,
    "volume" : 349022.00
  }, {
    "date" : "2025-12-04",
    "price" : 780.70,
    "dma50" : 795.45,
    "dma100" : 789.20,
    "dma200" : 708.41,
    "volume" : 618806.00
  }, {
    "date" : "2025-12-05",
    "price" : 766.00,
    "dma50" : 794.30,
    "dma100" : 789.80,
    "dma200" : 708.98,
    "volume" : 1008065.00
  }, {
    "date" : "2025-12-08",
    "price" : 743.65,
    "dma50" : 792.31,
    "dma100" : 790.33,
    "dma200" : 709.33,
    "volume" : 358337.00
  }, {
    "date" : "2025-12-09",
    "price" : 723.60,
    "dma50" : 789.62,
    "dma100" : 790.52,
    "dma200" : 709.47,
    "volume" : 1135033.00
  }, {
    "date" : "2025-12-10",
    "price" : 723.80,
    "dma50" : 787.04,
    "dma100" : 790.28,
    "dma200" : 709.61,
    "volume" : 1557236.00
  }, {
    "date" : "2025-12-11",
    "price" : 704.95,
    "dma50" : 783.82,
    "dma100" : 789.77,
    "dma200" : 709.57,
    "volume" : 669188.00
  }, {
    "date" : "2025-12-12",
    "price" : 747.70,
    "dma50" : 782.40,
    "dma100" : 789.72,
    "dma200" : 709.94,
    "volume" : 1341384.00
  }, {
    "date" : "2025-12-15",
    "price" : 772.20,
    "dma50" : 782.00,
    "dma100" : 789.83,
    "dma200" : 710.56,
    "volume" : 826269.00
  }, {
    "date" : "2025-12-16",
    "price" : 756.30,
    "dma50" : 780.99,
    "dma100" : 789.75,
    "dma200" : 711.02,
    "volume" : 418709.00
  }, {
    "date" : "2025-12-17",
    "price" : 770.30,
    "dma50" : 780.57,
    "dma100" : 789.84,
    "dma200" : 711.61,
    "volume" : 468890.00
  }, {
    "date" : "2025-12-18",
    "price" : 771.75,
    "dma50" : 780.23,
    "dma100" : 789.93,
    "dma200" : 712.21,
    "volume" : 256387.00
  }, {
    "date" : "2025-12-19",
    "price" : 784.90,
    "dma50" : 780.41,
    "dma100" : 790.26,
    "dma200" : 712.93,
    "volume" : 483078.00
  }, {
    "date" : "2025-12-22",
    "price" : 790.55,
    "dma50" : 780.81,
    "dma100" : 790.80,
    "dma200" : 713.70,
    "volume" : 368051.00
  }, {
    "date" : "2025-12-23",
    "price" : 807.80,
    "dma50" : 781.87,
    "dma100" : 791.48,
    "dma200" : 714.64,
    "volume" : 706853.00
  }, {
    "date" : "2025-12-24",
    "price" : 814.45,
    "dma50" : 783.14,
    "dma100" : 792.18,
    "dma200" : 715.63,
    "volume" : 570049.00
  }, {
    "date" : "2025-12-26",
    "price" : 822.50,
    "dma50" : 784.69,
    "dma100" : 792.79,
    "dma200" : 716.70,
    "volume" : 590676.00
  }, {
    "date" : "2025-12-29",
    "price" : 818.00,
    "dma50" : 785.99,
    "dma100" : 793.44,
    "dma200" : 717.70,
    "volume" : 272679.00
  }, {
    "date" : "2025-12-30",
    "price" : 831.50,
    "dma50" : 787.78,
    "dma100" : 794.23,
    "dma200" : 718.84,
    "volume" : 2015259.00
  }, {
    "date" : "2025-12-31",
    "price" : 836.45,
    "dma50" : 789.69,
    "dma100" : 795.07,
    "dma200" : 720.01,
    "volume" : 1228750.00
  }, {
    "date" : "2026-01-01",
    "price" : 838.20,
    "dma50" : 791.59,
    "dma100" : 796.06,
    "dma200" : 721.18,
    "volume" : 416575.00
  }, {
    "date" : "2026-01-02",
    "price" : 850.30,
    "dma50" : 793.89,
    "dma100" : 797.16,
    "dma200" : 722.47,
    "volume" : 601642.00
  }, {
    "date" : "2026-01-05",
    "price" : 842.65,
    "dma50" : 795.80,
    "dma100" : 798.18,
    "dma200" : 723.66,
    "volume" : 595496.00
  }, {
    "date" : "2026-01-06",
    "price" : 841.60,
    "dma50" : 797.60,
    "dma100" : 798.94,
    "dma200" : 724.84,
    "volume" : 355515.00
  }, {
    "date" : "2026-01-07",
    "price" : 839.05,
    "dma50" : 799.23,
    "dma100" : 799.44,
    "dma200" : 725.97,
    "volume" : 343684.00
  }, {
    "date" : "2026-01-08",
    "price" : 830.25,
    "dma50" : 800.44,
    "dma100" : 799.72,
    "dma200" : 727.01,
    "volume" : 308359.00
  }, {
    "date" : "2026-01-09",
    "price" : 820.20,
    "dma50" : 801.22,
    "dma100" : 799.91,
    "dma200" : 727.94,
    "volume" : 339731.00
  }, {
    "date" : "2026-01-12",
    "price" : 810.45,
    "dma50" : 801.58,
    "dma100" : 799.86,
    "dma200" : 728.76,
    "volume" : 269332.00
  }, {
    "date" : "2026-01-13",
    "price" : 811.10,
    "dma50" : 801.95,
    "dma100" : 799.78,
    "dma200" : 729.58,
    "volume" : 291890.00
  }, {
    "date" : "2026-01-14",
    "price" : 831.55,
    "dma50" : 803.11,
    "dma100" : 800.13,
    "dma200" : 730.59,
    "volume" : 652399.00
  }, {
    "date" : "2026-01-16",
    "price" : 822.65,
    "dma50" : 803.88,
    "dma100" : 800.49,
    "dma200" : 731.51,
    "volume" : 260973.00
  }, {
    "date" : "2026-01-19",
    "price" : 818.45,
    "dma50" : 804.45,
    "dma100" : 800.64,
    "dma200" : 732.37,
    "volume" : 248222.00
  }, {
    "date" : "2026-01-20",
    "price" : 796.75,
    "dma50" : 804.15,
    "dma100" : 800.57,
    "dma200" : 733.01,
    "volume" : 320860.00
  }, {
    "date" : "2026-01-21",
    "price" : 785.00,
    "dma50" : 803.40,
    "dma100" : 800.39,
    "dma200" : 733.53,
    "volume" : 421019.00
  }, {
    "date" : "2026-01-22",
    "price" : 783.45,
    "dma50" : 802.62,
    "dma100" : 800.26,
    "dma200" : 734.03,
    "volume" : 364887.00
  }, {
    "date" : "2026-01-23",
    "price" : 760.05,
    "dma50" : 800.95,
    "dma100" : 799.90,
    "dma200" : 734.29,
    "volume" : 370323.00
  }, {
    "date" : "2026-01-27",
    "price" : 745.60,
    "dma50" : 798.78,
    "dma100" : 799.43,
    "dma200" : 734.40,
    "volume" : 305788.00
  }, {
    "date" : "2026-01-28",
    "price" : 743.80,
    "dma50" : 796.62,
    "dma100" : 799.00,
    "dma200" : 734.49,
    "volume" : 656859.00
  }, {
    "date" : "2026-01-29",
    "price" : 781.15,
    "dma50" : 796.01,
    "dma100" : 798.98,
    "dma200" : 734.96,
    "volume" : 1830850.00
  }, {
    "date" : "2026-01-30",
    "price" : 765.55,
    "dma50" : 794.82,
    "dma100" : 798.83,
    "dma200" : 735.26,
    "volume" : 509317.00
  }, {
    "date" : "2026-02-01",
    "price" : 754.70,
    "dma50" : 793.25,
    "dma100" : 798.51,
    "dma200" : 735.46,
    "volume" : 218752.00
  }, {
    "date" : "2026-02-02",
    "price" : 748.55,
    "dma50" : 791.49,
    "dma100" : 798.16,
    "dma200" : 735.59,
    "volume" : 255948.00
  }, {
    "date" : "2026-02-03",
    "price" : 782.85,
    "dma50" : 791.15,
    "dma100" : 798.18,
    "dma200" : 736.06,
    "volume" : 532459.00
  }, {
    "date" : "2026-02-04",
    "price" : 783.55,
    "dma50" : 790.86,
    "dma100" : 798.15,
    "dma200" : 736.53,
    "volume" : 866904.00
  }, {
    "date" : "2026-02-05",
    "price" : 775.85,
    "dma50" : 790.27,
    "dma100" : 797.74,
    "dma200" : 736.92,
    "volume" : 732653.00
  }, {
    "date" : "2026-02-06",
    "price" : 760.10,
    "dma50" : 789.08,
    "dma100" : 797.17,
    "dma200" : 737.15,
    "volume" : 224132.00
  }, {
    "date" : "2026-02-09",
    "price" : 771.80,
    "dma50" : 788.41,
    "dma100" : 796.67,
    "dma200" : 737.50,
    "volume" : 952670.00
  }, {
    "date" : "2026-02-10",
    "price" : 780.55,
    "dma50" : 788.10,
    "dma100" : 796.22,
    "dma200" : 737.92,
    "volume" : 1338588.00
  }, {
    "date" : "2026-02-11",
    "price" : 776.40,
    "dma50" : 787.64,
    "dma100" : 795.75,
    "dma200" : 738.31,
    "volume" : 292281.00
  }, {
    "date" : "2026-02-12",
    "price" : 766.65,
    "dma50" : 786.82,
    "dma100" : 795.21,
    "dma200" : 738.59,
    "volume" : 396851.00
  } ],
  "latestTechnicalAttributes" : {
    "date" : "2026-02-12",
    "price" : 766.65,
    "dma50" : 786.82,
    "dma100" : 795.21,
    "dma200" : 738.59,
    "volume" : 396851.00
  },
  "quarterlyResults" : [ {
    "date" : "2005-03-31",
    "sales" : 0.23,
    "salesGrowthYoY" : null,
    "grossProfitMargin" : 30.43,
    "grossProfit" : 0.07,
    "operatingProfitMargin" : 17.39,
    "operatingProfit" : 0.04,
    "netProfitMargin" : 17.39,
    "netProfit" : 0.04
  }, {
    "date" : "2005-06-30",
    "sales" : 1.00,
    "salesGrowthYoY" : null,
    "grossProfitMargin" : 46.00,
    "grossProfit" : 0.46,
    "operatingProfitMargin" : 44.00,
    "operatingProfit" : 0.44,
    "netProfitMargin" : 41.00,
    "netProfit" : 0.41
  }, {
    "date" : "2005-09-30",
    "sales" : 0.33,
    "salesGrowthYoY" : null,
    "grossProfitMargin" : -9.09,
    "grossProfit" : -0.03,
    "operatingProfitMargin" : -21.21,
    "operatingProfit" : -0.07,
    "netProfitMargin" : -21.21,
    "netProfit" : -0.07
  }, {
    "date" : "2005-12-31",
    "sales" : 0.21,
    "salesGrowthYoY" : null,
    "grossProfitMargin" : -57.14,
    "grossProfit" : -0.12,
    "operatingProfitMargin" : -66.67,
    "operatingProfit" : -0.14,
    "netProfitMargin" : -61.90,
    "netProfit" : -0.13
  }, {
    "date" : "2006-03-31",
    "sales" : 0.22,
    "salesGrowthYoY" : -4.35,
    "grossProfitMargin" : 22.73,
    "grossProfit" : 0.05,
    "operatingProfitMargin" : 18.18,
    "operatingProfit" : 0.04,
    "netProfitMargin" : 13.64,
    "netProfit" : 0.03
  }, {
    "date" : "2006-06-30",
    "sales" : 0.04,
    "salesGrowthYoY" : -96.00,
    "grossProfitMargin" : -50.00,
    "grossProfit" : -0.02,
    "operatingProfitMargin" : -75.00,
    "operatingProfit" : -0.03,
    "netProfitMargin" : -75.00,
    "netProfit" : -0.03
  }, {
    "date" : "2006-09-30",
    "sales" : 0.16,
    "salesGrowthYoY" : -51.52,
    "grossProfitMargin" : 6.25,
    "grossProfit" : 0.01,
    "operatingProfitMargin" : 0.00,
    "operatingProfit" : 0.00,
    "netProfitMargin" : 0.00,
    "netProfit" : 0.00
  }, {
    "date" : "2006-12-31",
    "sales" : 0.02,
    "salesGrowthYoY" : -90.48,
    "grossProfitMargin" : 100.00,
    "grossProfit" : 0.02,
    "operatingProfitMargin" : 50.00,
    "operatingProfit" : 0.01,
    "netProfitMargin" : 50.00,
    "netProfit" : 0.01
  }, {
    "date" : "2007-03-31",
    "sales" : 0.06,
    "salesGrowthYoY" : -72.73,
    "grossProfitMargin" : 100.00,
    "grossProfit" : 0.06,
    "operatingProfitMargin" : 83.33,
    "operatingProfit" : 0.05,
    "netProfitMargin" : 66.67,
    "netProfit" : 0.04
  }, {
    "date" : "2007-06-30",
    "sales" : 0.07,
    "salesGrowthYoY" : 75.00,
    "grossProfitMargin" : 100.00,
    "grossProfit" : 0.07,
    "operatingProfitMargin" : 42.86,
    "operatingProfit" : 0.03,
    "netProfitMargin" : 28.57,
    "netProfit" : 0.02
  }, {
    "date" : "2007-09-30",
    "sales" : 0.34,
    "salesGrowthYoY" : 112.50,
    "grossProfitMargin" : 20.59,
    "grossProfit" : 0.07,
    "operatingProfitMargin" : 8.82,
    "operatingProfit" : 0.03,
    "netProfitMargin" : 35.29,
    "netProfit" : 0.12
  }, {
    "date" : "2007-12-31",
    "sales" : 0.21,
    "salesGrowthYoY" : 950.00,
    "grossProfitMargin" : 85.71,
    "grossProfit" : 0.18,
    "operatingProfitMargin" : 57.14,
    "operatingProfit" : 0.12,
    "netProfitMargin" : 52.38,
    "netProfit" : 0.11
  }, {
    "date" : "2008-03-31",
    "sales" : 0.39,
    "salesGrowthYoY" : 550.00,
    "grossProfitMargin" : 343.59,
    "grossProfit" : 1.34,
    "operatingProfitMargin" : 5.13,
    "operatingProfit" : 0.02,
    "netProfitMargin" : 5.13,
    "netProfit" : 0.02
  }, {
    "date" : "2008-06-30",
    "sales" : 0.18,
    "salesGrowthYoY" : 157.14,
    "grossProfitMargin" : 0.00,
    "grossProfit" : 0.00,
    "operatingProfitMargin" : -16.67,
    "operatingProfit" : -0.03,
    "netProfitMargin" : 5.56,
    "netProfit" : 0.01
  }, {
    "date" : "2008-09-30",
    "sales" : 0.21,
    "salesGrowthYoY" : -38.24,
    "grossProfitMargin" : 100.00,
    "grossProfit" : 0.21,
    "operatingProfitMargin" : 4.76,
    "operatingProfit" : 0.01,
    "netProfitMargin" : 9.52,
    "netProfit" : 0.02
  }, {
    "date" : "2008-12-31",
    "sales" : 0.25,
    "salesGrowthYoY" : 19.05,
    "grossProfitMargin" : 100.00,
    "grossProfit" : 0.25,
    "operatingProfitMargin" : 24.00,
    "operatingProfit" : 0.06,
    "netProfitMargin" : 20.00,
    "netProfit" : 0.05
  }, {
    "date" : "2009-03-31",
    "sales" : 1.16,
    "salesGrowthYoY" : 197.44,
    "grossProfitMargin" : 17.24,
    "grossProfit" : 0.20,
    "operatingProfitMargin" : 7.76,
    "operatingProfit" : 0.09,
    "netProfitMargin" : 3.45,
    "netProfit" : 0.04
  }, {
    "date" : "2009-06-30",
    "sales" : 1.25,
    "salesGrowthYoY" : 594.44,
    "grossProfitMargin" : 100.00,
    "grossProfit" : 1.25,
    "operatingProfitMargin" : 18.40,
    "operatingProfit" : 0.23,
    "netProfitMargin" : 13.60,
    "netProfit" : 0.17
  }, {
    "date" : "2009-09-30",
    "sales" : 9.68,
    "salesGrowthYoY" : 4509.52,
    "grossProfitMargin" : 100.00,
    "grossProfit" : 9.68,
    "operatingProfitMargin" : 11.78,
    "operatingProfit" : 1.14,
    "netProfitMargin" : 9.50,
    "netProfit" : 0.92
  }, {
    "date" : "2009-12-31",
    "sales" : 10.85,
    "salesGrowthYoY" : 4240.00,
    "grossProfitMargin" : 100.00,
    "grossProfit" : 10.85,
    "operatingProfitMargin" : 12.07,
    "operatingProfit" : 1.31,
    "netProfitMargin" : 9.59,
    "netProfit" : 1.04
  }, {
    "date" : "2010-03-31",
    "sales" : 12.79,
    "salesGrowthYoY" : 1002.59,
    "grossProfitMargin" : 101.49,
    "grossProfit" : 12.98,
    "operatingProfitMargin" : 10.71,
    "operatingProfit" : 1.37,
    "netProfitMargin" : 2.89,
    "netProfit" : 0.37
  }, {
    "date" : "2010-06-30",
    "sales" : 5.96,
    "salesGrowthYoY" : 376.80,
    "grossProfitMargin" : 98.83,
    "grossProfit" : 5.89,
    "operatingProfitMargin" : 11.24,
    "operatingProfit" : 0.67,
    "netProfitMargin" : 7.72,
    "netProfit" : 0.46
  }, {
    "date" : "2010-09-30",
    "sales" : 12.34,
    "salesGrowthYoY" : 27.48,
    "grossProfitMargin" : 100.00,
    "grossProfit" : 12.34,
    "operatingProfitMargin" : 11.83,
    "operatingProfit" : 1.46,
    "netProfitMargin" : 7.94,
    "netProfit" : 0.98
  }, {
    "date" : "2010-12-31",
    "sales" : 14.01,
    "salesGrowthYoY" : 29.12,
    "grossProfitMargin" : 100.00,
    "grossProfit" : 14.01,
    "operatingProfitMargin" : 16.06,
    "operatingProfit" : 2.25,
    "netProfitMargin" : 9.56,
    "netProfit" : 1.34
  }, {
    "date" : "2011-03-31",
    "sales" : 14.73,
    "salesGrowthYoY" : 15.17,
    "grossProfitMargin" : 31.23,
    "grossProfit" : 4.60,
    "operatingProfitMargin" : 15.89,
    "operatingProfit" : 2.34,
    "netProfitMargin" : 3.67,
    "netProfit" : 0.54
  }, {
    "date" : "2011-06-30",
    "sales" : 4.76,
    "salesGrowthYoY" : -20.13,
    "grossProfitMargin" : 90.55,
    "grossProfit" : 4.31,
    "operatingProfitMargin" : 24.58,
    "operatingProfit" : 1.17,
    "netProfitMargin" : 5.04,
    "netProfit" : 0.24
  }, {
    "date" : "2011-09-30",
    "sales" : 7.21,
    "salesGrowthYoY" : -41.57,
    "grossProfitMargin" : 90.98,
    "grossProfit" : 6.56,
    "operatingProfitMargin" : 17.89,
    "operatingProfit" : 1.29,
    "netProfitMargin" : 4.30,
    "netProfit" : 0.31
  }, {
    "date" : "2011-12-31",
    "sales" : 8.28,
    "salesGrowthYoY" : -40.90,
    "grossProfitMargin" : 92.03,
    "grossProfit" : 7.62,
    "operatingProfitMargin" : 12.32,
    "operatingProfit" : 1.02,
    "netProfitMargin" : 1.09,
    "netProfit" : 0.09
  }, {
    "date" : "2012-03-31",
    "sales" : 3.76,
    "salesGrowthYoY" : -74.47,
    "grossProfitMargin" : 47.34,
    "grossProfit" : 1.78,
    "operatingProfitMargin" : 36.17,
    "operatingProfit" : 1.36,
    "netProfitMargin" : 9.57,
    "netProfit" : 0.36
  }, {
    "date" : "2012-06-30",
    "sales" : 2.94,
    "salesGrowthYoY" : -38.24,
    "grossProfitMargin" : 52.72,
    "grossProfit" : 1.55,
    "operatingProfitMargin" : 38.44,
    "operatingProfit" : 1.13,
    "netProfitMargin" : 9.52,
    "netProfit" : 0.28
  }, {
    "date" : "2012-09-30",
    "sales" : 1.63,
    "salesGrowthYoY" : -77.39,
    "grossProfitMargin" : 79.75,
    "grossProfit" : 1.30,
    "operatingProfitMargin" : 57.06,
    "operatingProfit" : 0.93,
    "netProfitMargin" : 11.66,
    "netProfit" : 0.19
  }, {
    "date" : "2012-12-31",
    "sales" : 1.64,
    "salesGrowthYoY" : -80.19,
    "grossProfitMargin" : 95.73,
    "grossProfit" : 1.57,
    "operatingProfitMargin" : 62.80,
    "operatingProfit" : 1.03,
    "netProfitMargin" : 17.68,
    "netProfit" : 0.29
  }, {
    "date" : "2013-03-31",
    "sales" : 1.83,
    "salesGrowthYoY" : -51.33,
    "grossProfitMargin" : 97.27,
    "grossProfit" : 1.78,
    "operatingProfitMargin" : 73.77,
    "operatingProfit" : 1.35,
    "netProfitMargin" : 19.67,
    "netProfit" : 0.36
  }, {
    "date" : "2013-06-30",
    "sales" : 1.80,
    "salesGrowthYoY" : -38.78,
    "grossProfitMargin" : 98.89,
    "grossProfit" : 1.78,
    "operatingProfitMargin" : 78.33,
    "operatingProfit" : 1.41,
    "netProfitMargin" : 18.33,
    "netProfit" : 0.33
  }, {
    "date" : "2013-09-30",
    "sales" : 2.52,
    "salesGrowthYoY" : 54.60,
    "grossProfitMargin" : 101.59,
    "grossProfit" : 2.56,
    "operatingProfitMargin" : 86.90,
    "operatingProfit" : 2.19,
    "netProfitMargin" : 36.51,
    "netProfit" : 0.92
  }, {
    "date" : "2013-12-31",
    "sales" : 6.89,
    "salesGrowthYoY" : 320.12,
    "grossProfitMargin" : 24.09,
    "grossProfit" : 1.66,
    "operatingProfitMargin" : 19.01,
    "operatingProfit" : 1.31,
    "netProfitMargin" : 1.31,
    "netProfit" : 0.09
  }, {
    "date" : "2014-03-31",
    "sales" : 1.58,
    "salesGrowthYoY" : -13.66,
    "grossProfitMargin" : 98.10,
    "grossProfit" : 1.55,
    "operatingProfitMargin" : 81.65,
    "operatingProfit" : 1.29,
    "netProfitMargin" : 1.27,
    "netProfit" : 0.02
  }, {
    "date" : "2014-06-30",
    "sales" : 1.47,
    "salesGrowthYoY" : -18.33,
    "grossProfitMargin" : 104.08,
    "grossProfit" : 1.53,
    "operatingProfitMargin" : 80.27,
    "operatingProfit" : 1.18,
    "netProfitMargin" : 2.04,
    "netProfit" : 0.03
  }, {
    "date" : "2014-09-30",
    "sales" : 2.53,
    "salesGrowthYoY" : 0.40,
    "grossProfitMargin" : 101.98,
    "grossProfit" : 2.58,
    "operatingProfitMargin" : 86.17,
    "operatingProfit" : 2.18,
    "netProfitMargin" : 20.95,
    "netProfit" : 0.53
  }, {
    "date" : "2014-12-31",
    "sales" : 2.04,
    "salesGrowthYoY" : -70.39,
    "grossProfitMargin" : 97.06,
    "grossProfit" : 1.98,
    "operatingProfitMargin" : 80.39,
    "operatingProfit" : 1.64,
    "netProfitMargin" : 9.31,
    "netProfit" : 0.19
  }, {
    "date" : "2015-03-31",
    "sales" : 2.62,
    "salesGrowthYoY" : 65.82,
    "grossProfitMargin" : 91.60,
    "grossProfit" : 2.40,
    "operatingProfitMargin" : 77.48,
    "operatingProfit" : 2.03,
    "netProfitMargin" : 25.95,
    "netProfit" : 0.68
  }, {
    "date" : "2015-06-30",
    "sales" : 6.75,
    "salesGrowthYoY" : 359.18,
    "grossProfitMargin" : 29.19,
    "grossProfit" : 1.97,
    "operatingProfitMargin" : 22.22,
    "operatingProfit" : 1.50,
    "netProfitMargin" : 1.04,
    "netProfit" : 0.07
  }, {
    "date" : "2015-09-30",
    "sales" : 8.69,
    "salesGrowthYoY" : 243.48,
    "grossProfitMargin" : 34.06,
    "grossProfit" : 2.96,
    "operatingProfitMargin" : 28.77,
    "operatingProfit" : 2.50,
    "netProfitMargin" : 6.56,
    "netProfit" : 0.57
  }, {
    "date" : "2015-12-31",
    "sales" : 7.50,
    "salesGrowthYoY" : 267.65,
    "grossProfitMargin" : 25.60,
    "grossProfit" : 1.92,
    "operatingProfitMargin" : 18.53,
    "operatingProfit" : 1.39,
    "netProfitMargin" : 3.47,
    "netProfit" : 0.26
  }, {
    "date" : "2016-03-31",
    "sales" : 54.92,
    "salesGrowthYoY" : 1996.18,
    "grossProfitMargin" : 5.48,
    "grossProfit" : 3.01,
    "operatingProfitMargin" : 4.35,
    "operatingProfit" : 2.39,
    "netProfitMargin" : 1.38,
    "netProfit" : 0.76
  }, {
    "date" : "2016-06-30",
    "sales" : 2.86,
    "salesGrowthYoY" : -57.63,
    "grossProfitMargin" : 100.00,
    "grossProfit" : 2.86,
    "operatingProfitMargin" : 46.50,
    "operatingProfit" : 1.33,
    "netProfitMargin" : 2.45,
    "netProfit" : 0.07
  }, {
    "date" : "2016-09-30",
    "sales" : 8.99,
    "salesGrowthYoY" : 3.45,
    "grossProfitMargin" : 45.94,
    "grossProfit" : 4.13,
    "operatingProfitMargin" : 26.70,
    "operatingProfit" : 2.40,
    "netProfitMargin" : 10.01,
    "netProfit" : 0.90
  }, {
    "date" : "2016-12-31",
    "sales" : 3.08,
    "salesGrowthYoY" : -58.93,
    "grossProfitMargin" : 100.65,
    "grossProfit" : 3.10,
    "operatingProfitMargin" : 38.96,
    "operatingProfit" : 1.20,
    "netProfitMargin" : 31.82,
    "netProfit" : 0.98
  }, {
    "date" : "2017-03-31",
    "sales" : 4.69,
    "salesGrowthYoY" : -91.46,
    "grossProfitMargin" : 99.79,
    "grossProfit" : 4.68,
    "operatingProfitMargin" : 49.89,
    "operatingProfit" : 2.34,
    "netProfitMargin" : 13.65,
    "netProfit" : 0.64
  }, {
    "date" : "2017-06-30",
    "sales" : 5.03,
    "salesGrowthYoY" : 75.87,
    "grossProfitMargin" : 99.60,
    "grossProfit" : 5.01,
    "operatingProfitMargin" : 47.32,
    "operatingProfit" : 2.38,
    "netProfitMargin" : 10.34,
    "netProfit" : 0.52
  }, {
    "date" : "2017-09-30",
    "sales" : 5.63,
    "salesGrowthYoY" : -37.37,
    "grossProfitMargin" : 100.18,
    "grossProfit" : 5.64,
    "operatingProfitMargin" : 48.49,
    "operatingProfit" : 2.73,
    "netProfitMargin" : 6.04,
    "netProfit" : 0.34
  }, {
    "date" : "2017-12-31",
    "sales" : 6.18,
    "salesGrowthYoY" : 100.65,
    "grossProfitMargin" : 97.41,
    "grossProfit" : 6.02,
    "operatingProfitMargin" : 65.70,
    "operatingProfit" : 4.06,
    "netProfitMargin" : 9.71,
    "netProfit" : 0.60
  }, {
    "date" : "2018-03-31",
    "sales" : 5.80,
    "salesGrowthYoY" : 23.67,
    "grossProfitMargin" : 100.00,
    "grossProfit" : 5.80,
    "operatingProfitMargin" : 74.31,
    "operatingProfit" : 4.31,
    "netProfitMargin" : 14.48,
    "netProfit" : 0.84
  }, {
    "date" : "2018-06-30",
    "sales" : 5.61,
    "salesGrowthYoY" : 11.53,
    "grossProfitMargin" : 100.00,
    "grossProfit" : 5.61,
    "operatingProfitMargin" : 76.65,
    "operatingProfit" : 4.30,
    "netProfitMargin" : 9.80,
    "netProfit" : 0.55
  }, {
    "date" : "2018-09-30",
    "sales" : 2.57,
    "salesGrowthYoY" : -54.35,
    "grossProfitMargin" : 100.00,
    "grossProfit" : 2.57,
    "operatingProfitMargin" : -48.25,
    "operatingProfit" : -1.24,
    "netProfitMargin" : -64.98,
    "netProfit" : -1.67
  }, {
    "date" : "2018-12-31",
    "sales" : 26.78,
    "salesGrowthYoY" : 333.33,
    "grossProfitMargin" : 100.00,
    "grossProfit" : 26.78,
    "operatingProfitMargin" : 23.41,
    "operatingProfit" : 6.27,
    "netProfitMargin" : 3.58,
    "netProfit" : 0.96
  }, {
    "date" : "2019-03-31",
    "sales" : 2.39,
    "salesGrowthYoY" : -58.79,
    "grossProfitMargin" : 100.00,
    "grossProfit" : 2.39,
    "operatingProfitMargin" : 136.40,
    "operatingProfit" : 3.26,
    "netProfitMargin" : 84.10,
    "netProfit" : 2.01
  }, {
    "date" : "2019-06-30",
    "sales" : 2.00,
    "salesGrowthYoY" : -64.35,
    "grossProfitMargin" : 100.00,
    "grossProfit" : 2.00,
    "operatingProfitMargin" : 46.50,
    "operatingProfit" : 0.93,
    "netProfitMargin" : 17.00,
    "netProfit" : 0.34
  }, {
    "date" : "2019-09-30",
    "sales" : 2.21,
    "salesGrowthYoY" : -14.01,
    "grossProfitMargin" : 100.00,
    "grossProfit" : 2.21,
    "operatingProfitMargin" : 60.63,
    "operatingProfit" : 1.34,
    "netProfitMargin" : 23.53,
    "netProfit" : 0.52
  }, {
    "date" : "2019-12-31",
    "sales" : 2.11,
    "salesGrowthYoY" : -92.12,
    "grossProfitMargin" : 100.00,
    "grossProfit" : 2.11,
    "operatingProfitMargin" : 58.29,
    "operatingProfit" : 1.23,
    "netProfitMargin" : 22.27,
    "netProfit" : 0.47
  }, {
    "date" : "2020-03-31",
    "sales" : 2.44,
    "salesGrowthYoY" : 2.09,
    "grossProfitMargin" : 100.00,
    "grossProfit" : 2.44,
    "operatingProfitMargin" : 60.66,
    "operatingProfit" : 1.48,
    "netProfitMargin" : 26.23,
    "netProfit" : 0.64
  }, {
    "date" : "2020-06-30",
    "sales" : 2.16,
    "salesGrowthYoY" : 8.00,
    "grossProfitMargin" : 100.00,
    "grossProfit" : 2.16,
    "operatingProfitMargin" : 72.69,
    "operatingProfit" : 1.57,
    "netProfitMargin" : 32.41,
    "netProfit" : 0.70
  }, {
    "date" : "2020-09-30",
    "sales" : 2.16,
    "salesGrowthYoY" : -2.26,
    "grossProfitMargin" : 100.00,
    "grossProfit" : 2.16,
    "operatingProfitMargin" : 69.91,
    "operatingProfit" : 1.51,
    "netProfitMargin" : 34.26,
    "netProfit" : 0.74
  }, {
    "date" : "2020-12-31",
    "sales" : 1.98,
    "salesGrowthYoY" : -6.16,
    "grossProfitMargin" : 100.00,
    "grossProfit" : 1.98,
    "operatingProfitMargin" : 69.19,
    "operatingProfit" : 1.37,
    "netProfitMargin" : 32.32,
    "netProfit" : 0.64
  }, {
    "date" : "2021-03-31",
    "sales" : 2.06,
    "salesGrowthYoY" : -15.57,
    "grossProfitMargin" : 100.00,
    "grossProfit" : 2.06,
    "operatingProfitMargin" : 56.80,
    "operatingProfit" : 1.17,
    "netProfitMargin" : 10.68,
    "netProfit" : 0.22
  }, {
    "date" : "2021-06-30",
    "sales" : 2.84,
    "salesGrowthYoY" : 31.48,
    "grossProfitMargin" : 100.00,
    "grossProfit" : 2.84,
    "operatingProfitMargin" : 68.31,
    "operatingProfit" : 1.94,
    "netProfitMargin" : 27.82,
    "netProfit" : 0.79
  }, {
    "date" : "2021-09-30",
    "sales" : 3.61,
    "salesGrowthYoY" : 67.13,
    "grossProfitMargin" : 100.00,
    "grossProfit" : 3.61,
    "operatingProfitMargin" : 73.96,
    "operatingProfit" : 2.67,
    "netProfitMargin" : 29.09,
    "netProfit" : 1.05
  }, {
    "date" : "2021-12-31",
    "sales" : 2.33,
    "salesGrowthYoY" : 17.68,
    "grossProfitMargin" : 100.00,
    "grossProfit" : 2.33,
    "operatingProfitMargin" : 48.07,
    "operatingProfit" : 1.12,
    "netProfitMargin" : 6.01,
    "netProfit" : 0.14
  }, {
    "date" : "2022-03-31",
    "sales" : 2.51,
    "salesGrowthYoY" : 21.84,
    "grossProfitMargin" : 100.00,
    "grossProfit" : 2.51,
    "operatingProfitMargin" : 65.74,
    "operatingProfit" : 1.65,
    "netProfitMargin" : 17.93,
    "netProfit" : 0.45
  }, {
    "date" : "2022-06-30",
    "sales" : 2.90,
    "salesGrowthYoY" : 2.11,
    "grossProfitMargin" : 100.00,
    "grossProfit" : 2.90,
    "operatingProfitMargin" : 55.17,
    "operatingProfit" : 1.60,
    "netProfitMargin" : 18.28,
    "netProfit" : 0.53
  }, {
    "date" : "2022-09-30",
    "sales" : 2.97,
    "salesGrowthYoY" : -17.73,
    "grossProfitMargin" : 100.00,
    "grossProfit" : 2.97,
    "operatingProfitMargin" : 52.19,
    "operatingProfit" : 1.55,
    "netProfitMargin" : 15.49,
    "netProfit" : 0.46
  }, {
    "date" : "2022-12-31",
    "sales" : 3.44,
    "salesGrowthYoY" : 47.64,
    "grossProfitMargin" : 100.00,
    "grossProfit" : 3.44,
    "operatingProfitMargin" : 47.09,
    "operatingProfit" : 1.62,
    "netProfitMargin" : 10.76,
    "netProfit" : 0.37
  }, {
    "date" : "2023-03-31",
    "sales" : 3.64,
    "salesGrowthYoY" : 45.02,
    "grossProfitMargin" : 100.00,
    "grossProfit" : 3.64,
    "operatingProfitMargin" : 58.52,
    "operatingProfit" : 2.13,
    "netProfitMargin" : 25.55,
    "netProfit" : 0.93
  }, {
    "date" : "2023-06-30",
    "sales" : 3.55,
    "salesGrowthYoY" : 22.41,
    "grossProfitMargin" : 100.00,
    "grossProfit" : 3.55,
    "operatingProfitMargin" : 50.70,
    "operatingProfit" : 1.80,
    "netProfitMargin" : 15.21,
    "netProfit" : 0.54
  }, {
    "date" : "2023-09-30",
    "sales" : 3.49,
    "salesGrowthYoY" : 17.51,
    "grossProfitMargin" : 100.00,
    "grossProfit" : 3.49,
    "operatingProfitMargin" : 49.00,
    "operatingProfit" : 1.71,
    "netProfitMargin" : 12.32,
    "netProfit" : 0.43
  }, {
    "date" : "2023-12-31",
    "sales" : 3.14,
    "salesGrowthYoY" : -8.72,
    "grossProfitMargin" : 100.00,
    "grossProfit" : 3.14,
    "operatingProfitMargin" : 48.41,
    "operatingProfit" : 1.52,
    "netProfitMargin" : 12.10,
    "netProfit" : 0.38
  }, {
    "date" : "2024-03-31",
    "sales" : 2.72,
    "salesGrowthYoY" : -25.27,
    "grossProfitMargin" : 100.00,
    "grossProfit" : 2.72,
    "operatingProfitMargin" : 32.72,
    "operatingProfit" : 0.89,
    "netProfitMargin" : 1.47,
    "netProfit" : 0.04
  }, {
    "date" : "2024-06-30",
    "sales" : 7.00,
    "salesGrowthYoY" : 97.18,
    "grossProfitMargin" : 100.00,
    "grossProfit" : 7.00,
    "operatingProfitMargin" : 67.00,
    "operatingProfit" : 4.69,
    "netProfitMargin" : 42.86,
    "netProfit" : 3.00
  }, {
    "date" : "2024-09-30",
    "sales" : 5.81,
    "salesGrowthYoY" : 66.48,
    "grossProfitMargin" : 100.00,
    "grossProfit" : 5.81,
    "operatingProfitMargin" : 58.35,
    "operatingProfit" : 3.39,
    "netProfitMargin" : 38.04,
    "netProfit" : 2.21
  }, {
    "date" : "2024-12-31",
    "sales" : 6.37,
    "salesGrowthYoY" : 102.87,
    "grossProfitMargin" : 100.00,
    "grossProfit" : 6.37,
    "operatingProfitMargin" : 55.10,
    "operatingProfit" : 3.51,
    "netProfitMargin" : 29.83,
    "netProfit" : 1.90
  }, {
    "date" : "2025-03-31",
    "sales" : 5.27,
    "salesGrowthYoY" : 93.75,
    "grossProfitMargin" : 100.00,
    "grossProfit" : 5.27,
    "operatingProfitMargin" : 37.19,
    "operatingProfit" : 1.96,
    "netProfitMargin" : 23.34,
    "netProfit" : 1.23
  }, {
    "date" : "2025-06-30",
    "sales" : 6.58,
    "salesGrowthYoY" : -6.00,
    "grossProfitMargin" : 100.00,
    "grossProfit" : 6.58,
    "operatingProfitMargin" : 38.30,
    "operatingProfit" : 2.52,
    "netProfitMargin" : 23.71,
    "netProfit" : 1.56
  }, {
    "date" : "2025-09-30",
    "sales" : 10.44,
    "salesGrowthYoY" : 79.69,
    "grossProfitMargin" : 100.00,
    "grossProfit" : 10.44,
    "operatingProfitMargin" : 22.03,
    "operatingProfit" : 2.30,
    "netProfitMargin" : 7.85,
    "netProfit" : 0.82
  }, {
    "date" : "2025-12-31",
    "sales" : 7.60,
    "salesGrowthYoY" : 19.31,
    "grossProfitMargin" : 100.00,
    "grossProfit" : 7.60,
    "operatingProfitMargin" : 30.39,
    "operatingProfit" : 2.31,
    "netProfitMargin" : 8.95,
    "netProfit" : 0.68
  } ],
  "latestQuarterlyResult" : {
    "date" : "2025-12-31",
    "sales" : 7.60,
    "salesGrowthYoY" : 19.31,
    "grossProfitMargin" : 100.00,
    "grossProfit" : 7.60,
    "operatingProfitMargin" : 30.39,
    "operatingProfit" : 2.31,
    "netProfitMargin" : 8.95,
    "netProfit" : 0.68
  },
  "companyScore" : {
    "priceHigherThanDma50" : 0.00,
    "priceHigherThanDma100" : 0.00,
    "priceHigherThanDma200" : 5.00,
    "dma50HigherThanDma100" : 0.00,
    "dma50HigherThanDma200" : 5.00,
    "dma100HigherThanDma200" : 5.00,
    "pricePercentageAboveDma50" : 5.13,
    "pricePercentageAboveDma100" : 5.18,
    "pricePercentageAboveDma200" : 4.81,
    "weeklyVolumeHigherThanYearlyVolume" : 5.00,
    "salesGrowthPercentile" : 11.25,
    "operatingProfitMarginPercentile" : 9.97,
    "netProfitMarginPercentile" : 5.28,
    "totalTechnicalScore" : 35.12,
    "totalFundamentalScore" : 26.50,
    "totalScore" : 61.62
  }
}