{
  "metadata" : {
    "screenerCompanyId" : "3489",
    "companyCode" : "CHOLAHLDNG",
    "companyName" : "Chola Financial",
    "screenerCompanyLink" : "https://www.screener.in/company/CHOLAHLDNG/consolidated/",
    "screenerTechnicalHistoryLink" : "https://www.screener.in/api/company/3489/chart/?q=Price-DMA50-DMA200-Volume&days=365",
    "screenerQuarterlyResultsLink" : "https://www.screener.in/api/company/3489/chart/?q=GPM-OPM-NPM-Quarter+Sales&days=10000",
    "attributes" : {
      "companyCode" : "CHOLAHLDNG",
      "companyName" : "Chola Financial",
      "marketCap" : 32182.00,
      "peRatio" : 13.60,
      "description" : "Cholamandalam Financial Holdings Limited (CFHL) is a part of the Murugappa Group. The Co. is a Core Investment Company registered with the RBI, offering a diverse range of financial products and risk management services to individual and corporate customers through its group companies. [1]"
    },
    "companyScore" : {
      "priceHigherThanDma50" : 0.00,
      "priceHigherThanDma100" : 0.00,
      "priceHigherThanDma200" : 0.00,
      "dma50HigherThanDma100" : 0.00,
      "dma50HigherThanDma200" : 0.00,
      "dma100HigherThanDma200" : 5.00,
      "pricePercentageAboveDma50" : 5.17,
      "pricePercentageAboveDma100" : 5.38,
      "pricePercentageAboveDma200" : 5.28,
      "weeklyVolumeHigherThanYearlyVolume" : 0.00,
      "salesGrowthPercentile" : 16.50,
      "operatingProfitMarginPercentile" : 19.46,
      "netProfitMarginPercentile" : 9.66,
      "totalTechnicalScore" : 20.83,
      "totalFundamentalScore" : 45.62,
      "totalScore" : 66.44
    }
  },
  "attributes" : {
    "companyCode" : "CHOLAHLDNG",
    "companyName" : "Chola Financial",
    "marketCap" : 32182.00,
    "peRatio" : 13.60,
    "description" : "Cholamandalam Financial Holdings Limited (CFHL) is a part of the Murugappa Group. The Co. is a Core Investment Company registered with the RBI, offering a diverse range of financial products and risk management services to individual and corporate customers through its group companies. [1]"
  },
  "technicalHistory" : [ {
    "date" : "2025-02-10",
    "price" : 1454.05,
    "dma50" : 1509.82,
    "dma100" : null,
    "dma200" : 1489.80,
    "volume" : 121745.00
  }, {
    "date" : "2025-02-11",
    "price" : 1512.50,
    "dma50" : 1509.92,
    "dma100" : null,
    "dma200" : 1490.02,
    "volume" : 454002.00
  }, {
    "date" : "2025-02-12",
    "price" : 1473.15,
    "dma50" : 1508.48,
    "dma100" : null,
    "dma200" : 1489.85,
    "volume" : 240054.00
  }, {
    "date" : "2025-02-13",
    "price" : 1512.15,
    "dma50" : 1508.62,
    "dma100" : null,
    "dma200" : 1490.08,
    "volume" : 297240.00
  }, {
    "date" : "2025-02-14",
    "price" : 1505.60,
    "dma50" : 1508.51,
    "dma100" : null,
    "dma200" : 1490.23,
    "volume" : 152726.00
  }, {
    "date" : "2025-02-17",
    "price" : 1455.45,
    "dma50" : 1506.42,
    "dma100" : null,
    "dma200" : 1489.88,
    "volume" : 121718.00
  }, {
    "date" : "2025-02-18",
    "price" : 1496.20,
    "dma50" : 1506.02,
    "dma100" : null,
    "dma200" : 1489.95,
    "volume" : 352204.00
  }, {
    "date" : "2025-02-19",
    "price" : 1519.55,
    "dma50" : 1506.55,
    "dma100" : null,
    "dma200" : 1490.24,
    "volume" : 126863.00
  }, {
    "date" : "2025-02-20",
    "price" : 1479.55,
    "dma50" : 1505.50,
    "dma100" : null,
    "dma200" : 1490.14,
    "volume" : 75140.00
  }, {
    "date" : "2025-02-21",
    "price" : 1505.85,
    "dma50" : 1505.51,
    "dma100" : null,
    "dma200" : 1490.29,
    "volume" : 105071.00
  }, {
    "date" : "2025-02-24",
    "price" : 1504.05,
    "dma50" : 1505.45,
    "dma100" : null,
    "dma200" : 1490.43,
    "volume" : 75113.00
  }, {
    "date" : "2025-02-25",
    "price" : 1568.40,
    "dma50" : 1507.92,
    "dma100" : null,
    "dma200" : 1491.20,
    "volume" : 717032.00
  }, {
    "date" : "2025-02-27",
    "price" : 1636.20,
    "dma50" : 1512.95,
    "dma100" : null,
    "dma200" : 1492.65,
    "volume" : 886756.00
  }, {
    "date" : "2025-02-28",
    "price" : 1641.90,
    "dma50" : 1518.01,
    "dma100" : null,
    "dma200" : 1494.13,
    "volume" : 412166.00
  }, {
    "date" : "2025-03-03",
    "price" : 1580.35,
    "dma50" : 1520.45,
    "dma100" : null,
    "dma200" : 1494.99,
    "volume" : 416250.00
  }, {
    "date" : "2025-03-04",
    "price" : 1594.85,
    "dma50" : 1523.37,
    "dma100" : null,
    "dma200" : 1495.98,
    "volume" : 137733.00
  }, {
    "date" : "2025-03-05",
    "price" : 1609.65,
    "dma50" : 1526.75,
    "dma100" : null,
    "dma200" : 1497.11,
    "volume" : 214184.00
  }, {
    "date" : "2025-03-06",
    "price" : 1617.80,
    "dma50" : 1530.32,
    "dma100" : null,
    "dma200" : 1498.32,
    "volume" : 153595.00
  }, {
    "date" : "2025-03-07",
    "price" : 1600.20,
    "dma50" : 1533.06,
    "dma100" : null,
    "dma200" : 1499.33,
    "volume" : 133433.00
  }, {
    "date" : "2025-03-10",
    "price" : 1624.65,
    "dma50" : 1536.66,
    "dma100" : null,
    "dma200" : 1500.58,
    "volume" : 265630.00
  }, {
    "date" : "2025-03-11",
    "price" : 1605.25,
    "dma50" : 1539.35,
    "dma100" : null,
    "dma200" : 1501.62,
    "volume" : 66785.00
  }, {
    "date" : "2025-03-12",
    "price" : 1595.90,
    "dma50" : 1541.56,
    "dma100" : null,
    "dma200" : 1502.56,
    "volume" : 98614.00
  }, {
    "date" : "2025-03-13",
    "price" : 1594.00,
    "dma50" : 1543.62,
    "dma100" : null,
    "dma200" : 1503.47,
    "volume" : 207010.00
  }, {
    "date" : "2025-03-17",
    "price" : 1562.65,
    "dma50" : 1544.37,
    "dma100" : null,
    "dma200" : 1504.05,
    "volume" : 118771.00
  }, {
    "date" : "2025-03-18",
    "price" : 1658.70,
    "dma50" : 1548.85,
    "dma100" : null,
    "dma200" : 1505.59,
    "volume" : 406032.00
  }, {
    "date" : "2025-03-19",
    "price" : 1638.70,
    "dma50" : 1552.37,
    "dma100" : null,
    "dma200" : 1506.92,
    "volume" : 123381.00
  }, {
    "date" : "2025-03-20",
    "price" : 1626.60,
    "dma50" : 1555.28,
    "dma100" : null,
    "dma200" : 1508.11,
    "volume" : 96834.00
  }, {
    "date" : "2025-03-21",
    "price" : 1692.30,
    "dma50" : 1560.66,
    "dma100" : null,
    "dma200" : 1509.94,
    "volume" : 137340.00
  }, {
    "date" : "2025-03-24",
    "price" : 1774.80,
    "dma50" : 1569.06,
    "dma100" : null,
    "dma200" : 1512.58,
    "volume" : 400023.00
  }, {
    "date" : "2025-03-25",
    "price" : 1826.30,
    "dma50" : 1579.14,
    "dma100" : null,
    "dma200" : 1515.70,
    "volume" : 422786.00
  }, {
    "date" : "2025-03-26",
    "price" : 1712.90,
    "dma50" : 1584.39,
    "dma100" : null,
    "dma200" : 1517.66,
    "volume" : 489048.00
  }, {
    "date" : "2025-03-27",
    "price" : 1721.60,
    "dma50" : 1589.77,
    "dma100" : null,
    "dma200" : 1519.69,
    "volume" : 93802.00
  }, {
    "date" : "2025-03-28",
    "price" : 1751.45,
    "dma50" : 1596.11,
    "dma100" : null,
    "dma200" : 1522.00,
    "volume" : 231882.00
  }, {
    "date" : "2025-04-01",
    "price" : 1711.40,
    "dma50" : 1600.63,
    "dma100" : null,
    "dma200" : 1523.88,
    "volume" : 124325.00
  }, {
    "date" : "2025-04-02",
    "price" : 1775.65,
    "dma50" : 1607.49,
    "dma100" : null,
    "dma200" : 1526.39,
    "volume" : 146112.00
  }, {
    "date" : "2025-04-03",
    "price" : 1747.00,
    "dma50" : 1612.97,
    "dma100" : null,
    "dma200" : 1528.58,
    "volume" : 129964.00
  }, {
    "date" : "2025-04-04",
    "price" : 1694.25,
    "dma50" : 1616.15,
    "dma100" : null,
    "dma200" : 1530.23,
    "volume" : 101962.00
  }, {
    "date" : "2025-04-07",
    "price" : 1558.85,
    "dma50" : 1613.91,
    "dma100" : null,
    "dma200" : 1530.51,
    "volume" : 423376.00
  }, {
    "date" : "2025-04-08",
    "price" : 1718.45,
    "dma50" : 1618.01,
    "dma100" : null,
    "dma200" : 1532.38,
    "volume" : 1689227.00
  }, {
    "date" : "2025-04-09",
    "price" : 1647.90,
    "dma50" : 1619.18,
    "dma100" : null,
    "dma200" : 1533.53,
    "volume" : 212223.00
  }, {
    "date" : "2025-04-11",
    "price" : 1780.40,
    "dma50" : 1625.50,
    "dma100" : null,
    "dma200" : 1535.99,
    "volume" : 595306.00
  }, {
    "date" : "2025-04-15",
    "price" : 1813.60,
    "dma50" : 1632.88,
    "dma100" : null,
    "dma200" : 1538.75,
    "volume" : 463902.00
  }, {
    "date" : "2025-04-16",
    "price" : 1804.30,
    "dma50" : 1639.60,
    "dma100" : null,
    "dma200" : 1541.39,
    "volume" : 252750.00
  }, {
    "date" : "2025-04-17",
    "price" : 1872.90,
    "dma50" : 1648.75,
    "dma100" : null,
    "dma200" : 1544.69,
    "volume" : 454366.00
  }, {
    "date" : "2025-04-21",
    "price" : 1958.50,
    "dma50" : 1660.90,
    "dma100" : null,
    "dma200" : 1548.81,
    "volume" : 759707.00
  }, {
    "date" : "2025-04-22",
    "price" : 1967.70,
    "dma50" : 1672.93,
    "dma100" : null,
    "dma200" : 1552.98,
    "volume" : 1027883.00
  }, {
    "date" : "2025-04-23",
    "price" : 1961.80,
    "dma50" : 1684.26,
    "dma100" : null,
    "dma200" : 1557.05,
    "volume" : 449486.00
  }, {
    "date" : "2025-04-24",
    "price" : 1951.00,
    "dma50" : 1694.72,
    "dma100" : null,
    "dma200" : 1560.97,
    "volume" : 540328.00
  }, {
    "date" : "2025-04-25",
    "price" : 1980.30,
    "dma50" : 1705.92,
    "dma100" : null,
    "dma200" : 1565.14,
    "volume" : 418930.00
  }, {
    "date" : "2025-04-28",
    "price" : 1893.10,
    "dma50" : 1713.26,
    "dma100" : null,
    "dma200" : 1568.40,
    "volume" : 629131.00
  }, {
    "date" : "2025-04-29",
    "price" : 1947.40,
    "dma50" : 1722.44,
    "dma100" : null,
    "dma200" : 1572.17,
    "volume" : 622580.00
  }, {
    "date" : "2025-04-30",
    "price" : 1864.10,
    "dma50" : 1727.99,
    "dma100" : null,
    "dma200" : 1575.08,
    "volume" : 685804.00
  }, {
    "date" : "2025-05-02",
    "price" : 1812.60,
    "dma50" : 1731.31,
    "dma100" : null,
    "dma200" : 1577.44,
    "volume" : 476113.00
  }, {
    "date" : "2025-05-05",
    "price" : 1857.90,
    "dma50" : 1736.28,
    "dma100" : null,
    "dma200" : 1580.23,
    "volume" : 118702.00
  }, {
    "date" : "2025-05-06",
    "price" : 1886.00,
    "dma50" : 1742.15,
    "dma100" : null,
    "dma200" : 1583.27,
    "volume" : 143474.00
  }, {
    "date" : "2025-05-07",
    "price" : 1866.70,
    "dma50" : 1747.03,
    "dma100" : null,
    "dma200" : 1586.09,
    "volume" : 117829.00
  }, {
    "date" : "2025-05-08",
    "price" : 1829.00,
    "dma50" : 1750.25,
    "dma100" : null,
    "dma200" : 1588.51,
    "volume" : 383518.00
  }, {
    "date" : "2025-05-09",
    "price" : 1718.00,
    "dma50" : 1748.98,
    "dma100" : null,
    "dma200" : 1589.80,
    "volume" : 348779.00
  }, {
    "date" : "2025-05-12",
    "price" : 1801.10,
    "dma50" : 1751.03,
    "dma100" : null,
    "dma200" : 1591.90,
    "volume" : 323628.00
  }, {
    "date" : "2025-05-13",
    "price" : 1784.70,
    "dma50" : 1752.35,
    "dma100" : null,
    "dma200" : 1593.82,
    "volume" : 191209.00
  }, {
    "date" : "2025-05-14",
    "price" : 1846.90,
    "dma50" : 1756.05,
    "dma100" : null,
    "dma200" : 1596.34,
    "volume" : 267344.00
  }, {
    "date" : "2025-05-15",
    "price" : 1877.20,
    "dma50" : 1760.80,
    "dma100" : null,
    "dma200" : 1599.13,
    "volume" : 248700.00
  }, {
    "date" : "2025-05-16",
    "price" : 1867.90,
    "dma50" : 1765.00,
    "dma100" : null,
    "dma200" : 1601.81,
    "volume" : 106647.00
  }, {
    "date" : "2025-05-19",
    "price" : 1888.90,
    "dma50" : 1769.86,
    "dma100" : null,
    "dma200" : 1604.66,
    "volume" : 115690.00
  }, {
    "date" : "2025-05-20",
    "price" : 1856.60,
    "dma50" : 1773.26,
    "dma100" : null,
    "dma200" : 1607.17,
    "volume" : 123748.00
  }, {
    "date" : "2025-05-21",
    "price" : 1862.90,
    "dma50" : 1776.78,
    "dma100" : null,
    "dma200" : 1609.72,
    "volume" : 149472.00
  }, {
    "date" : "2025-05-22",
    "price" : 1842.00,
    "dma50" : 1779.34,
    "dma100" : null,
    "dma200" : 1612.03,
    "volume" : 116975.00
  }, {
    "date" : "2025-05-23",
    "price" : 1814.30,
    "dma50" : 1780.71,
    "dma100" : null,
    "dma200" : 1614.04,
    "volume" : 220178.00
  }, {
    "date" : "2025-05-26",
    "price" : 1829.90,
    "dma50" : 1782.64,
    "dma100" : null,
    "dma200" : 1616.19,
    "volume" : 132506.00
  }, {
    "date" : "2025-05-27",
    "price" : 1892.80,
    "dma50" : 1786.96,
    "dma100" : null,
    "dma200" : 1618.94,
    "volume" : 101782.00
  }, {
    "date" : "2025-05-28",
    "price" : 1953.20,
    "dma50" : 1793.48,
    "dma100" : null,
    "dma200" : 1622.27,
    "volume" : 222975.00
  }, {
    "date" : "2025-05-29",
    "price" : 1929.80,
    "dma50" : 1798.82,
    "dma100" : null,
    "dma200" : 1625.33,
    "volume" : 82902.00
  }, {
    "date" : "2025-05-30",
    "price" : 1866.20,
    "dma50" : 1801.47,
    "dma100" : null,
    "dma200" : 1627.72,
    "volume" : 260516.00
  }, {
    "date" : "2025-06-02",
    "price" : 1880.80,
    "dma50" : 1804.58,
    "dma100" : null,
    "dma200" : 1630.24,
    "volume" : 72301.00
  }, {
    "date" : "2025-06-03",
    "price" : 1898.70,
    "dma50" : 1808.27,
    "dma100" : null,
    "dma200" : 1632.91,
    "volume" : 120970.00
  }, {
    "date" : "2025-06-04",
    "price" : 1829.20,
    "dma50" : 1809.09,
    "dma100" : null,
    "dma200" : 1634.87,
    "volume" : 194013.00
  }, {
    "date" : "2025-06-05",
    "price" : 1791.10,
    "dma50" : 1808.38,
    "dma100" : null,
    "dma200" : 1636.42,
    "volume" : 320118.00
  }, {
    "date" : "2025-06-06",
    "price" : 1940.30,
    "dma50" : 1813.56,
    "dma100" : null,
    "dma200" : 1639.44,
    "volume" : 1198859.00
  }, {
    "date" : "2025-06-09",
    "price" : 1988.80,
    "dma50" : 1820.43,
    "dma100" : null,
    "dma200" : 1642.92,
    "volume" : 493993.00
  }, {
    "date" : "2025-06-10",
    "price" : 1998.80,
    "dma50" : 1827.42,
    "dma100" : null,
    "dma200" : 1646.46,
    "volume" : 270672.00
  }, {
    "date" : "2025-06-11",
    "price" : 1977.40,
    "dma50" : 1833.30,
    "dma100" : null,
    "dma200" : 1649.75,
    "volume" : 243320.00
  }, {
    "date" : "2025-06-12",
    "price" : 1960.60,
    "dma50" : 1838.30,
    "dma100" : null,
    "dma200" : 1652.85,
    "volume" : 198336.00
  }, {
    "date" : "2025-06-13",
    "price" : 1998.40,
    "dma50" : 1844.58,
    "dma100" : null,
    "dma200" : 1656.29,
    "volume" : 132020.00
  }, {
    "date" : "2025-06-16",
    "price" : 1995.90,
    "dma50" : 1850.51,
    "dma100" : null,
    "dma200" : 1659.66,
    "volume" : 159723.00
  }, {
    "date" : "2025-06-17",
    "price" : 2010.20,
    "dma50" : 1856.77,
    "dma100" : null,
    "dma200" : 1663.15,
    "volume" : 318280.00
  }, {
    "date" : "2025-06-18",
    "price" : 2019.90,
    "dma50" : 1863.17,
    "dma100" : null,
    "dma200" : 1666.70,
    "volume" : 308024.00
  }, {
    "date" : "2025-06-19",
    "price" : 1974.30,
    "dma50" : 1867.53,
    "dma100" : null,
    "dma200" : 1669.76,
    "volume" : 354633.00
  }, {
    "date" : "2025-06-20",
    "price" : 2027.60,
    "dma50" : 1873.80,
    "dma100" : null,
    "dma200" : 1673.32,
    "volume" : 266847.00
  }, {
    "date" : "2025-06-23",
    "price" : 1995.50,
    "dma50" : 1878.58,
    "dma100" : null,
    "dma200" : 1676.53,
    "volume" : 198674.00
  }, {
    "date" : "2025-06-24",
    "price" : 2043.90,
    "dma50" : 1885.06,
    "dma100" : null,
    "dma200" : 1680.18,
    "volume" : 302108.00
  }, {
    "date" : "2025-06-25",
    "price" : 2028.40,
    "dma50" : 1890.68,
    "dma100" : null,
    "dma200" : 1683.65,
    "volume" : 129895.00
  }, {
    "date" : "2025-06-26",
    "price" : 2045.30,
    "dma50" : 1896.74,
    "dma100" : null,
    "dma200" : 1687.25,
    "volume" : 148398.00
  }, {
    "date" : "2025-06-27",
    "price" : 2062.00,
    "dma50" : 1903.23,
    "dma100" : null,
    "dma200" : 1690.98,
    "volume" : 511413.00
  }, {
    "date" : "2025-06-30",
    "price" : 2166.00,
    "dma50" : 1913.53,
    "dma100" : null,
    "dma200" : 1695.70,
    "volume" : 504548.00
  }, {
    "date" : "2025-07-01",
    "price" : 2112.00,
    "dma50" : 1921.31,
    "dma100" : null,
    "dma200" : 1699.85,
    "volume" : 293436.00
  }, {
    "date" : "2025-07-02",
    "price" : 2148.80,
    "dma50" : 1930.23,
    "dma100" : null,
    "dma200" : 1704.31,
    "volume" : 593691.00
  }, {
    "date" : "2025-07-03",
    "price" : 2082.50,
    "dma50" : 1936.21,
    "dma100" : null,
    "dma200" : 1708.08,
    "volume" : 170779.00
  }, {
    "date" : "2025-07-04",
    "price" : 2099.20,
    "dma50" : 1942.60,
    "dma100" : null,
    "dma200" : 1711.97,
    "volume" : 121265.00
  }, {
    "date" : "2025-07-07",
    "price" : 2072.40,
    "dma50" : 1947.69,
    "dma100" : null,
    "dma200" : 1715.55,
    "volume" : 158737.00
  }, {
    "date" : "2025-07-08",
    "price" : 2072.60,
    "dma50" : 1952.59,
    "dma100" : null,
    "dma200" : 1719.11,
    "volume" : 91599.00
  }, {
    "date" : "2025-07-09",
    "price" : 2080.00,
    "dma50" : 1957.58,
    "dma100" : 1810.33,
    "dma200" : 1722.70,
    "volume" : 172655.00
  }, {
    "date" : "2025-07-10",
    "price" : 2116.40,
    "dma50" : 1963.81,
    "dma100" : 1816.37,
    "dma200" : 1726.62,
    "volume" : 154557.00
  }, {
    "date" : "2025-07-11",
    "price" : 2077.40,
    "dma50" : 1968.27,
    "dma100" : 1822.41,
    "dma200" : 1730.11,
    "volume" : 169134.00
  }, {
    "date" : "2025-07-14",
    "price" : 2049.80,
    "dma50" : 1971.46,
    "dma100" : 1827.79,
    "dma200" : 1733.29,
    "volume" : 139393.00
  }, {
    "date" : "2025-07-15",
    "price" : 2072.50,
    "dma50" : 1975.43,
    "dma100" : 1833.46,
    "dma200" : 1736.66,
    "volume" : 105387.00
  }, {
    "date" : "2025-07-16",
    "price" : 2104.90,
    "dma50" : 1980.50,
    "dma100" : 1839.95,
    "dma200" : 1740.33,
    "volume" : 217079.00
  }, {
    "date" : "2025-07-17",
    "price" : 2140.40,
    "dma50" : 1986.77,
    "dma100" : 1846.39,
    "dma200" : 1744.31,
    "volume" : 313592.00
  }, {
    "date" : "2025-07-18",
    "price" : 2116.10,
    "dma50" : 1991.84,
    "dma100" : 1852.36,
    "dma200" : 1748.01,
    "volume" : 209337.00
  }, {
    "date" : "2025-07-21",
    "price" : 2115.80,
    "dma50" : 1996.71,
    "dma100" : 1858.72,
    "dma200" : 1751.67,
    "volume" : 409778.00
  }, {
    "date" : "2025-07-22",
    "price" : 2096.80,
    "dma50" : 2000.63,
    "dma100" : 1864.63,
    "dma200" : 1755.10,
    "volume" : 192974.00
  }, {
    "date" : "2025-07-23",
    "price" : 2071.80,
    "dma50" : 2003.42,
    "dma100" : 1870.31,
    "dma200" : 1758.25,
    "volume" : 447210.00
  }, {
    "date" : "2025-07-24",
    "price" : 2046.70,
    "dma50" : 2005.12,
    "dma100" : 1875.09,
    "dma200" : 1761.12,
    "volume" : 137657.00
  }, {
    "date" : "2025-07-25",
    "price" : 1994.90,
    "dma50" : 2004.72,
    "dma100" : 1878.68,
    "dma200" : 1763.45,
    "volume" : 134174.00
  }, {
    "date" : "2025-07-28",
    "price" : 1901.50,
    "dma50" : 2000.67,
    "dma100" : 1881.27,
    "dma200" : 1764.82,
    "volume" : 280384.00
  }, {
    "date" : "2025-07-29",
    "price" : 1912.50,
    "dma50" : 1997.21,
    "dma100" : 1884.60,
    "dma200" : 1766.29,
    "volume" : 391734.00
  }, {
    "date" : "2025-07-30",
    "price" : 1908.20,
    "dma50" : 1993.72,
    "dma100" : 1887.73,
    "dma200" : 1767.70,
    "volume" : 337135.00
  }, {
    "date" : "2025-07-31",
    "price" : 1887.70,
    "dma50" : 1989.56,
    "dma100" : 1890.51,
    "dma200" : 1768.90,
    "volume" : 360296.00
  }, {
    "date" : "2025-08-01",
    "price" : 1828.40,
    "dma50" : 1983.24,
    "dma100" : 1892.62,
    "dma200" : 1769.49,
    "volume" : 145484.00
  }, {
    "date" : "2025-08-04",
    "price" : 1821.60,
    "dma50" : 1976.91,
    "dma100" : 1894.83,
    "dma200" : 1770.01,
    "volume" : 260805.00
  }, {
    "date" : "2025-08-05",
    "price" : 1802.80,
    "dma50" : 1970.08,
    "dma100" : 1896.61,
    "dma200" : 1770.33,
    "volume" : 133223.00
  }, {
    "date" : "2025-08-06",
    "price" : 1794.60,
    "dma50" : 1963.20,
    "dma100" : 1898.50,
    "dma200" : 1770.58,
    "volume" : 247003.00
  }, {
    "date" : "2025-08-07",
    "price" : 1849.10,
    "dma50" : 1958.72,
    "dma100" : 1901.04,
    "dma200" : 1771.36,
    "volume" : 84466.00
  }, {
    "date" : "2025-08-08",
    "price" : 1853.40,
    "dma50" : 1954.59,
    "dma100" : 1903.63,
    "dma200" : 1772.17,
    "volume" : 478607.00
  }, {
    "date" : "2025-08-11",
    "price" : 1845.10,
    "dma50" : 1950.30,
    "dma100" : 1906.46,
    "dma200" : 1772.90,
    "volume" : 98915.00
  }, {
    "date" : "2025-08-12",
    "price" : 1855.30,
    "dma50" : 1946.57,
    "dma100" : 1908.42,
    "dma200" : 1773.72,
    "volume" : 105679.00
  }, {
    "date" : "2025-08-13",
    "price" : 1873.20,
    "dma50" : 1943.70,
    "dma100" : 1910.77,
    "dma200" : 1774.71,
    "volume" : 141448.00
  }, {
    "date" : "2025-08-14",
    "price" : 1883.70,
    "dma50" : 1941.34,
    "dma100" : 1913.34,
    "dma200" : 1775.79,
    "volume" : 79420.00
  }, {
    "date" : "2025-08-18",
    "price" : 1935.50,
    "dma50" : 1941.11,
    "dma100" : 1915.77,
    "dma200" : 1777.38,
    "volume" : 200675.00
  }, {
    "date" : "2025-08-19",
    "price" : 1848.20,
    "dma50" : 1937.47,
    "dma100" : 1916.50,
    "dma200" : 1778.09,
    "volume" : 212460.00
  }, {
    "date" : "2025-08-20",
    "price" : 1861.60,
    "dma50" : 1934.49,
    "dma100" : 1916.86,
    "dma200" : 1778.92,
    "volume" : 87821.00
  }, {
    "date" : "2025-08-21",
    "price" : 1885.80,
    "dma50" : 1932.58,
    "dma100" : 1918.59,
    "dma200" : 1779.98,
    "volume" : 909038.00
  }, {
    "date" : "2025-08-22",
    "price" : 1862.60,
    "dma50" : 1929.84,
    "dma100" : 1920.00,
    "dma200" : 1780.80,
    "volume" : 100244.00
  }, {
    "date" : "2025-08-25",
    "price" : 1838.10,
    "dma50" : 1926.24,
    "dma100" : 1920.86,
    "dma200" : 1781.37,
    "volume" : 186030.00
  }, {
    "date" : "2025-08-26",
    "price" : 1784.50,
    "dma50" : 1920.68,
    "dma100" : 1921.59,
    "dma200" : 1781.40,
    "volume" : 257320.00
  }, {
    "date" : "2025-08-28",
    "price" : 1759.50,
    "dma50" : 1914.36,
    "dma100" : 1921.43,
    "dma200" : 1781.19,
    "volume" : 350085.00
  }, {
    "date" : "2025-08-29",
    "price" : 1725.70,
    "dma50" : 1906.96,
    "dma100" : 1921.22,
    "dma200" : 1780.63,
    "volume" : 193552.00
  }, {
    "date" : "2025-09-01",
    "price" : 1755.80,
    "dma50" : 1901.04,
    "dma100" : 1921.83,
    "dma200" : 1780.39,
    "volume" : 330998.00
  }, {
    "date" : "2025-09-02",
    "price" : 1758.80,
    "dma50" : 1895.46,
    "dma100" : 1923.83,
    "dma200" : 1780.17,
    "volume" : 139635.00
  }, {
    "date" : "2025-09-03",
    "price" : 1748.20,
    "dma50" : 1889.68,
    "dma100" : 1924.13,
    "dma200" : 1779.85,
    "volume" : 154112.00
  }, {
    "date" : "2025-09-04",
    "price" : 1739.80,
    "dma50" : 1883.81,
    "dma100" : 1925.05,
    "dma200" : 1779.46,
    "volume" : 94306.00
  }, {
    "date" : "2025-09-05",
    "price" : 1760.00,
    "dma50" : 1878.95,
    "dma100" : 1924.85,
    "dma200" : 1779.26,
    "volume" : 122101.00
  }, {
    "date" : "2025-09-08",
    "price" : 1728.60,
    "dma50" : 1873.05,
    "dma100" : 1924.00,
    "dma200" : 1778.76,
    "volume" : 90140.00
  }, {
    "date" : "2025-09-09",
    "price" : 1766.70,
    "dma50" : 1868.88,
    "dma100" : 1923.62,
    "dma200" : 1778.64,
    "volume" : 326945.00
  }, {
    "date" : "2025-09-10",
    "price" : 1805.00,
    "dma50" : 1866.38,
    "dma100" : 1922.94,
    "dma200" : 1778.90,
    "volume" : 111922.00
  }, {
    "date" : "2025-09-11",
    "price" : 1881.10,
    "dma50" : 1866.96,
    "dma100" : 1922.17,
    "dma200" : 1779.92,
    "volume" : 312726.00
  }, {
    "date" : "2025-09-12",
    "price" : 1865.40,
    "dma50" : 1866.89,
    "dma100" : 1921.14,
    "dma200" : 1780.77,
    "volume" : 233734.00
  }, {
    "date" : "2025-09-15",
    "price" : 1891.40,
    "dma50" : 1867.86,
    "dma100" : 1920.44,
    "dma200" : 1781.87,
    "volume" : 91725.00
  }, {
    "date" : "2025-09-16",
    "price" : 1955.80,
    "dma50" : 1871.30,
    "dma100" : 1920.49,
    "dma200" : 1783.60,
    "volume" : 268214.00
  }, {
    "date" : "2025-09-17",
    "price" : 1971.80,
    "dma50" : 1875.25,
    "dma100" : 1920.40,
    "dma200" : 1785.47,
    "volume" : 151071.00
  }, {
    "date" : "2025-09-18",
    "price" : 1951.40,
    "dma50" : 1878.23,
    "dma100" : 1920.99,
    "dma200" : 1787.12,
    "volume" : 84957.00
  }, {
    "date" : "2025-09-19",
    "price" : 2019.50,
    "dma50" : 1883.77,
    "dma100" : 1921.71,
    "dma200" : 1789.44,
    "volume" : 1552218.00
  }, {
    "date" : "2025-09-22",
    "price" : 1988.80,
    "dma50" : 1887.89,
    "dma100" : 1922.95,
    "dma200" : 1791.42,
    "volume" : 96218.00
  }, {
    "date" : "2025-09-23",
    "price" : 1922.40,
    "dma50" : 1889.24,
    "dma100" : 1924.05,
    "dma200" : 1792.72,
    "volume" : 174413.00
  }, {
    "date" : "2025-09-24",
    "price" : 1912.20,
    "dma50" : 1890.14,
    "dma100" : 1924.59,
    "dma200" : 1793.91,
    "volume" : 102435.00
  }, {
    "date" : "2025-09-25",
    "price" : 1869.00,
    "dma50" : 1889.32,
    "dma100" : 1924.42,
    "dma200" : 1794.66,
    "volume" : 59451.00
  }, {
    "date" : "2025-09-26",
    "price" : 1839.60,
    "dma50" : 1887.37,
    "dma100" : 1924.15,
    "dma200" : 1795.11,
    "volume" : 96625.00
  }, {
    "date" : "2025-09-29",
    "price" : 1937.30,
    "dma50" : 1889.32,
    "dma100" : 1925.24,
    "dma200" : 1796.52,
    "volume" : 726226.00
  }, {
    "date" : "2025-09-30",
    "price" : 1885.00,
    "dma50" : 1889.15,
    "dma100" : 1926.91,
    "dma200" : 1797.40,
    "volume" : 164328.00
  }, {
    "date" : "2025-10-01",
    "price" : 1907.60,
    "dma50" : 1889.88,
    "dma100" : 1927.97,
    "dma200" : 1798.50,
    "volume" : 347251.00
  }, {
    "date" : "2025-10-03",
    "price" : 1841.20,
    "dma50" : 1887.97,
    "dma100" : 1928.54,
    "dma200" : 1798.92,
    "volume" : 262735.00
  }, {
    "date" : "2025-10-06",
    "price" : 1888.10,
    "dma50" : 1887.97,
    "dma100" : 1928.95,
    "dma200" : 1799.81,
    "volume" : 122294.00
  }, {
    "date" : "2025-10-07",
    "price" : 1887.60,
    "dma50" : 1887.96,
    "dma100" : 1929.05,
    "dma200" : 1800.68,
    "volume" : 62303.00
  }, {
    "date" : "2025-10-08",
    "price" : 1851.70,
    "dma50" : 1886.54,
    "dma100" : 1928.89,
    "dma200" : 1801.19,
    "volume" : 68992.00
  }, {
    "date" : "2025-10-09",
    "price" : 1836.40,
    "dma50" : 1884.57,
    "dma100" : 1928.37,
    "dma200" : 1801.54,
    "volume" : 176405.00
  }, {
    "date" : "2025-10-10",
    "price" : 1837.40,
    "dma50" : 1882.72,
    "dma100" : 1928.17,
    "dma200" : 1801.90,
    "volume" : 62732.00
  }, {
    "date" : "2025-10-13",
    "price" : 1837.80,
    "dma50" : 1880.96,
    "dma100" : 1927.92,
    "dma200" : 1802.26,
    "volume" : 89386.00
  }, {
    "date" : "2025-10-14",
    "price" : 1832.20,
    "dma50" : 1879.05,
    "dma100" : 1927.82,
    "dma200" : 1802.55,
    "volume" : 216672.00
  }, {
    "date" : "2025-10-15",
    "price" : 1908.70,
    "dma50" : 1880.21,
    "dma100" : 1928.77,
    "dma200" : 1803.61,
    "volume" : 154502.00
  }, {
    "date" : "2025-10-16",
    "price" : 1892.40,
    "dma50" : 1880.69,
    "dma100" : 1929.39,
    "dma200" : 1804.49,
    "volume" : 191953.00
  }, {
    "date" : "2025-10-17",
    "price" : 1866.50,
    "dma50" : 1880.13,
    "dma100" : 1929.13,
    "dma200" : 1805.11,
    "volume" : 108715.00
  }, {
    "date" : "2025-10-20",
    "price" : 1851.50,
    "dma50" : 1879.01,
    "dma100" : 1928.11,
    "dma200" : 1805.57,
    "volume" : 194583.00
  }, {
    "date" : "2025-10-21",
    "price" : 1856.80,
    "dma50" : 1878.14,
    "dma100" : 1927.38,
    "dma200" : 1806.08,
    "volume" : 11172.00
  }, {
    "date" : "2025-10-23",
    "price" : 1896.10,
    "dma50" : 1878.84,
    "dma100" : 1927.68,
    "dma200" : 1806.98,
    "volume" : 332807.00
  }, {
    "date" : "2025-10-24",
    "price" : 2012.70,
    "dma50" : 1884.09,
    "dma100" : 1929.00,
    "dma200" : 1809.02,
    "volume" : 839487.00
  }, {
    "date" : "2025-10-27",
    "price" : 1957.80,
    "dma50" : 1886.98,
    "dma100" : 1929.59,
    "dma200" : 1810.50,
    "volume" : 124085.00
  }, {
    "date" : "2025-10-28",
    "price" : 1941.60,
    "dma50" : 1889.12,
    "dma100" : 1930.72,
    "dma200" : 1811.81,
    "volume" : 124165.00
  }, {
    "date" : "2025-10-29",
    "price" : 1913.60,
    "dma50" : 1890.08,
    "dma100" : 1931.94,
    "dma200" : 1812.82,
    "volume" : 87455.00
  }, {
    "date" : "2025-10-30",
    "price" : 1919.20,
    "dma50" : 1891.23,
    "dma100" : 1931.73,
    "dma200" : 1813.88,
    "volume" : 106855.00
  }, {
    "date" : "2025-10-31",
    "price" : 1912.60,
    "dma50" : 1892.06,
    "dma100" : 1930.97,
    "dma200" : 1814.86,
    "volume" : 126498.00
  }, {
    "date" : "2025-11-03",
    "price" : 2005.50,
    "dma50" : 1896.51,
    "dma100" : 1931.04,
    "dma200" : 1816.76,
    "volume" : 694343.00
  }, {
    "date" : "2025-11-04",
    "price" : 2014.80,
    "dma50" : 1901.15,
    "dma100" : 1931.41,
    "dma200" : 1818.73,
    "volume" : 155956.00
  }, {
    "date" : "2025-11-06",
    "price" : 1972.60,
    "dma50" : 1903.95,
    "dma100" : 1931.53,
    "dma200" : 1820.26,
    "volume" : 348233.00
  }, {
    "date" : "2025-11-07",
    "price" : 1884.10,
    "dma50" : 1903.17,
    "dma100" : 1930.39,
    "dma200" : 1820.90,
    "volume" : 429508.00
  }, {
    "date" : "2025-11-10",
    "price" : 1913.50,
    "dma50" : 1903.58,
    "dma100" : 1929.56,
    "dma200" : 1821.82,
    "volume" : 136713.00
  }, {
    "date" : "2025-11-11",
    "price" : 1937.50,
    "dma50" : 1904.91,
    "dma100" : 1928.84,
    "dma200" : 1822.97,
    "volume" : 108871.00
  }, {
    "date" : "2025-11-12",
    "price" : 1949.90,
    "dma50" : 1906.67,
    "dma100" : 1928.14,
    "dma200" : 1824.23,
    "volume" : 114361.00
  }, {
    "date" : "2025-11-13",
    "price" : 1967.00,
    "dma50" : 1909.04,
    "dma100" : 1928.06,
    "dma200" : 1825.65,
    "volume" : 113960.00
  }, {
    "date" : "2025-11-14",
    "price" : 1976.50,
    "dma50" : 1911.69,
    "dma100" : 1927.55,
    "dma200" : 1827.15,
    "volume" : 45727.00
  }, {
    "date" : "2025-11-17",
    "price" : 1972.90,
    "dma50" : 1914.09,
    "dma100" : 1927.33,
    "dma200" : 1828.60,
    "volume" : 157909.00
  }, {
    "date" : "2025-11-18",
    "price" : 1923.60,
    "dma50" : 1914.46,
    "dma100" : 1926.12,
    "dma200" : 1829.55,
    "volume" : 189560.00
  }, {
    "date" : "2025-11-19",
    "price" : 1889.90,
    "dma50" : 1913.50,
    "dma100" : 1924.74,
    "dma200" : 1830.15,
    "volume" : 263664.00
  }, {
    "date" : "2025-11-20",
    "price" : 1885.00,
    "dma50" : 1912.38,
    "dma100" : 1923.14,
    "dma200" : 1830.69,
    "volume" : 118586.00
  }, {
    "date" : "2025-11-21",
    "price" : 1844.30,
    "dma50" : 1909.71,
    "dma100" : 1920.96,
    "dma200" : 1830.83,
    "volume" : 252747.00
  }, {
    "date" : "2025-11-24",
    "price" : 1826.30,
    "dma50" : 1906.44,
    "dma100" : 1917.56,
    "dma200" : 1830.78,
    "volume" : 144930.00
  }, {
    "date" : "2025-11-25",
    "price" : 1845.00,
    "dma50" : 1904.03,
    "dma100" : 1914.89,
    "dma200" : 1830.93,
    "volume" : 190667.00
  }, {
    "date" : "2025-11-26",
    "price" : 1850.80,
    "dma50" : 1901.94,
    "dma100" : 1911.91,
    "dma200" : 1831.12,
    "volume" : 116674.00
  }, {
    "date" : "2025-11-27",
    "price" : 1800.70,
    "dma50" : 1897.97,
    "dma100" : 1909.09,
    "dma200" : 1830.82,
    "volume" : 439945.00
  }, {
    "date" : "2025-11-28",
    "price" : 1846.20,
    "dma50" : 1895.94,
    "dma100" : 1906.56,
    "dma200" : 1830.97,
    "volume" : 761527.00
  }, {
    "date" : "2025-12-01",
    "price" : 1894.90,
    "dma50" : 1895.90,
    "dma100" : 1904.79,
    "dma200" : 1831.61,
    "volume" : 517577.00
  }, {
    "date" : "2025-12-02",
    "price" : 1877.20,
    "dma50" : 1895.17,
    "dma100" : 1902.83,
    "dma200" : 1832.06,
    "volume" : 201516.00
  }, {
    "date" : "2025-12-03",
    "price" : 1881.70,
    "dma50" : 1894.64,
    "dma100" : 1900.85,
    "dma200" : 1832.56,
    "volume" : 296171.00
  }, {
    "date" : "2025-12-04",
    "price" : 1882.60,
    "dma50" : 1894.17,
    "dma100" : 1898.51,
    "dma200" : 1833.06,
    "volume" : 165833.00
  }, {
    "date" : "2025-12-05",
    "price" : 1917.60,
    "dma50" : 1895.09,
    "dma100" : 1896.92,
    "dma200" : 1833.90,
    "volume" : 182269.00
  }, {
    "date" : "2025-12-08",
    "price" : 1881.90,
    "dma50" : 1894.57,
    "dma100" : 1895.24,
    "dma200" : 1834.37,
    "volume" : 87607.00
  }, {
    "date" : "2025-12-09",
    "price" : 1940.10,
    "dma50" : 1896.35,
    "dma100" : 1893.91,
    "dma200" : 1835.43,
    "volume" : 173236.00
  }, {
    "date" : "2025-12-10",
    "price" : 1914.40,
    "dma50" : 1897.06,
    "dma100" : 1892.01,
    "dma200" : 1836.21,
    "volume" : 86634.00
  }, {
    "date" : "2025-12-11",
    "price" : 1929.20,
    "dma50" : 1898.32,
    "dma100" : 1889.90,
    "dma200" : 1837.14,
    "volume" : 39712.00
  }, {
    "date" : "2025-12-12",
    "price" : 1936.70,
    "dma50" : 1899.83,
    "dma100" : 1888.10,
    "dma200" : 1838.13,
    "volume" : 180221.00
  }, {
    "date" : "2025-12-15",
    "price" : 1899.10,
    "dma50" : 1899.80,
    "dma100" : 1885.93,
    "dma200" : 1838.74,
    "volume" : 172070.00
  }, {
    "date" : "2025-12-16",
    "price" : 1857.40,
    "dma50" : 1898.14,
    "dma100" : 1883.54,
    "dma200" : 1838.92,
    "volume" : 176525.00
  }, {
    "date" : "2025-12-17",
    "price" : 1817.10,
    "dma50" : 1894.96,
    "dma100" : 1880.99,
    "dma200" : 1838.70,
    "volume" : 116434.00
  }, {
    "date" : "2025-12-18",
    "price" : 1808.60,
    "dma50" : 1891.57,
    "dma100" : 1878.61,
    "dma200" : 1838.40,
    "volume" : 267718.00
  }, {
    "date" : "2025-12-19",
    "price" : 1827.60,
    "dma50" : 1889.06,
    "dma100" : 1876.94,
    "dma200" : 1838.30,
    "volume" : 179015.00
  }, {
    "date" : "2025-12-22",
    "price" : 1812.60,
    "dma50" : 1886.06,
    "dma100" : 1876.05,
    "dma200" : 1838.04,
    "volume" : 100007.00
  }, {
    "date" : "2025-12-23",
    "price" : 1868.80,
    "dma50" : 1885.39,
    "dma100" : 1875.61,
    "dma200" : 1838.35,
    "volume" : 211514.00
  }, {
    "date" : "2025-12-24",
    "price" : 1902.80,
    "dma50" : 1886.07,
    "dma100" : 1875.56,
    "dma200" : 1838.99,
    "volume" : 295560.00
  }, {
    "date" : "2025-12-26",
    "price" : 1858.40,
    "dma50" : 1884.98,
    "dma100" : 1875.27,
    "dma200" : 1839.18,
    "volume" : 51820.00
  }, {
    "date" : "2025-12-29",
    "price" : 1843.40,
    "dma50" : 1883.35,
    "dma100" : 1875.42,
    "dma200" : 1839.22,
    "volume" : 122977.00
  }, {
    "date" : "2025-12-30",
    "price" : 1825.80,
    "dma50" : 1881.10,
    "dma100" : 1875.46,
    "dma200" : 1839.09,
    "volume" : 139408.00
  }, {
    "date" : "2025-12-31",
    "price" : 1812.90,
    "dma50" : 1878.42,
    "dma100" : 1875.56,
    "dma200" : 1838.83,
    "volume" : 84472.00
  }, {
    "date" : "2026-01-01",
    "price" : 1878.60,
    "dma50" : 1878.43,
    "dma100" : 1876.40,
    "dma200" : 1839.23,
    "volume" : 389862.00
  }, {
    "date" : "2026-01-02",
    "price" : 1872.50,
    "dma50" : 1878.20,
    "dma100" : 1876.63,
    "dma200" : 1839.56,
    "volume" : 569572.00
  }, {
    "date" : "2026-01-05",
    "price" : 1916.70,
    "dma50" : 1879.71,
    "dma100" : 1877.27,
    "dma200" : 1840.32,
    "volume" : 198392.00
  }, {
    "date" : "2026-01-06",
    "price" : 1925.80,
    "dma50" : 1881.51,
    "dma100" : 1878.07,
    "dma200" : 1841.17,
    "volume" : 192946.00
  }, {
    "date" : "2026-01-07",
    "price" : 1884.50,
    "dma50" : 1881.63,
    "dma100" : 1878.37,
    "dma200" : 1841.61,
    "volume" : 82050.00
  }, {
    "date" : "2026-01-08",
    "price" : 1856.60,
    "dma50" : 1880.65,
    "dma100" : 1878.20,
    "dma200" : 1841.75,
    "volume" : 367847.00
  }, {
    "date" : "2026-01-09",
    "price" : 1821.00,
    "dma50" : 1878.31,
    "dma100" : 1877.57,
    "dma200" : 1841.55,
    "volume" : 122598.00
  }, {
    "date" : "2026-01-12",
    "price" : 1820.10,
    "dma50" : 1876.03,
    "dma100" : 1876.42,
    "dma200" : 1841.33,
    "volume" : 150893.00
  }, {
    "date" : "2026-01-13",
    "price" : 1820.40,
    "dma50" : 1873.85,
    "dma100" : 1876.14,
    "dma200" : 1841.13,
    "volume" : 61723.00
  }, {
    "date" : "2026-01-14",
    "price" : 1812.70,
    "dma50" : 1871.45,
    "dma100" : 1875.65,
    "dma200" : 1840.84,
    "volume" : 106426.00
  }, {
    "date" : "2026-01-16",
    "price" : 1772.30,
    "dma50" : 1867.56,
    "dma100" : 1874.52,
    "dma200" : 1840.16,
    "volume" : 451370.00
  }, {
    "date" : "2026-01-19",
    "price" : 1769.60,
    "dma50" : 1863.72,
    "dma100" : 1873.59,
    "dma200" : 1839.46,
    "volume" : 63179.00
  }, {
    "date" : "2026-01-20",
    "price" : 1678.10,
    "dma50" : 1856.44,
    "dma100" : 1871.99,
    "dma200" : 1837.85,
    "volume" : 366221.00
  }, {
    "date" : "2026-01-21",
    "price" : 1646.50,
    "dma50" : 1848.21,
    "dma100" : 1870.61,
    "dma200" : 1835.95,
    "volume" : 348452.00
  }, {
    "date" : "2026-01-22",
    "price" : 1645.50,
    "dma50" : 1840.26,
    "dma100" : 1869.47,
    "dma200" : 1834.05,
    "volume" : 187379.00
  }, {
    "date" : "2026-01-23",
    "price" : 1622.50,
    "dma50" : 1831.72,
    "dma100" : 1868.43,
    "dma200" : 1831.95,
    "volume" : 664649.00
  }, {
    "date" : "2026-01-27",
    "price" : 1611.80,
    "dma50" : 1823.09,
    "dma100" : 1866.99,
    "dma200" : 1829.76,
    "volume" : 305461.00
  }, {
    "date" : "2026-01-28",
    "price" : 1636.30,
    "dma50" : 1815.77,
    "dma100" : 1865.77,
    "dma200" : 1827.83,
    "volume" : 342374.00
  }, {
    "date" : "2026-01-29",
    "price" : 1631.60,
    "dma50" : 1808.55,
    "dma100" : 1864.60,
    "dma200" : 1825.88,
    "volume" : 275267.00
  }, {
    "date" : "2026-01-30",
    "price" : 1654.30,
    "dma50" : 1802.50,
    "dma100" : 1863.75,
    "dma200" : 1824.17,
    "volume" : 256289.00
  }, {
    "date" : "2026-02-01",
    "price" : 1710.80,
    "dma50" : 1798.90,
    "dma100" : 1863.26,
    "dma200" : 1823.05,
    "volume" : 95545.00
  }, {
    "date" : "2026-02-02",
    "price" : 1645.60,
    "dma50" : 1792.89,
    "dma100" : 1862.43,
    "dma200" : 1821.28,
    "volume" : 485650.00
  }, {
    "date" : "2026-02-03",
    "price" : 1721.90,
    "dma50" : 1790.11,
    "dma100" : 1861.98,
    "dma200" : 1820.29,
    "volume" : 228807.00
  }, {
    "date" : "2026-02-04",
    "price" : 1716.60,
    "dma50" : 1787.22,
    "dma100" : 1861.09,
    "dma200" : 1819.26,
    "volume" : 135799.00
  }, {
    "date" : "2026-02-05",
    "price" : 1676.40,
    "dma50" : 1782.88,
    "dma100" : 1859.05,
    "dma200" : 1817.84,
    "volume" : 96411.00
  }, {
    "date" : "2026-02-06",
    "price" : 1650.20,
    "dma50" : 1777.67,
    "dma100" : 1856.90,
    "dma200" : 1816.17,
    "volume" : 306646.00
  }, {
    "date" : "2026-02-09",
    "price" : 1714.70,
    "dma50" : 1775.20,
    "dma100" : 1855.13,
    "dma200" : 1815.16,
    "volume" : 187440.00
  } ],
  "latestTechnicalAttributes" : {
    "date" : "2026-02-09",
    "price" : 1714.70,
    "dma50" : 1775.20,
    "dma100" : 1855.13,
    "dma200" : 1815.16,
    "volume" : 187440.00
  },
  "quarterlyResults" : [ {
    "date" : "2005-03-31",
    "sales" : 404.27,
    "salesGrowthYoY" : null,
    "grossProfitMargin" : 39.49,
    "grossProfit" : 159.65,
    "operatingProfitMargin" : 11.65,
    "operatingProfit" : 47.10,
    "netProfitMargin" : 9.17,
    "netProfit" : 37.07
  }, {
    "date" : "2005-06-30",
    "sales" : 378.19,
    "salesGrowthYoY" : null,
    "grossProfitMargin" : 39.12,
    "grossProfit" : 147.95,
    "operatingProfitMargin" : 11.81,
    "operatingProfit" : 44.66,
    "netProfitMargin" : 6.18,
    "netProfit" : 23.37
  }, {
    "date" : "2005-09-30",
    "sales" : 354.75,
    "salesGrowthYoY" : null,
    "grossProfitMargin" : 41.19,
    "grossProfit" : 146.12,
    "operatingProfitMargin" : 13.18,
    "operatingProfit" : 46.76,
    "netProfitMargin" : 8.85,
    "netProfit" : 31.40
  }, {
    "date" : "2005-12-31",
    "sales" : 369.15,
    "salesGrowthYoY" : null,
    "grossProfitMargin" : 41.31,
    "grossProfit" : 152.50,
    "operatingProfitMargin" : 11.73,
    "operatingProfit" : 43.30,
    "netProfitMargin" : 5.90,
    "netProfit" : 21.78
  }, {
    "date" : "2006-03-31",
    "sales" : 358.85,
    "salesGrowthYoY" : -11.24,
    "grossProfitMargin" : 41.05,
    "grossProfit" : 147.31,
    "operatingProfitMargin" : 10.78,
    "operatingProfit" : 38.68,
    "netProfitMargin" : 5.96,
    "netProfit" : 21.39
  }, {
    "date" : "2006-06-30",
    "sales" : 381.52,
    "salesGrowthYoY" : 0.88,
    "grossProfitMargin" : 42.26,
    "grossProfit" : 161.23,
    "operatingProfitMargin" : 11.27,
    "operatingProfit" : 43.00,
    "netProfitMargin" : 6.63,
    "netProfit" : 25.29
  }, {
    "date" : "2006-09-30",
    "sales" : 414.33,
    "salesGrowthYoY" : 16.79,
    "grossProfitMargin" : 41.12,
    "grossProfit" : 170.37,
    "operatingProfitMargin" : 10.41,
    "operatingProfit" : 43.13,
    "netProfitMargin" : 6.36,
    "netProfit" : 26.35
  }, {
    "date" : "2006-12-31",
    "sales" : 384.10,
    "salesGrowthYoY" : 4.05,
    "grossProfitMargin" : 40.49,
    "grossProfit" : 155.52,
    "operatingProfitMargin" : 10.20,
    "operatingProfit" : 39.18,
    "netProfitMargin" : 5.35,
    "netProfit" : 20.55
  }, {
    "date" : "2007-03-31",
    "sales" : 435.09,
    "salesGrowthYoY" : 21.25,
    "grossProfitMargin" : 37.92,
    "grossProfit" : 164.99,
    "operatingProfitMargin" : 8.95,
    "operatingProfit" : 38.94,
    "netProfitMargin" : 4.40,
    "netProfit" : 19.14
  }, {
    "date" : "2007-06-30",
    "sales" : 433.22,
    "salesGrowthYoY" : 13.55,
    "grossProfitMargin" : 37.57,
    "grossProfit" : 162.76,
    "operatingProfitMargin" : 8.16,
    "operatingProfit" : 35.35,
    "netProfitMargin" : 3.25,
    "netProfit" : 14.08
  }, {
    "date" : "2007-09-30",
    "sales" : 424.64,
    "salesGrowthYoY" : 2.49,
    "grossProfitMargin" : 38.51,
    "grossProfit" : 163.53,
    "operatingProfitMargin" : 6.76,
    "operatingProfit" : 28.71,
    "netProfitMargin" : 3.70,
    "netProfit" : 15.71
  }, {
    "date" : "2007-12-31",
    "sales" : 417.61,
    "salesGrowthYoY" : 8.72,
    "grossProfitMargin" : 38.97,
    "grossProfit" : 162.74,
    "operatingProfitMargin" : 7.80,
    "operatingProfit" : 32.57,
    "netProfitMargin" : 3.09,
    "netProfit" : 12.90
  }, {
    "date" : "2008-03-31",
    "sales" : 485.15,
    "salesGrowthYoY" : 11.51,
    "grossProfitMargin" : 36.53,
    "grossProfit" : 177.23,
    "operatingProfitMargin" : 7.93,
    "operatingProfit" : 38.47,
    "netProfitMargin" : 1.93,
    "netProfit" : 9.36
  }, {
    "date" : "2008-06-30",
    "sales" : 534.49,
    "salesGrowthYoY" : 23.38,
    "grossProfitMargin" : 37.04,
    "grossProfit" : 197.98,
    "operatingProfitMargin" : 8.05,
    "operatingProfit" : 43.03,
    "netProfitMargin" : 3.95,
    "netProfit" : 21.11
  }, {
    "date" : "2008-09-30",
    "sales" : 633.03,
    "salesGrowthYoY" : 49.07,
    "grossProfitMargin" : 34.57,
    "grossProfit" : 218.84,
    "operatingProfitMargin" : 8.63,
    "operatingProfit" : 54.63,
    "netProfitMargin" : 4.90,
    "netProfit" : 31.02
  }, {
    "date" : "2008-12-31",
    "sales" : 434.14,
    "salesGrowthYoY" : 3.96,
    "grossProfitMargin" : 31.99,
    "grossProfit" : 138.88,
    "operatingProfitMargin" : 0.14,
    "operatingProfit" : 0.61,
    "netProfitMargin" : -3.17,
    "netProfit" : -13.76
  }, {
    "date" : "2009-03-31",
    "sales" : 473.59,
    "salesGrowthYoY" : -2.38,
    "grossProfitMargin" : 33.92,
    "grossProfit" : 160.64,
    "operatingProfitMargin" : 2.20,
    "operatingProfit" : 10.42,
    "netProfitMargin" : -0.94,
    "netProfit" : -4.45
  }, {
    "date" : "2009-06-30",
    "sales" : 544.56,
    "salesGrowthYoY" : 1.88,
    "grossProfitMargin" : 39.61,
    "grossProfit" : 215.70,
    "operatingProfitMargin" : 12.00,
    "operatingProfit" : 65.35,
    "netProfitMargin" : 5.22,
    "netProfit" : 28.43
  }, {
    "date" : "2009-09-30",
    "sales" : 588.47,
    "salesGrowthYoY" : -7.04,
    "grossProfitMargin" : 39.01,
    "grossProfit" : 229.56,
    "operatingProfitMargin" : 10.80,
    "operatingProfit" : 63.55,
    "netProfitMargin" : 5.57,
    "netProfit" : 32.78
  }, {
    "date" : "2009-12-31",
    "sales" : 586.99,
    "salesGrowthYoY" : 35.21,
    "grossProfitMargin" : 40.10,
    "grossProfit" : 235.38,
    "operatingProfitMargin" : 11.03,
    "operatingProfit" : 64.74,
    "netProfitMargin" : 3.96,
    "netProfit" : 23.24
  }, {
    "date" : "2010-03-31",
    "sales" : 639.43,
    "salesGrowthYoY" : 35.02,
    "grossProfitMargin" : 40.58,
    "grossProfit" : 259.48,
    "operatingProfitMargin" : 10.62,
    "operatingProfit" : 67.91,
    "netProfitMargin" : 4.42,
    "netProfit" : 28.26
  }, {
    "date" : "2010-06-30",
    "sales" : 717.08,
    "salesGrowthYoY" : 31.68,
    "grossProfitMargin" : 39.43,
    "grossProfit" : 282.74,
    "operatingProfitMargin" : 11.46,
    "operatingProfit" : 82.18,
    "netProfitMargin" : 5.64,
    "netProfit" : 40.44
  }, {
    "date" : "2010-09-30",
    "sales" : 725.25,
    "salesGrowthYoY" : 23.24,
    "grossProfitMargin" : 39.99,
    "grossProfit" : 290.03,
    "operatingProfitMargin" : 11.23,
    "operatingProfit" : 81.45,
    "netProfitMargin" : 4.25,
    "netProfit" : 30.82
  }, {
    "date" : "2010-12-31",
    "sales" : 752.07,
    "salesGrowthYoY" : 28.12,
    "grossProfitMargin" : 39.13,
    "grossProfit" : 294.28,
    "operatingProfitMargin" : 11.52,
    "operatingProfit" : 86.64,
    "netProfitMargin" : 4.99,
    "netProfit" : 37.53
  }, {
    "date" : "2011-03-31",
    "sales" : 786.70,
    "salesGrowthYoY" : 23.03,
    "grossProfitMargin" : 39.86,
    "grossProfit" : 313.58,
    "operatingProfitMargin" : 11.73,
    "operatingProfit" : 92.28,
    "netProfitMargin" : 5.90,
    "netProfit" : 46.42
  }, {
    "date" : "2011-06-30",
    "sales" : 874.26,
    "salesGrowthYoY" : 21.92,
    "grossProfitMargin" : 37.52,
    "grossProfit" : 328.02,
    "operatingProfitMargin" : 11.93,
    "operatingProfit" : 104.30,
    "netProfitMargin" : 5.72,
    "netProfit" : 50.01
  }, {
    "date" : "2011-09-30",
    "sales" : 851.92,
    "salesGrowthYoY" : 17.47,
    "grossProfitMargin" : 38.40,
    "grossProfit" : 327.14,
    "operatingProfitMargin" : 10.02,
    "operatingProfit" : 85.36,
    "netProfitMargin" : 5.30,
    "netProfit" : 45.15
  }, {
    "date" : "2011-12-31",
    "sales" : 879.22,
    "salesGrowthYoY" : 16.91,
    "grossProfitMargin" : 37.62,
    "grossProfit" : 330.76,
    "operatingProfitMargin" : 9.29,
    "operatingProfit" : 81.68,
    "netProfitMargin" : 3.09,
    "netProfit" : 27.17
  }, {
    "date" : "2012-03-31",
    "sales" : 884.37,
    "salesGrowthYoY" : 12.42,
    "grossProfitMargin" : 38.69,
    "grossProfit" : 342.16,
    "operatingProfitMargin" : 10.80,
    "operatingProfit" : 95.51,
    "netProfitMargin" : 6.53,
    "netProfit" : 57.75
  }, {
    "date" : "2012-06-30",
    "sales" : 914.80,
    "salesGrowthYoY" : 4.64,
    "grossProfitMargin" : 38.00,
    "grossProfit" : 347.62,
    "operatingProfitMargin" : 9.91,
    "operatingProfit" : 90.66,
    "netProfitMargin" : 4.20,
    "netProfit" : 38.42
  }, {
    "date" : "2012-09-30",
    "sales" : 929.42,
    "salesGrowthYoY" : 9.10,
    "grossProfitMargin" : 37.69,
    "grossProfit" : 350.30,
    "operatingProfitMargin" : 8.89,
    "operatingProfit" : 82.63,
    "netProfitMargin" : 4.00,
    "netProfit" : 37.18
  }, {
    "date" : "2012-12-31",
    "sales" : 764.97,
    "salesGrowthYoY" : -12.99,
    "grossProfitMargin" : 38.68,
    "grossProfit" : 295.89,
    "operatingProfitMargin" : 7.93,
    "operatingProfit" : 60.66,
    "netProfitMargin" : 1.34,
    "netProfit" : 10.25
  }, {
    "date" : "2013-03-31",
    "sales" : 837.11,
    "salesGrowthYoY" : -5.34,
    "grossProfitMargin" : 37.44,
    "grossProfit" : 313.41,
    "operatingProfitMargin" : 7.68,
    "operatingProfit" : 64.29,
    "netProfitMargin" : 2.49,
    "netProfit" : 20.84
  }, {
    "date" : "2013-06-30",
    "sales" : 862.81,
    "salesGrowthYoY" : -5.68,
    "grossProfitMargin" : 37.68,
    "grossProfit" : 325.11,
    "operatingProfitMargin" : 8.35,
    "operatingProfit" : 72.04,
    "netProfitMargin" : 1.89,
    "netProfit" : 16.31
  }, {
    "date" : "2013-09-30",
    "sales" : 900.27,
    "salesGrowthYoY" : -3.14,
    "grossProfitMargin" : 38.19,
    "grossProfit" : 343.81,
    "operatingProfitMargin" : 8.94,
    "operatingProfit" : 80.48,
    "netProfitMargin" : 3.55,
    "netProfit" : 31.96
  }, {
    "date" : "2013-12-31",
    "sales" : 872.07,
    "salesGrowthYoY" : 14.00,
    "grossProfitMargin" : 38.60,
    "grossProfit" : 336.62,
    "operatingProfitMargin" : 8.74,
    "operatingProfit" : 76.22,
    "netProfitMargin" : 1.77,
    "netProfit" : 15.44
  }, {
    "date" : "2014-03-31",
    "sales" : 890.42,
    "salesGrowthYoY" : 6.37,
    "grossProfitMargin" : 38.24,
    "grossProfit" : 340.50,
    "operatingProfitMargin" : 8.16,
    "operatingProfit" : 72.66,
    "netProfitMargin" : 3.41,
    "netProfit" : 30.36
  }, {
    "date" : "2014-06-30",
    "sales" : 976.93,
    "salesGrowthYoY" : 13.23,
    "grossProfitMargin" : 37.03,
    "grossProfit" : 361.76,
    "operatingProfitMargin" : 8.14,
    "operatingProfit" : 79.52,
    "netProfitMargin" : 1.94,
    "netProfit" : 18.95
  }, {
    "date" : "2014-09-30",
    "sales" : 1005.63,
    "salesGrowthYoY" : 11.70,
    "grossProfitMargin" : 37.85,
    "grossProfit" : 380.63,
    "operatingProfitMargin" : 8.49,
    "operatingProfit" : 85.38,
    "netProfitMargin" : 2.51,
    "netProfit" : 25.24
  }, {
    "date" : "2014-12-31",
    "sales" : 941.80,
    "salesGrowthYoY" : 8.00,
    "grossProfitMargin" : 37.34,
    "grossProfit" : 351.67,
    "operatingProfitMargin" : 7.65,
    "operatingProfit" : 72.05,
    "netProfitMargin" : 1.20,
    "netProfit" : 11.30
  }, {
    "date" : "2015-03-31",
    "sales" : 903.41,
    "salesGrowthYoY" : 1.46,
    "grossProfitMargin" : 37.93,
    "grossProfit" : 342.66,
    "operatingProfitMargin" : 9.12,
    "operatingProfit" : 82.39,
    "netProfitMargin" : 4.34,
    "netProfit" : 39.21
  }, {
    "date" : "2015-06-30",
    "sales" : 1003.99,
    "salesGrowthYoY" : 2.77,
    "grossProfitMargin" : 36.12,
    "grossProfit" : 362.64,
    "operatingProfitMargin" : 8.60,
    "operatingProfit" : 86.34,
    "netProfitMargin" : 1.79,
    "netProfit" : 17.97
  }, {
    "date" : "2015-09-30",
    "sales" : 962.68,
    "salesGrowthYoY" : -4.27,
    "grossProfitMargin" : 38.32,
    "grossProfit" : 368.90,
    "operatingProfitMargin" : 9.44,
    "operatingProfit" : 90.88,
    "netProfitMargin" : 2.62,
    "netProfit" : 25.22
  }, {
    "date" : "2015-12-31",
    "sales" : 898.44,
    "salesGrowthYoY" : -4.60,
    "grossProfitMargin" : 39.75,
    "grossProfit" : 357.13,
    "operatingProfitMargin" : 8.88,
    "operatingProfit" : 79.78,
    "netProfitMargin" : 1.69,
    "netProfit" : 15.18
  }, {
    "date" : "2016-03-31",
    "sales" : 1059.00,
    "salesGrowthYoY" : 17.22,
    "grossProfitMargin" : 37.74,
    "grossProfit" : 399.67,
    "operatingProfitMargin" : 8.81,
    "operatingProfit" : 93.30,
    "netProfitMargin" : 5.50,
    "netProfit" : 58.24
  }, {
    "date" : "2016-06-30",
    "sales" : 0.14,
    "salesGrowthYoY" : -99.99,
    "grossProfitMargin" : 100.00,
    "grossProfit" : 0.14,
    "operatingProfitMargin" : -621.43,
    "operatingProfit" : -0.87,
    "netProfitMargin" : -621.43,
    "netProfit" : -0.87
  }, {
    "date" : "2016-09-30",
    "sales" : 14.64,
    "salesGrowthYoY" : -98.48,
    "grossProfitMargin" : 100.00,
    "grossProfit" : 14.64,
    "operatingProfitMargin" : 92.35,
    "operatingProfit" : 13.52,
    "netProfitMargin" : 92.35,
    "netProfit" : 13.52
  }, {
    "date" : "2016-12-31",
    "sales" : 0.00,
    "salesGrowthYoY" : -100.00,
    "grossProfitMargin" : 0.00,
    "grossProfit" : 0.00,
    "operatingProfitMargin" : 0.00,
    "operatingProfit" : 0.00,
    "netProfitMargin" : 0.00,
    "netProfit" : 0.00
  }, {
    "date" : "2017-03-31",
    "sales" : 25.29,
    "salesGrowthYoY" : -97.61,
    "grossProfitMargin" : 100.00,
    "grossProfit" : 25.29,
    "operatingProfitMargin" : 94.66,
    "operatingProfit" : 23.94,
    "netProfitMargin" : 94.66,
    "netProfit" : 23.94
  }, {
    "date" : "2017-06-30",
    "sales" : 0.00,
    "salesGrowthYoY" : -100.00,
    "grossProfitMargin" : 0.00,
    "grossProfit" : 0.00,
    "operatingProfitMargin" : 0.00,
    "operatingProfit" : 0.00,
    "netProfitMargin" : 0.00,
    "netProfit" : 0.00
  }, {
    "date" : "2017-09-30",
    "sales" : 26.26,
    "salesGrowthYoY" : 79.37,
    "grossProfitMargin" : 100.00,
    "grossProfit" : 26.26,
    "operatingProfitMargin" : 94.74,
    "operatingProfit" : 24.88,
    "netProfitMargin" : 94.74,
    "netProfit" : 24.88
  }, {
    "date" : "2017-12-31",
    "sales" : 2.80,
    "salesGrowthYoY" : 100.00,
    "grossProfitMargin" : 100.00,
    "grossProfit" : 2.80,
    "operatingProfitMargin" : 75.71,
    "operatingProfit" : 2.12,
    "netProfitMargin" : 44.64,
    "netProfit" : 1.25
  }, {
    "date" : "2018-03-31",
    "sales" : 35.59,
    "salesGrowthYoY" : 40.73,
    "grossProfitMargin" : 100.00,
    "grossProfit" : 35.59,
    "operatingProfitMargin" : 97.67,
    "operatingProfit" : 34.76,
    "netProfitMargin" : 94.41,
    "netProfit" : 33.60
  }, {
    "date" : "2018-06-30",
    "sales" : 3.89,
    "salesGrowthYoY" : 100.00,
    "grossProfitMargin" : 100.00,
    "grossProfit" : 3.89,
    "operatingProfitMargin" : 91.52,
    "operatingProfit" : 3.56,
    "netProfitMargin" : 62.47,
    "netProfit" : 2.43
  }, {
    "date" : "2018-09-30",
    "sales" : 29.53,
    "salesGrowthYoY" : 12.45,
    "grossProfitMargin" : 100.00,
    "grossProfit" : 29.53,
    "operatingProfitMargin" : 98.14,
    "operatingProfit" : 28.98,
    "netProfitMargin" : 94.11,
    "netProfit" : 27.79
  }, {
    "date" : "2018-12-31",
    "sales" : 3.63,
    "salesGrowthYoY" : 29.64,
    "grossProfitMargin" : 100.00,
    "grossProfit" : 3.63,
    "operatingProfitMargin" : 85.67,
    "operatingProfit" : 3.11,
    "netProfitMargin" : 56.47,
    "netProfit" : 2.05
  }, {
    "date" : "2019-03-31",
    "sales" : 36.45,
    "salesGrowthYoY" : 2.42,
    "grossProfitMargin" : 100.00,
    "grossProfit" : 36.45,
    "operatingProfitMargin" : 96.68,
    "operatingProfit" : 35.24,
    "netProfitMargin" : 93.99,
    "netProfit" : 34.26
  }, {
    "date" : "2019-06-30",
    "sales" : 4.06,
    "salesGrowthYoY" : 4.37,
    "grossProfitMargin" : 100.00,
    "grossProfit" : 4.06,
    "operatingProfitMargin" : 88.92,
    "operatingProfit" : 3.61,
    "netProfitMargin" : 63.05,
    "netProfit" : 2.56
  }, {
    "date" : "2019-09-30",
    "sales" : 18.37,
    "salesGrowthYoY" : -37.79,
    "grossProfitMargin" : 100.00,
    "grossProfit" : 18.37,
    "operatingProfitMargin" : 96.90,
    "operatingProfit" : 17.80,
    "netProfitMargin" : 92.16,
    "netProfit" : 16.93
  }, {
    "date" : "2019-12-31",
    "sales" : 39.81,
    "salesGrowthYoY" : 996.69,
    "grossProfitMargin" : 100.00,
    "grossProfit" : 39.81,
    "operatingProfitMargin" : 98.87,
    "operatingProfit" : 39.36,
    "netProfitMargin" : 96.66,
    "netProfit" : 38.48
  }, {
    "date" : "2020-03-31",
    "sales" : 28.64,
    "salesGrowthYoY" : -21.43,
    "grossProfitMargin" : 100.00,
    "grossProfit" : 28.64,
    "operatingProfitMargin" : 96.47,
    "operatingProfit" : 27.63,
    "netProfitMargin" : 88.55,
    "netProfit" : 25.36
  }, {
    "date" : "2020-06-30",
    "sales" : 2.52,
    "salesGrowthYoY" : -37.93,
    "grossProfitMargin" : 100.00,
    "grossProfit" : 2.52,
    "operatingProfitMargin" : 80.56,
    "operatingProfit" : 2.03,
    "netProfitMargin" : -133.33,
    "netProfit" : -3.36
  }, {
    "date" : "2020-09-30",
    "sales" : 2.53,
    "salesGrowthYoY" : -86.23,
    "grossProfitMargin" : 100.00,
    "grossProfit" : 2.53,
    "operatingProfitMargin" : 80.63,
    "operatingProfit" : 2.04,
    "netProfitMargin" : -135.18,
    "netProfit" : -3.42
  }, {
    "date" : "2020-12-31",
    "sales" : 2.30,
    "salesGrowthYoY" : -94.22,
    "grossProfitMargin" : 100.00,
    "grossProfit" : 2.30,
    "operatingProfitMargin" : 80.43,
    "operatingProfit" : 1.85,
    "netProfitMargin" : -151.30,
    "netProfit" : -3.48
  }, {
    "date" : "2021-03-31",
    "sales" : 50.70,
    "salesGrowthYoY" : 77.03,
    "grossProfitMargin" : 100.00,
    "grossProfit" : 50.70,
    "operatingProfitMargin" : 97.75,
    "operatingProfit" : 49.56,
    "netProfitMargin" : 63.06,
    "netProfit" : 31.97
  }, {
    "date" : "2021-06-30",
    "sales" : 2.12,
    "salesGrowthYoY" : -15.87,
    "grossProfitMargin" : 100.00,
    "grossProfit" : 2.12,
    "operatingProfitMargin" : 75.47,
    "operatingProfit" : 1.60,
    "netProfitMargin" : -43.87,
    "netProfit" : -0.93
  }, {
    "date" : "2021-09-30",
    "sales" : 28.27,
    "salesGrowthYoY" : 1017.39,
    "grossProfitMargin" : 100.00,
    "grossProfit" : 28.27,
    "operatingProfitMargin" : 98.23,
    "operatingProfit" : 27.77,
    "netProfitMargin" : 75.77,
    "netProfit" : 21.42
  }, {
    "date" : "2021-12-31",
    "sales" : 2.27,
    "salesGrowthYoY" : -1.30,
    "grossProfitMargin" : 100.00,
    "grossProfit" : 2.27,
    "operatingProfitMargin" : 79.30,
    "operatingProfit" : 1.80,
    "netProfitMargin" : -56.39,
    "netProfit" : -1.28
  }, {
    "date" : "2022-03-31",
    "sales" : 50.85,
    "salesGrowthYoY" : 0.30,
    "grossProfitMargin" : 100.00,
    "grossProfit" : 50.85,
    "operatingProfitMargin" : 97.80,
    "operatingProfit" : 49.73,
    "netProfitMargin" : 71.39,
    "netProfit" : 36.30
  }, {
    "date" : "2022-06-30",
    "sales" : 2.10,
    "salesGrowthYoY" : -0.94,
    "grossProfitMargin" : 100.00,
    "grossProfit" : 2.10,
    "operatingProfitMargin" : 70.95,
    "operatingProfit" : 1.49,
    "netProfitMargin" : -12.38,
    "netProfit" : -0.26
  }, {
    "date" : "2022-09-30",
    "sales" : 28.52,
    "salesGrowthYoY" : 0.88,
    "grossProfitMargin" : 100.00,
    "grossProfit" : 28.52,
    "operatingProfitMargin" : 97.93,
    "operatingProfit" : 27.93,
    "netProfitMargin" : 77.95,
    "netProfit" : 22.23
  }, {
    "date" : "2022-12-31",
    "sales" : 2.29,
    "salesGrowthYoY" : 0.88,
    "grossProfitMargin" : 100.00,
    "grossProfit" : 2.29,
    "operatingProfitMargin" : 79.04,
    "operatingProfit" : 1.81,
    "netProfitMargin" : 1.31,
    "netProfit" : 0.03
  }, {
    "date" : "2023-03-31",
    "sales" : 50.85,
    "salesGrowthYoY" : 0.00,
    "grossProfitMargin" : 100.00,
    "grossProfit" : 50.85,
    "operatingProfitMargin" : 97.68,
    "operatingProfit" : 49.67,
    "netProfitMargin" : 70.54,
    "netProfit" : 35.87
  }, {
    "date" : "2023-06-30",
    "sales" : 2.58,
    "salesGrowthYoY" : 22.86,
    "grossProfitMargin" : 100.00,
    "grossProfit" : 2.58,
    "operatingProfitMargin" : 75.19,
    "operatingProfit" : 1.94,
    "netProfitMargin" : 29.84,
    "netProfit" : 0.77
  }, {
    "date" : "2023-09-30",
    "sales" : 29.04,
    "salesGrowthYoY" : 1.82,
    "grossProfitMargin" : 100.00,
    "grossProfit" : 29.04,
    "operatingProfitMargin" : 97.97,
    "operatingProfit" : 28.45,
    "netProfitMargin" : 79.86,
    "netProfit" : 23.19
  }, {
    "date" : "2023-12-31",
    "sales" : 2.85,
    "salesGrowthYoY" : 24.45,
    "grossProfitMargin" : 100.00,
    "grossProfit" : 2.85,
    "operatingProfitMargin" : 77.89,
    "operatingProfit" : 2.22,
    "netProfitMargin" : 34.04,
    "netProfit" : 0.97
  }, {
    "date" : "2024-03-31",
    "sales" : 51.53,
    "salesGrowthYoY" : 1.34,
    "grossProfitMargin" : 100.00,
    "grossProfit" : 51.53,
    "operatingProfitMargin" : 97.11,
    "operatingProfit" : 50.04,
    "netProfitMargin" : 71.40,
    "netProfit" : 36.79
  }, {
    "date" : "2024-06-30",
    "sales" : 2.58,
    "salesGrowthYoY" : 0.00,
    "grossProfitMargin" : 100.00,
    "grossProfit" : 2.58,
    "operatingProfitMargin" : 72.48,
    "operatingProfit" : 1.87,
    "netProfitMargin" : 53.88,
    "netProfit" : 1.39
  }, {
    "date" : "2024-09-30",
    "sales" : 29.13,
    "salesGrowthYoY" : 0.31,
    "grossProfitMargin" : 100.00,
    "grossProfit" : 29.13,
    "operatingProfitMargin" : 97.46,
    "operatingProfit" : 28.39,
    "netProfitMargin" : 80.74,
    "netProfit" : 23.52
  }, {
    "date" : "2024-12-31",
    "sales" : 2.96,
    "salesGrowthYoY" : 3.86,
    "grossProfitMargin" : 100.00,
    "grossProfit" : 2.96,
    "operatingProfitMargin" : 77.70,
    "operatingProfit" : 2.30,
    "netProfitMargin" : 63.85,
    "netProfit" : 1.89
  }, {
    "date" : "2025-03-31",
    "sales" : 51.53,
    "salesGrowthYoY" : 0.00,
    "grossProfitMargin" : 100.00,
    "grossProfit" : 51.53,
    "operatingProfitMargin" : 97.11,
    "operatingProfit" : 50.04,
    "netProfitMargin" : 72.97,
    "netProfit" : 37.60
  }, {
    "date" : "2025-06-30",
    "sales" : 3.65,
    "salesGrowthYoY" : 41.47,
    "grossProfitMargin" : 100.00,
    "grossProfit" : 3.65,
    "operatingProfitMargin" : 77.81,
    "operatingProfit" : 2.84,
    "netProfitMargin" : 57.81,
    "netProfit" : 2.11
  }, {
    "date" : "2025-09-30",
    "sales" : 30.07,
    "salesGrowthYoY" : 3.23,
    "grossProfitMargin" : 100.00,
    "grossProfit" : 30.07,
    "operatingProfitMargin" : 97.41,
    "operatingProfit" : 29.29,
    "netProfitMargin" : 90.32,
    "netProfit" : 27.16
  }, {
    "date" : "2025-12-31",
    "sales" : 3.69,
    "salesGrowthYoY" : 24.66,
    "grossProfitMargin" : 100.00,
    "grossProfit" : 3.69,
    "operatingProfitMargin" : 79.40,
    "operatingProfit" : 2.93,
    "netProfitMargin" : 72.09,
    "netProfit" : 2.66
  } ],
  "latestQuarterlyResult" : {
    "date" : "2025-12-31",
    "sales" : 3.69,
    "salesGrowthYoY" : 24.66,
    "grossProfitMargin" : 100.00,
    "grossProfit" : 3.69,
    "operatingProfitMargin" : 79.40,
    "operatingProfit" : 2.93,
    "netProfitMargin" : 72.09,
    "netProfit" : 2.66
  },
  "companyScore" : {
    "priceHigherThanDma50" : 0.00,
    "priceHigherThanDma100" : 0.00,
    "priceHigherThanDma200" : 0.00,
    "dma50HigherThanDma100" : 0.00,
    "dma50HigherThanDma200" : 0.00,
    "dma100HigherThanDma200" : 5.00,
    "pricePercentageAboveDma50" : 5.17,
    "pricePercentageAboveDma100" : 5.38,
    "pricePercentageAboveDma200" : 5.28,
    "weeklyVolumeHigherThanYearlyVolume" : 0.00,
    "salesGrowthPercentile" : 16.50,
    "operatingProfitMarginPercentile" : 19.46,
    "netProfitMarginPercentile" : 9.66,
    "totalTechnicalScore" : 20.83,
    "totalFundamentalScore" : 45.62,
    "totalScore" : 66.44
  }
}