{
  "metadata" : {
    "screenerCompanyId" : "744",
    "companyCode" : "CUMMINSIND",
    "companyName" : "Cummins India",
    "screenerCompanyLink" : "https://www.screener.in/company/CUMMINSIND",
    "screenerTechnicalHistoryLink" : "https://www.screener.in/api/company/744/chart/?q=Price-DMA50-DMA200-Volume&days=365",
    "screenerQuarterlyResultsLink" : "https://www.screener.in/api/company/744/chart/?q=GPM-OPM-NPM-Quarter+Sales&days=10000",
    "attributes" : {
      "companyCode" : "CUMMINSIND",
      "companyName" : "Cummins India",
      "marketCap" : 123878.00,
      "peRatio" : 55.60,
      "description" : "Cummins India Ltd is a part of the Cummins Inc. Group USA. It designs, manufactures, distributes and services diesel and alternative fuel engines from 2.8 to 100 liters, diesel and alternative-fueled power generator sets of up to 3000 kW (3750 kVA), as well as related components and technology.[1]"
    },
    "companyScore" : {
      "priceHigherThanDma50" : 5.00,
      "priceHigherThanDma100" : 5.00,
      "priceHigherThanDma200" : 5.00,
      "dma50HigherThanDma100" : 5.00,
      "dma50HigherThanDma200" : 5.00,
      "dma100HigherThanDma200" : 5.00,
      "pricePercentageAboveDma50" : 4.73,
      "pricePercentageAboveDma100" : 4.41,
      "pricePercentageAboveDma200" : 4.02,
      "weeklyVolumeHigherThanYearlyVolume" : 0.00,
      "salesGrowthPercentile" : 15.44,
      "operatingProfitMarginPercentile" : 19.52,
      "netProfitMarginPercentile" : 9.64,
      "totalTechnicalScore" : 43.15,
      "totalFundamentalScore" : 44.60,
      "totalScore" : 87.75
    }
  },
  "attributes" : {
    "companyCode" : "CUMMINSIND",
    "companyName" : "Cummins India",
    "marketCap" : 123878.00,
    "peRatio" : 55.60,
    "description" : "Cummins India Ltd is a part of the Cummins Inc. Group USA. It designs, manufactures, distributes and services diesel and alternative fuel engines from 2.8 to 100 liters, diesel and alternative-fueled power generator sets of up to 3000 kW (3750 kVA), as well as related components and technology.[1]"
  },
  "technicalHistory" : [ {
    "date" : "2024-12-09",
    "price" : 3509.15,
    "dma50" : 3537.16,
    "dma100" : null,
    "dma200" : 3349.34,
    "volume" : 193066.00
  }, {
    "date" : "2024-12-10",
    "price" : 3526.20,
    "dma50" : 3536.73,
    "dma100" : null,
    "dma200" : 3351.10,
    "volume" : 252460.00
  }, {
    "date" : "2024-12-11",
    "price" : 3604.50,
    "dma50" : 3539.38,
    "dma100" : null,
    "dma200" : 3353.62,
    "volume" : 562532.00
  }, {
    "date" : "2024-12-12",
    "price" : 3611.60,
    "dma50" : 3542.22,
    "dma100" : null,
    "dma200" : 3356.19,
    "volume" : 345406.00
  }, {
    "date" : "2024-12-13",
    "price" : 3599.90,
    "dma50" : 3544.48,
    "dma100" : null,
    "dma200" : 3358.61,
    "volume" : 284319.00
  }, {
    "date" : "2024-12-16",
    "price" : 3671.40,
    "dma50" : 3549.45,
    "dma100" : null,
    "dma200" : 3361.73,
    "volume" : 401828.00
  }, {
    "date" : "2024-12-17",
    "price" : 3543.95,
    "dma50" : 3549.24,
    "dma100" : null,
    "dma200" : 3363.54,
    "volume" : 460514.00
  }, {
    "date" : "2024-12-18",
    "price" : 3526.30,
    "dma50" : 3548.34,
    "dma100" : null,
    "dma200" : 3365.16,
    "volume" : 326781.00
  }, {
    "date" : "2024-12-19",
    "price" : 3357.65,
    "dma50" : 3540.86,
    "dma100" : null,
    "dma200" : 3365.08,
    "volume" : 879504.00
  }, {
    "date" : "2024-12-20",
    "price" : 3312.90,
    "dma50" : 3531.92,
    "dma100" : null,
    "dma200" : 3364.57,
    "volume" : 652898.00
  }, {
    "date" : "2024-12-23",
    "price" : 3360.30,
    "dma50" : 3525.19,
    "dma100" : null,
    "dma200" : 3364.52,
    "volume" : 276733.00
  }, {
    "date" : "2024-12-24",
    "price" : 3377.20,
    "dma50" : 3519.39,
    "dma100" : null,
    "dma200" : 3364.65,
    "volume" : 315325.00
  }, {
    "date" : "2024-12-26",
    "price" : 3364.25,
    "dma50" : 3513.30,
    "dma100" : null,
    "dma200" : 3364.64,
    "volume" : 2256936.00
  }, {
    "date" : "2024-12-27",
    "price" : 3297.65,
    "dma50" : 3504.85,
    "dma100" : null,
    "dma200" : 3363.98,
    "volume" : 349312.00
  }, {
    "date" : "2024-12-30",
    "price" : 3220.95,
    "dma50" : 3493.71,
    "dma100" : null,
    "dma200" : 3362.56,
    "volume" : 2507134.00
  }, {
    "date" : "2024-12-31",
    "price" : 3274.00,
    "dma50" : 3485.10,
    "dma100" : null,
    "dma200" : 3361.67,
    "volume" : 547095.00
  }, {
    "date" : "2025-01-01",
    "price" : 3230.50,
    "dma50" : 3475.11,
    "dma100" : null,
    "dma200" : 3360.37,
    "volume" : 262735.00
  }, {
    "date" : "2025-01-02",
    "price" : 3257.45,
    "dma50" : 3466.58,
    "dma100" : null,
    "dma200" : 3359.34,
    "volume" : 935419.00
  }, {
    "date" : "2025-01-03",
    "price" : 3216.90,
    "dma50" : 3456.79,
    "dma100" : null,
    "dma200" : 3357.93,
    "volume" : 729286.00
  }, {
    "date" : "2025-01-06",
    "price" : 3176.20,
    "dma50" : 3445.78,
    "dma100" : null,
    "dma200" : 3356.12,
    "volume" : 976104.00
  }, {
    "date" : "2025-01-07",
    "price" : 3164.50,
    "dma50" : 3434.75,
    "dma100" : null,
    "dma200" : 3354.21,
    "volume" : 570377.00
  }, {
    "date" : "2025-01-08",
    "price" : 3163.90,
    "dma50" : 3424.13,
    "dma100" : null,
    "dma200" : 3352.32,
    "volume" : 454275.00
  }, {
    "date" : "2025-01-09",
    "price" : 3108.50,
    "dma50" : 3411.75,
    "dma100" : null,
    "dma200" : 3349.89,
    "volume" : 771077.00
  }, {
    "date" : "2025-01-10",
    "price" : 2999.45,
    "dma50" : 3395.58,
    "dma100" : null,
    "dma200" : 3346.41,
    "volume" : 651502.00
  }, {
    "date" : "2025-01-13",
    "price" : 2873.35,
    "dma50" : 3375.10,
    "dma100" : null,
    "dma200" : 3341.70,
    "volume" : 604183.00
  }, {
    "date" : "2025-01-14",
    "price" : 2940.95,
    "dma50" : 3358.08,
    "dma100" : null,
    "dma200" : 3337.71,
    "volume" : 335691.00
  }, {
    "date" : "2025-01-15",
    "price" : 2888.30,
    "dma50" : 3339.66,
    "dma100" : null,
    "dma200" : 3333.24,
    "volume" : 696829.00
  }, {
    "date" : "2025-01-16",
    "price" : 2924.95,
    "dma50" : 3323.39,
    "dma100" : null,
    "dma200" : 3329.18,
    "volume" : 594228.00
  }, {
    "date" : "2025-01-17",
    "price" : 2935.25,
    "dma50" : 3308.17,
    "dma100" : null,
    "dma200" : 3325.26,
    "volume" : 230830.00
  }, {
    "date" : "2025-01-20",
    "price" : 2943.30,
    "dma50" : 3293.86,
    "dma100" : null,
    "dma200" : 3321.46,
    "volume" : 232971.00
  }, {
    "date" : "2025-01-21",
    "price" : 2903.80,
    "dma50" : 3278.57,
    "dma100" : null,
    "dma200" : 3317.30,
    "volume" : 405969.00
  }, {
    "date" : "2025-01-22",
    "price" : 2883.75,
    "dma50" : 3263.08,
    "dma100" : null,
    "dma200" : 3312.99,
    "volume" : 624815.00
  }, {
    "date" : "2025-01-23",
    "price" : 2889.05,
    "dma50" : 3248.42,
    "dma100" : null,
    "dma200" : 3308.77,
    "volume" : 260940.00
  }, {
    "date" : "2025-01-24",
    "price" : 2804.05,
    "dma50" : 3230.99,
    "dma100" : null,
    "dma200" : 3303.75,
    "volume" : 272327.00
  }, {
    "date" : "2025-01-27",
    "price" : 2775.20,
    "dma50" : 3213.12,
    "dma100" : null,
    "dma200" : 3298.49,
    "volume" : 462178.00
  }, {
    "date" : "2025-01-28",
    "price" : 2739.60,
    "dma50" : 3194.55,
    "dma100" : null,
    "dma200" : 3292.93,
    "volume" : 628748.00
  }, {
    "date" : "2025-01-29",
    "price" : 2848.90,
    "dma50" : 3180.99,
    "dma100" : null,
    "dma200" : 3288.51,
    "volume" : 541590.00
  }, {
    "date" : "2025-01-30",
    "price" : 2852.95,
    "dma50" : 3168.13,
    "dma100" : null,
    "dma200" : 3284.17,
    "volume" : 437315.00
  }, {
    "date" : "2025-01-31",
    "price" : 2914.05,
    "dma50" : 3158.16,
    "dma100" : null,
    "dma200" : 3280.49,
    "volume" : 424090.00
  }, {
    "date" : "2025-02-01",
    "price" : 2797.45,
    "dma50" : 3144.02,
    "dma100" : null,
    "dma200" : 3275.68,
    "volume" : 1146333.00
  }, {
    "date" : "2025-02-03",
    "price" : 2700.70,
    "dma50" : 3126.63,
    "dma100" : null,
    "dma200" : 3269.96,
    "volume" : 1151143.00
  }, {
    "date" : "2025-02-04",
    "price" : 2853.50,
    "dma50" : 3115.92,
    "dma100" : null,
    "dma200" : 3265.82,
    "volume" : 1749795.00
  }, {
    "date" : "2025-02-05",
    "price" : 2921.15,
    "dma50" : 3108.28,
    "dma100" : null,
    "dma200" : 3262.39,
    "volume" : 1134308.00
  }, {
    "date" : "2025-02-06",
    "price" : 2965.10,
    "dma50" : 3102.67,
    "dma100" : null,
    "dma200" : 3259.43,
    "volume" : 2302309.00
  }, {
    "date" : "2025-02-07",
    "price" : 2871.90,
    "dma50" : 3093.62,
    "dma100" : null,
    "dma200" : 3255.58,
    "volume" : 1133871.00
  }, {
    "date" : "2025-02-10",
    "price" : 2890.40,
    "dma50" : 3085.65,
    "dma100" : null,
    "dma200" : 3251.94,
    "volume" : 1158369.00
  }, {
    "date" : "2025-02-11",
    "price" : 2836.30,
    "dma50" : 3075.87,
    "dma100" : null,
    "dma200" : 3247.81,
    "volume" : 818428.00
  }, {
    "date" : "2025-02-12",
    "price" : 2810.90,
    "dma50" : 3065.48,
    "dma100" : null,
    "dma200" : 3243.46,
    "volume" : 473719.00
  }, {
    "date" : "2025-02-13",
    "price" : 2801.30,
    "dma50" : 3055.12,
    "dma100" : null,
    "dma200" : 3239.06,
    "volume" : 404714.00
  }, {
    "date" : "2025-02-14",
    "price" : 2734.80,
    "dma50" : 3042.56,
    "dma100" : null,
    "dma200" : 3234.04,
    "volume" : 429569.00
  }, {
    "date" : "2025-02-17",
    "price" : 2721.45,
    "dma50" : 3029.97,
    "dma100" : null,
    "dma200" : 3228.94,
    "volume" : 511483.00
  }, {
    "date" : "2025-02-18",
    "price" : 2717.00,
    "dma50" : 3017.69,
    "dma100" : null,
    "dma200" : 3223.85,
    "volume" : 719869.00
  }, {
    "date" : "2025-02-19",
    "price" : 2690.30,
    "dma50" : 3004.85,
    "dma100" : null,
    "dma200" : 3218.54,
    "volume" : 915806.00
  }, {
    "date" : "2025-02-20",
    "price" : 2818.60,
    "dma50" : 2997.55,
    "dma100" : null,
    "dma200" : 3214.56,
    "volume" : 462842.00
  }, {
    "date" : "2025-02-21",
    "price" : 2836.15,
    "dma50" : 2991.22,
    "dma100" : null,
    "dma200" : 3210.79,
    "volume" : 639525.00
  }, {
    "date" : "2025-02-24",
    "price" : 2832.70,
    "dma50" : 2985.00,
    "dma100" : null,
    "dma200" : 3207.03,
    "volume" : 313017.00
  }, {
    "date" : "2025-02-25",
    "price" : 2788.15,
    "dma50" : 2977.28,
    "dma100" : null,
    "dma200" : 3202.86,
    "volume" : 389646.00
  }, {
    "date" : "2025-02-27",
    "price" : 2811.15,
    "dma50" : 2970.77,
    "dma100" : null,
    "dma200" : 3198.97,
    "volume" : 500660.00
  }, {
    "date" : "2025-02-28",
    "price" : 2717.95,
    "dma50" : 2960.85,
    "dma100" : null,
    "dma200" : 3194.18,
    "volume" : 837450.00
  }, {
    "date" : "2025-03-03",
    "price" : 2824.80,
    "dma50" : 2955.52,
    "dma100" : null,
    "dma200" : 3190.50,
    "volume" : 722091.00
  }, {
    "date" : "2025-03-04",
    "price" : 2861.10,
    "dma50" : 2951.82,
    "dma100" : null,
    "dma200" : 3187.23,
    "volume" : 626137.00
  }, {
    "date" : "2025-03-05",
    "price" : 2903.95,
    "dma50" : 2949.94,
    "dma100" : null,
    "dma200" : 3184.41,
    "volume" : 551967.00
  }, {
    "date" : "2025-03-06",
    "price" : 2973.10,
    "dma50" : 2950.85,
    "dma100" : null,
    "dma200" : 3182.31,
    "volume" : 1223457.00
  }, {
    "date" : "2025-03-07",
    "price" : 2899.05,
    "dma50" : 2948.82,
    "dma100" : null,
    "dma200" : 3179.49,
    "volume" : 290428.00
  }, {
    "date" : "2025-03-10",
    "price" : 2864.45,
    "dma50" : 2945.51,
    "dma100" : null,
    "dma200" : 3176.35,
    "volume" : 442557.00
  }, {
    "date" : "2025-03-11",
    "price" : 2875.25,
    "dma50" : 2942.75,
    "dma100" : null,
    "dma200" : 3173.36,
    "volume" : 347913.00
  }, {
    "date" : "2025-03-12",
    "price" : 2818.75,
    "dma50" : 2937.89,
    "dma100" : null,
    "dma200" : 3169.83,
    "volume" : 308057.00
  }, {
    "date" : "2025-03-13",
    "price" : 2835.25,
    "dma50" : 2933.86,
    "dma100" : null,
    "dma200" : 3166.50,
    "volume" : 387728.00
  }, {
    "date" : "2025-03-17",
    "price" : 2862.10,
    "dma50" : 2931.05,
    "dma100" : null,
    "dma200" : 3163.47,
    "volume" : 208508.00
  }, {
    "date" : "2025-03-18",
    "price" : 2929.65,
    "dma50" : 2931.00,
    "dma100" : null,
    "dma200" : 3161.14,
    "volume" : 251658.00
  }, {
    "date" : "2025-03-19",
    "price" : 3002.20,
    "dma50" : 2933.79,
    "dma100" : null,
    "dma200" : 3159.56,
    "volume" : 261587.00
  }, {
    "date" : "2025-03-20",
    "price" : 2990.60,
    "dma50" : 2936.02,
    "dma100" : null,
    "dma200" : 3157.88,
    "volume" : 252271.00
  }, {
    "date" : "2025-03-21",
    "price" : 2937.75,
    "dma50" : 2936.08,
    "dma100" : null,
    "dma200" : 3155.69,
    "volume" : 767995.00
  }, {
    "date" : "2025-03-24",
    "price" : 3056.25,
    "dma50" : 2940.80,
    "dma100" : null,
    "dma200" : 3154.70,
    "volume" : 643379.00
  }, {
    "date" : "2025-03-25",
    "price" : 2962.50,
    "dma50" : 2941.65,
    "dma100" : null,
    "dma200" : 3152.79,
    "volume" : 356121.00
  }, {
    "date" : "2025-03-26",
    "price" : 3004.95,
    "dma50" : 2944.13,
    "dma100" : null,
    "dma200" : 3151.32,
    "volume" : 627766.00
  }, {
    "date" : "2025-03-27",
    "price" : 3004.35,
    "dma50" : 2946.49,
    "dma100" : null,
    "dma200" : 3149.86,
    "volume" : 739212.00
  }, {
    "date" : "2025-03-28",
    "price" : 3051.85,
    "dma50" : 2950.62,
    "dma100" : null,
    "dma200" : 3148.88,
    "volume" : 454895.00
  }, {
    "date" : "2025-04-01",
    "price" : 3010.10,
    "dma50" : 2952.96,
    "dma100" : null,
    "dma200" : 3147.50,
    "volume" : 213151.00
  }, {
    "date" : "2025-04-02",
    "price" : 3051.55,
    "dma50" : 2956.82,
    "dma100" : null,
    "dma200" : 3146.54,
    "volume" : 399420.00
  }, {
    "date" : "2025-04-03",
    "price" : 3032.75,
    "dma50" : 2959.80,
    "dma100" : null,
    "dma200" : 3145.41,
    "volume" : 225549.00
  }, {
    "date" : "2025-04-04",
    "price" : 2844.95,
    "dma50" : 2955.30,
    "dma100" : null,
    "dma200" : 3142.42,
    "volume" : 551021.00
  }, {
    "date" : "2025-04-07",
    "price" : 2711.25,
    "dma50" : 2945.73,
    "dma100" : null,
    "dma200" : 3138.13,
    "volume" : 682378.00
  }, {
    "date" : "2025-04-08",
    "price" : 2746.00,
    "dma50" : 2937.89,
    "dma100" : null,
    "dma200" : 3134.23,
    "volume" : 674227.00
  }, {
    "date" : "2025-04-09",
    "price" : 2781.45,
    "dma50" : 2931.76,
    "dma100" : null,
    "dma200" : 3130.72,
    "volume" : 323180.00
  }, {
    "date" : "2025-04-11",
    "price" : 2814.95,
    "dma50" : 2927.18,
    "dma100" : null,
    "dma200" : 3127.58,
    "volume" : 684561.00
  }, {
    "date" : "2025-04-15",
    "price" : 2920.70,
    "dma50" : 2926.92,
    "dma100" : null,
    "dma200" : 3125.52,
    "volume" : 517846.00
  }, {
    "date" : "2025-04-16",
    "price" : 2895.50,
    "dma50" : 2925.69,
    "dma100" : null,
    "dma200" : 3123.23,
    "volume" : 189469.00
  }, {
    "date" : "2025-04-17",
    "price" : 2891.20,
    "dma50" : 2924.34,
    "dma100" : null,
    "dma200" : 3120.92,
    "volume" : 472759.00
  }, {
    "date" : "2025-04-21",
    "price" : 2914.60,
    "dma50" : 2923.96,
    "dma100" : null,
    "dma200" : 3118.87,
    "volume" : 324738.00
  }, {
    "date" : "2025-04-22",
    "price" : 2896.50,
    "dma50" : 2922.88,
    "dma100" : null,
    "dma200" : 3116.66,
    "volume" : 231999.00
  }, {
    "date" : "2025-04-23",
    "price" : 2965.90,
    "dma50" : 2924.57,
    "dma100" : null,
    "dma200" : 3115.16,
    "volume" : 390064.00
  }, {
    "date" : "2025-04-24",
    "price" : 2935.90,
    "dma50" : 2925.01,
    "dma100" : null,
    "dma200" : 3113.37,
    "volume" : 564517.00
  }, {
    "date" : "2025-04-25",
    "price" : 2861.10,
    "dma50" : 2922.50,
    "dma100" : null,
    "dma200" : 3110.86,
    "volume" : 529584.00
  }, {
    "date" : "2025-04-28",
    "price" : 2920.60,
    "dma50" : 2922.43,
    "dma100" : null,
    "dma200" : 3108.97,
    "volume" : 269917.00
  }, {
    "date" : "2025-04-29",
    "price" : 2899.90,
    "dma50" : 2921.55,
    "dma100" : null,
    "dma200" : 3106.89,
    "volume" : 320557.00
  }, {
    "date" : "2025-04-30",
    "price" : 2895.40,
    "dma50" : 2920.52,
    "dma100" : null,
    "dma200" : 3104.78,
    "volume" : 311036.00
  }, {
    "date" : "2025-05-02",
    "price" : 2888.70,
    "dma50" : 2919.27,
    "dma100" : null,
    "dma200" : 3102.63,
    "volume" : 283780.00
  }, {
    "date" : "2025-05-05",
    "price" : 2940.20,
    "dma50" : 2920.09,
    "dma100" : null,
    "dma200" : 3101.02,
    "volume" : 446797.00
  }, {
    "date" : "2025-05-06",
    "price" : 2790.30,
    "dma50" : 2915.00,
    "dma100" : null,
    "dma200" : 3097.93,
    "volume" : 2197801.00
  }, {
    "date" : "2025-05-07",
    "price" : 2843.50,
    "dma50" : 2912.20,
    "dma100" : 2983.11,
    "dma200" : 3095.40,
    "volume" : 697553.00
  }, {
    "date" : "2025-05-08",
    "price" : 2770.70,
    "dma50" : 2906.65,
    "dma100" : 2975.56,
    "dma200" : 3092.16,
    "volume" : 592472.00
  }, {
    "date" : "2025-05-09",
    "price" : 2736.30,
    "dma50" : 2899.97,
    "dma100" : 2966.88,
    "dma200" : 3088.62,
    "volume" : 643629.00
  }, {
    "date" : "2025-05-12",
    "price" : 2862.90,
    "dma50" : 2898.52,
    "dma100" : 2959.39,
    "dma200" : 3086.38,
    "volume" : 594818.00
  }, {
    "date" : "2025-05-13",
    "price" : 2879.40,
    "dma50" : 2897.77,
    "dma100" : 2952.19,
    "dma200" : 3084.32,
    "volume" : 361020.00
  }, {
    "date" : "2025-05-14",
    "price" : 2872.00,
    "dma50" : 2896.76,
    "dma100" : 2944.19,
    "dma200" : 3082.21,
    "volume" : 366785.00
  }, {
    "date" : "2025-05-15",
    "price" : 2949.20,
    "dma50" : 2898.81,
    "dma100" : 2938.24,
    "dma200" : 3080.88,
    "volume" : 681332.00
  }, {
    "date" : "2025-05-16",
    "price" : 3035.60,
    "dma50" : 2904.18,
    "dma100" : 2933.34,
    "dma200" : 3080.43,
    "volume" : 535719.00
  }, {
    "date" : "2025-05-19",
    "price" : 2994.10,
    "dma50" : 2907.70,
    "dma100" : 2929.70,
    "dma200" : 3079.57,
    "volume" : 801077.00
  }, {
    "date" : "2025-05-20",
    "price" : 2949.70,
    "dma50" : 2909.35,
    "dma100" : 2926.07,
    "dma200" : 3078.28,
    "volume" : 809438.00
  }, {
    "date" : "2025-05-21",
    "price" : 2980.90,
    "dma50" : 2912.16,
    "dma100" : 2922.28,
    "dma200" : 3077.31,
    "volume" : 632462.00
  }, {
    "date" : "2025-05-22",
    "price" : 2977.50,
    "dma50" : 2914.72,
    "dma100" : 2918.28,
    "dma200" : 3076.32,
    "volume" : 571819.00
  }, {
    "date" : "2025-05-23",
    "price" : 2940.40,
    "dma50" : 2915.73,
    "dma100" : 2914.04,
    "dma200" : 3074.97,
    "volume" : 520964.00
  }, {
    "date" : "2025-05-26",
    "price" : 2944.60,
    "dma50" : 2916.86,
    "dma100" : 2910.51,
    "dma200" : 3073.67,
    "volume" : 346991.00
  }, {
    "date" : "2025-05-27",
    "price" : 2973.90,
    "dma50" : 2919.10,
    "dma100" : 2908.04,
    "dma200" : 3072.68,
    "volume" : 510474.00
  }, {
    "date" : "2025-05-28",
    "price" : 2976.10,
    "dma50" : 2921.33,
    "dma100" : 2905.06,
    "dma200" : 3071.71,
    "volume" : 700602.00
  }, {
    "date" : "2025-05-29",
    "price" : 3169.40,
    "dma50" : 2931.06,
    "dma100" : 2904.45,
    "dma200" : 3072.69,
    "volume" : 4275803.00
  }, {
    "date" : "2025-05-30",
    "price" : 3268.10,
    "dma50" : 2944.28,
    "dma100" : 2904.56,
    "dma200" : 3074.63,
    "volume" : 2984795.00
  }, {
    "date" : "2025-06-02",
    "price" : 3319.30,
    "dma50" : 2958.98,
    "dma100" : 2905.58,
    "dma200" : 3077.07,
    "volume" : 1218895.00
  }, {
    "date" : "2025-06-03",
    "price" : 3318.60,
    "dma50" : 2973.09,
    "dma100" : 2907.00,
    "dma200" : 3079.47,
    "volume" : 835807.00
  }, {
    "date" : "2025-06-04",
    "price" : 3346.90,
    "dma50" : 2987.75,
    "dma100" : 2908.83,
    "dma200" : 3082.13,
    "volume" : 1029256.00
  }, {
    "date" : "2025-06-05",
    "price" : 3349.20,
    "dma50" : 3001.92,
    "dma100" : 2910.68,
    "dma200" : 3084.79,
    "volume" : 487963.00
  }, {
    "date" : "2025-06-06",
    "price" : 3384.10,
    "dma50" : 3016.91,
    "dma100" : 2913.44,
    "dma200" : 3087.77,
    "volume" : 569256.00
  }, {
    "date" : "2025-06-09",
    "price" : 3411.80,
    "dma50" : 3032.39,
    "dma100" : 2917.56,
    "dma200" : 3090.99,
    "volume" : 168676.00
  }, {
    "date" : "2025-06-10",
    "price" : 3388.70,
    "dma50" : 3046.37,
    "dma100" : 2922.71,
    "dma200" : 3093.95,
    "volume" : 266448.00
  }, {
    "date" : "2025-06-11",
    "price" : 3373.30,
    "dma50" : 3059.19,
    "dma100" : 2927.04,
    "dma200" : 3096.73,
    "volume" : 301743.00
  }, {
    "date" : "2025-06-12",
    "price" : 3322.50,
    "dma50" : 3069.51,
    "dma100" : 2931.38,
    "dma200" : 3098.98,
    "volume" : 390173.00
  }, {
    "date" : "2025-06-13",
    "price" : 3310.00,
    "dma50" : 3078.94,
    "dma100" : 2935.23,
    "dma200" : 3101.08,
    "volume" : 363838.00
  }, {
    "date" : "2025-06-16",
    "price" : 3307.60,
    "dma50" : 3087.91,
    "dma100" : 2938.95,
    "dma200" : 3103.13,
    "volume" : 438714.00
  }, {
    "date" : "2025-06-17",
    "price" : 3316.50,
    "dma50" : 3096.88,
    "dma100" : 2942.68,
    "dma200" : 3105.26,
    "volume" : 669779.00
  }, {
    "date" : "2025-06-18",
    "price" : 3277.80,
    "dma50" : 3103.97,
    "dma100" : 2946.42,
    "dma200" : 3106.97,
    "volume" : 404823.00
  }, {
    "date" : "2025-06-19",
    "price" : 3237.30,
    "dma50" : 3109.20,
    "dma100" : 2949.96,
    "dma200" : 3108.27,
    "volume" : 412959.00
  }, {
    "date" : "2025-06-20",
    "price" : 3271.50,
    "dma50" : 3115.56,
    "dma100" : 2953.78,
    "dma200" : 3109.89,
    "volume" : 623959.00
  }, {
    "date" : "2025-06-23",
    "price" : 3260.90,
    "dma50" : 3121.26,
    "dma100" : 2958.35,
    "dma200" : 3111.40,
    "volume" : 223669.00
  }, {
    "date" : "2025-06-24",
    "price" : 3311.80,
    "dma50" : 3128.74,
    "dma100" : 2963.72,
    "dma200" : 3113.39,
    "volume" : 392767.00
  }, {
    "date" : "2025-06-25",
    "price" : 3318.90,
    "dma50" : 3136.19,
    "dma100" : 2969.51,
    "dma200" : 3115.44,
    "volume" : 270039.00
  }, {
    "date" : "2025-06-26",
    "price" : 3364.60,
    "dma50" : 3145.15,
    "dma100" : 2974.67,
    "dma200" : 3117.91,
    "volume" : 849347.00
  }, {
    "date" : "2025-06-27",
    "price" : 3337.20,
    "dma50" : 3152.68,
    "dma100" : 2979.51,
    "dma200" : 3120.10,
    "volume" : 1280148.00
  }, {
    "date" : "2025-06-30",
    "price" : 3399.40,
    "dma50" : 3162.36,
    "dma100" : 2984.37,
    "dma200" : 3122.88,
    "volume" : 429519.00
  }, {
    "date" : "2025-07-01",
    "price" : 3348.30,
    "dma50" : 3169.65,
    "dma100" : 2989.87,
    "dma200" : 3125.12,
    "volume" : 436394.00
  }, {
    "date" : "2025-07-02",
    "price" : 3338.00,
    "dma50" : 3176.25,
    "dma100" : 2996.25,
    "dma200" : 3127.24,
    "volume" : 214289.00
  }, {
    "date" : "2025-07-03",
    "price" : 3332.90,
    "dma50" : 3182.39,
    "dma100" : 3001.04,
    "dma200" : 3129.28,
    "volume" : 289542.00
  }, {
    "date" : "2025-07-04",
    "price" : 3342.00,
    "dma50" : 3188.65,
    "dma100" : 3005.25,
    "dma200" : 3131.40,
    "volume" : 232747.00
  }, {
    "date" : "2025-07-07",
    "price" : 3436.10,
    "dma50" : 3198.36,
    "dma100" : 3009.96,
    "dma200" : 3134.43,
    "volume" : 633405.00
  }, {
    "date" : "2025-07-08",
    "price" : 3478.00,
    "dma50" : 3209.32,
    "dma100" : 3016.02,
    "dma200" : 3137.85,
    "volume" : 705695.00
  }, {
    "date" : "2025-07-09",
    "price" : 3523.90,
    "dma50" : 3221.66,
    "dma100" : 3022.36,
    "dma200" : 3141.69,
    "volume" : 972962.00
  }, {
    "date" : "2025-07-10",
    "price" : 3518.90,
    "dma50" : 3233.32,
    "dma100" : 3029.18,
    "dma200" : 3145.44,
    "volume" : 367376.00
  }, {
    "date" : "2025-07-11",
    "price" : 3546.40,
    "dma50" : 3245.59,
    "dma100" : 3036.54,
    "dma200" : 3149.43,
    "volume" : 798442.00
  }, {
    "date" : "2025-07-14",
    "price" : 3523.80,
    "dma50" : 3256.50,
    "dma100" : 3043.76,
    "dma200" : 3153.16,
    "volume" : 420291.00
  }, {
    "date" : "2025-07-15",
    "price" : 3576.50,
    "dma50" : 3269.05,
    "dma100" : 3052.18,
    "dma200" : 3157.37,
    "volume" : 880356.00
  }, {
    "date" : "2025-07-16",
    "price" : 3567.60,
    "dma50" : 3280.76,
    "dma100" : 3060.64,
    "dma200" : 3161.45,
    "volume" : 395519.00
  }, {
    "date" : "2025-07-17",
    "price" : 3584.80,
    "dma50" : 3292.68,
    "dma100" : 3069.32,
    "dma200" : 3165.67,
    "volume" : 504521.00
  }, {
    "date" : "2025-07-18",
    "price" : 3536.00,
    "dma50" : 3302.23,
    "dma100" : 3077.77,
    "dma200" : 3169.35,
    "volume" : 405843.00
  }, {
    "date" : "2025-07-21",
    "price" : 3617.90,
    "dma50" : 3314.60,
    "dma100" : 3085.77,
    "dma200" : 3173.81,
    "volume" : 435240.00
  }, {
    "date" : "2025-07-22",
    "price" : 3587.40,
    "dma50" : 3325.30,
    "dma100" : 3093.28,
    "dma200" : 3177.93,
    "volume" : 357829.00
  }, {
    "date" : "2025-07-23",
    "price" : 3616.40,
    "dma50" : 3336.72,
    "dma100" : 3101.12,
    "dma200" : 3182.29,
    "volume" : 637584.00
  }, {
    "date" : "2025-07-24",
    "price" : 3563.70,
    "dma50" : 3345.62,
    "dma100" : 3108.87,
    "dma200" : 3186.09,
    "volume" : 437163.00
  }, {
    "date" : "2025-07-25",
    "price" : 3535.10,
    "dma50" : 3353.05,
    "dma100" : 3116.11,
    "dma200" : 3189.56,
    "volume" : 397925.00
  }, {
    "date" : "2025-07-28",
    "price" : 3529.40,
    "dma50" : 3359.97,
    "dma100" : 3124.23,
    "dma200" : 3192.94,
    "volume" : 374854.00
  }, {
    "date" : "2025-07-29",
    "price" : 3535.20,
    "dma50" : 3366.84,
    "dma100" : 3131.33,
    "dma200" : 3196.35,
    "volume" : 572635.00
  }, {
    "date" : "2025-07-30",
    "price" : 3581.90,
    "dma50" : 3375.27,
    "dma100" : 3138.54,
    "dma200" : 3200.18,
    "volume" : 506173.00
  }, {
    "date" : "2025-07-31",
    "price" : 3555.50,
    "dma50" : 3382.34,
    "dma100" : 3145.05,
    "dma200" : 3203.72,
    "volume" : 623346.00
  }, {
    "date" : "2025-08-01",
    "price" : 3568.70,
    "dma50" : 3389.65,
    "dma100" : 3151.01,
    "dma200" : 3207.35,
    "volume" : 470348.00
  }, {
    "date" : "2025-08-04",
    "price" : 3566.80,
    "dma50" : 3396.59,
    "dma100" : 3157.69,
    "dma200" : 3210.93,
    "volume" : 512301.00
  }, {
    "date" : "2025-08-05",
    "price" : 3591.50,
    "dma50" : 3404.24,
    "dma100" : 3164.96,
    "dma200" : 3214.71,
    "volume" : 639170.00
  }, {
    "date" : "2025-08-06",
    "price" : 3635.70,
    "dma50" : 3413.31,
    "dma100" : 3172.56,
    "dma200" : 3218.90,
    "volume" : 913487.00
  }, {
    "date" : "2025-08-07",
    "price" : 3674.00,
    "dma50" : 3423.54,
    "dma100" : 3181.12,
    "dma200" : 3223.43,
    "volume" : 560443.00
  }, {
    "date" : "2025-08-08",
    "price" : 3806.90,
    "dma50" : 3438.57,
    "dma100" : 3190.83,
    "dma200" : 3229.24,
    "volume" : 3839474.00
  }, {
    "date" : "2025-08-11",
    "price" : 3792.30,
    "dma50" : 3452.44,
    "dma100" : 3200.13,
    "dma200" : 3234.84,
    "volume" : 675753.00
  }, {
    "date" : "2025-08-12",
    "price" : 3759.90,
    "dma50" : 3464.50,
    "dma100" : 3208.44,
    "dma200" : 3240.06,
    "volume" : 574619.00
  }, {
    "date" : "2025-08-13",
    "price" : 3792.10,
    "dma50" : 3477.35,
    "dma100" : 3216.34,
    "dma200" : 3245.56,
    "volume" : 563500.00
  }, {
    "date" : "2025-08-14",
    "price" : 3784.50,
    "dma50" : 3489.39,
    "dma100" : 3224.27,
    "dma200" : 3250.92,
    "volume" : 377574.00
  }, {
    "date" : "2025-08-18",
    "price" : 3783.40,
    "dma50" : 3500.92,
    "dma100" : 3232.73,
    "dma200" : 3256.22,
    "volume" : 448543.00
  }, {
    "date" : "2025-08-19",
    "price" : 3752.00,
    "dma50" : 3510.77,
    "dma100" : 3239.69,
    "dma200" : 3261.15,
    "volume" : 440160.00
  }, {
    "date" : "2025-08-20",
    "price" : 3818.40,
    "dma50" : 3522.83,
    "dma100" : 3248.25,
    "dma200" : 3266.70,
    "volume" : 564389.00
  }, {
    "date" : "2025-08-21",
    "price" : 3886.30,
    "dma50" : 3537.09,
    "dma100" : 3257.06,
    "dma200" : 3272.86,
    "volume" : 713822.00
  }, {
    "date" : "2025-08-22",
    "price" : 3916.00,
    "dma50" : 3551.95,
    "dma100" : 3266.18,
    "dma200" : 3279.26,
    "volume" : 573801.00
  }, {
    "date" : "2025-08-25",
    "price" : 3880.50,
    "dma50" : 3564.83,
    "dma100" : 3274.46,
    "dma200" : 3285.24,
    "volume" : 319529.00
  }, {
    "date" : "2025-08-26",
    "price" : 3836.50,
    "dma50" : 3575.48,
    "dma100" : 3282.73,
    "dma200" : 3290.73,
    "volume" : 472665.00
  }, {
    "date" : "2025-08-28",
    "price" : 3835.20,
    "dma50" : 3585.67,
    "dma100" : 3290.56,
    "dma200" : 3296.15,
    "volume" : 686941.00
  }, {
    "date" : "2025-08-29",
    "price" : 3826.20,
    "dma50" : 3595.10,
    "dma100" : 3298.50,
    "dma200" : 3301.42,
    "volume" : 441205.00
  }, {
    "date" : "2025-09-01",
    "price" : 3880.10,
    "dma50" : 3606.28,
    "dma100" : 3308.85,
    "dma200" : 3307.18,
    "volume" : 329595.00
  }, {
    "date" : "2025-09-02",
    "price" : 3826.40,
    "dma50" : 3614.91,
    "dma100" : 3320.00,
    "dma200" : 3312.34,
    "volume" : 447391.00
  }, {
    "date" : "2025-09-03",
    "price" : 3885.20,
    "dma50" : 3625.51,
    "dma100" : 3331.39,
    "dma200" : 3318.04,
    "volume" : 514626.00
  }, {
    "date" : "2025-09-04",
    "price" : 3935.60,
    "dma50" : 3637.67,
    "dma100" : 3342.94,
    "dma200" : 3324.19,
    "volume" : 567436.00
  }, {
    "date" : "2025-09-05",
    "price" : 3936.80,
    "dma50" : 3649.40,
    "dma100" : 3354.15,
    "dma200" : 3330.28,
    "volume" : 283131.00
  }, {
    "date" : "2025-09-08",
    "price" : 3966.60,
    "dma50" : 3661.84,
    "dma100" : 3364.61,
    "dma200" : 3336.62,
    "volume" : 360989.00
  }, {
    "date" : "2025-09-09",
    "price" : 4012.00,
    "dma50" : 3675.57,
    "dma100" : 3375.78,
    "dma200" : 3343.34,
    "volume" : 697725.00
  }, {
    "date" : "2025-09-10",
    "price" : 4021.30,
    "dma50" : 3689.13,
    "dma100" : 3387.08,
    "dma200" : 3350.08,
    "volume" : 614380.00
  }, {
    "date" : "2025-09-11",
    "price" : 4039.70,
    "dma50" : 3702.88,
    "dma100" : 3398.33,
    "dma200" : 3356.94,
    "volume" : 447356.00
  }, {
    "date" : "2025-09-12",
    "price" : 4030.40,
    "dma50" : 3715.72,
    "dma100" : 3409.67,
    "dma200" : 3363.65,
    "volume" : 365170.00
  }, {
    "date" : "2025-09-15",
    "price" : 4050.80,
    "dma50" : 3728.86,
    "dma100" : 3420.52,
    "dma200" : 3370.48,
    "volume" : 345971.00
  }, {
    "date" : "2025-09-16",
    "price" : 4111.00,
    "dma50" : 3743.85,
    "dma100" : 3432.27,
    "dma200" : 3377.85,
    "volume" : 495804.00
  }, {
    "date" : "2025-09-17",
    "price" : 4125.40,
    "dma50" : 3758.81,
    "dma100" : 3444.91,
    "dma200" : 3385.29,
    "volume" : 370404.00
  }, {
    "date" : "2025-09-18",
    "price" : 4101.00,
    "dma50" : 3772.23,
    "dma100" : 3456.72,
    "dma200" : 3392.41,
    "volume" : 267787.00
  }, {
    "date" : "2025-09-19",
    "price" : 4080.40,
    "dma50" : 3784.31,
    "dma100" : 3468.52,
    "dma200" : 3399.26,
    "volume" : 437599.00
  }, {
    "date" : "2025-09-22",
    "price" : 3990.10,
    "dma50" : 3792.38,
    "dma100" : 3479.47,
    "dma200" : 3405.14,
    "volume" : 280115.00
  }, {
    "date" : "2025-09-23",
    "price" : 4005.20,
    "dma50" : 3800.73,
    "dma100" : 3490.63,
    "dma200" : 3411.11,
    "volume" : 207593.00
  }, {
    "date" : "2025-09-24",
    "price" : 3988.90,
    "dma50" : 3808.11,
    "dma100" : 3501.12,
    "dma200" : 3416.86,
    "volume" : 163289.00
  }, {
    "date" : "2025-09-25",
    "price" : 3976.90,
    "dma50" : 3814.73,
    "dma100" : 3512.99,
    "dma200" : 3422.43,
    "volume" : 213413.00
  }, {
    "date" : "2025-09-26",
    "price" : 3947.60,
    "dma50" : 3819.94,
    "dma100" : 3524.03,
    "dma200" : 3427.65,
    "volume" : 416090.00
  }, {
    "date" : "2025-09-29",
    "price" : 3994.20,
    "dma50" : 3826.77,
    "dma100" : 3536.26,
    "dma200" : 3433.29,
    "volume" : 363222.00
  }, {
    "date" : "2025-09-30",
    "price" : 3926.50,
    "dma50" : 3830.68,
    "dma100" : 3548.16,
    "dma200" : 3438.20,
    "volume" : 679934.00
  }, {
    "date" : "2025-10-01",
    "price" : 3849.00,
    "dma50" : 3831.40,
    "dma100" : 3558.03,
    "dma200" : 3442.29,
    "volume" : 336899.00
  }, {
    "date" : "2025-10-03",
    "price" : 3932.70,
    "dma50" : 3835.37,
    "dma100" : 3568.56,
    "dma200" : 3447.17,
    "volume" : 436315.00
  }, {
    "date" : "2025-10-06",
    "price" : 3943.00,
    "dma50" : 3839.60,
    "dma100" : 3579.27,
    "dma200" : 3452.10,
    "volume" : 292627.00
  }, {
    "date" : "2025-10-07",
    "price" : 3967.40,
    "dma50" : 3844.61,
    "dma100" : 3589.45,
    "dma200" : 3457.23,
    "volume" : 191801.00
  }, {
    "date" : "2025-10-08",
    "price" : 3912.50,
    "dma50" : 3847.27,
    "dma100" : 3598.22,
    "dma200" : 3461.76,
    "volume" : 260160.00
  }, {
    "date" : "2025-10-09",
    "price" : 3957.20,
    "dma50" : 3851.58,
    "dma100" : 3607.85,
    "dma200" : 3466.69,
    "volume" : 195820.00
  }, {
    "date" : "2025-10-10",
    "price" : 3966.00,
    "dma50" : 3856.07,
    "dma100" : 3618.01,
    "dma200" : 3471.66,
    "volume" : 539324.00
  }, {
    "date" : "2025-10-13",
    "price" : 3957.00,
    "dma50" : 3860.03,
    "dma100" : 3627.77,
    "dma200" : 3476.48,
    "volume" : 224539.00
  }, {
    "date" : "2025-10-14",
    "price" : 3945.20,
    "dma50" : 3863.37,
    "dma100" : 3637.45,
    "dma200" : 3481.15,
    "volume" : 134982.00
  }, {
    "date" : "2025-10-15",
    "price" : 3957.40,
    "dma50" : 3867.05,
    "dma100" : 3647.62,
    "dma200" : 3485.89,
    "volume" : 138817.00
  }, {
    "date" : "2025-10-16",
    "price" : 3940.60,
    "dma50" : 3869.94,
    "dma100" : 3657.58,
    "dma200" : 3490.41,
    "volume" : 303207.00
  }, {
    "date" : "2025-10-17",
    "price" : 3974.90,
    "dma50" : 3874.05,
    "dma100" : 3667.59,
    "dma200" : 3495.23,
    "volume" : 251555.00
  }, {
    "date" : "2025-10-20",
    "price" : 4006.40,
    "dma50" : 3879.24,
    "dma100" : 3677.89,
    "dma200" : 3500.32,
    "volume" : 462016.00
  }, {
    "date" : "2025-10-21",
    "price" : 4000.90,
    "dma50" : 3884.01,
    "dma100" : 3686.21,
    "dma200" : 3505.30,
    "volume" : 20447.00
  }, {
    "date" : "2025-10-23",
    "price" : 4073.90,
    "dma50" : 3891.46,
    "dma100" : 3694.27,
    "dma200" : 3510.96,
    "volume" : 661599.00
  }, {
    "date" : "2025-10-24",
    "price" : 4183.20,
    "dma50" : 3902.90,
    "dma100" : 3702.91,
    "dma200" : 3517.65,
    "volume" : 972372.00
  }, {
    "date" : "2025-10-27",
    "price" : 4311.50,
    "dma50" : 3918.93,
    "dma100" : 3712.84,
    "dma200" : 3525.55,
    "volume" : 810008.00
  }, {
    "date" : "2025-10-28",
    "price" : 4285.60,
    "dma50" : 3933.30,
    "dma100" : 3722.22,
    "dma200" : 3533.11,
    "volume" : 591830.00
  }, {
    "date" : "2025-10-29",
    "price" : 4357.90,
    "dma50" : 3949.96,
    "dma100" : 3732.31,
    "dma200" : 3541.31,
    "volume" : 424709.00
  }, {
    "date" : "2025-10-30",
    "price" : 4384.20,
    "dma50" : 3966.98,
    "dma100" : 3742.31,
    "dma200" : 3549.70,
    "volume" : 455838.00
  }, {
    "date" : "2025-10-31",
    "price" : 4344.10,
    "dma50" : 3981.77,
    "dma100" : 3751.63,
    "dma200" : 3557.61,
    "volume" : 688770.00
  }, {
    "date" : "2025-11-03",
    "price" : 4379.70,
    "dma50" : 3997.38,
    "dma100" : 3761.54,
    "dma200" : 3565.79,
    "volume" : 603160.00
  }, {
    "date" : "2025-11-04",
    "price" : 4316.80,
    "dma50" : 4009.91,
    "dma100" : 3770.98,
    "dma200" : 3573.26,
    "volume" : 385342.00
  }, {
    "date" : "2025-11-06",
    "price" : 4316.10,
    "dma50" : 4021.91,
    "dma100" : 3780.91,
    "dma200" : 3580.65,
    "volume" : 706749.00
  }, {
    "date" : "2025-11-07",
    "price" : 4291.80,
    "dma50" : 4032.50,
    "dma100" : 3790.73,
    "dma200" : 3587.73,
    "volume" : 1977596.00
  }, {
    "date" : "2025-11-10",
    "price" : 4349.20,
    "dma50" : 4044.92,
    "dma100" : 3801.15,
    "dma200" : 3595.30,
    "volume" : 782032.00
  }, {
    "date" : "2025-11-11",
    "price" : 4414.20,
    "dma50" : 4059.40,
    "dma100" : 3812.13,
    "dma200" : 3603.45,
    "volume" : 402429.00
  }, {
    "date" : "2025-11-12",
    "price" : 4395.40,
    "dma50" : 4072.57,
    "dma100" : 3823.30,
    "dma200" : 3611.33,
    "volume" : 625886.00
  }, {
    "date" : "2025-11-13",
    "price" : 4366.20,
    "dma50" : 4084.09,
    "dma100" : 3834.59,
    "dma200" : 3618.84,
    "volume" : 413330.00
  }, {
    "date" : "2025-11-14",
    "price" : 4283.20,
    "dma50" : 4091.90,
    "dma100" : 3844.71,
    "dma200" : 3625.45,
    "volume" : 490130.00
  }, {
    "date" : "2025-11-17",
    "price" : 4381.20,
    "dma50" : 4103.24,
    "dma100" : 3855.91,
    "dma200" : 3632.97,
    "volume" : 534080.00
  }, {
    "date" : "2025-11-18",
    "price" : 4252.40,
    "dma50" : 4109.09,
    "dma100" : 3865.32,
    "dma200" : 3639.14,
    "volume" : 476422.00
  }, {
    "date" : "2025-11-19",
    "price" : 4261.30,
    "dma50" : 4115.06,
    "dma100" : 3874.74,
    "dma200" : 3645.33,
    "volume" : 455086.00
  }, {
    "date" : "2025-11-20",
    "price" : 4375.70,
    "dma50" : 4125.28,
    "dma100" : 3884.85,
    "dma200" : 3652.59,
    "volume" : 952231.00
  }, {
    "date" : "2025-11-21",
    "price" : 4333.80,
    "dma50" : 4133.46,
    "dma100" : 3894.82,
    "dma200" : 3659.37,
    "volume" : 416813.00
  }, {
    "date" : "2025-11-24",
    "price" : 4299.00,
    "dma50" : 4139.95,
    "dma100" : 3903.81,
    "dma200" : 3665.74,
    "volume" : 1104509.00
  }, {
    "date" : "2025-11-25",
    "price" : 4311.30,
    "dma50" : 4146.67,
    "dma100" : 3913.44,
    "dma200" : 3672.16,
    "volume" : 318399.00
  }, {
    "date" : "2025-11-26",
    "price" : 4408.20,
    "dma50" : 4156.93,
    "dma100" : 3924.15,
    "dma200" : 3679.48,
    "volume" : 398599.00
  }, {
    "date" : "2025-11-27",
    "price" : 4449.40,
    "dma50" : 4168.40,
    "dma100" : 3935.31,
    "dma200" : 3687.15,
    "volume" : 808810.00
  }, {
    "date" : "2025-11-28",
    "price" : 4479.30,
    "dma50" : 4180.59,
    "dma100" : 3946.68,
    "dma200" : 3695.03,
    "volume" : 774252.00
  }, {
    "date" : "2025-12-01",
    "price" : 4544.20,
    "dma50" : 4194.85,
    "dma100" : 3957.76,
    "dma200" : 3703.48,
    "volume" : 431495.00
  }, {
    "date" : "2025-12-02",
    "price" : 4514.50,
    "dma50" : 4207.38,
    "dma100" : 3968.13,
    "dma200" : 3711.55,
    "volume" : 457109.00
  }, {
    "date" : "2025-12-03",
    "price" : 4514.10,
    "dma50" : 4219.41,
    "dma100" : 3978.03,
    "dma200" : 3719.53,
    "volume" : 416030.00
  }, {
    "date" : "2025-12-04",
    "price" : 4459.30,
    "dma50" : 4228.82,
    "dma100" : 3987.44,
    "dma200" : 3726.89,
    "volume" : 345384.00
  }, {
    "date" : "2025-12-05",
    "price" : 4468.90,
    "dma50" : 4238.23,
    "dma100" : 3996.66,
    "dma200" : 3734.28,
    "volume" : 567552.00
  } ],
  "latestTechnicalAttributes" : {
    "date" : "2025-12-05",
    "price" : 4468.90,
    "dma50" : 4238.23,
    "dma100" : 3996.66,
    "dma200" : 3734.28,
    "volume" : 567552.00
  },
  "quarterlyResults" : [ {
    "date" : "2005-03-31",
    "sales" : 316.77,
    "salesGrowthYoY" : null,
    "grossProfitMargin" : 33.17,
    "grossProfit" : 105.07,
    "operatingProfitMargin" : 14.65,
    "operatingProfit" : 46.41,
    "netProfitMargin" : 14.64,
    "netProfit" : 46.38
  }, {
    "date" : "2005-06-30",
    "sales" : 328.02,
    "salesGrowthYoY" : null,
    "grossProfitMargin" : 34.14,
    "grossProfit" : 111.99,
    "operatingProfitMargin" : 13.38,
    "operatingProfit" : 43.89,
    "netProfitMargin" : 10.78,
    "netProfit" : 35.36
  }, {
    "date" : "2005-09-30",
    "sales" : 357.30,
    "salesGrowthYoY" : null,
    "grossProfitMargin" : 32.71,
    "grossProfit" : 116.87,
    "operatingProfitMargin" : 11.82,
    "operatingProfit" : 42.23,
    "netProfitMargin" : 10.57,
    "netProfit" : 37.77
  }, {
    "date" : "2005-12-31",
    "sales" : 389.79,
    "salesGrowthYoY" : null,
    "grossProfitMargin" : 34.80,
    "grossProfit" : 135.65,
    "operatingProfitMargin" : 15.07,
    "operatingProfit" : 58.74,
    "netProfitMargin" : 12.43,
    "netProfit" : 48.45
  }, {
    "date" : "2006-03-31",
    "sales" : 387.66,
    "salesGrowthYoY" : 22.38,
    "grossProfitMargin" : 33.04,
    "grossProfit" : 128.08,
    "operatingProfitMargin" : 15.05,
    "operatingProfit" : 58.34,
    "netProfitMargin" : 13.96,
    "netProfit" : 54.12
  }, {
    "date" : "2006-06-30",
    "sales" : 391.45,
    "salesGrowthYoY" : 19.34,
    "grossProfitMargin" : 35.66,
    "grossProfit" : 139.59,
    "operatingProfitMargin" : 15.82,
    "operatingProfit" : 61.93,
    "netProfitMargin" : 12.97,
    "netProfit" : 50.77
  }, {
    "date" : "2006-09-30",
    "sales" : 467.44,
    "salesGrowthYoY" : 30.83,
    "grossProfitMargin" : 34.65,
    "grossProfit" : 161.97,
    "operatingProfitMargin" : 16.81,
    "operatingProfit" : 78.58,
    "netProfitMargin" : 13.41,
    "netProfit" : 62.68
  }, {
    "date" : "2006-12-31",
    "sales" : 476.98,
    "salesGrowthYoY" : 22.37,
    "grossProfitMargin" : 33.05,
    "grossProfit" : 157.64,
    "operatingProfitMargin" : 15.06,
    "operatingProfit" : 71.83,
    "netProfitMargin" : 13.19,
    "netProfit" : 62.91
  }, {
    "date" : "2007-03-31",
    "sales" : 504.91,
    "salesGrowthYoY" : 30.25,
    "grossProfitMargin" : 34.05,
    "grossProfit" : 171.92,
    "operatingProfitMargin" : 16.31,
    "operatingProfit" : 82.35,
    "netProfitMargin" : 13.01,
    "netProfit" : 65.69
  }, {
    "date" : "2007-06-30",
    "sales" : 542.34,
    "salesGrowthYoY" : 38.55,
    "grossProfitMargin" : 30.69,
    "grossProfit" : 166.44,
    "operatingProfitMargin" : 13.64,
    "operatingProfit" : 73.98,
    "netProfitMargin" : 11.80,
    "netProfit" : 64.00
  }, {
    "date" : "2007-09-30",
    "sales" : 528.21,
    "salesGrowthYoY" : 13.00,
    "grossProfitMargin" : 32.32,
    "grossProfit" : 170.72,
    "operatingProfitMargin" : 13.74,
    "operatingProfit" : 72.58,
    "netProfitMargin" : 12.58,
    "netProfit" : 66.45
  }, {
    "date" : "2007-12-31",
    "sales" : 590.23,
    "salesGrowthYoY" : 23.74,
    "grossProfitMargin" : 32.01,
    "grossProfit" : 188.93,
    "operatingProfitMargin" : 14.69,
    "operatingProfit" : 86.70,
    "netProfitMargin" : 12.64,
    "netProfit" : 74.61
  }, {
    "date" : "2008-03-31",
    "sales" : 696.76,
    "salesGrowthYoY" : 38.00,
    "grossProfitMargin" : 30.03,
    "grossProfit" : 209.24,
    "operatingProfitMargin" : 14.41,
    "operatingProfit" : 100.40,
    "netProfitMargin" : 10.85,
    "netProfit" : 75.60
  }, {
    "date" : "2008-06-30",
    "sales" : 730.23,
    "salesGrowthYoY" : 34.64,
    "grossProfitMargin" : 32.17,
    "grossProfit" : 234.91,
    "operatingProfitMargin" : 16.02,
    "operatingProfit" : 116.98,
    "netProfitMargin" : 12.08,
    "netProfit" : 88.21
  }, {
    "date" : "2008-09-30",
    "sales" : 808.38,
    "salesGrowthYoY" : 53.04,
    "grossProfitMargin" : 30.98,
    "grossProfit" : 250.44,
    "operatingProfitMargin" : 15.24,
    "operatingProfit" : 123.20,
    "netProfitMargin" : 11.62,
    "netProfit" : 93.93
  }, {
    "date" : "2008-12-31",
    "sales" : 770.93,
    "salesGrowthYoY" : 30.62,
    "grossProfitMargin" : 38.13,
    "grossProfit" : 293.96,
    "operatingProfitMargin" : 21.00,
    "operatingProfit" : 161.90,
    "netProfitMargin" : 15.48,
    "netProfit" : 119.34
  }, {
    "date" : "2009-03-31",
    "sales" : 1081.50,
    "salesGrowthYoY" : 55.22,
    "grossProfitMargin" : 34.95,
    "grossProfit" : 377.98,
    "operatingProfitMargin" : 16.84,
    "operatingProfit" : 182.12,
    "netProfitMargin" : 10.93,
    "netProfit" : 118.21
  }, {
    "date" : "2009-06-30",
    "sales" : 639.80,
    "salesGrowthYoY" : -12.38,
    "grossProfitMargin" : 37.24,
    "grossProfit" : 238.26,
    "operatingProfitMargin" : 18.36,
    "operatingProfit" : 117.47,
    "netProfitMargin" : 14.01,
    "netProfit" : 89.64
  }, {
    "date" : "2009-09-30",
    "sales" : 627.80,
    "salesGrowthYoY" : -22.34,
    "grossProfitMargin" : 37.56,
    "grossProfit" : 235.80,
    "operatingProfitMargin" : 18.07,
    "operatingProfit" : 113.44,
    "netProfitMargin" : 13.98,
    "netProfit" : 87.77
  }, {
    "date" : "2009-12-31",
    "sales" : 837.96,
    "salesGrowthYoY" : 8.69,
    "grossProfitMargin" : 38.04,
    "grossProfit" : 318.76,
    "operatingProfitMargin" : 22.65,
    "operatingProfit" : 189.80,
    "netProfitMargin" : 17.68,
    "netProfit" : 148.15
  }, {
    "date" : "2010-03-31",
    "sales" : 793.48,
    "salesGrowthYoY" : -26.63,
    "grossProfitMargin" : 38.31,
    "grossProfit" : 303.98,
    "operatingProfitMargin" : 20.28,
    "operatingProfit" : 160.92,
    "netProfitMargin" : 14.91,
    "netProfit" : 118.31
  }, {
    "date" : "2010-06-30",
    "sales" : 927.94,
    "salesGrowthYoY" : 45.04,
    "grossProfitMargin" : 38.29,
    "grossProfit" : 355.31,
    "operatingProfitMargin" : 21.28,
    "operatingProfit" : 197.47,
    "netProfitMargin" : 15.11,
    "netProfit" : 140.21
  }, {
    "date" : "2010-09-30",
    "sales" : 1091.43,
    "salesGrowthYoY" : 73.85,
    "grossProfitMargin" : 36.52,
    "grossProfit" : 398.59,
    "operatingProfitMargin" : 19.90,
    "operatingProfit" : 217.19,
    "netProfitMargin" : 15.38,
    "netProfit" : 167.86
  }, {
    "date" : "2010-12-31",
    "sales" : 992.52,
    "salesGrowthYoY" : 18.44,
    "grossProfitMargin" : 35.85,
    "grossProfit" : 355.82,
    "operatingProfitMargin" : 18.10,
    "operatingProfit" : 179.65,
    "netProfitMargin" : 13.99,
    "netProfit" : 138.85
  }, {
    "date" : "2011-03-31",
    "sales" : 1041.06,
    "salesGrowthYoY" : 31.20,
    "grossProfitMargin" : 34.89,
    "grossProfit" : 363.23,
    "operatingProfitMargin" : 17.14,
    "operatingProfit" : 178.44,
    "netProfitMargin" : 13.83,
    "netProfit" : 143.98
  }, {
    "date" : "2011-06-30",
    "sales" : 1033.49,
    "salesGrowthYoY" : 11.37,
    "grossProfitMargin" : 34.94,
    "grossProfit" : 361.10,
    "operatingProfitMargin" : 16.83,
    "operatingProfit" : 173.94,
    "netProfitMargin" : 13.52,
    "netProfit" : 139.73
  }, {
    "date" : "2011-09-30",
    "sales" : 1080.98,
    "salesGrowthYoY" : -0.96,
    "grossProfitMargin" : 33.91,
    "grossProfit" : 366.56,
    "operatingProfitMargin" : 15.48,
    "operatingProfit" : 167.34,
    "netProfitMargin" : 11.89,
    "netProfit" : 128.53
  }, {
    "date" : "2011-12-31",
    "sales" : 962.37,
    "salesGrowthYoY" : -3.04,
    "grossProfitMargin" : 36.99,
    "grossProfit" : 355.98,
    "operatingProfitMargin" : 16.75,
    "operatingProfit" : 161.20,
    "netProfitMargin" : 14.65,
    "netProfit" : 140.99
  }, {
    "date" : "2012-03-31",
    "sales" : 1040.38,
    "salesGrowthYoY" : -0.07,
    "grossProfitMargin" : 37.32,
    "grossProfit" : 388.27,
    "operatingProfitMargin" : 18.72,
    "operatingProfit" : 194.76,
    "netProfitMargin" : 13.90,
    "netProfit" : 144.61
  }, {
    "date" : "2012-06-30",
    "sales" : 1258.75,
    "salesGrowthYoY" : 21.80,
    "grossProfitMargin" : 36.67,
    "grossProfit" : 461.58,
    "operatingProfitMargin" : 18.47,
    "operatingProfit" : 232.49,
    "netProfitMargin" : 14.34,
    "netProfit" : 180.50
  }, {
    "date" : "2012-09-30",
    "sales" : 1086.90,
    "salesGrowthYoY" : 0.55,
    "grossProfitMargin" : 37.46,
    "grossProfit" : 407.15,
    "operatingProfitMargin" : 18.39,
    "operatingProfit" : 199.88,
    "netProfitMargin" : 14.81,
    "netProfit" : 160.97
  }, {
    "date" : "2012-12-31",
    "sales" : 1089.46,
    "salesGrowthYoY" : 13.21,
    "grossProfitMargin" : 37.31,
    "grossProfit" : 406.48,
    "operatingProfitMargin" : 19.15,
    "operatingProfit" : 208.63,
    "netProfitMargin" : 18.19,
    "netProfit" : 198.17
  }, {
    "date" : "2013-03-31",
    "sales" : 1154.28,
    "salesGrowthYoY" : 10.95,
    "grossProfitMargin" : 36.97,
    "grossProfit" : 426.74,
    "operatingProfitMargin" : 16.79,
    "operatingProfit" : 193.80,
    "netProfitMargin" : 16.33,
    "netProfit" : 188.49
  }, {
    "date" : "2013-06-30",
    "sales" : 1049.33,
    "salesGrowthYoY" : -16.64,
    "grossProfitMargin" : 37.64,
    "grossProfit" : 394.97,
    "operatingProfitMargin" : 16.73,
    "operatingProfit" : 175.55,
    "netProfitMargin" : 15.84,
    "netProfit" : 166.21
  }, {
    "date" : "2013-09-30",
    "sales" : 932.71,
    "salesGrowthYoY" : -14.19,
    "grossProfitMargin" : 39.92,
    "grossProfit" : 372.34,
    "operatingProfitMargin" : 16.37,
    "operatingProfit" : 152.68,
    "netProfitMargin" : 15.53,
    "netProfit" : 144.85
  }, {
    "date" : "2013-12-31",
    "sales" : 1023.01,
    "salesGrowthYoY" : -6.10,
    "grossProfitMargin" : 39.99,
    "grossProfit" : 409.10,
    "operatingProfitMargin" : 19.31,
    "operatingProfit" : 197.54,
    "netProfitMargin" : 14.39,
    "netProfit" : 147.21
  }, {
    "date" : "2014-03-31",
    "sales" : 971.62,
    "salesGrowthYoY" : -15.82,
    "grossProfitMargin" : 38.71,
    "grossProfit" : 376.11,
    "operatingProfitMargin" : 17.59,
    "operatingProfit" : 170.91,
    "netProfitMargin" : 14.59,
    "netProfit" : 141.76
  }, {
    "date" : "2014-06-30",
    "sales" : 1045.14,
    "salesGrowthYoY" : -0.40,
    "grossProfitMargin" : 39.41,
    "grossProfit" : 411.89,
    "operatingProfitMargin" : 17.14,
    "operatingProfit" : 179.14,
    "netProfitMargin" : 20.28,
    "netProfit" : 211.95
  }, {
    "date" : "2014-09-30",
    "sales" : 1144.06,
    "salesGrowthYoY" : 22.66,
    "grossProfitMargin" : 38.31,
    "grossProfit" : 438.29,
    "operatingProfitMargin" : 16.54,
    "operatingProfit" : 189.23,
    "netProfitMargin" : 17.69,
    "netProfit" : 202.38
  }, {
    "date" : "2014-12-31",
    "sales" : 1083.09,
    "salesGrowthYoY" : 5.87,
    "grossProfitMargin" : 38.36,
    "grossProfit" : 415.47,
    "operatingProfitMargin" : 17.38,
    "operatingProfit" : 188.24,
    "netProfitMargin" : 16.71,
    "netProfit" : 180.98
  }, {
    "date" : "2015-03-31",
    "sales" : 1133.51,
    "salesGrowthYoY" : 16.66,
    "grossProfitMargin" : 37.18,
    "grossProfit" : 421.44,
    "operatingProfitMargin" : 15.46,
    "operatingProfit" : 175.24,
    "netProfitMargin" : 16.80,
    "netProfit" : 190.43
  }, {
    "date" : "2015-06-30",
    "sales" : 1310.06,
    "salesGrowthYoY" : 25.35,
    "grossProfitMargin" : 36.65,
    "grossProfit" : 480.14,
    "operatingProfitMargin" : 16.92,
    "operatingProfit" : 221.66,
    "netProfitMargin" : 16.13,
    "netProfit" : 211.31
  }, {
    "date" : "2015-09-30",
    "sales" : 1194.64,
    "salesGrowthYoY" : 4.42,
    "grossProfitMargin" : 37.76,
    "grossProfit" : 451.10,
    "operatingProfitMargin" : 16.90,
    "operatingProfit" : 201.89,
    "netProfitMargin" : 16.57,
    "netProfit" : 197.95
  }, {
    "date" : "2015-12-31",
    "sales" : 1138.22,
    "salesGrowthYoY" : 5.09,
    "grossProfitMargin" : 35.76,
    "grossProfit" : 407.03,
    "operatingProfitMargin" : 15.17,
    "operatingProfit" : 172.67,
    "netProfitMargin" : 15.64,
    "netProfit" : 178.02
  }, {
    "date" : "2016-03-31",
    "sales" : 1065.90,
    "salesGrowthYoY" : -5.96,
    "grossProfitMargin" : 38.31,
    "grossProfit" : 408.35,
    "operatingProfitMargin" : 16.78,
    "operatingProfit" : 178.86,
    "netProfitMargin" : 15.67,
    "netProfit" : 167.03
  }, {
    "date" : "2016-06-30",
    "sales" : 1258.99,
    "salesGrowthYoY" : -3.90,
    "grossProfitMargin" : 36.22,
    "grossProfit" : 456.01,
    "operatingProfitMargin" : 16.39,
    "operatingProfit" : 206.35,
    "netProfitMargin" : 14.39,
    "netProfit" : 181.17
  }, {
    "date" : "2016-09-30",
    "sales" : 1278.97,
    "salesGrowthYoY" : 7.06,
    "grossProfitMargin" : 35.22,
    "grossProfit" : 450.45,
    "operatingProfitMargin" : 15.56,
    "operatingProfit" : 199.01,
    "netProfitMargin" : 15.40,
    "netProfit" : 196.96
  }, {
    "date" : "2016-12-31",
    "sales" : 1355.00,
    "salesGrowthYoY" : 19.05,
    "grossProfitMargin" : 35.63,
    "grossProfit" : 482.79,
    "operatingProfitMargin" : 16.71,
    "operatingProfit" : 226.42,
    "netProfitMargin" : 14.62,
    "netProfit" : 198.10
  }, {
    "date" : "2017-03-31",
    "sales" : 1184.38,
    "salesGrowthYoY" : 11.12,
    "grossProfitMargin" : 34.93,
    "grossProfit" : 413.70,
    "operatingProfitMargin" : 14.35,
    "operatingProfit" : 169.96,
    "netProfitMargin" : 13.38,
    "netProfit" : 158.47
  }, {
    "date" : "2017-06-30",
    "sales" : 1340.78,
    "salesGrowthYoY" : 6.50,
    "grossProfitMargin" : 34.95,
    "grossProfit" : 468.60,
    "operatingProfitMargin" : 14.56,
    "operatingProfit" : 195.22,
    "netProfitMargin" : 13.30,
    "netProfit" : 178.32
  }, {
    "date" : "2017-09-30",
    "sales" : 1153.85,
    "salesGrowthYoY" : -9.78,
    "grossProfitMargin" : 36.89,
    "grossProfit" : 425.66,
    "operatingProfitMargin" : 14.51,
    "operatingProfit" : 167.42,
    "netProfitMargin" : 13.25,
    "netProfit" : 152.89
  }, {
    "date" : "2017-12-31",
    "sales" : 1354.67,
    "salesGrowthYoY" : -0.02,
    "grossProfitMargin" : 36.91,
    "grossProfit" : 500.01,
    "operatingProfitMargin" : 14.52,
    "operatingProfit" : 196.70,
    "netProfitMargin" : 12.71,
    "netProfit" : 172.18
  }, {
    "date" : "2018-03-31",
    "sales" : 1233.20,
    "salesGrowthYoY" : 4.12,
    "grossProfitMargin" : 34.88,
    "grossProfit" : 430.14,
    "operatingProfitMargin" : 14.03,
    "operatingProfit" : 173.02,
    "netProfitMargin" : 13.07,
    "netProfit" : 161.18
  }, {
    "date" : "2018-06-30",
    "sales" : 1327.95,
    "salesGrowthYoY" : -0.96,
    "grossProfitMargin" : 37.27,
    "grossProfit" : 494.93,
    "operatingProfitMargin" : 16.16,
    "operatingProfit" : 214.60,
    "netProfitMargin" : 13.78,
    "netProfit" : 182.99
  }, {
    "date" : "2018-09-30",
    "sales" : 1486.93,
    "salesGrowthYoY" : 28.87,
    "grossProfitMargin" : 38.01,
    "grossProfit" : 565.18,
    "operatingProfitMargin" : 16.87,
    "operatingProfit" : 250.85,
    "netProfitMargin" : 14.23,
    "netProfit" : 211.59
  }, {
    "date" : "2018-12-31",
    "sales" : 1503.75,
    "salesGrowthYoY" : 11.00,
    "grossProfitMargin" : 35.02,
    "grossProfit" : 526.61,
    "operatingProfitMargin" : 15.08,
    "operatingProfit" : 226.77,
    "netProfitMargin" : 12.44,
    "netProfit" : 187.07
  }, {
    "date" : "2019-03-31",
    "sales" : 1340.37,
    "salesGrowthYoY" : 8.69,
    "grossProfitMargin" : 34.22,
    "grossProfit" : 458.67,
    "operatingProfitMargin" : 12.82,
    "operatingProfit" : 171.84,
    "netProfitMargin" : 10.51,
    "netProfit" : 140.87
  }, {
    "date" : "2019-06-30",
    "sales" : 1343.04,
    "salesGrowthYoY" : 1.14,
    "grossProfitMargin" : 34.02,
    "grossProfit" : 456.90,
    "operatingProfitMargin" : 11.27,
    "operatingProfit" : 151.36,
    "netProfitMargin" : 10.54,
    "netProfit" : 141.56
  }, {
    "date" : "2019-09-30",
    "sales" : 1308.41,
    "salesGrowthYoY" : -12.01,
    "grossProfitMargin" : 34.93,
    "grossProfit" : 457.03,
    "operatingProfitMargin" : 11.65,
    "operatingProfit" : 152.43,
    "netProfitMargin" : 14.01,
    "netProfit" : 183.31
  }, {
    "date" : "2019-12-31",
    "sales" : 1453.44,
    "salesGrowthYoY" : -3.35,
    "grossProfitMargin" : 34.92,
    "grossProfit" : 507.54,
    "operatingProfitMargin" : 14.84,
    "operatingProfit" : 215.69,
    "netProfitMargin" : 13.68,
    "netProfit" : 198.83
  }, {
    "date" : "2020-03-31",
    "sales" : 1052.84,
    "salesGrowthYoY" : -21.45,
    "grossProfitMargin" : 35.00,
    "grossProfit" : 368.49,
    "operatingProfitMargin" : 6.33,
    "operatingProfit" : 66.64,
    "netProfitMargin" : 11.53,
    "netProfit" : 121.39
  }, {
    "date" : "2020-06-30",
    "sales" : 498.20,
    "salesGrowthYoY" : -62.91,
    "grossProfitMargin" : 41.24,
    "grossProfit" : 205.46,
    "operatingProfitMargin" : 0.58,
    "operatingProfit" : 2.89,
    "netProfitMargin" : 10.55,
    "netProfit" : 52.56
  }, {
    "date" : "2020-09-30",
    "sales" : 1160.19,
    "salesGrowthYoY" : -11.33,
    "grossProfitMargin" : 38.05,
    "grossProfit" : 441.45,
    "operatingProfitMargin" : 14.43,
    "operatingProfit" : 167.42,
    "netProfitMargin" : 12.55,
    "netProfit" : 145.60
  }, {
    "date" : "2020-12-31",
    "sales" : 1424.34,
    "salesGrowthYoY" : -2.00,
    "grossProfitMargin" : 35.68,
    "grossProfit" : 508.20,
    "operatingProfitMargin" : 16.97,
    "operatingProfit" : 241.71,
    "netProfitMargin" : 16.43,
    "netProfit" : 234.02
  }, {
    "date" : "2021-03-31",
    "sales" : 1246.51,
    "salesGrowthYoY" : 18.40,
    "grossProfitMargin" : 33.17,
    "grossProfit" : 413.47,
    "operatingProfitMargin" : 13.44,
    "operatingProfit" : 167.53,
    "netProfitMargin" : 14.90,
    "netProfit" : 185.73
  }, {
    "date" : "2021-06-30",
    "sales" : 1184.49,
    "salesGrowthYoY" : 137.75,
    "grossProfitMargin" : 34.42,
    "grossProfit" : 407.70,
    "operatingProfitMargin" : 12.56,
    "operatingProfit" : 148.77,
    "netProfitMargin" : 11.26,
    "netProfit" : 133.37
  }, {
    "date" : "2021-09-30",
    "sales" : 1727.38,
    "salesGrowthYoY" : 48.89,
    "grossProfitMargin" : 33.01,
    "grossProfit" : 570.21,
    "operatingProfitMargin" : 15.00,
    "operatingProfit" : 259.11,
    "netProfitMargin" : 12.73,
    "netProfit" : 219.90
  }, {
    "date" : "2021-12-31",
    "sales" : 1734.97,
    "salesGrowthYoY" : 21.81,
    "grossProfitMargin" : 33.30,
    "grossProfit" : 577.75,
    "operatingProfitMargin" : 15.59,
    "operatingProfit" : 270.48,
    "netProfitMargin" : 13.89,
    "netProfit" : 240.99
  }, {
    "date" : "2022-03-31",
    "sales" : 1493.56,
    "salesGrowthYoY" : 19.82,
    "grossProfitMargin" : 32.00,
    "grossProfit" : 477.94,
    "operatingProfitMargin" : 13.83,
    "operatingProfit" : 206.56,
    "netProfitMargin" : 12.66,
    "netProfit" : 189.08
  }, {
    "date" : "2022-06-30",
    "sales" : 1686.65,
    "salesGrowthYoY" : 42.39,
    "grossProfitMargin" : 31.10,
    "grossProfit" : 524.55,
    "operatingProfitMargin" : 12.68,
    "operatingProfit" : 213.87,
    "netProfitMargin" : 12.43,
    "netProfit" : 209.65
  }, {
    "date" : "2022-09-30",
    "sales" : 1951.25,
    "salesGrowthYoY" : 12.96,
    "grossProfitMargin" : 31.84,
    "grossProfit" : 621.28,
    "operatingProfitMargin" : 14.89,
    "operatingProfit" : 290.54,
    "netProfitMargin" : 12.93,
    "netProfit" : 252.30
  }, {
    "date" : "2022-12-31",
    "sales" : 2180.53,
    "salesGrowthYoY" : 25.68,
    "grossProfitMargin" : 33.81,
    "grossProfit" : 737.24,
    "operatingProfitMargin" : 18.90,
    "operatingProfit" : 412.12,
    "netProfitMargin" : 16.52,
    "netProfit" : 360.22
  }, {
    "date" : "2023-03-31",
    "sales" : 1926.00,
    "salesGrowthYoY" : 28.95,
    "grossProfitMargin" : 32.74,
    "grossProfit" : 630.57,
    "operatingProfitMargin" : 16.93,
    "operatingProfit" : 326.07,
    "netProfitMargin" : 16.54,
    "netProfit" : 318.56
  }, {
    "date" : "2023-06-30",
    "sales" : 2208.71,
    "salesGrowthYoY" : 30.95,
    "grossProfitMargin" : 32.53,
    "grossProfit" : 718.49,
    "operatingProfitMargin" : 15.42,
    "operatingProfit" : 340.58,
    "netProfitMargin" : 14.29,
    "netProfit" : 315.62
  }, {
    "date" : "2023-09-30",
    "sales" : 1899.68,
    "salesGrowthYoY" : -2.64,
    "grossProfitMargin" : 36.71,
    "grossProfit" : 697.37,
    "operatingProfitMargin" : 17.82,
    "operatingProfit" : 338.52,
    "netProfitMargin" : 17.29,
    "netProfit" : 328.45
  }, {
    "date" : "2023-12-31",
    "sales" : 2534.06,
    "salesGrowthYoY" : 16.21,
    "grossProfitMargin" : 37.04,
    "grossProfit" : 938.62,
    "operatingProfitMargin" : 21.23,
    "operatingProfit" : 537.98,
    "netProfitMargin" : 18.00,
    "netProfit" : 456.13
  }, {
    "date" : "2024-03-31",
    "sales" : 2316.15,
    "salesGrowthYoY" : 20.26,
    "grossProfitMargin" : 36.01,
    "grossProfit" : 834.05,
    "operatingProfitMargin" : 23.50,
    "operatingProfit" : 544.30,
    "netProfitMargin" : 24.24,
    "netProfit" : 561.43
  }, {
    "date" : "2024-06-30",
    "sales" : 2304.19,
    "salesGrowthYoY" : 4.32,
    "grossProfitMargin" : 37.76,
    "grossProfit" : 870.06,
    "operatingProfitMargin" : 20.28,
    "operatingProfit" : 467.29,
    "netProfitMargin" : 18.22,
    "netProfit" : 419.82
  }, {
    "date" : "2024-09-30",
    "sales" : 2492.31,
    "salesGrowthYoY" : 31.20,
    "grossProfitMargin" : 35.78,
    "grossProfit" : 891.75,
    "operatingProfitMargin" : 19.30,
    "operatingProfit" : 481.02,
    "netProfitMargin" : 18.08,
    "netProfit" : 450.61
  }, {
    "date" : "2024-12-31",
    "sales" : 3086.01,
    "salesGrowthYoY" : 21.78,
    "grossProfitMargin" : 34.77,
    "grossProfit" : 1073.01,
    "operatingProfitMargin" : 19.44,
    "operatingProfit" : 599.92,
    "netProfitMargin" : 16.66,
    "netProfit" : 514.13
  }, {
    "date" : "2025-03-31",
    "sales" : 2456.89,
    "salesGrowthYoY" : 6.08,
    "grossProfitMargin" : 37.17,
    "grossProfit" : 913.23,
    "operatingProfitMargin" : 21.15,
    "operatingProfit" : 519.63,
    "netProfitMargin" : 21.22,
    "netProfit" : 521.35
  }, {
    "date" : "2025-06-30",
    "sales" : 2906.82,
    "salesGrowthYoY" : 26.15,
    "grossProfitMargin" : 36.99,
    "grossProfit" : 1075.23,
    "operatingProfitMargin" : 21.45,
    "operatingProfit" : 623.51,
    "netProfitMargin" : 19.11,
    "netProfit" : 555.49
  }, {
    "date" : "2025-09-30",
    "sales" : 3170.27,
    "salesGrowthYoY" : 27.20,
    "grossProfitMargin" : 36.52,
    "grossProfit" : 1157.78,
    "operatingProfitMargin" : 21.92,
    "operatingProfit" : 694.92,
    "netProfitMargin" : 20.11,
    "netProfit" : 637.54
  } ],
  "latestQuarterlyResult" : {
    "date" : "2025-09-30",
    "sales" : 3170.27,
    "salesGrowthYoY" : 27.20,
    "grossProfitMargin" : 36.52,
    "grossProfit" : 1157.78,
    "operatingProfitMargin" : 21.92,
    "operatingProfit" : 694.92,
    "netProfitMargin" : 20.11,
    "netProfit" : 637.54
  },
  "companyScore" : {
    "priceHigherThanDma50" : 5.00,
    "priceHigherThanDma100" : 5.00,
    "priceHigherThanDma200" : 5.00,
    "dma50HigherThanDma100" : 5.00,
    "dma50HigherThanDma200" : 5.00,
    "dma100HigherThanDma200" : 5.00,
    "pricePercentageAboveDma50" : 4.73,
    "pricePercentageAboveDma100" : 4.41,
    "pricePercentageAboveDma200" : 4.02,
    "weeklyVolumeHigherThanYearlyVolume" : 0.00,
    "salesGrowthPercentile" : 15.44,
    "operatingProfitMarginPercentile" : 19.52,
    "netProfitMarginPercentile" : 9.64,
    "totalTechnicalScore" : 43.15,
    "totalFundamentalScore" : 44.60,
    "totalScore" : 87.75
  }
}