{
  "metadata" : {
    "screenerCompanyId" : "766",
    "companyCode" : "DATAMATICS",
    "companyName" : "Datamatics Glob.",
    "screenerCompanyLink" : "https://www.screener.in/company/DATAMATICS/consolidated/",
    "screenerTechnicalHistoryLink" : "https://www.screener.in/api/company/766/chart/?q=Price-DMA50-DMA200-Volume&days=365",
    "screenerQuarterlyResultsLink" : "https://www.screener.in/api/company/766/chart/?q=GPM-OPM-NPM-Quarter+Sales&days=10000",
    "attributes" : {
      "companyCode" : "DATAMATICS",
      "companyName" : "Datamatics Glob.",
      "marketCap" : 4375.00,
      "peRatio" : 20.10,
      "description" : "Datamatics is a Digital Technologies, Digital Operations, and Digital Experiences company that enables enterprises to go Deep in Digital to boost their productivity, customer experience and competitive advantage. Datamatics enables enterprises to combine various relevant Digital Technologies to improve productivity and customer experience to build sustainable competitive advantage[1]"
    },
    "companyScore" : {
      "priceHigherThanDma50" : 0.00,
      "priceHigherThanDma100" : 0.00,
      "priceHigherThanDma200" : 0.00,
      "dma50HigherThanDma100" : 0.00,
      "dma50HigherThanDma200" : 0.00,
      "dma100HigherThanDma200" : 5.00,
      "pricePercentageAboveDma50" : 5.18,
      "pricePercentageAboveDma100" : 5.50,
      "pricePercentageAboveDma200" : 5.27,
      "weeklyVolumeHigherThanYearlyVolume" : 0.00,
      "salesGrowthPercentile" : 3.50,
      "operatingProfitMarginPercentile" : 7.14,
      "netProfitMarginPercentile" : 4.88,
      "totalTechnicalScore" : 20.95,
      "totalFundamentalScore" : 15.52,
      "totalScore" : 36.47
    }
  },
  "attributes" : {
    "companyCode" : "DATAMATICS",
    "companyName" : "Datamatics Glob.",
    "marketCap" : 4375.00,
    "peRatio" : 20.10,
    "description" : "Datamatics is a Digital Technologies, Digital Operations, and Digital Experiences company that enables enterprises to go Deep in Digital to boost their productivity, customer experience and competitive advantage. Datamatics enables enterprises to combine various relevant Digital Technologies to improve productivity and customer experience to build sustainable competitive advantage[1]"
  },
  "technicalHistory" : [ {
    "date" : "2025-02-18",
    "price" : 589.05,
    "dma50" : 630.67,
    "dma100" : null,
    "dma200" : 612.81,
    "volume" : 114712.00
  }, {
    "date" : "2025-02-19",
    "price" : 611.65,
    "dma50" : 629.92,
    "dma100" : null,
    "dma200" : 612.80,
    "volume" : 86199.00
  }, {
    "date" : "2025-02-20",
    "price" : 613.45,
    "dma50" : 629.28,
    "dma100" : null,
    "dma200" : 612.81,
    "volume" : 58291.00
  }, {
    "date" : "2025-02-21",
    "price" : 601.45,
    "dma50" : 628.19,
    "dma100" : null,
    "dma200" : 612.70,
    "volume" : 89358.00
  }, {
    "date" : "2025-02-24",
    "price" : 589.95,
    "dma50" : 626.69,
    "dma100" : null,
    "dma200" : 612.47,
    "volume" : 53340.00
  }, {
    "date" : "2025-02-25",
    "price" : 585.70,
    "dma50" : 625.08,
    "dma100" : null,
    "dma200" : 612.20,
    "volume" : 48236.00
  }, {
    "date" : "2025-02-27",
    "price" : 576.00,
    "dma50" : 623.15,
    "dma100" : null,
    "dma200" : 611.84,
    "volume" : 110334.00
  }, {
    "date" : "2025-02-28",
    "price" : 572.30,
    "dma50" : 621.16,
    "dma100" : null,
    "dma200" : 611.45,
    "volume" : 133225.00
  }, {
    "date" : "2025-03-03",
    "price" : 562.05,
    "dma50" : 618.84,
    "dma100" : null,
    "dma200" : 610.96,
    "volume" : 101562.00
  }, {
    "date" : "2025-03-04",
    "price" : 578.25,
    "dma50" : 617.25,
    "dma100" : null,
    "dma200" : 610.63,
    "volume" : 82212.00
  }, {
    "date" : "2025-03-05",
    "price" : 606.80,
    "dma50" : 616.84,
    "dma100" : null,
    "dma200" : 610.59,
    "volume" : 84850.00
  }, {
    "date" : "2025-03-06",
    "price" : 635.80,
    "dma50" : 617.58,
    "dma100" : null,
    "dma200" : 610.85,
    "volume" : 198477.00
  }, {
    "date" : "2025-03-07",
    "price" : 621.60,
    "dma50" : 617.74,
    "dma100" : null,
    "dma200" : 610.95,
    "volume" : 114672.00
  }, {
    "date" : "2025-03-10",
    "price" : 584.55,
    "dma50" : 616.44,
    "dma100" : null,
    "dma200" : 610.69,
    "volume" : 158713.00
  }, {
    "date" : "2025-03-11",
    "price" : 601.15,
    "dma50" : 615.84,
    "dma100" : null,
    "dma200" : 610.59,
    "volume" : 93088.00
  }, {
    "date" : "2025-03-12",
    "price" : 588.10,
    "dma50" : 614.75,
    "dma100" : null,
    "dma200" : 610.37,
    "volume" : 122822.00
  }, {
    "date" : "2025-03-13",
    "price" : 579.20,
    "dma50" : 613.36,
    "dma100" : null,
    "dma200" : 610.06,
    "volume" : 73323.00
  }, {
    "date" : "2025-03-17",
    "price" : 573.50,
    "dma50" : 611.79,
    "dma100" : null,
    "dma200" : 609.70,
    "volume" : 69804.00
  }, {
    "date" : "2025-03-18",
    "price" : 597.90,
    "dma50" : 611.25,
    "dma100" : null,
    "dma200" : 609.58,
    "volume" : 87712.00
  }, {
    "date" : "2025-03-19",
    "price" : 599.50,
    "dma50" : 610.79,
    "dma100" : null,
    "dma200" : 609.48,
    "volume" : 66665.00
  }, {
    "date" : "2025-03-20",
    "price" : 597.05,
    "dma50" : 610.25,
    "dma100" : null,
    "dma200" : 609.36,
    "volume" : 92388.00
  }, {
    "date" : "2025-03-21",
    "price" : 603.65,
    "dma50" : 609.99,
    "dma100" : null,
    "dma200" : 609.30,
    "volume" : 99015.00
  }, {
    "date" : "2025-03-24",
    "price" : 650.95,
    "dma50" : 611.60,
    "dma100" : null,
    "dma200" : 609.71,
    "volume" : 386195.00
  }, {
    "date" : "2025-03-25",
    "price" : 633.85,
    "dma50" : 612.47,
    "dma100" : null,
    "dma200" : 609.95,
    "volume" : 172661.00
  }, {
    "date" : "2025-03-26",
    "price" : 636.75,
    "dma50" : 613.42,
    "dma100" : null,
    "dma200" : 610.22,
    "volume" : 97180.00
  }, {
    "date" : "2025-03-27",
    "price" : 647.65,
    "dma50" : 614.76,
    "dma100" : null,
    "dma200" : 610.59,
    "volume" : 163404.00
  }, {
    "date" : "2025-03-28",
    "price" : 641.60,
    "dma50" : 615.82,
    "dma100" : null,
    "dma200" : 610.90,
    "volume" : 100478.00
  }, {
    "date" : "2025-04-01",
    "price" : 634.05,
    "dma50" : 616.53,
    "dma100" : null,
    "dma200" : 611.13,
    "volume" : 54675.00
  }, {
    "date" : "2025-04-02",
    "price" : 636.80,
    "dma50" : 617.33,
    "dma100" : null,
    "dma200" : 611.39,
    "volume" : 62902.00
  }, {
    "date" : "2025-04-03",
    "price" : 639.35,
    "dma50" : 618.19,
    "dma100" : null,
    "dma200" : 611.66,
    "volume" : 99507.00
  }, {
    "date" : "2025-04-04",
    "price" : 603.25,
    "dma50" : 617.60,
    "dma100" : null,
    "dma200" : 611.58,
    "volume" : 141679.00
  }, {
    "date" : "2025-04-07",
    "price" : 534.15,
    "dma50" : 614.33,
    "dma100" : null,
    "dma200" : 610.81,
    "volume" : 399819.00
  }, {
    "date" : "2025-04-08",
    "price" : 566.55,
    "dma50" : 612.46,
    "dma100" : null,
    "dma200" : 610.37,
    "volume" : 225857.00
  }, {
    "date" : "2025-04-09",
    "price" : 549.05,
    "dma50" : 609.97,
    "dma100" : null,
    "dma200" : 609.76,
    "volume" : 74062.00
  }, {
    "date" : "2025-04-11",
    "price" : 570.45,
    "dma50" : 608.42,
    "dma100" : null,
    "dma200" : 609.37,
    "volume" : 115917.00
  }, {
    "date" : "2025-04-15",
    "price" : 597.20,
    "dma50" : 607.98,
    "dma100" : null,
    "dma200" : 609.25,
    "volume" : 262099.00
  }, {
    "date" : "2025-04-16",
    "price" : 603.90,
    "dma50" : 607.82,
    "dma100" : null,
    "dma200" : 609.19,
    "volume" : 111773.00
  }, {
    "date" : "2025-04-17",
    "price" : 621.45,
    "dma50" : 608.36,
    "dma100" : null,
    "dma200" : 609.32,
    "volume" : 205450.00
  }, {
    "date" : "2025-04-21",
    "price" : 620.60,
    "dma50" : 608.84,
    "dma100" : null,
    "dma200" : 609.43,
    "volume" : 209978.00
  }, {
    "date" : "2025-04-22",
    "price" : 607.35,
    "dma50" : 608.78,
    "dma100" : null,
    "dma200" : 609.41,
    "volume" : 213173.00
  }, {
    "date" : "2025-04-23",
    "price" : 613.90,
    "dma50" : 608.98,
    "dma100" : null,
    "dma200" : 609.45,
    "volume" : 245483.00
  }, {
    "date" : "2025-04-24",
    "price" : 633.50,
    "dma50" : 609.94,
    "dma100" : null,
    "dma200" : 609.69,
    "volume" : 233751.00
  }, {
    "date" : "2025-04-25",
    "price" : 605.15,
    "dma50" : 609.75,
    "dma100" : null,
    "dma200" : 609.65,
    "volume" : 186964.00
  }, {
    "date" : "2025-04-28",
    "price" : 604.70,
    "dma50" : 609.55,
    "dma100" : null,
    "dma200" : 609.60,
    "volume" : 77521.00
  }, {
    "date" : "2025-04-29",
    "price" : 604.95,
    "dma50" : 609.37,
    "dma100" : null,
    "dma200" : 609.55,
    "volume" : 61813.00
  }, {
    "date" : "2025-04-30",
    "price" : 591.55,
    "dma50" : 608.67,
    "dma100" : null,
    "dma200" : 609.37,
    "volume" : 79745.00
  }, {
    "date" : "2025-05-02",
    "price" : 585.75,
    "dma50" : 607.78,
    "dma100" : null,
    "dma200" : 609.14,
    "volume" : 65698.00
  }, {
    "date" : "2025-05-05",
    "price" : 588.70,
    "dma50" : 607.03,
    "dma100" : null,
    "dma200" : 608.93,
    "volume" : 65859.00
  }, {
    "date" : "2025-05-06",
    "price" : 560.90,
    "dma50" : 605.22,
    "dma100" : null,
    "dma200" : 608.46,
    "volume" : 130287.00
  }, {
    "date" : "2025-05-07",
    "price" : 557.55,
    "dma50" : 603.35,
    "dma100" : null,
    "dma200" : 607.95,
    "volume" : 136040.00
  }, {
    "date" : "2025-05-08",
    "price" : 561.90,
    "dma50" : 601.72,
    "dma100" : null,
    "dma200" : 607.49,
    "volume" : 104757.00
  }, {
    "date" : "2025-05-09",
    "price" : 559.90,
    "dma50" : 600.08,
    "dma100" : null,
    "dma200" : 607.02,
    "volume" : 81524.00
  }, {
    "date" : "2025-05-12",
    "price" : 640.60,
    "dma50" : 601.67,
    "dma100" : null,
    "dma200" : 607.35,
    "volume" : 738712.00
  }, {
    "date" : "2025-05-13",
    "price" : 635.35,
    "dma50" : 602.99,
    "dma100" : null,
    "dma200" : 607.63,
    "volume" : 138955.00
  }, {
    "date" : "2025-05-14",
    "price" : 654.25,
    "dma50" : 605.00,
    "dma100" : null,
    "dma200" : 608.09,
    "volume" : 200780.00
  }, {
    "date" : "2025-05-15",
    "price" : 660.20,
    "dma50" : 607.17,
    "dma100" : null,
    "dma200" : 608.61,
    "volume" : 171625.00
  }, {
    "date" : "2025-05-16",
    "price" : 616.75,
    "dma50" : 607.54,
    "dma100" : null,
    "dma200" : 608.69,
    "volume" : 365095.00
  }, {
    "date" : "2025-05-19",
    "price" : 608.55,
    "dma50" : 607.58,
    "dma100" : null,
    "dma200" : 608.69,
    "volume" : 160512.00
  }, {
    "date" : "2025-05-20",
    "price" : 600.70,
    "dma50" : 607.31,
    "dma100" : null,
    "dma200" : 608.61,
    "volume" : 131624.00
  }, {
    "date" : "2025-05-21",
    "price" : 616.85,
    "dma50" : 607.69,
    "dma100" : null,
    "dma200" : 608.69,
    "volume" : 289903.00
  }, {
    "date" : "2025-05-22",
    "price" : 611.25,
    "dma50" : 607.83,
    "dma100" : null,
    "dma200" : 608.72,
    "volume" : 83878.00
  }, {
    "date" : "2025-05-23",
    "price" : 612.05,
    "dma50" : 607.99,
    "dma100" : null,
    "dma200" : 608.75,
    "volume" : 61636.00
  }, {
    "date" : "2025-05-26",
    "price" : 610.70,
    "dma50" : 608.10,
    "dma100" : null,
    "dma200" : 608.77,
    "volume" : 80869.00
  }, {
    "date" : "2025-05-27",
    "price" : 605.35,
    "dma50" : 607.99,
    "dma100" : null,
    "dma200" : 608.74,
    "volume" : 74507.00
  }, {
    "date" : "2025-05-28",
    "price" : 607.80,
    "dma50" : 607.98,
    "dma100" : null,
    "dma200" : 608.73,
    "volume" : 128668.00
  }, {
    "date" : "2025-05-29",
    "price" : 605.05,
    "dma50" : 607.87,
    "dma100" : null,
    "dma200" : 608.69,
    "volume" : 56061.00
  }, {
    "date" : "2025-05-30",
    "price" : 604.90,
    "dma50" : 607.75,
    "dma100" : null,
    "dma200" : 608.66,
    "volume" : 55284.00
  }, {
    "date" : "2025-06-02",
    "price" : 602.35,
    "dma50" : 607.54,
    "dma100" : null,
    "dma200" : 608.59,
    "volume" : 76725.00
  }, {
    "date" : "2025-06-03",
    "price" : 593.85,
    "dma50" : 607.00,
    "dma100" : null,
    "dma200" : 608.45,
    "volume" : 77500.00
  }, {
    "date" : "2025-06-04",
    "price" : 595.65,
    "dma50" : 606.56,
    "dma100" : null,
    "dma200" : 608.32,
    "volume" : 73935.00
  }, {
    "date" : "2025-06-05",
    "price" : 600.00,
    "dma50" : 606.30,
    "dma100" : null,
    "dma200" : 608.24,
    "volume" : 83853.00
  }, {
    "date" : "2025-06-06",
    "price" : 606.05,
    "dma50" : 606.29,
    "dma100" : null,
    "dma200" : 608.21,
    "volume" : 127746.00
  }, {
    "date" : "2025-06-09",
    "price" : 627.75,
    "dma50" : 607.13,
    "dma100" : null,
    "dma200" : 608.41,
    "volume" : 544995.00
  }, {
    "date" : "2025-06-10",
    "price" : 623.80,
    "dma50" : 607.79,
    "dma100" : null,
    "dma200" : 608.56,
    "volume" : 104715.00
  }, {
    "date" : "2025-06-11",
    "price" : 634.75,
    "dma50" : 608.84,
    "dma100" : null,
    "dma200" : 608.82,
    "volume" : 153014.00
  }, {
    "date" : "2025-06-12",
    "price" : 631.90,
    "dma50" : 609.75,
    "dma100" : null,
    "dma200" : 609.05,
    "volume" : 144427.00
  }, {
    "date" : "2025-06-13",
    "price" : 624.75,
    "dma50" : 610.34,
    "dma100" : null,
    "dma200" : 609.21,
    "volume" : 142557.00
  }, {
    "date" : "2025-06-16",
    "price" : 620.25,
    "dma50" : 610.72,
    "dma100" : null,
    "dma200" : 609.32,
    "volume" : 115150.00
  }, {
    "date" : "2025-06-17",
    "price" : 611.75,
    "dma50" : 610.77,
    "dma100" : null,
    "dma200" : 609.34,
    "volume" : 57866.00
  }, {
    "date" : "2025-06-18",
    "price" : 608.05,
    "dma50" : 610.66,
    "dma100" : null,
    "dma200" : 609.33,
    "volume" : 44718.00
  }, {
    "date" : "2025-06-19",
    "price" : 591.75,
    "dma50" : 609.92,
    "dma100" : null,
    "dma200" : 609.15,
    "volume" : 97772.00
  }, {
    "date" : "2025-06-20",
    "price" : 605.65,
    "dma50" : 609.75,
    "dma100" : null,
    "dma200" : 609.12,
    "volume" : 69764.00
  }, {
    "date" : "2025-06-23",
    "price" : 602.35,
    "dma50" : 609.46,
    "dma100" : null,
    "dma200" : 609.05,
    "volume" : 79914.00
  }, {
    "date" : "2025-06-24",
    "price" : 608.00,
    "dma50" : 609.40,
    "dma100" : null,
    "dma200" : 609.04,
    "volume" : 63863.00
  }, {
    "date" : "2025-06-25",
    "price" : 621.35,
    "dma50" : 609.87,
    "dma100" : null,
    "dma200" : 609.16,
    "volume" : 92710.00
  }, {
    "date" : "2025-06-26",
    "price" : 628.45,
    "dma50" : 610.60,
    "dma100" : null,
    "dma200" : 609.36,
    "volume" : 121348.00
  }, {
    "date" : "2025-06-27",
    "price" : 620.45,
    "dma50" : 610.99,
    "dma100" : null,
    "dma200" : 609.47,
    "volume" : 98353.00
  }, {
    "date" : "2025-06-30",
    "price" : 626.05,
    "dma50" : 611.58,
    "dma100" : null,
    "dma200" : 609.63,
    "volume" : 46221.00
  }, {
    "date" : "2025-07-01",
    "price" : 621.60,
    "dma50" : 611.97,
    "dma100" : null,
    "dma200" : 609.75,
    "volume" : 47604.00
  }, {
    "date" : "2025-07-02",
    "price" : 625.50,
    "dma50" : 612.50,
    "dma100" : null,
    "dma200" : 609.91,
    "volume" : 93305.00
  }, {
    "date" : "2025-07-03",
    "price" : 622.60,
    "dma50" : 612.90,
    "dma100" : null,
    "dma200" : 610.03,
    "volume" : 37957.00
  }, {
    "date" : "2025-07-04",
    "price" : 647.20,
    "dma50" : 614.24,
    "dma100" : null,
    "dma200" : 610.40,
    "volume" : 198697.00
  }, {
    "date" : "2025-07-07",
    "price" : 661.40,
    "dma50" : 616.09,
    "dma100" : null,
    "dma200" : 610.91,
    "volume" : 418513.00
  }, {
    "date" : "2025-07-08",
    "price" : 669.05,
    "dma50" : 618.17,
    "dma100" : null,
    "dma200" : 611.49,
    "volume" : 284188.00
  }, {
    "date" : "2025-07-09",
    "price" : 667.30,
    "dma50" : 620.09,
    "dma100" : null,
    "dma200" : 612.04,
    "volume" : 148137.00
  }, {
    "date" : "2025-07-10",
    "price" : 673.10,
    "dma50" : 622.17,
    "dma100" : null,
    "dma200" : 612.65,
    "volume" : 132298.00
  }, {
    "date" : "2025-07-11",
    "price" : 732.15,
    "dma50" : 626.49,
    "dma100" : null,
    "dma200" : 613.84,
    "volume" : 3736501.00
  }, {
    "date" : "2025-07-14",
    "price" : 735.95,
    "dma50" : 630.78,
    "dma100" : null,
    "dma200" : 615.06,
    "volume" : 1380715.00
  }, {
    "date" : "2025-07-15",
    "price" : 746.75,
    "dma50" : 635.33,
    "dma100" : null,
    "dma200" : 616.37,
    "volume" : 387583.00
  }, {
    "date" : "2025-07-16",
    "price" : 758.10,
    "dma50" : 640.14,
    "dma100" : null,
    "dma200" : 617.78,
    "volume" : 335355.00
  }, {
    "date" : "2025-07-17",
    "price" : 762.90,
    "dma50" : 644.96,
    "dma100" : 616.42,
    "dma200" : 619.22,
    "volume" : 323563.00
  }, {
    "date" : "2025-07-18",
    "price" : 770.75,
    "dma50" : 649.89,
    "dma100" : 618.01,
    "dma200" : 620.73,
    "volume" : 355224.00
  }, {
    "date" : "2025-07-21",
    "price" : 773.90,
    "dma50" : 654.75,
    "dma100" : 619.61,
    "dma200" : 622.25,
    "volume" : 361781.00
  }, {
    "date" : "2025-07-22",
    "price" : 774.35,
    "dma50" : 659.44,
    "dma100" : 621.34,
    "dma200" : 623.77,
    "volume" : 634860.00
  }, {
    "date" : "2025-07-23",
    "price" : 846.25,
    "dma50" : 666.77,
    "dma100" : 623.91,
    "dma200" : 625.98,
    "volume" : 4859899.00
  }, {
    "date" : "2025-07-24",
    "price" : 888.45,
    "dma50" : 675.46,
    "dma100" : 626.93,
    "dma200" : 628.59,
    "volume" : 8579058.00
  }, {
    "date" : "2025-07-25",
    "price" : 879.55,
    "dma50" : 683.46,
    "dma100" : 629.97,
    "dma200" : 631.09,
    "volume" : 2206019.00
  }, {
    "date" : "2025-07-28",
    "price" : 924.10,
    "dma50" : 692.90,
    "dma100" : 633.49,
    "dma200" : 634.00,
    "volume" : 1006981.00
  }, {
    "date" : "2025-07-29",
    "price" : 938.30,
    "dma50" : 702.52,
    "dma100" : 637.25,
    "dma200" : 637.03,
    "volume" : 794784.00
  }, {
    "date" : "2025-07-30",
    "price" : 937.95,
    "dma50" : 711.76,
    "dma100" : 640.85,
    "dma200" : 640.03,
    "volume" : 260283.00
  }, {
    "date" : "2025-07-31",
    "price" : 980.55,
    "dma50" : 722.30,
    "dma100" : 644.58,
    "dma200" : 643.41,
    "volume" : 607828.00
  }, {
    "date" : "2025-08-01",
    "price" : 1004.45,
    "dma50" : 733.36,
    "dma100" : 648.27,
    "dma200" : 647.01,
    "volume" : 1003167.00
  }, {
    "date" : "2025-08-04",
    "price" : 1018.10,
    "dma50" : 744.53,
    "dma100" : 652.24,
    "dma200" : 650.70,
    "volume" : 329818.00
  }, {
    "date" : "2025-08-05",
    "price" : 1052.75,
    "dma50" : 756.62,
    "dma100" : 656.92,
    "dma200" : 654.70,
    "volume" : 398557.00
  }, {
    "date" : "2025-08-06",
    "price" : 1050.40,
    "dma50" : 768.14,
    "dma100" : 661.41,
    "dma200" : 658.64,
    "volume" : 438330.00
  }, {
    "date" : "2025-08-07",
    "price" : 1083.80,
    "dma50" : 780.52,
    "dma100" : 666.37,
    "dma200" : 662.87,
    "volume" : 1248891.00
  }, {
    "date" : "2025-08-08",
    "price" : 989.25,
    "dma50" : 788.70,
    "dma100" : 670.47,
    "dma200" : 666.12,
    "volume" : 448912.00
  }, {
    "date" : "2025-08-11",
    "price" : 1016.95,
    "dma50" : 797.65,
    "dma100" : 674.90,
    "dma200" : 669.61,
    "volume" : 912079.00
  }, {
    "date" : "2025-08-12",
    "price" : 1058.40,
    "dma50" : 807.88,
    "dma100" : 679.51,
    "dma200" : 673.47,
    "volume" : 362534.00
  }, {
    "date" : "2025-08-13",
    "price" : 1003.20,
    "dma50" : 815.54,
    "dma100" : 683.54,
    "dma200" : 676.76,
    "volume" : 399716.00
  }, {
    "date" : "2025-08-14",
    "price" : 956.60,
    "dma50" : 821.07,
    "dma100" : 687.14,
    "dma200" : 679.54,
    "volume" : 439064.00
  }, {
    "date" : "2025-08-18",
    "price" : 856.65,
    "dma50" : 822.46,
    "dma100" : 689.67,
    "dma200" : 681.30,
    "volume" : 721417.00
  }, {
    "date" : "2025-08-19",
    "price" : 914.85,
    "dma50" : 826.09,
    "dma100" : 692.31,
    "dma200" : 683.63,
    "volume" : 763397.00
  }, {
    "date" : "2025-08-20",
    "price" : 926.90,
    "dma50" : 830.04,
    "dma100" : 695.24,
    "dma200" : 686.05,
    "volume" : 369226.00
  }, {
    "date" : "2025-08-21",
    "price" : 941.70,
    "dma50" : 834.42,
    "dma100" : 698.29,
    "dma200" : 688.59,
    "volume" : 256735.00
  }, {
    "date" : "2025-08-22",
    "price" : 980.20,
    "dma50" : 840.14,
    "dma100" : 701.61,
    "dma200" : 691.49,
    "volume" : 1031155.00
  }, {
    "date" : "2025-08-25",
    "price" : 1003.75,
    "dma50" : 846.55,
    "dma100" : 705.24,
    "dma200" : 694.60,
    "volume" : 359628.00
  }, {
    "date" : "2025-08-26",
    "price" : 998.25,
    "dma50" : 852.50,
    "dma100" : 708.88,
    "dma200" : 697.62,
    "volume" : 293597.00
  }, {
    "date" : "2025-08-28",
    "price" : 977.85,
    "dma50" : 857.42,
    "dma100" : 712.29,
    "dma200" : 700.41,
    "volume" : 211180.00
  }, {
    "date" : "2025-08-29",
    "price" : 1010.35,
    "dma50" : 863.41,
    "dma100" : 716.00,
    "dma200" : 703.49,
    "volume" : 769404.00
  }, {
    "date" : "2025-09-01",
    "price" : 1021.20,
    "dma50" : 869.60,
    "dma100" : 720.18,
    "dma200" : 706.65,
    "volume" : 748300.00
  }, {
    "date" : "2025-09-02",
    "price" : 990.40,
    "dma50" : 874.34,
    "dma100" : 724.74,
    "dma200" : 709.48,
    "volume" : 608636.00
  }, {
    "date" : "2025-09-03",
    "price" : 1013.40,
    "dma50" : 879.79,
    "dma100" : 729.21,
    "dma200" : 712.50,
    "volume" : 638960.00
  }, {
    "date" : "2025-09-04",
    "price" : 1016.40,
    "dma50" : 885.15,
    "dma100" : 733.88,
    "dma200" : 715.53,
    "volume" : 367712.00
  }, {
    "date" : "2025-09-05",
    "price" : 966.50,
    "dma50" : 888.34,
    "dma100" : 737.84,
    "dma200" : 718.02,
    "volume" : 658974.00
  }, {
    "date" : "2025-09-08",
    "price" : 933.80,
    "dma50" : 890.12,
    "dma100" : 741.21,
    "dma200" : 720.17,
    "volume" : 352885.00
  }, {
    "date" : "2025-09-09",
    "price" : 921.80,
    "dma50" : 891.37,
    "dma100" : 744.39,
    "dma200" : 722.18,
    "volume" : 305734.00
  }, {
    "date" : "2025-09-10",
    "price" : 926.00,
    "dma50" : 892.72,
    "dma100" : 747.43,
    "dma200" : 724.20,
    "volume" : 452701.00
  }, {
    "date" : "2025-09-11",
    "price" : 907.10,
    "dma50" : 893.29,
    "dma100" : 750.30,
    "dma200" : 726.02,
    "volume" : 206557.00
  }, {
    "date" : "2025-09-12",
    "price" : 918.80,
    "dma50" : 894.29,
    "dma100" : 753.41,
    "dma200" : 727.94,
    "volume" : 229649.00
  }, {
    "date" : "2025-09-15",
    "price" : 918.80,
    "dma50" : 895.25,
    "dma100" : 756.46,
    "dma200" : 729.84,
    "volume" : 118275.00
  }, {
    "date" : "2025-09-16",
    "price" : 912.50,
    "dma50" : 895.93,
    "dma100" : 759.25,
    "dma200" : 731.66,
    "volume" : 138903.00
  }, {
    "date" : "2025-09-17",
    "price" : 909.70,
    "dma50" : 896.47,
    "dma100" : 762.30,
    "dma200" : 733.43,
    "volume" : 96185.00
  }, {
    "date" : "2025-09-18",
    "price" : 888.10,
    "dma50" : 896.14,
    "dma100" : 765.13,
    "dma200" : 734.97,
    "volume" : 187266.00
  }, {
    "date" : "2025-09-19",
    "price" : 904.70,
    "dma50" : 896.47,
    "dma100" : 768.13,
    "dma200" : 736.66,
    "volume" : 203982.00
  }, {
    "date" : "2025-09-22",
    "price" : 874.80,
    "dma50" : 895.62,
    "dma100" : 770.96,
    "dma200" : 738.03,
    "volume" : 143300.00
  }, {
    "date" : "2025-09-23",
    "price" : 858.90,
    "dma50" : 894.18,
    "dma100" : 773.69,
    "dma200" : 739.24,
    "volume" : 120303.00
  }, {
    "date" : "2025-09-24",
    "price" : 900.40,
    "dma50" : 894.43,
    "dma100" : 776.81,
    "dma200" : 740.84,
    "volume" : 445406.00
  }, {
    "date" : "2025-09-25",
    "price" : 877.30,
    "dma50" : 893.76,
    "dma100" : 779.97,
    "dma200" : 742.20,
    "volume" : 255599.00
  }, {
    "date" : "2025-09-26",
    "price" : 853.30,
    "dma50" : 892.17,
    "dma100" : 782.93,
    "dma200" : 743.30,
    "volume" : 187692.00
  }, {
    "date" : "2025-09-29",
    "price" : 856.20,
    "dma50" : 890.76,
    "dma100" : 785.87,
    "dma200" : 744.43,
    "volume" : 224167.00
  }, {
    "date" : "2025-09-30",
    "price" : 837.90,
    "dma50" : 888.69,
    "dma100" : 788.65,
    "dma200" : 745.36,
    "volume" : 125859.00
  }, {
    "date" : "2025-10-01",
    "price" : 854.45,
    "dma50" : 887.34,
    "dma100" : 790.79,
    "dma200" : 746.44,
    "volume" : 108005.00
  }, {
    "date" : "2025-10-03",
    "price" : 887.60,
    "dma50" : 887.35,
    "dma100" : 793.32,
    "dma200" : 747.85,
    "volume" : 261029.00
  }, {
    "date" : "2025-10-06",
    "price" : 872.80,
    "dma50" : 886.78,
    "dma100" : 795.50,
    "dma200" : 749.09,
    "volume" : 137876.00
  }, {
    "date" : "2025-10-07",
    "price" : 870.35,
    "dma50" : 886.14,
    "dma100" : 797.60,
    "dma200" : 750.30,
    "volume" : 76395.00
  }, {
    "date" : "2025-10-08",
    "price" : 866.20,
    "dma50" : 885.36,
    "dma100" : 800.10,
    "dma200" : 751.45,
    "volume" : 69146.00
  }, {
    "date" : "2025-10-09",
    "price" : 874.85,
    "dma50" : 884.94,
    "dma100" : 802.76,
    "dma200" : 752.68,
    "volume" : 132800.00
  }, {
    "date" : "2025-10-10",
    "price" : 883.40,
    "dma50" : 884.88,
    "dma100" : 805.59,
    "dma200" : 753.98,
    "volume" : 150115.00
  }, {
    "date" : "2025-10-13",
    "price" : 857.10,
    "dma50" : 883.79,
    "dma100" : 807.99,
    "dma200" : 755.00,
    "volume" : 88290.00
  }, {
    "date" : "2025-10-14",
    "price" : 863.50,
    "dma50" : 883.00,
    "dma100" : 810.51,
    "dma200" : 756.08,
    "volume" : 275948.00
  }, {
    "date" : "2025-10-15",
    "price" : 881.60,
    "dma50" : 882.94,
    "dma100" : 813.21,
    "dma200" : 757.33,
    "volume" : 122875.00
  }, {
    "date" : "2025-10-16",
    "price" : 883.10,
    "dma50" : 882.95,
    "dma100" : 815.93,
    "dma200" : 758.58,
    "volume" : 95757.00
  }, {
    "date" : "2025-10-17",
    "price" : 844.55,
    "dma50" : 881.44,
    "dma100" : 818.32,
    "dma200" : 759.44,
    "volume" : 148771.00
  }, {
    "date" : "2025-10-20",
    "price" : 855.35,
    "dma50" : 880.42,
    "dma100" : 820.80,
    "dma200" : 760.39,
    "volume" : 117248.00
  }, {
    "date" : "2025-10-21",
    "price" : 864.40,
    "dma50" : 879.79,
    "dma100" : 823.39,
    "dma200" : 761.43,
    "volume" : 35556.00
  }, {
    "date" : "2025-10-23",
    "price" : 892.55,
    "dma50" : 880.29,
    "dma100" : 826.27,
    "dma200" : 762.73,
    "volume" : 739081.00
  }, {
    "date" : "2025-10-24",
    "price" : 903.60,
    "dma50" : 881.21,
    "dma100" : 829.28,
    "dma200" : 764.13,
    "volume" : 256524.00
  }, {
    "date" : "2025-10-27",
    "price" : 917.70,
    "dma50" : 882.64,
    "dma100" : 832.52,
    "dma200" : 765.66,
    "volume" : 225132.00
  }, {
    "date" : "2025-10-28",
    "price" : 924.40,
    "dma50" : 884.28,
    "dma100" : 835.81,
    "dma200" : 767.24,
    "volume" : 176093.00
  }, {
    "date" : "2025-10-29",
    "price" : 969.70,
    "dma50" : 887.63,
    "dma100" : 839.50,
    "dma200" : 769.26,
    "volume" : 610704.00
  }, {
    "date" : "2025-10-30",
    "price" : 977.15,
    "dma50" : 891.14,
    "dma100" : 843.22,
    "dma200" : 771.33,
    "volume" : 492717.00
  }, {
    "date" : "2025-10-31",
    "price" : 934.25,
    "dma50" : 892.83,
    "dma100" : 846.28,
    "dma200" : 772.95,
    "volume" : 897083.00
  }, {
    "date" : "2025-11-03",
    "price" : 921.10,
    "dma50" : 893.94,
    "dma100" : 849.25,
    "dma200" : 774.42,
    "volume" : 318640.00
  }, {
    "date" : "2025-11-04",
    "price" : 920.60,
    "dma50" : 894.98,
    "dma100" : 852.11,
    "dma200" : 775.88,
    "volume" : 184515.00
  }, {
    "date" : "2025-11-06",
    "price" : 902.00,
    "dma50" : 895.26,
    "dma100" : 854.81,
    "dma200" : 777.13,
    "volume" : 243525.00
  }, {
    "date" : "2025-11-07",
    "price" : 887.05,
    "dma50" : 894.93,
    "dma100" : 857.44,
    "dma200" : 778.22,
    "volume" : 221746.00
  }, {
    "date" : "2025-11-10",
    "price" : 877.85,
    "dma50" : 894.26,
    "dma100" : 860.01,
    "dma200" : 779.22,
    "volume" : 108504.00
  }, {
    "date" : "2025-11-11",
    "price" : 865.60,
    "dma50" : 893.14,
    "dma100" : 862.55,
    "dma200" : 780.07,
    "volume" : 66872.00
  }, {
    "date" : "2025-11-12",
    "price" : 879.45,
    "dma50" : 892.60,
    "dma100" : 865.26,
    "dma200" : 781.06,
    "volume" : 161481.00
  }, {
    "date" : "2025-11-13",
    "price" : 897.10,
    "dma50" : 892.78,
    "dma100" : 868.32,
    "dma200" : 782.22,
    "volume" : 225741.00
  }, {
    "date" : "2025-11-14",
    "price" : 879.15,
    "dma50" : 892.25,
    "dma100" : 871.05,
    "dma200" : 783.18,
    "volume" : 106130.00
  }, {
    "date" : "2025-11-17",
    "price" : 901.35,
    "dma50" : 892.60,
    "dma100" : 874.04,
    "dma200" : 784.36,
    "volume" : 431656.00
  }, {
    "date" : "2025-11-18",
    "price" : 895.35,
    "dma50" : 892.71,
    "dma100" : 876.92,
    "dma200" : 785.46,
    "volume" : 100132.00
  }, {
    "date" : "2025-11-19",
    "price" : 900.05,
    "dma50" : 893.00,
    "dma100" : 879.70,
    "dma200" : 786.60,
    "volume" : 60686.00
  }, {
    "date" : "2025-11-20",
    "price" : 892.35,
    "dma50" : 892.97,
    "dma100" : 882.34,
    "dma200" : 787.66,
    "volume" : 112862.00
  }, {
    "date" : "2025-11-21",
    "price" : 863.70,
    "dma50" : 891.82,
    "dma100" : 884.78,
    "dma200" : 788.41,
    "volume" : 97355.00
  }, {
    "date" : "2025-11-24",
    "price" : 850.85,
    "dma50" : 890.22,
    "dma100" : 887.02,
    "dma200" : 789.03,
    "volume" : 99426.00
  }, {
    "date" : "2025-11-25",
    "price" : 845.15,
    "dma50" : 888.45,
    "dma100" : 889.26,
    "dma200" : 789.59,
    "volume" : 107893.00
  }, {
    "date" : "2025-11-26",
    "price" : 854.00,
    "dma50" : 887.10,
    "dma100" : 891.54,
    "dma200" : 790.23,
    "volume" : 57984.00
  }, {
    "date" : "2025-11-27",
    "price" : 840.65,
    "dma50" : 885.28,
    "dma100" : 893.72,
    "dma200" : 790.73,
    "volume" : 86889.00
  }, {
    "date" : "2025-11-28",
    "price" : 842.35,
    "dma50" : 883.59,
    "dma100" : 895.68,
    "dma200" : 791.25,
    "volume" : 61117.00
  }, {
    "date" : "2025-12-01",
    "price" : 843.85,
    "dma50" : 882.04,
    "dma100" : 897.50,
    "dma200" : 791.77,
    "volume" : 118834.00
  }, {
    "date" : "2025-12-02",
    "price" : 830.15,
    "dma50" : 880.00,
    "dma100" : 899.11,
    "dma200" : 792.15,
    "volume" : 61984.00
  }, {
    "date" : "2025-12-03",
    "price" : 841.70,
    "dma50" : 878.50,
    "dma100" : 900.86,
    "dma200" : 792.65,
    "volume" : 102706.00
  }, {
    "date" : "2025-12-04",
    "price" : 835.30,
    "dma50" : 876.81,
    "dma100" : 902.48,
    "dma200" : 793.07,
    "volume" : 56763.00
  }, {
    "date" : "2025-12-05",
    "price" : 837.30,
    "dma50" : 875.26,
    "dma100" : 903.53,
    "dma200" : 793.51,
    "volume" : 50399.00
  }, {
    "date" : "2025-12-08",
    "price" : 799.90,
    "dma50" : 872.30,
    "dma100" : 904.17,
    "dma200" : 793.57,
    "volume" : 75177.00
  }, {
    "date" : "2025-12-09",
    "price" : 821.65,
    "dma50" : 870.31,
    "dma100" : 904.92,
    "dma200" : 793.85,
    "volume" : 99795.00
  }, {
    "date" : "2025-12-10",
    "price" : 808.75,
    "dma50" : 867.90,
    "dma100" : 905.42,
    "dma200" : 794.00,
    "volume" : 46684.00
  }, {
    "date" : "2025-12-11",
    "price" : 831.35,
    "dma50" : 866.47,
    "dma100" : 906.11,
    "dma200" : 794.37,
    "volume" : 83466.00
  }, {
    "date" : "2025-12-12",
    "price" : 826.40,
    "dma50" : 864.90,
    "dma100" : 906.66,
    "dma200" : 794.69,
    "volume" : 61304.00
  }, {
    "date" : "2025-12-15",
    "price" : 829.85,
    "dma50" : 863.52,
    "dma100" : 907.22,
    "dma200" : 795.04,
    "volume" : 29492.00
  }, {
    "date" : "2025-12-16",
    "price" : 823.45,
    "dma50" : 861.95,
    "dma100" : 907.72,
    "dma200" : 795.32,
    "volume" : 29063.00
  }, {
    "date" : "2025-12-17",
    "price" : 816.55,
    "dma50" : 860.17,
    "dma100" : 907.42,
    "dma200" : 795.54,
    "volume" : 37834.00
  }, {
    "date" : "2025-12-18",
    "price" : 815.00,
    "dma50" : 858.40,
    "dma100" : 906.68,
    "dma200" : 795.73,
    "volume" : 66215.00
  }, {
    "date" : "2025-12-19",
    "price" : 826.05,
    "dma50" : 857.13,
    "dma100" : 906.15,
    "dma200" : 796.03,
    "volume" : 44850.00
  }, {
    "date" : "2025-12-22",
    "price" : 851.30,
    "dma50" : 856.90,
    "dma100" : 905.42,
    "dma200" : 796.58,
    "volume" : 133560.00
  }, {
    "date" : "2025-12-23",
    "price" : 862.95,
    "dma50" : 857.14,
    "dma100" : 904.67,
    "dma200" : 797.24,
    "volume" : 103610.00
  }, {
    "date" : "2025-12-24",
    "price" : 844.35,
    "dma50" : 856.64,
    "dma100" : 903.73,
    "dma200" : 797.71,
    "volume" : 39364.00
  }, {
    "date" : "2025-12-26",
    "price" : 825.65,
    "dma50" : 855.42,
    "dma100" : 902.18,
    "dma200" : 797.99,
    "volume" : 39900.00
  }, {
    "date" : "2025-12-29",
    "price" : 803.20,
    "dma50" : 853.37,
    "dma100" : 900.17,
    "dma200" : 798.04,
    "volume" : 69698.00
  }, {
    "date" : "2025-12-30",
    "price" : 799.80,
    "dma50" : 851.27,
    "dma100" : 897.99,
    "dma200" : 798.06,
    "volume" : 48275.00
  }, {
    "date" : "2025-12-31",
    "price" : 809.75,
    "dma50" : 849.64,
    "dma100" : 895.56,
    "dma200" : 798.17,
    "volume" : 59809.00
  }, {
    "date" : "2026-01-01",
    "price" : 793.45,
    "dma50" : 847.44,
    "dma100" : 892.99,
    "dma200" : 798.13,
    "volume" : 58422.00
  }, {
    "date" : "2026-01-02",
    "price" : 805.80,
    "dma50" : 845.81,
    "dma100" : 890.21,
    "dma200" : 798.20,
    "volume" : 108578.00
  }, {
    "date" : "2026-01-05",
    "price" : 801.75,
    "dma50" : 844.08,
    "dma100" : 888.33,
    "dma200" : 798.24,
    "volume" : 60924.00
  }, {
    "date" : "2026-01-06",
    "price" : 781.05,
    "dma50" : 841.61,
    "dma100" : 885.97,
    "dma200" : 798.07,
    "volume" : 41193.00
  }, {
    "date" : "2026-01-07",
    "price" : 778.60,
    "dma50" : 839.14,
    "dma100" : 883.18,
    "dma200" : 797.87,
    "volume" : 53013.00
  }, {
    "date" : "2026-01-08",
    "price" : 773.20,
    "dma50" : 836.55,
    "dma100" : 880.88,
    "dma200" : 797.63,
    "volume" : 85141.00
  }, {
    "date" : "2026-01-09",
    "price" : 746.20,
    "dma50" : 833.01,
    "dma100" : 878.77,
    "dma200" : 797.12,
    "volume" : 106470.00
  }, {
    "date" : "2026-01-12",
    "price" : 732.20,
    "dma50" : 829.05,
    "dma100" : 877.53,
    "dma200" : 796.47,
    "volume" : 151026.00
  }, {
    "date" : "2026-01-13",
    "price" : 735.70,
    "dma50" : 825.39,
    "dma100" : 875.74,
    "dma200" : 795.87,
    "volume" : 38485.00
  }, {
    "date" : "2026-01-14",
    "price" : 710.80,
    "dma50" : 820.90,
    "dma100" : 873.57,
    "dma200" : 795.02,
    "volume" : 97012.00
  }, {
    "date" : "2026-01-16",
    "price" : 701.90,
    "dma50" : 816.23,
    "dma100" : 871.18,
    "dma200" : 794.09,
    "volume" : 56752.00
  }, {
    "date" : "2026-01-19",
    "price" : 686.95,
    "dma50" : 811.16,
    "dma100" : 868.24,
    "dma200" : 793.03,
    "volume" : 70680.00
  }, {
    "date" : "2026-01-20",
    "price" : 669.35,
    "dma50" : 805.60,
    "dma100" : 864.90,
    "dma200" : 791.80,
    "volume" : 114294.00
  }, {
    "date" : "2026-01-21",
    "price" : 666.05,
    "dma50" : 800.13,
    "dma100" : 861.58,
    "dma200" : 790.54,
    "volume" : 97816.00
  }, {
    "date" : "2026-01-22",
    "price" : 678.70,
    "dma50" : 795.37,
    "dma100" : 858.59,
    "dma200" : 789.43,
    "volume" : 47272.00
  }, {
    "date" : "2026-01-23",
    "price" : 648.55,
    "dma50" : 789.61,
    "dma100" : 854.97,
    "dma200" : 788.03,
    "volume" : 56391.00
  }, {
    "date" : "2026-01-27",
    "price" : 652.90,
    "dma50" : 784.25,
    "dma100" : 851.29,
    "dma200" : 786.69,
    "volume" : 70544.00
  }, {
    "date" : "2026-01-28",
    "price" : 691.30,
    "dma50" : 780.60,
    "dma100" : 848.29,
    "dma200" : 785.74,
    "volume" : 101519.00
  }, {
    "date" : "2026-01-29",
    "price" : 701.35,
    "dma50" : 777.50,
    "dma100" : 845.17,
    "dma200" : 784.90,
    "volume" : 362399.00
  }, {
    "date" : "2026-01-30",
    "price" : 700.45,
    "dma50" : 774.47,
    "dma100" : 842.01,
    "dma200" : 784.06,
    "volume" : 104954.00
  }, {
    "date" : "2026-02-01",
    "price" : 708.05,
    "dma50" : 771.87,
    "dma100" : 839.43,
    "dma200" : 783.30,
    "volume" : 57553.00
  }, {
    "date" : "2026-02-02",
    "price" : 692.20,
    "dma50" : 768.75,
    "dma100" : 837.01,
    "dma200" : 782.39,
    "volume" : 49630.00
  }, {
    "date" : "2026-02-03",
    "price" : 737.35,
    "dma50" : 767.51,
    "dma100" : 835.17,
    "dma200" : 781.95,
    "volume" : 131075.00
  }, {
    "date" : "2026-02-04",
    "price" : 784.80,
    "dma50" : 768.19,
    "dma100" : 833.76,
    "dma200" : 781.97,
    "volume" : 194056.00
  }, {
    "date" : "2026-02-05",
    "price" : 769.20,
    "dma50" : 768.23,
    "dma100" : 832.38,
    "dma200" : 781.85,
    "volume" : 67160.00
  }, {
    "date" : "2026-02-06",
    "price" : 776.85,
    "dma50" : 768.57,
    "dma100" : 830.96,
    "dma200" : 781.80,
    "volume" : 116783.00
  }, {
    "date" : "2026-02-09",
    "price" : 801.25,
    "dma50" : 769.85,
    "dma100" : 829.78,
    "dma200" : 781.99,
    "volume" : 96175.00
  }, {
    "date" : "2026-02-10",
    "price" : 795.90,
    "dma50" : 770.87,
    "dma100" : 828.62,
    "dma200" : 782.13,
    "volume" : 59362.00
  }, {
    "date" : "2026-02-11",
    "price" : 779.05,
    "dma50" : 771.19,
    "dma100" : 827.31,
    "dma200" : 782.10,
    "volume" : 29669.00
  }, {
    "date" : "2026-02-12",
    "price" : 758.30,
    "dma50" : 770.69,
    "dma100" : 826.01,
    "dma200" : 781.86,
    "volume" : 42510.00
  }, {
    "date" : "2026-02-13",
    "price" : 730.20,
    "dma50" : 769.10,
    "dma100" : 824.27,
    "dma200" : 781.35,
    "volume" : 73788.00
  }, {
    "date" : "2026-02-16",
    "price" : 716.30,
    "dma50" : 767.03,
    "dma100" : 822.68,
    "dma200" : 780.70,
    "volume" : 39382.00
  }, {
    "date" : "2026-02-17",
    "price" : 738.60,
    "dma50" : 765.91,
    "dma100" : 821.48,
    "dma200" : 780.28,
    "volume" : 95006.00
  } ],
  "latestTechnicalAttributes" : {
    "date" : "2026-02-17",
    "price" : 738.60,
    "dma50" : 765.91,
    "dma100" : 821.48,
    "dma200" : 780.28,
    "volume" : 95006.00
  },
  "quarterlyResults" : [ {
    "date" : "2005-03-31",
    "sales" : 19.43,
    "salesGrowthYoY" : null,
    "grossProfitMargin" : 100.00,
    "grossProfit" : 19.43,
    "operatingProfitMargin" : 39.63,
    "operatingProfit" : 7.70,
    "netProfitMargin" : 39.11,
    "netProfit" : 7.60
  }, {
    "date" : "2005-06-30",
    "sales" : 14.88,
    "salesGrowthYoY" : null,
    "grossProfitMargin" : 100.00,
    "grossProfit" : 14.88,
    "operatingProfitMargin" : 29.30,
    "operatingProfit" : 4.36,
    "netProfitMargin" : 29.10,
    "netProfit" : 4.33
  }, {
    "date" : "2005-09-30",
    "sales" : 13.57,
    "salesGrowthYoY" : null,
    "grossProfitMargin" : 100.00,
    "grossProfit" : 13.57,
    "operatingProfitMargin" : 37.80,
    "operatingProfit" : 5.13,
    "netProfitMargin" : 39.94,
    "netProfit" : 5.42
  }, {
    "date" : "2005-12-31",
    "sales" : 14.45,
    "salesGrowthYoY" : null,
    "grossProfitMargin" : 100.00,
    "grossProfit" : 14.45,
    "operatingProfitMargin" : 34.74,
    "operatingProfit" : 5.02,
    "netProfitMargin" : 34.60,
    "netProfit" : 5.00
  }, {
    "date" : "2006-03-31",
    "sales" : 18.72,
    "salesGrowthYoY" : -3.65,
    "grossProfitMargin" : 100.00,
    "grossProfit" : 18.72,
    "operatingProfitMargin" : 31.78,
    "operatingProfit" : 5.95,
    "netProfitMargin" : 74.79,
    "netProfit" : 14.00
  }, {
    "date" : "2006-06-30",
    "sales" : 16.62,
    "salesGrowthYoY" : 11.69,
    "grossProfitMargin" : 100.00,
    "grossProfit" : 16.62,
    "operatingProfitMargin" : 25.03,
    "operatingProfit" : 4.16,
    "netProfitMargin" : 27.14,
    "netProfit" : 4.51
  }, {
    "date" : "2006-09-30",
    "sales" : 17.85,
    "salesGrowthYoY" : 31.54,
    "grossProfitMargin" : 100.00,
    "grossProfit" : 17.85,
    "operatingProfitMargin" : 30.31,
    "operatingProfit" : 5.41,
    "netProfitMargin" : 32.32,
    "netProfit" : 5.77
  }, {
    "date" : "2006-12-31",
    "sales" : 16.17,
    "salesGrowthYoY" : 11.90,
    "grossProfitMargin" : 100.00,
    "grossProfit" : 16.17,
    "operatingProfitMargin" : 28.88,
    "operatingProfit" : 4.67,
    "netProfitMargin" : 29.31,
    "netProfit" : 4.74
  }, {
    "date" : "2007-03-31",
    "sales" : 17.77,
    "salesGrowthYoY" : -5.07,
    "grossProfitMargin" : 100.00,
    "grossProfit" : 17.77,
    "operatingProfitMargin" : 31.46,
    "operatingProfit" : 5.59,
    "netProfitMargin" : 32.25,
    "netProfit" : 5.73
  }, {
    "date" : "2007-06-30",
    "sales" : 12.71,
    "salesGrowthYoY" : -23.53,
    "grossProfitMargin" : 100.00,
    "grossProfit" : 12.71,
    "operatingProfitMargin" : 6.29,
    "operatingProfit" : 0.80,
    "netProfitMargin" : 12.51,
    "netProfit" : 1.59
  }, {
    "date" : "2007-09-30",
    "sales" : 13.40,
    "salesGrowthYoY" : -24.93,
    "grossProfitMargin" : 100.00,
    "grossProfit" : 13.40,
    "operatingProfitMargin" : 10.45,
    "operatingProfit" : 1.40,
    "netProfitMargin" : 15.22,
    "netProfit" : 2.04
  }, {
    "date" : "2007-12-31",
    "sales" : 15.96,
    "salesGrowthYoY" : -1.30,
    "grossProfitMargin" : 100.00,
    "grossProfit" : 15.96,
    "operatingProfitMargin" : 15.79,
    "operatingProfit" : 2.52,
    "netProfitMargin" : 20.43,
    "netProfit" : 3.26
  }, {
    "date" : "2008-03-31",
    "sales" : 25.37,
    "salesGrowthYoY" : 42.77,
    "grossProfitMargin" : 100.00,
    "grossProfit" : 25.37,
    "operatingProfitMargin" : 34.92,
    "operatingProfit" : 8.86,
    "netProfitMargin" : 28.38,
    "netProfit" : 7.20
  }, {
    "date" : "2008-06-30",
    "sales" : 19.42,
    "salesGrowthYoY" : 52.79,
    "grossProfitMargin" : 100.00,
    "grossProfit" : 19.42,
    "operatingProfitMargin" : 25.59,
    "operatingProfit" : 4.97,
    "netProfitMargin" : 31.05,
    "netProfit" : 6.03
  }, {
    "date" : "2008-09-30",
    "sales" : 19.31,
    "salesGrowthYoY" : 44.10,
    "grossProfitMargin" : 100.00,
    "grossProfit" : 19.31,
    "operatingProfitMargin" : 24.86,
    "operatingProfit" : 4.80,
    "netProfitMargin" : 27.34,
    "netProfit" : 5.28
  }, {
    "date" : "2008-12-31",
    "sales" : 39.73,
    "salesGrowthYoY" : 148.93,
    "grossProfitMargin" : 100.00,
    "grossProfit" : 39.73,
    "operatingProfitMargin" : 17.67,
    "operatingProfit" : 7.02,
    "netProfitMargin" : 15.93,
    "netProfit" : 6.33
  }, {
    "date" : "2009-03-31",
    "sales" : 37.22,
    "salesGrowthYoY" : 46.71,
    "grossProfitMargin" : 100.00,
    "grossProfit" : 37.22,
    "operatingProfitMargin" : 22.78,
    "operatingProfit" : 8.48,
    "netProfitMargin" : 20.98,
    "netProfit" : 7.81
  }, {
    "date" : "2009-06-30",
    "sales" : 32.71,
    "salesGrowthYoY" : 68.43,
    "grossProfitMargin" : 100.00,
    "grossProfit" : 32.71,
    "operatingProfitMargin" : 13.94,
    "operatingProfit" : 4.56,
    "netProfitMargin" : 17.79,
    "netProfit" : 5.82
  }, {
    "date" : "2009-09-30",
    "sales" : 33.47,
    "salesGrowthYoY" : 73.33,
    "grossProfitMargin" : 100.00,
    "grossProfit" : 33.47,
    "operatingProfitMargin" : 16.73,
    "operatingProfit" : 5.60,
    "netProfitMargin" : 20.41,
    "netProfit" : 6.83
  }, {
    "date" : "2009-12-31",
    "sales" : 31.73,
    "salesGrowthYoY" : -20.14,
    "grossProfitMargin" : 100.00,
    "grossProfit" : 31.73,
    "operatingProfitMargin" : 13.02,
    "operatingProfit" : 4.13,
    "netProfitMargin" : 17.40,
    "netProfit" : 5.52
  }, {
    "date" : "2010-03-31",
    "sales" : 32.99,
    "salesGrowthYoY" : -11.36,
    "grossProfitMargin" : 100.00,
    "grossProfit" : 32.99,
    "operatingProfitMargin" : 18.64,
    "operatingProfit" : 6.15,
    "netProfitMargin" : 18.70,
    "netProfit" : 6.17
  }, {
    "date" : "2010-06-30",
    "sales" : 31.49,
    "salesGrowthYoY" : -3.73,
    "grossProfitMargin" : 100.00,
    "grossProfit" : 31.49,
    "operatingProfitMargin" : 6.54,
    "operatingProfit" : 2.06,
    "netProfitMargin" : 11.40,
    "netProfit" : 3.59
  }, {
    "date" : "2010-09-30",
    "sales" : 33.67,
    "salesGrowthYoY" : 0.60,
    "grossProfitMargin" : 100.00,
    "grossProfit" : 33.67,
    "operatingProfitMargin" : 5.14,
    "operatingProfit" : 1.73,
    "netProfitMargin" : 14.02,
    "netProfit" : 4.72
  }, {
    "date" : "2010-12-31",
    "sales" : 36.37,
    "salesGrowthYoY" : 14.62,
    "grossProfitMargin" : 100.00,
    "grossProfit" : 36.37,
    "operatingProfitMargin" : 8.39,
    "operatingProfit" : 3.05,
    "netProfitMargin" : 9.29,
    "netProfit" : 3.38
  }, {
    "date" : "2011-03-31",
    "sales" : 36.62,
    "salesGrowthYoY" : 11.00,
    "grossProfitMargin" : 100.00,
    "grossProfit" : 36.62,
    "operatingProfitMargin" : 11.58,
    "operatingProfit" : 4.24,
    "netProfitMargin" : 26.11,
    "netProfit" : 9.56
  }, {
    "date" : "2011-06-30",
    "sales" : 36.79,
    "salesGrowthYoY" : 16.83,
    "grossProfitMargin" : 100.00,
    "grossProfit" : 36.79,
    "operatingProfitMargin" : 9.62,
    "operatingProfit" : 3.54,
    "netProfitMargin" : 13.48,
    "netProfit" : 4.96
  }, {
    "date" : "2011-09-30",
    "sales" : 40.17,
    "salesGrowthYoY" : 19.31,
    "grossProfitMargin" : 100.00,
    "grossProfit" : 40.17,
    "operatingProfitMargin" : 15.96,
    "operatingProfit" : 6.41,
    "netProfitMargin" : 13.17,
    "netProfit" : 5.29
  }, {
    "date" : "2011-12-31",
    "sales" : 44.01,
    "salesGrowthYoY" : 21.01,
    "grossProfitMargin" : 100.00,
    "grossProfit" : 44.01,
    "operatingProfitMargin" : 16.34,
    "operatingProfit" : 7.19,
    "netProfitMargin" : 12.72,
    "netProfit" : 5.60
  }, {
    "date" : "2012-03-31",
    "sales" : 42.92,
    "salesGrowthYoY" : 17.20,
    "grossProfitMargin" : 100.00,
    "grossProfit" : 42.92,
    "operatingProfitMargin" : 18.59,
    "operatingProfit" : 7.98,
    "netProfitMargin" : 14.19,
    "netProfit" : 6.09
  }, {
    "date" : "2012-06-30",
    "sales" : 45.75,
    "salesGrowthYoY" : 24.35,
    "grossProfitMargin" : 100.00,
    "grossProfit" : 45.75,
    "operatingProfitMargin" : 20.83,
    "operatingProfit" : 9.53,
    "netProfitMargin" : 17.18,
    "netProfit" : 7.86
  }, {
    "date" : "2012-09-30",
    "sales" : 45.06,
    "salesGrowthYoY" : 12.17,
    "grossProfitMargin" : 100.00,
    "grossProfit" : 45.06,
    "operatingProfitMargin" : 15.05,
    "operatingProfit" : 6.78,
    "netProfitMargin" : 18.86,
    "netProfit" : 8.50
  }, {
    "date" : "2012-12-31",
    "sales" : 48.31,
    "salesGrowthYoY" : 9.77,
    "grossProfitMargin" : 100.00,
    "grossProfit" : 48.31,
    "operatingProfitMargin" : 15.32,
    "operatingProfit" : 7.40,
    "netProfitMargin" : 12.56,
    "netProfit" : 6.07
  }, {
    "date" : "2013-03-31",
    "sales" : 46.97,
    "salesGrowthYoY" : 9.44,
    "grossProfitMargin" : 100.00,
    "grossProfit" : 46.97,
    "operatingProfitMargin" : 15.71,
    "operatingProfit" : 7.38,
    "netProfitMargin" : 14.78,
    "netProfit" : 6.94
  }, {
    "date" : "2013-06-30",
    "sales" : 46.82,
    "salesGrowthYoY" : 2.34,
    "grossProfitMargin" : 100.00,
    "grossProfit" : 46.82,
    "operatingProfitMargin" : 17.92,
    "operatingProfit" : 8.39,
    "netProfitMargin" : 16.49,
    "netProfit" : 7.72
  }, {
    "date" : "2013-09-30",
    "sales" : 57.73,
    "salesGrowthYoY" : 28.12,
    "grossProfitMargin" : 100.00,
    "grossProfit" : 57.73,
    "operatingProfitMargin" : 23.14,
    "operatingProfit" : 13.36,
    "netProfitMargin" : 16.21,
    "netProfit" : 9.36
  }, {
    "date" : "2013-12-31",
    "sales" : 54.03,
    "salesGrowthYoY" : 11.84,
    "grossProfitMargin" : 100.00,
    "grossProfit" : 54.03,
    "operatingProfitMargin" : 19.17,
    "operatingProfit" : 10.36,
    "netProfitMargin" : 17.58,
    "netProfit" : 9.50
  }, {
    "date" : "2014-03-31",
    "sales" : 45.35,
    "salesGrowthYoY" : -3.45,
    "grossProfitMargin" : 100.00,
    "grossProfit" : 45.35,
    "operatingProfitMargin" : 17.24,
    "operatingProfit" : 7.82,
    "netProfitMargin" : 32.68,
    "netProfit" : 14.82
  }, {
    "date" : "2014-06-30",
    "sales" : 45.50,
    "salesGrowthYoY" : -2.82,
    "grossProfitMargin" : 100.00,
    "grossProfit" : 45.50,
    "operatingProfitMargin" : 17.21,
    "operatingProfit" : 7.83,
    "netProfitMargin" : 12.29,
    "netProfit" : 5.59
  }, {
    "date" : "2014-09-30",
    "sales" : 47.48,
    "salesGrowthYoY" : -17.76,
    "grossProfitMargin" : 100.00,
    "grossProfit" : 47.48,
    "operatingProfitMargin" : 18.30,
    "operatingProfit" : 8.69,
    "netProfitMargin" : 15.90,
    "netProfit" : 7.55
  }, {
    "date" : "2014-12-31",
    "sales" : 50.26,
    "salesGrowthYoY" : -6.98,
    "grossProfitMargin" : 100.00,
    "grossProfit" : 50.26,
    "operatingProfitMargin" : 22.56,
    "operatingProfit" : 11.34,
    "netProfitMargin" : 15.00,
    "netProfit" : 7.54
  }, {
    "date" : "2015-03-31",
    "sales" : 135.18,
    "salesGrowthYoY" : 198.08,
    "grossProfitMargin" : 100.00,
    "grossProfit" : 135.18,
    "operatingProfitMargin" : 15.84,
    "operatingProfit" : 21.41,
    "netProfitMargin" : 9.23,
    "netProfit" : 12.48
  }, {
    "date" : "2015-06-30",
    "sales" : 46.52,
    "salesGrowthYoY" : 2.24,
    "grossProfitMargin" : 100.00,
    "grossProfit" : 46.52,
    "operatingProfitMargin" : 18.51,
    "operatingProfit" : 8.61,
    "netProfitMargin" : 14.14,
    "netProfit" : 6.58
  }, {
    "date" : "2015-09-30",
    "sales" : 47.33,
    "salesGrowthYoY" : -0.32,
    "grossProfitMargin" : 100.00,
    "grossProfit" : 47.33,
    "operatingProfitMargin" : 13.50,
    "operatingProfit" : 6.39,
    "netProfitMargin" : 9.04,
    "netProfit" : 4.28
  }, {
    "date" : "2015-12-31",
    "sales" : 52.58,
    "salesGrowthYoY" : 4.62,
    "grossProfitMargin" : 100.00,
    "grossProfit" : 52.58,
    "operatingProfitMargin" : 21.76,
    "operatingProfit" : 11.44,
    "netProfitMargin" : 15.65,
    "netProfit" : 8.23
  }, {
    "date" : "2016-03-31",
    "sales" : 135.18,
    "salesGrowthYoY" : 0.00,
    "grossProfitMargin" : 99.54,
    "grossProfit" : 134.56,
    "operatingProfitMargin" : 12.24,
    "operatingProfit" : 16.55,
    "netProfitMargin" : 9.23,
    "netProfit" : 12.48
  }, {
    "date" : "2016-06-30",
    "sales" : 70.61,
    "salesGrowthYoY" : 51.78,
    "grossProfitMargin" : 100.00,
    "grossProfit" : 70.61,
    "operatingProfitMargin" : 12.26,
    "operatingProfit" : 8.66,
    "netProfitMargin" : 10.17,
    "netProfit" : 7.18
  }, {
    "date" : "2016-09-30",
    "sales" : 71.00,
    "salesGrowthYoY" : 50.01,
    "grossProfitMargin" : 100.00,
    "grossProfit" : 71.00,
    "operatingProfitMargin" : 7.70,
    "operatingProfit" : 5.47,
    "netProfitMargin" : 7.59,
    "netProfit" : 5.39
  }, {
    "date" : "2016-12-31",
    "sales" : 78.51,
    "salesGrowthYoY" : 49.32,
    "grossProfitMargin" : 99.85,
    "grossProfit" : 78.39,
    "operatingProfitMargin" : 14.16,
    "operatingProfit" : 11.12,
    "netProfitMargin" : 10.74,
    "netProfit" : 8.43
  }, {
    "date" : "2017-03-31",
    "sales" : 85.59,
    "salesGrowthYoY" : -36.68,
    "grossProfitMargin" : 98.75,
    "grossProfit" : 84.52,
    "operatingProfitMargin" : 13.67,
    "operatingProfit" : 11.70,
    "netProfitMargin" : 22.41,
    "netProfit" : 19.18
  }, {
    "date" : "2017-06-30",
    "sales" : 75.96,
    "salesGrowthYoY" : 7.58,
    "grossProfitMargin" : 99.80,
    "grossProfit" : 75.81,
    "operatingProfitMargin" : 8.98,
    "operatingProfit" : 6.82,
    "netProfitMargin" : 8.52,
    "netProfit" : 6.47
  }, {
    "date" : "2017-09-30",
    "sales" : 78.23,
    "salesGrowthYoY" : 10.18,
    "grossProfitMargin" : 99.04,
    "grossProfit" : 77.48,
    "operatingProfitMargin" : 8.58,
    "operatingProfit" : 6.71,
    "netProfitMargin" : 12.25,
    "netProfit" : 9.58
  }, {
    "date" : "2017-12-31",
    "sales" : 80.99,
    "salesGrowthYoY" : 3.16,
    "grossProfitMargin" : 96.91,
    "grossProfit" : 78.49,
    "operatingProfitMargin" : 16.56,
    "operatingProfit" : 13.41,
    "netProfitMargin" : 18.27,
    "netProfit" : 14.80
  }, {
    "date" : "2018-03-31",
    "sales" : 102.68,
    "salesGrowthYoY" : 19.97,
    "grossProfitMargin" : 98.49,
    "grossProfit" : 101.13,
    "operatingProfitMargin" : 16.02,
    "operatingProfit" : 16.45,
    "netProfitMargin" : 9.55,
    "netProfit" : 9.81
  }, {
    "date" : "2018-06-30",
    "sales" : 88.42,
    "salesGrowthYoY" : 16.40,
    "grossProfitMargin" : 99.89,
    "grossProfit" : 88.32,
    "operatingProfitMargin" : 14.01,
    "operatingProfit" : 12.39,
    "netProfitMargin" : 8.08,
    "netProfit" : 7.14
  }, {
    "date" : "2018-09-30",
    "sales" : 101.58,
    "salesGrowthYoY" : 29.85,
    "grossProfitMargin" : 97.27,
    "grossProfit" : 98.81,
    "operatingProfitMargin" : 11.60,
    "operatingProfit" : 11.78,
    "netProfitMargin" : 10.25,
    "netProfit" : 10.41
  }, {
    "date" : "2018-12-31",
    "sales" : 95.46,
    "salesGrowthYoY" : 17.87,
    "grossProfitMargin" : 99.79,
    "grossProfit" : 95.26,
    "operatingProfitMargin" : 8.84,
    "operatingProfit" : 8.44,
    "netProfitMargin" : 2.76,
    "netProfit" : 2.63
  }, {
    "date" : "2019-03-31",
    "sales" : 104.22,
    "salesGrowthYoY" : 1.50,
    "grossProfitMargin" : 99.42,
    "grossProfit" : 103.62,
    "operatingProfitMargin" : 14.83,
    "operatingProfit" : 15.46,
    "netProfitMargin" : 8.69,
    "netProfit" : 9.06
  }, {
    "date" : "2019-06-30",
    "sales" : 101.08,
    "salesGrowthYoY" : 14.32,
    "grossProfitMargin" : 98.24,
    "grossProfit" : 99.30,
    "operatingProfitMargin" : 14.86,
    "operatingProfit" : 15.02,
    "netProfitMargin" : 8.65,
    "netProfit" : 8.74
  }, {
    "date" : "2019-09-30",
    "sales" : 109.50,
    "salesGrowthYoY" : 7.80,
    "grossProfitMargin" : 98.70,
    "grossProfit" : 108.08,
    "operatingProfitMargin" : 13.88,
    "operatingProfit" : 15.20,
    "netProfitMargin" : 11.34,
    "netProfit" : 12.42
  }, {
    "date" : "2019-12-31",
    "sales" : 119.18,
    "salesGrowthYoY" : 24.85,
    "grossProfitMargin" : 98.44,
    "grossProfit" : 117.32,
    "operatingProfitMargin" : 9.88,
    "operatingProfit" : 11.77,
    "netProfitMargin" : 6.54,
    "netProfit" : 7.79
  }, {
    "date" : "2020-03-31",
    "sales" : 119.58,
    "salesGrowthYoY" : 14.74,
    "grossProfitMargin" : 95.88,
    "grossProfit" : 114.65,
    "operatingProfitMargin" : 7.62,
    "operatingProfit" : 9.11,
    "netProfitMargin" : 6.34,
    "netProfit" : 7.58
  }, {
    "date" : "2020-06-30",
    "sales" : 108.72,
    "salesGrowthYoY" : 7.56,
    "grossProfitMargin" : 99.02,
    "grossProfit" : 107.65,
    "operatingProfitMargin" : 10.29,
    "operatingProfit" : 11.19,
    "netProfitMargin" : 5.84,
    "netProfit" : 6.35
  }, {
    "date" : "2020-09-30",
    "sales" : 109.76,
    "salesGrowthYoY" : 0.24,
    "grossProfitMargin" : 99.85,
    "grossProfit" : 109.60,
    "operatingProfitMargin" : 10.02,
    "operatingProfit" : 11.00,
    "netProfitMargin" : 6.97,
    "netProfit" : 7.65
  }, {
    "date" : "2020-12-31",
    "sales" : 113.56,
    "salesGrowthYoY" : -4.72,
    "grossProfitMargin" : 99.98,
    "grossProfit" : 113.54,
    "operatingProfitMargin" : 8.21,
    "operatingProfit" : 9.32,
    "netProfitMargin" : 9.07,
    "netProfit" : 10.30
  }, {
    "date" : "2021-03-31",
    "sales" : 125.63,
    "salesGrowthYoY" : 5.06,
    "grossProfitMargin" : 99.51,
    "grossProfit" : 125.01,
    "operatingProfitMargin" : 13.87,
    "operatingProfit" : 17.42,
    "netProfitMargin" : 7.23,
    "netProfit" : 9.08
  }, {
    "date" : "2021-06-30",
    "sales" : 130.61,
    "salesGrowthYoY" : 20.13,
    "grossProfitMargin" : 99.82,
    "grossProfit" : 130.37,
    "operatingProfitMargin" : 12.56,
    "operatingProfit" : 16.40,
    "netProfitMargin" : 10.25,
    "netProfit" : 13.39
  }, {
    "date" : "2021-09-30",
    "sales" : 146.72,
    "salesGrowthYoY" : 33.67,
    "grossProfitMargin" : 99.88,
    "grossProfit" : 146.54,
    "operatingProfitMargin" : 20.68,
    "operatingProfit" : 30.34,
    "netProfitMargin" : 19.00,
    "netProfit" : 27.88
  }, {
    "date" : "2021-12-31",
    "sales" : 149.40,
    "salesGrowthYoY" : 31.56,
    "grossProfitMargin" : 99.81,
    "grossProfit" : 149.12,
    "operatingProfitMargin" : 19.95,
    "operatingProfit" : 29.81,
    "netProfitMargin" : 15.16,
    "netProfit" : 22.65
  }, {
    "date" : "2022-03-31",
    "sales" : 151.78,
    "salesGrowthYoY" : 20.82,
    "grossProfitMargin" : 100.00,
    "grossProfit" : 151.78,
    "operatingProfitMargin" : 17.16,
    "operatingProfit" : 26.05,
    "netProfitMargin" : 13.64,
    "netProfit" : 20.70
  }, {
    "date" : "2022-06-30",
    "sales" : 155.44,
    "salesGrowthYoY" : 19.01,
    "grossProfitMargin" : 99.74,
    "grossProfit" : 155.04,
    "operatingProfitMargin" : 13.57,
    "operatingProfit" : 21.09,
    "netProfitMargin" : 14.10,
    "netProfit" : 21.92
  }, {
    "date" : "2022-09-30",
    "sales" : 175.70,
    "salesGrowthYoY" : 19.75,
    "grossProfitMargin" : 98.22,
    "grossProfit" : 172.57,
    "operatingProfitMargin" : 15.35,
    "operatingProfit" : 26.97,
    "netProfitMargin" : 13.72,
    "netProfit" : 24.11
  }, {
    "date" : "2022-12-31",
    "sales" : 189.31,
    "salesGrowthYoY" : 26.71,
    "grossProfitMargin" : 100.00,
    "grossProfit" : 189.31,
    "operatingProfitMargin" : 16.26,
    "operatingProfit" : 30.78,
    "netProfitMargin" : 13.33,
    "netProfit" : 25.24
  }, {
    "date" : "2023-03-31",
    "sales" : 212.82,
    "salesGrowthYoY" : 40.22,
    "grossProfitMargin" : 99.84,
    "grossProfit" : 212.48,
    "operatingProfitMargin" : 19.79,
    "operatingProfit" : 42.12,
    "netProfitMargin" : 14.97,
    "netProfit" : 31.86
  }, {
    "date" : "2023-06-30",
    "sales" : 188.25,
    "salesGrowthYoY" : 21.11,
    "grossProfitMargin" : 100.00,
    "grossProfit" : 188.25,
    "operatingProfitMargin" : 15.58,
    "operatingProfit" : 29.33,
    "netProfitMargin" : 12.30,
    "netProfit" : 23.15
  }, {
    "date" : "2023-09-30",
    "sales" : 176.32,
    "salesGrowthYoY" : 0.35,
    "grossProfitMargin" : 99.91,
    "grossProfit" : 176.16,
    "operatingProfitMargin" : 13.21,
    "operatingProfit" : 23.29,
    "netProfitMargin" : 17.03,
    "netProfit" : 30.03
  }, {
    "date" : "2023-12-31",
    "sales" : 177.09,
    "salesGrowthYoY" : -6.46,
    "grossProfitMargin" : 99.91,
    "grossProfit" : 176.93,
    "operatingProfitMargin" : 11.46,
    "operatingProfit" : 20.29,
    "netProfitMargin" : 9.45,
    "netProfit" : 16.74
  }, {
    "date" : "2024-03-31",
    "sales" : 193.69,
    "salesGrowthYoY" : -8.99,
    "grossProfitMargin" : 99.25,
    "grossProfit" : 192.24,
    "operatingProfitMargin" : 9.47,
    "operatingProfit" : 18.34,
    "netProfitMargin" : 8.48,
    "netProfit" : 16.42
  }, {
    "date" : "2024-06-30",
    "sales" : 171.24,
    "salesGrowthYoY" : -9.04,
    "grossProfitMargin" : 99.89,
    "grossProfit" : 171.05,
    "operatingProfitMargin" : 3.55,
    "operatingProfit" : 6.08,
    "netProfitMargin" : 4.15,
    "netProfit" : 7.11
  }, {
    "date" : "2024-09-30",
    "sales" : 176.94,
    "salesGrowthYoY" : 0.35,
    "grossProfitMargin" : 99.81,
    "grossProfit" : 176.60,
    "operatingProfitMargin" : 7.05,
    "operatingProfit" : 12.47,
    "netProfitMargin" : 19.19,
    "netProfit" : 33.95
  }, {
    "date" : "2024-12-31",
    "sales" : 177.12,
    "salesGrowthYoY" : 0.02,
    "grossProfitMargin" : 99.15,
    "grossProfit" : 175.61,
    "operatingProfitMargin" : 2.85,
    "operatingProfit" : 5.05,
    "netProfitMargin" : 2.12,
    "netProfit" : 3.75
  }, {
    "date" : "2025-03-31",
    "sales" : 185.22,
    "salesGrowthYoY" : -4.37,
    "grossProfitMargin" : 99.29,
    "grossProfit" : 183.90,
    "operatingProfitMargin" : 8.91,
    "operatingProfit" : 16.50,
    "netProfitMargin" : 6.73,
    "netProfit" : 12.47
  }, {
    "date" : "2025-06-30",
    "sales" : 160.63,
    "salesGrowthYoY" : -6.20,
    "grossProfitMargin" : 99.86,
    "grossProfit" : 160.41,
    "operatingProfitMargin" : 9.48,
    "operatingProfit" : 15.23,
    "netProfitMargin" : 8.17,
    "netProfit" : 13.12
  }, {
    "date" : "2025-09-30",
    "sales" : 160.74,
    "salesGrowthYoY" : -9.16,
    "grossProfitMargin" : 99.83,
    "grossProfit" : 160.47,
    "operatingProfitMargin" : 8.37,
    "operatingProfit" : 13.45,
    "netProfitMargin" : 27.65,
    "netProfit" : 44.44
  }, {
    "date" : "2025-12-31",
    "sales" : 168.34,
    "salesGrowthYoY" : -4.96,
    "grossProfitMargin" : 99.41,
    "grossProfit" : 167.35,
    "operatingProfitMargin" : 13.11,
    "operatingProfit" : 22.07,
    "netProfitMargin" : 13.78,
    "netProfit" : 23.20
  } ],
  "latestQuarterlyResult" : {
    "date" : "2025-12-31",
    "sales" : 168.34,
    "salesGrowthYoY" : -4.96,
    "grossProfitMargin" : 99.41,
    "grossProfit" : 167.35,
    "operatingProfitMargin" : 13.11,
    "operatingProfit" : 22.07,
    "netProfitMargin" : 13.78,
    "netProfit" : 23.20
  },
  "companyScore" : {
    "priceHigherThanDma50" : 0.00,
    "priceHigherThanDma100" : 0.00,
    "priceHigherThanDma200" : 0.00,
    "dma50HigherThanDma100" : 0.00,
    "dma50HigherThanDma200" : 0.00,
    "dma100HigherThanDma200" : 5.00,
    "pricePercentageAboveDma50" : 5.18,
    "pricePercentageAboveDma100" : 5.50,
    "pricePercentageAboveDma200" : 5.27,
    "weeklyVolumeHigherThanYearlyVolume" : 0.00,
    "salesGrowthPercentile" : 3.50,
    "operatingProfitMarginPercentile" : 7.14,
    "netProfitMarginPercentile" : 4.88,
    "totalTechnicalScore" : 20.95,
    "totalFundamentalScore" : 15.52,
    "totalScore" : 36.47
  }
}