{
  "metadata" : {
    "screenerCompanyId" : "755",
    "companyCode" : "DBREALTY",
    "companyName" : "Valor Estate",
    "screenerCompanyLink" : "https://www.screener.in/company/DBREALTY/consolidated/",
    "screenerTechnicalHistoryLink" : "https://www.screener.in/api/company/755/chart/?q=Price-DMA50-DMA200-Volume&days=365",
    "screenerQuarterlyResultsLink" : "https://www.screener.in/api/company/755/chart/?q=GPM-OPM-NPM-Quarter+Sales&days=10000",
    "attributes" : {
      "companyCode" : "DBREALTY",
      "companyName" : "Valor Estate",
      "marketCap" : 6940.00,
      "peRatio" : 0.00,
      "description" : "The Company was incorporated in 2007, the co. is engaged primarily in the business of real estate construction, development and other related activities. Most of the projects are based in and around Mumbai and are under various stages of planning and construction. [1] [2]"
    },
    "companyScore" : {
      "priceHigherThanDma50" : 5.00,
      "priceHigherThanDma100" : 0.00,
      "priceHigherThanDma200" : 0.00,
      "dma50HigherThanDma100" : 0.00,
      "dma50HigherThanDma200" : 0.00,
      "dma100HigherThanDma200" : 0.00,
      "pricePercentageAboveDma50" : 4.60,
      "pricePercentageAboveDma100" : 5.23,
      "pricePercentageAboveDma200" : 5.53,
      "weeklyVolumeHigherThanYearlyVolume" : 5.00,
      "salesGrowthPercentile" : 19.62,
      "operatingProfitMarginPercentile" : 17.88,
      "netProfitMarginPercentile" : 7.88,
      "totalTechnicalScore" : 25.36,
      "totalFundamentalScore" : 45.38,
      "totalScore" : 70.74
    }
  },
  "attributes" : {
    "companyCode" : "DBREALTY",
    "companyName" : "Valor Estate",
    "marketCap" : 6940.00,
    "peRatio" : 0.00,
    "description" : "The Company was incorporated in 2007, the co. is engaged primarily in the business of real estate construction, development and other related activities. Most of the projects are based in and around Mumbai and are under various stages of planning and construction. [1] [2]"
  },
  "technicalHistory" : [ {
    "date" : "2025-02-11",
    "price" : 124.19,
    "dma50" : 142.72,
    "dma100" : null,
    "dma200" : 155.84,
    "volume" : 3444921.00
  }, {
    "date" : "2025-02-12",
    "price" : 119.70,
    "dma50" : 141.81,
    "dma100" : null,
    "dma200" : 155.48,
    "volume" : 2858437.00
  }, {
    "date" : "2025-02-13",
    "price" : 120.91,
    "dma50" : 140.99,
    "dma100" : null,
    "dma200" : 155.14,
    "volume" : 2528157.00
  }, {
    "date" : "2025-02-14",
    "price" : 114.82,
    "dma50" : 139.97,
    "dma100" : null,
    "dma200" : 154.74,
    "volume" : 6214790.00
  }, {
    "date" : "2025-02-17",
    "price" : 113.05,
    "dma50" : 138.91,
    "dma100" : null,
    "dma200" : 154.32,
    "volume" : 3999495.00
  }, {
    "date" : "2025-02-18",
    "price" : 109.02,
    "dma50" : 137.74,
    "dma100" : null,
    "dma200" : 153.87,
    "volume" : 3131388.00
  }, {
    "date" : "2025-02-19",
    "price" : 116.36,
    "dma50" : 136.90,
    "dma100" : null,
    "dma200" : 153.50,
    "volume" : 3607804.00
  }, {
    "date" : "2025-02-20",
    "price" : 116.69,
    "dma50" : 136.11,
    "dma100" : null,
    "dma200" : 153.13,
    "volume" : 2769939.00
  }, {
    "date" : "2025-02-21",
    "price" : 113.02,
    "dma50" : 135.20,
    "dma100" : null,
    "dma200" : 152.73,
    "volume" : 2657498.00
  }, {
    "date" : "2025-02-24",
    "price" : 111.26,
    "dma50" : 134.26,
    "dma100" : null,
    "dma200" : 152.32,
    "volume" : 2721152.00
  }, {
    "date" : "2025-02-25",
    "price" : 108.69,
    "dma50" : 133.26,
    "dma100" : null,
    "dma200" : 151.89,
    "volume" : 3374500.00
  }, {
    "date" : "2025-02-27",
    "price" : 103.03,
    "dma50" : 132.08,
    "dma100" : null,
    "dma200" : 151.40,
    "volume" : 3786380.00
  }, {
    "date" : "2025-02-28",
    "price" : 107.20,
    "dma50" : 131.10,
    "dma100" : null,
    "dma200" : 150.96,
    "volume" : 8159419.00
  }, {
    "date" : "2025-03-03",
    "price" : 103.84,
    "dma50" : 130.03,
    "dma100" : null,
    "dma200" : 150.49,
    "volume" : 4281093.00
  }, {
    "date" : "2025-03-04",
    "price" : 105.28,
    "dma50" : 129.06,
    "dma100" : null,
    "dma200" : 150.04,
    "volume" : 3776100.00
  }, {
    "date" : "2025-03-05",
    "price" : 109.22,
    "dma50" : 128.28,
    "dma100" : null,
    "dma200" : 149.64,
    "volume" : 4118462.00
  }, {
    "date" : "2025-03-06",
    "price" : 111.38,
    "dma50" : 127.62,
    "dma100" : null,
    "dma200" : 149.26,
    "volume" : 3750336.00
  }, {
    "date" : "2025-03-07",
    "price" : 116.20,
    "dma50" : 127.17,
    "dma100" : null,
    "dma200" : 148.93,
    "volume" : 5174705.00
  }, {
    "date" : "2025-03-10",
    "price" : 109.56,
    "dma50" : 126.48,
    "dma100" : null,
    "dma200" : 148.53,
    "volume" : 9412424.00
  }, {
    "date" : "2025-03-11",
    "price" : 106.94,
    "dma50" : 125.71,
    "dma100" : null,
    "dma200" : 148.12,
    "volume" : 4926018.00
  }, {
    "date" : "2025-03-12",
    "price" : 105.84,
    "dma50" : 124.94,
    "dma100" : null,
    "dma200" : 147.70,
    "volume" : 7443601.00
  }, {
    "date" : "2025-03-13",
    "price" : 102.28,
    "dma50" : 124.05,
    "dma100" : null,
    "dma200" : 147.25,
    "volume" : 3691848.00
  }, {
    "date" : "2025-03-17",
    "price" : 101.98,
    "dma50" : 123.18,
    "dma100" : null,
    "dma200" : 146.80,
    "volume" : 5271991.00
  }, {
    "date" : "2025-03-18",
    "price" : 106.31,
    "dma50" : 122.52,
    "dma100" : null,
    "dma200" : 146.39,
    "volume" : 4381028.00
  }, {
    "date" : "2025-03-19",
    "price" : 110.49,
    "dma50" : 122.05,
    "dma100" : null,
    "dma200" : 146.04,
    "volume" : 3700325.00
  }, {
    "date" : "2025-03-20",
    "price" : 110.28,
    "dma50" : 121.59,
    "dma100" : null,
    "dma200" : 145.68,
    "volume" : 4856739.00
  }, {
    "date" : "2025-03-21",
    "price" : 131.65,
    "dma50" : 121.98,
    "dma100" : null,
    "dma200" : 145.54,
    "volume" : 28874295.00
  }, {
    "date" : "2025-03-24",
    "price" : 131.75,
    "dma50" : 122.36,
    "dma100" : null,
    "dma200" : 145.40,
    "volume" : 9605503.00
  }, {
    "date" : "2025-03-25",
    "price" : 128.15,
    "dma50" : 122.59,
    "dma100" : null,
    "dma200" : 145.23,
    "volume" : 4862094.00
  }, {
    "date" : "2025-03-26",
    "price" : 124.79,
    "dma50" : 122.68,
    "dma100" : null,
    "dma200" : 145.03,
    "volume" : 4439414.00
  }, {
    "date" : "2025-03-27",
    "price" : 134.11,
    "dma50" : 123.13,
    "dma100" : null,
    "dma200" : 144.92,
    "volume" : 6917867.00
  }, {
    "date" : "2025-03-28",
    "price" : 130.80,
    "dma50" : 123.43,
    "dma100" : null,
    "dma200" : 144.78,
    "volume" : 3968164.00
  }, {
    "date" : "2025-04-01",
    "price" : 132.96,
    "dma50" : 123.80,
    "dma100" : null,
    "dma200" : 144.66,
    "volume" : 1488736.00
  }, {
    "date" : "2025-04-02",
    "price" : 148.63,
    "dma50" : 124.77,
    "dma100" : null,
    "dma200" : 144.70,
    "volume" : 37778891.00
  }, {
    "date" : "2025-04-03",
    "price" : 151.93,
    "dma50" : 125.84,
    "dma100" : null,
    "dma200" : 144.77,
    "volume" : 9942202.00
  }, {
    "date" : "2025-04-04",
    "price" : 147.46,
    "dma50" : 126.69,
    "dma100" : null,
    "dma200" : 144.80,
    "volume" : 4783095.00
  }, {
    "date" : "2025-04-07",
    "price" : 141.93,
    "dma50" : 127.28,
    "dma100" : null,
    "dma200" : 144.77,
    "volume" : 6559325.00
  }, {
    "date" : "2025-04-08",
    "price" : 146.16,
    "dma50" : 128.03,
    "dma100" : null,
    "dma200" : 144.79,
    "volume" : 3012390.00
  }, {
    "date" : "2025-04-09",
    "price" : 142.79,
    "dma50" : 128.60,
    "dma100" : null,
    "dma200" : 144.77,
    "volume" : 1931209.00
  }, {
    "date" : "2025-04-11",
    "price" : 151.51,
    "dma50" : 129.50,
    "dma100" : null,
    "dma200" : 144.83,
    "volume" : 4476385.00
  }, {
    "date" : "2025-04-15",
    "price" : 166.92,
    "dma50" : 130.97,
    "dma100" : null,
    "dma200" : 145.05,
    "volume" : 11594641.00
  }, {
    "date" : "2025-04-16",
    "price" : 166.99,
    "dma50" : 132.38,
    "dma100" : null,
    "dma200" : 145.27,
    "volume" : 4664819.00
  }, {
    "date" : "2025-04-17",
    "price" : 165.00,
    "dma50" : 133.66,
    "dma100" : null,
    "dma200" : 145.47,
    "volume" : 2501922.00
  }, {
    "date" : "2025-04-21",
    "price" : 161.55,
    "dma50" : 134.76,
    "dma100" : null,
    "dma200" : 145.63,
    "volume" : 4531151.00
  }, {
    "date" : "2025-04-22",
    "price" : 161.67,
    "dma50" : 135.81,
    "dma100" : null,
    "dma200" : 145.79,
    "volume" : 1795035.00
  }, {
    "date" : "2025-04-23",
    "price" : 161.84,
    "dma50" : 136.83,
    "dma100" : null,
    "dma200" : 145.95,
    "volume" : 1642990.00
  }, {
    "date" : "2025-04-24",
    "price" : 165.13,
    "dma50" : 137.94,
    "dma100" : null,
    "dma200" : 146.14,
    "volume" : 3787190.00
  }, {
    "date" : "2025-04-25",
    "price" : 154.00,
    "dma50" : 138.57,
    "dma100" : null,
    "dma200" : 146.22,
    "volume" : 3781558.00
  }, {
    "date" : "2025-04-28",
    "price" : 153.99,
    "dma50" : 139.18,
    "dma100" : null,
    "dma200" : 146.29,
    "volume" : 1465022.00
  }, {
    "date" : "2025-04-29",
    "price" : 152.85,
    "dma50" : 139.71,
    "dma100" : null,
    "dma200" : 146.36,
    "volume" : 1889596.00
  }, {
    "date" : "2025-04-30",
    "price" : 151.22,
    "dma50" : 140.16,
    "dma100" : null,
    "dma200" : 146.41,
    "volume" : 1986223.00
  }, {
    "date" : "2025-05-02",
    "price" : 151.77,
    "dma50" : 140.62,
    "dma100" : null,
    "dma200" : 146.46,
    "volume" : 1220724.00
  }, {
    "date" : "2025-05-05",
    "price" : 152.77,
    "dma50" : 141.09,
    "dma100" : null,
    "dma200" : 146.52,
    "volume" : 1398408.00
  }, {
    "date" : "2025-05-06",
    "price" : 145.84,
    "dma50" : 141.28,
    "dma100" : null,
    "dma200" : 146.52,
    "volume" : 1936191.00
  }, {
    "date" : "2025-05-07",
    "price" : 149.46,
    "dma50" : 141.60,
    "dma100" : null,
    "dma200" : 146.55,
    "volume" : 1224192.00
  }, {
    "date" : "2025-05-08",
    "price" : 146.04,
    "dma50" : 141.78,
    "dma100" : null,
    "dma200" : 146.54,
    "volume" : 1755376.00
  }, {
    "date" : "2025-05-09",
    "price" : 144.21,
    "dma50" : 141.87,
    "dma100" : null,
    "dma200" : 146.52,
    "volume" : 1507088.00
  }, {
    "date" : "2025-05-12",
    "price" : 152.67,
    "dma50" : 142.29,
    "dma100" : null,
    "dma200" : 146.58,
    "volume" : 1716036.00
  }, {
    "date" : "2025-05-13",
    "price" : 154.46,
    "dma50" : 142.77,
    "dma100" : null,
    "dma200" : 146.66,
    "volume" : 1811501.00
  }, {
    "date" : "2025-05-14",
    "price" : 159.63,
    "dma50" : 143.43,
    "dma100" : null,
    "dma200" : 146.79,
    "volume" : 2616638.00
  }, {
    "date" : "2025-05-15",
    "price" : 162.73,
    "dma50" : 144.19,
    "dma100" : null,
    "dma200" : 146.95,
    "volume" : 3707057.00
  }, {
    "date" : "2025-05-16",
    "price" : 165.90,
    "dma50" : 145.04,
    "dma100" : null,
    "dma200" : 147.13,
    "volume" : 2539627.00
  }, {
    "date" : "2025-05-19",
    "price" : 161.45,
    "dma50" : 145.68,
    "dma100" : null,
    "dma200" : 147.28,
    "volume" : 1668577.00
  }, {
    "date" : "2025-05-20",
    "price" : 163.67,
    "dma50" : 146.39,
    "dma100" : null,
    "dma200" : 147.44,
    "volume" : 6074389.00
  }, {
    "date" : "2025-05-21",
    "price" : 166.70,
    "dma50" : 147.19,
    "dma100" : null,
    "dma200" : 147.63,
    "volume" : 2494459.00
  }, {
    "date" : "2025-05-22",
    "price" : 163.69,
    "dma50" : 147.83,
    "dma100" : null,
    "dma200" : 147.79,
    "volume" : 1493599.00
  }, {
    "date" : "2025-05-23",
    "price" : 164.42,
    "dma50" : 148.48,
    "dma100" : null,
    "dma200" : 147.96,
    "volume" : 3168297.00
  }, {
    "date" : "2025-05-26",
    "price" : 164.02,
    "dma50" : 149.09,
    "dma100" : null,
    "dma200" : 148.12,
    "volume" : 9187002.00
  }, {
    "date" : "2025-05-27",
    "price" : 164.53,
    "dma50" : 149.70,
    "dma100" : null,
    "dma200" : 148.28,
    "volume" : 1947726.00
  }, {
    "date" : "2025-05-28",
    "price" : 165.86,
    "dma50" : 150.33,
    "dma100" : null,
    "dma200" : 148.45,
    "volume" : 2244607.00
  }, {
    "date" : "2025-05-29",
    "price" : 164.91,
    "dma50" : 150.90,
    "dma100" : null,
    "dma200" : 148.62,
    "volume" : 1406189.00
  }, {
    "date" : "2025-05-30",
    "price" : 167.26,
    "dma50" : 151.55,
    "dma100" : null,
    "dma200" : 148.80,
    "volume" : 7851862.00
  }, {
    "date" : "2025-06-02",
    "price" : 176.41,
    "dma50" : 152.52,
    "dma100" : null,
    "dma200" : 149.08,
    "volume" : 12288410.00
  }, {
    "date" : "2025-06-03",
    "price" : 178.66,
    "dma50" : 153.55,
    "dma100" : null,
    "dma200" : 149.37,
    "volume" : 8103427.00
  }, {
    "date" : "2025-06-04",
    "price" : 181.99,
    "dma50" : 154.66,
    "dma100" : null,
    "dma200" : 149.70,
    "volume" : 5888180.00
  }, {
    "date" : "2025-06-05",
    "price" : 186.80,
    "dma50" : 155.92,
    "dma100" : null,
    "dma200" : 150.07,
    "volume" : 10628531.00
  }, {
    "date" : "2025-06-06",
    "price" : 190.07,
    "dma50" : 157.26,
    "dma100" : null,
    "dma200" : 150.46,
    "volume" : 11152909.00
  }, {
    "date" : "2025-06-09",
    "price" : 188.90,
    "dma50" : 158.50,
    "dma100" : null,
    "dma200" : 150.85,
    "volume" : 5535823.00
  }, {
    "date" : "2025-06-10",
    "price" : 195.64,
    "dma50" : 159.96,
    "dma100" : null,
    "dma200" : 151.29,
    "volume" : 8365776.00
  }, {
    "date" : "2025-06-11",
    "price" : 197.64,
    "dma50" : 161.44,
    "dma100" : null,
    "dma200" : 151.75,
    "volume" : 11066713.00
  }, {
    "date" : "2025-06-12",
    "price" : 194.56,
    "dma50" : 162.73,
    "dma100" : null,
    "dma200" : 152.18,
    "volume" : 5482879.00
  }, {
    "date" : "2025-06-13",
    "price" : 208.35,
    "dma50" : 164.52,
    "dma100" : null,
    "dma200" : 152.74,
    "volume" : 25934885.00
  }, {
    "date" : "2025-06-16",
    "price" : 201.99,
    "dma50" : 165.99,
    "dma100" : null,
    "dma200" : 153.23,
    "volume" : 7370282.00
  }, {
    "date" : "2025-06-17",
    "price" : 194.16,
    "dma50" : 167.10,
    "dma100" : null,
    "dma200" : 153.64,
    "volume" : 6508012.00
  }, {
    "date" : "2025-06-18",
    "price" : 192.28,
    "dma50" : 168.08,
    "dma100" : null,
    "dma200" : 154.02,
    "volume" : 5578163.00
  }, {
    "date" : "2025-06-19",
    "price" : 184.12,
    "dma50" : 168.71,
    "dma100" : null,
    "dma200" : 154.32,
    "volume" : 4421091.00
  }, {
    "date" : "2025-06-20",
    "price" : 179.03,
    "dma50" : 169.12,
    "dma100" : null,
    "dma200" : 154.57,
    "volume" : 9526234.00
  }, {
    "date" : "2025-06-23",
    "price" : 187.38,
    "dma50" : 169.83,
    "dma100" : null,
    "dma200" : 154.89,
    "volume" : 7271534.00
  }, {
    "date" : "2025-06-24",
    "price" : 187.84,
    "dma50" : 170.54,
    "dma100" : null,
    "dma200" : 155.22,
    "volume" : 4910204.00
  }, {
    "date" : "2025-06-25",
    "price" : 196.81,
    "dma50" : 171.57,
    "dma100" : null,
    "dma200" : 155.63,
    "volume" : 8033197.00
  }, {
    "date" : "2025-06-26",
    "price" : 202.04,
    "dma50" : 172.77,
    "dma100" : null,
    "dma200" : 156.10,
    "volume" : 7935353.00
  }, {
    "date" : "2025-06-27",
    "price" : 197.86,
    "dma50" : 173.75,
    "dma100" : null,
    "dma200" : 156.51,
    "volume" : 3762868.00
  }, {
    "date" : "2025-06-30",
    "price" : 203.61,
    "dma50" : 174.92,
    "dma100" : null,
    "dma200" : 156.98,
    "volume" : 6287468.00
  }, {
    "date" : "2025-07-01",
    "price" : 199.43,
    "dma50" : 175.88,
    "dma100" : null,
    "dma200" : 157.40,
    "volume" : 4016640.00
  }, {
    "date" : "2025-07-02",
    "price" : 196.11,
    "dma50" : 176.67,
    "dma100" : null,
    "dma200" : 157.79,
    "volume" : 4159922.00
  }, {
    "date" : "2025-07-03",
    "price" : 199.07,
    "dma50" : 177.55,
    "dma100" : null,
    "dma200" : 158.20,
    "volume" : 3581668.00
  }, {
    "date" : "2025-07-04",
    "price" : 200.19,
    "dma50" : 178.44,
    "dma100" : null,
    "dma200" : 158.62,
    "volume" : 4027408.00
  }, {
    "date" : "2025-07-07",
    "price" : 204.40,
    "dma50" : 179.46,
    "dma100" : null,
    "dma200" : 159.07,
    "volume" : 8163323.00
  }, {
    "date" : "2025-07-08",
    "price" : 214.18,
    "dma50" : 180.82,
    "dma100" : null,
    "dma200" : 159.62,
    "volume" : 11560080.00
  }, {
    "date" : "2025-07-09",
    "price" : 207.16,
    "dma50" : 181.85,
    "dma100" : null,
    "dma200" : 160.09,
    "volume" : 11176394.00
  }, {
    "date" : "2025-07-10",
    "price" : 210.43,
    "dma50" : 182.97,
    "dma100" : 154.48,
    "dma200" : 160.59,
    "volume" : 4595945.00
  }, {
    "date" : "2025-07-11",
    "price" : 209.53,
    "dma50" : 184.02,
    "dma100" : 155.38,
    "dma200" : 161.08,
    "volume" : 4121468.00
  }, {
    "date" : "2025-07-14",
    "price" : 215.66,
    "dma50" : 185.26,
    "dma100" : 156.33,
    "dma200" : 161.62,
    "volume" : 6329648.00
  }, {
    "date" : "2025-07-15",
    "price" : 208.72,
    "dma50" : 186.18,
    "dma100" : 157.27,
    "dma200" : 162.09,
    "volume" : 5871057.00
  }, {
    "date" : "2025-07-16",
    "price" : 208.61,
    "dma50" : 187.06,
    "dma100" : 158.22,
    "dma200" : 162.56,
    "volume" : 3289639.00
  }, {
    "date" : "2025-07-17",
    "price" : 204.30,
    "dma50" : 187.73,
    "dma100" : 159.18,
    "dma200" : 162.97,
    "volume" : 4034824.00
  }, {
    "date" : "2025-07-18",
    "price" : 199.47,
    "dma50" : 188.19,
    "dma100" : 160.01,
    "dma200" : 163.33,
    "volume" : 3376308.00
  }, {
    "date" : "2025-07-21",
    "price" : 194.27,
    "dma50" : 188.43,
    "dma100" : 160.78,
    "dma200" : 163.64,
    "volume" : 1262301.00
  }, {
    "date" : "2025-07-22",
    "price" : 195.92,
    "dma50" : 188.72,
    "dma100" : 161.61,
    "dma200" : 163.96,
    "volume" : 1582246.00
  }, {
    "date" : "2025-07-23",
    "price" : 193.80,
    "dma50" : 188.92,
    "dma100" : 162.44,
    "dma200" : 164.26,
    "volume" : 377475.00
  }, {
    "date" : "2025-07-24",
    "price" : 188.67,
    "dma50" : 188.91,
    "dma100" : 163.24,
    "dma200" : 164.50,
    "volume" : 855743.00
  }, {
    "date" : "2025-07-25",
    "price" : 184.65,
    "dma50" : 188.75,
    "dma100" : 164.05,
    "dma200" : 164.70,
    "volume" : 790243.00
  }, {
    "date" : "2025-07-28",
    "price" : 178.11,
    "dma50" : 188.33,
    "dma100" : 164.76,
    "dma200" : 164.84,
    "volume" : 630755.00
  }, {
    "date" : "2025-07-29",
    "price" : 185.28,
    "dma50" : 188.21,
    "dma100" : 165.58,
    "dma200" : 165.04,
    "volume" : 838376.00
  }, {
    "date" : "2025-07-30",
    "price" : 184.37,
    "dma50" : 188.06,
    "dma100" : 166.37,
    "dma200" : 165.23,
    "volume" : 432191.00
  }, {
    "date" : "2025-07-31",
    "price" : 185.30,
    "dma50" : 187.95,
    "dma100" : 167.13,
    "dma200" : 165.43,
    "volume" : 1150563.00
  }, {
    "date" : "2025-08-01",
    "price" : 180.40,
    "dma50" : 187.66,
    "dma100" : 167.82,
    "dma200" : 165.58,
    "volume" : 1249200.00
  }, {
    "date" : "2025-08-04",
    "price" : 180.48,
    "dma50" : 187.37,
    "dma100" : 168.46,
    "dma200" : 165.73,
    "volume" : 896415.00
  }, {
    "date" : "2025-08-05",
    "price" : 182.57,
    "dma50" : 187.19,
    "dma100" : 169.19,
    "dma200" : 165.90,
    "volume" : 618006.00
  }, {
    "date" : "2025-08-06",
    "price" : 178.10,
    "dma50" : 186.83,
    "dma100" : 169.90,
    "dma200" : 166.02,
    "volume" : 993565.00
  }, {
    "date" : "2025-08-07",
    "price" : 181.40,
    "dma50" : 186.62,
    "dma100" : 170.66,
    "dma200" : 166.17,
    "volume" : 944858.00
  }, {
    "date" : "2025-08-08",
    "price" : 177.71,
    "dma50" : 186.27,
    "dma100" : 171.41,
    "dma200" : 166.29,
    "volume" : 386736.00
  }, {
    "date" : "2025-08-11",
    "price" : 177.46,
    "dma50" : 185.92,
    "dma100" : 172.17,
    "dma200" : 166.40,
    "volume" : 953142.00
  }, {
    "date" : "2025-08-12",
    "price" : 185.59,
    "dma50" : 185.91,
    "dma100" : 172.96,
    "dma200" : 166.59,
    "volume" : 1311068.00
  }, {
    "date" : "2025-08-13",
    "price" : 177.21,
    "dma50" : 185.57,
    "dma100" : 173.63,
    "dma200" : 166.69,
    "volume" : 1455054.00
  }, {
    "date" : "2025-08-14",
    "price" : 180.91,
    "dma50" : 185.38,
    "dma100" : 174.33,
    "dma200" : 166.84,
    "volume" : 887652.00
  }, {
    "date" : "2025-08-18",
    "price" : 183.13,
    "dma50" : 185.30,
    "dma100" : 174.85,
    "dma200" : 167.00,
    "volume" : 785011.00
  }, {
    "date" : "2025-08-19",
    "price" : 179.81,
    "dma50" : 185.08,
    "dma100" : 175.33,
    "dma200" : 167.12,
    "volume" : 814437.00
  }, {
    "date" : "2025-08-20",
    "price" : 176.60,
    "dma50" : 184.75,
    "dma100" : 175.81,
    "dma200" : 167.22,
    "volume" : 852531.00
  }, {
    "date" : "2025-08-21",
    "price" : 179.36,
    "dma50" : 184.54,
    "dma100" : 176.36,
    "dma200" : 167.34,
    "volume" : 1545576.00
  }, {
    "date" : "2025-08-22",
    "price" : 176.21,
    "dma50" : 184.21,
    "dma100" : 176.78,
    "dma200" : 167.43,
    "volume" : 668479.00
  }, {
    "date" : "2025-08-25",
    "price" : 174.62,
    "dma50" : 183.83,
    "dma100" : 177.22,
    "dma200" : 167.50,
    "volume" : 576074.00
  }, {
    "date" : "2025-08-26",
    "price" : 169.30,
    "dma50" : 183.26,
    "dma100" : 177.58,
    "dma200" : 167.52,
    "volume" : 780981.00
  }, {
    "date" : "2025-08-28",
    "price" : 170.10,
    "dma50" : 182.75,
    "dma100" : 177.80,
    "dma200" : 167.54,
    "volume" : 818523.00
  }, {
    "date" : "2025-08-29",
    "price" : 168.94,
    "dma50" : 182.21,
    "dma100" : 177.97,
    "dma200" : 167.56,
    "volume" : 884413.00
  }, {
    "date" : "2025-09-01",
    "price" : 170.20,
    "dma50" : 181.74,
    "dma100" : 178.19,
    "dma200" : 167.58,
    "volume" : 536228.00
  }, {
    "date" : "2025-09-02",
    "price" : 170.31,
    "dma50" : 181.29,
    "dma100" : 178.48,
    "dma200" : 167.61,
    "volume" : 1138479.00
  }, {
    "date" : "2025-09-03",
    "price" : 180.16,
    "dma50" : 181.24,
    "dma100" : 178.82,
    "dma200" : 167.74,
    "volume" : 3593899.00
  }, {
    "date" : "2025-09-04",
    "price" : 175.51,
    "dma50" : 181.02,
    "dma100" : 179.15,
    "dma200" : 167.81,
    "volume" : 1149368.00
  }, {
    "date" : "2025-09-05",
    "price" : 173.03,
    "dma50" : 180.71,
    "dma100" : 179.36,
    "dma200" : 167.86,
    "volume" : 965152.00
  }, {
    "date" : "2025-09-08",
    "price" : 174.21,
    "dma50" : 180.45,
    "dma100" : 179.43,
    "dma200" : 167.93,
    "volume" : 450524.00
  }, {
    "date" : "2025-09-09",
    "price" : 173.12,
    "dma50" : 180.16,
    "dma100" : 179.49,
    "dma200" : 167.98,
    "volume" : 740459.00
  }, {
    "date" : "2025-09-10",
    "price" : 173.01,
    "dma50" : 179.88,
    "dma100" : 179.57,
    "dma200" : 168.03,
    "volume" : 538396.00
  }, {
    "date" : "2025-09-11",
    "price" : 171.25,
    "dma50" : 179.54,
    "dma100" : 179.67,
    "dma200" : 168.06,
    "volume" : 684909.00
  }, {
    "date" : "2025-09-12",
    "price" : 168.96,
    "dma50" : 179.13,
    "dma100" : 179.74,
    "dma200" : 168.07,
    "volume" : 863259.00
  }, {
    "date" : "2025-09-15",
    "price" : 167.88,
    "dma50" : 178.69,
    "dma100" : 179.80,
    "dma200" : 168.07,
    "volume" : 1064184.00
  }, {
    "date" : "2025-09-16",
    "price" : 167.57,
    "dma50" : 178.25,
    "dma100" : 179.83,
    "dma200" : 168.06,
    "volume" : 572104.00
  }, {
    "date" : "2025-09-17",
    "price" : 169.66,
    "dma50" : 177.92,
    "dma100" : 179.99,
    "dma200" : 168.08,
    "volume" : 1183092.00
  }, {
    "date" : "2025-09-18",
    "price" : 167.45,
    "dma50" : 177.50,
    "dma100" : 180.12,
    "dma200" : 168.07,
    "volume" : 666538.00
  }, {
    "date" : "2025-09-19",
    "price" : 175.37,
    "dma50" : 177.42,
    "dma100" : 180.35,
    "dma200" : 168.15,
    "volume" : 2987642.00
  }, {
    "date" : "2025-09-22",
    "price" : 179.74,
    "dma50" : 177.51,
    "dma100" : 180.63,
    "dma200" : 168.26,
    "volume" : 4010113.00
  }, {
    "date" : "2025-09-23",
    "price" : 177.44,
    "dma50" : 177.51,
    "dma100" : 180.89,
    "dma200" : 168.35,
    "volume" : 831364.00
  }, {
    "date" : "2025-09-24",
    "price" : 171.77,
    "dma50" : 177.28,
    "dma100" : 181.08,
    "dma200" : 168.39,
    "volume" : 921882.00
  }, {
    "date" : "2025-09-25",
    "price" : 168.56,
    "dma50" : 176.94,
    "dma100" : 181.30,
    "dma200" : 168.39,
    "volume" : 1036754.00
  }, {
    "date" : "2025-09-26",
    "price" : 165.24,
    "dma50" : 176.48,
    "dma100" : 181.46,
    "dma200" : 168.36,
    "volume" : 1137755.00
  }, {
    "date" : "2025-09-29",
    "price" : 161.79,
    "dma50" : 175.91,
    "dma100" : 181.62,
    "dma200" : 168.29,
    "volume" : 959274.00
  }, {
    "date" : "2025-09-30",
    "price" : 161.74,
    "dma50" : 175.35,
    "dma100" : 181.80,
    "dma200" : 168.23,
    "volume" : 798595.00
  }, {
    "date" : "2025-10-01",
    "price" : 163.21,
    "dma50" : 174.88,
    "dma100" : 181.90,
    "dma200" : 168.18,
    "volume" : 934618.00
  }, {
    "date" : "2025-10-03",
    "price" : 161.91,
    "dma50" : 174.37,
    "dma100" : 181.98,
    "dma200" : 168.11,
    "volume" : 918312.00
  }, {
    "date" : "2025-10-06",
    "price" : 162.34,
    "dma50" : 173.90,
    "dma100" : 182.00,
    "dma200" : 168.06,
    "volume" : 909564.00
  }, {
    "date" : "2025-10-07",
    "price" : 159.53,
    "dma50" : 173.33,
    "dma100" : 181.97,
    "dma200" : 167.97,
    "volume" : 836052.00
  }, {
    "date" : "2025-10-08",
    "price" : 153.91,
    "dma50" : 172.57,
    "dma100" : 181.85,
    "dma200" : 167.83,
    "volume" : 1753166.00
  }, {
    "date" : "2025-10-09",
    "price" : 154.30,
    "dma50" : 171.85,
    "dma100" : 181.78,
    "dma200" : 167.70,
    "volume" : 843279.00
  }, {
    "date" : "2025-10-10",
    "price" : 160.18,
    "dma50" : 171.40,
    "dma100" : 181.74,
    "dma200" : 167.62,
    "volume" : 1394292.00
  }, {
    "date" : "2025-10-13",
    "price" : 155.27,
    "dma50" : 170.76,
    "dma100" : 181.63,
    "dma200" : 167.50,
    "volume" : 741585.00
  }, {
    "date" : "2025-10-14",
    "price" : 153.88,
    "dma50" : 170.10,
    "dma100" : 181.53,
    "dma200" : 167.36,
    "volume" : 1099861.00
  }, {
    "date" : "2025-10-15",
    "price" : 154.56,
    "dma50" : 169.49,
    "dma100" : 181.43,
    "dma200" : 167.24,
    "volume" : 1008947.00
  }, {
    "date" : "2025-10-16",
    "price" : 154.84,
    "dma50" : 168.92,
    "dma100" : 181.34,
    "dma200" : 167.11,
    "volume" : 501484.00
  }, {
    "date" : "2025-10-17",
    "price" : 151.88,
    "dma50" : 168.25,
    "dma100" : 181.21,
    "dma200" : 166.96,
    "volume" : 750887.00
  }, {
    "date" : "2025-10-20",
    "price" : 152.17,
    "dma50" : 167.62,
    "dma100" : 181.08,
    "dma200" : 166.81,
    "volume" : 796018.00
  }, {
    "date" : "2025-10-21",
    "price" : 152.34,
    "dma50" : 167.02,
    "dma100" : 180.95,
    "dma200" : 166.67,
    "volume" : 128324.00
  }, {
    "date" : "2025-10-23",
    "price" : 151.88,
    "dma50" : 166.43,
    "dma100" : 180.80,
    "dma200" : 166.52,
    "volume" : 958349.00
  }, {
    "date" : "2025-10-24",
    "price" : 150.25,
    "dma50" : 165.79,
    "dma100" : 180.54,
    "dma200" : 166.36,
    "volume" : 698453.00
  }, {
    "date" : "2025-10-27",
    "price" : 156.89,
    "dma50" : 165.44,
    "dma100" : 180.32,
    "dma200" : 166.27,
    "volume" : 1993379.00
  }, {
    "date" : "2025-10-28",
    "price" : 151.84,
    "dma50" : 164.91,
    "dma100" : 180.02,
    "dma200" : 166.12,
    "volume" : 1423787.00
  }, {
    "date" : "2025-10-29",
    "price" : 151.79,
    "dma50" : 164.39,
    "dma100" : 179.67,
    "dma200" : 165.98,
    "volume" : 633435.00
  }, {
    "date" : "2025-10-30",
    "price" : 150.78,
    "dma50" : 163.86,
    "dma100" : 179.27,
    "dma200" : 165.83,
    "volume" : 501348.00
  }, {
    "date" : "2025-10-31",
    "price" : 148.88,
    "dma50" : 163.27,
    "dma100" : 178.87,
    "dma200" : 165.66,
    "volume" : 626454.00
  }, {
    "date" : "2025-11-03",
    "price" : 151.08,
    "dma50" : 162.79,
    "dma100" : 178.43,
    "dma200" : 165.52,
    "volume" : 1057089.00
  }, {
    "date" : "2025-11-04",
    "price" : 147.67,
    "dma50" : 162.20,
    "dma100" : 177.93,
    "dma200" : 165.34,
    "volume" : 650730.00
  }, {
    "date" : "2025-11-06",
    "price" : 143.91,
    "dma50" : 161.48,
    "dma100" : 177.42,
    "dma200" : 165.13,
    "volume" : 1356963.00
  }, {
    "date" : "2025-11-07",
    "price" : 145.74,
    "dma50" : 160.87,
    "dma100" : 176.80,
    "dma200" : 164.93,
    "volume" : 549082.00
  }, {
    "date" : "2025-11-10",
    "price" : 142.60,
    "dma50" : 160.15,
    "dma100" : 176.20,
    "dma200" : 164.71,
    "volume" : 817741.00
  }, {
    "date" : "2025-11-11",
    "price" : 142.54,
    "dma50" : 159.46,
    "dma100" : 175.69,
    "dma200" : 164.49,
    "volume" : 593864.00
  }, {
    "date" : "2025-11-12",
    "price" : 143.60,
    "dma50" : 158.84,
    "dma100" : 175.20,
    "dma200" : 164.28,
    "volume" : 569357.00
  }, {
    "date" : "2025-11-13",
    "price" : 152.73,
    "dma50" : 158.60,
    "dma100" : 174.89,
    "dma200" : 164.17,
    "volume" : 10643038.00
  }, {
    "date" : "2025-11-14",
    "price" : 146.30,
    "dma50" : 158.12,
    "dma100" : 174.56,
    "dma200" : 163.99,
    "volume" : 1652798.00
  }, {
    "date" : "2025-11-17",
    "price" : 141.20,
    "dma50" : 157.45,
    "dma100" : 174.10,
    "dma200" : 163.76,
    "volume" : 2054903.00
  }, {
    "date" : "2025-11-18",
    "price" : 142.98,
    "dma50" : 156.89,
    "dma100" : 173.65,
    "dma200" : 163.56,
    "volume" : 2260403.00
  }, {
    "date" : "2025-11-19",
    "price" : 140.92,
    "dma50" : 156.26,
    "dma100" : 173.09,
    "dma200" : 163.33,
    "volume" : 837481.00
  }, {
    "date" : "2025-11-20",
    "price" : 140.41,
    "dma50" : 155.64,
    "dma100" : 172.47,
    "dma200" : 163.10,
    "volume" : 1060736.00
  }, {
    "date" : "2025-11-21",
    "price" : 135.98,
    "dma50" : 154.87,
    "dma100" : 171.85,
    "dma200" : 162.83,
    "volume" : 1122293.00
  }, {
    "date" : "2025-11-24",
    "price" : 131.83,
    "dma50" : 153.96,
    "dma100" : 171.14,
    "dma200" : 162.52,
    "volume" : 1536654.00
  }, {
    "date" : "2025-11-25",
    "price" : 134.03,
    "dma50" : 153.18,
    "dma100" : 170.48,
    "dma200" : 162.24,
    "volume" : 1070371.00
  }, {
    "date" : "2025-11-26",
    "price" : 135.52,
    "dma50" : 152.49,
    "dma100" : 169.88,
    "dma200" : 161.97,
    "volume" : 966501.00
  }, {
    "date" : "2025-11-27",
    "price" : 134.91,
    "dma50" : 151.80,
    "dma100" : 169.23,
    "dma200" : 161.71,
    "volume" : 665210.00
  }, {
    "date" : "2025-11-28",
    "price" : 131.79,
    "dma50" : 151.02,
    "dma100" : 168.55,
    "dma200" : 161.41,
    "volume" : 397431.00
  }, {
    "date" : "2025-12-01",
    "price" : 129.87,
    "dma50" : 150.19,
    "dma100" : 167.81,
    "dma200" : 161.09,
    "volume" : 531101.00
  }, {
    "date" : "2025-12-02",
    "price" : 127.06,
    "dma50" : 149.28,
    "dma100" : 166.93,
    "dma200" : 160.76,
    "volume" : 1194156.00
  }, {
    "date" : "2025-12-03",
    "price" : 126.46,
    "dma50" : 148.38,
    "dma100" : 166.13,
    "dma200" : 160.41,
    "volume" : 760474.00
  }, {
    "date" : "2025-12-04",
    "price" : 122.22,
    "dma50" : 147.36,
    "dma100" : 165.25,
    "dma200" : 160.03,
    "volume" : 1172270.00
  }, {
    "date" : "2025-12-05",
    "price" : 120.41,
    "dma50" : 146.30,
    "dma100" : 164.35,
    "dma200" : 159.64,
    "volume" : 857943.00
  }, {
    "date" : "2025-12-08",
    "price" : 116.16,
    "dma50" : 145.12,
    "dma100" : 163.36,
    "dma200" : 159.21,
    "volume" : 1650478.00
  }, {
    "date" : "2025-12-09",
    "price" : 117.32,
    "dma50" : 144.03,
    "dma100" : 162.44,
    "dma200" : 158.79,
    "volume" : 3333487.00
  }, {
    "date" : "2025-12-10",
    "price" : 120.46,
    "dma50" : 143.10,
    "dma100" : 161.56,
    "dma200" : 158.41,
    "volume" : 10552483.00
  }, {
    "date" : "2025-12-11",
    "price" : 117.42,
    "dma50" : 142.10,
    "dma100" : 160.69,
    "dma200" : 158.00,
    "volume" : 3209529.00
  }, {
    "date" : "2025-12-12",
    "price" : 119.49,
    "dma50" : 141.21,
    "dma100" : 159.89,
    "dma200" : 157.62,
    "volume" : 1423612.00
  }, {
    "date" : "2025-12-15",
    "price" : 120.99,
    "dma50" : 140.42,
    "dma100" : 159.16,
    "dma200" : 157.25,
    "volume" : 1418679.00
  }, {
    "date" : "2025-12-16",
    "price" : 118.00,
    "dma50" : 139.54,
    "dma100" : 158.38,
    "dma200" : 156.86,
    "volume" : 611965.00
  }, {
    "date" : "2025-12-17",
    "price" : 116.12,
    "dma50" : 138.62,
    "dma100" : 157.61,
    "dma200" : 156.46,
    "volume" : 998074.00
  }, {
    "date" : "2025-12-18",
    "price" : 115.50,
    "dma50" : 137.71,
    "dma100" : 156.87,
    "dma200" : 156.05,
    "volume" : 991310.00
  }, {
    "date" : "2025-12-19",
    "price" : 118.41,
    "dma50" : 136.96,
    "dma100" : 156.21,
    "dma200" : 155.68,
    "volume" : 1043959.00
  }, {
    "date" : "2025-12-22",
    "price" : 120.72,
    "dma50" : 136.32,
    "dma100" : 155.64,
    "dma200" : 155.33,
    "volume" : 2201881.00
  }, {
    "date" : "2025-12-23",
    "price" : 124.04,
    "dma50" : 135.84,
    "dma100" : 155.03,
    "dma200" : 155.02,
    "volume" : 1704504.00
  }, {
    "date" : "2025-12-24",
    "price" : 121.03,
    "dma50" : 135.26,
    "dma100" : 154.39,
    "dma200" : 154.68,
    "volume" : 837691.00
  }, {
    "date" : "2025-12-26",
    "price" : 118.85,
    "dma50" : 134.61,
    "dma100" : 153.73,
    "dma200" : 154.32,
    "volume" : 1125274.00
  }, {
    "date" : "2025-12-29",
    "price" : 117.80,
    "dma50" : 133.95,
    "dma100" : 153.10,
    "dma200" : 153.96,
    "volume" : 751122.00
  }, {
    "date" : "2025-12-30",
    "price" : 116.69,
    "dma50" : 133.28,
    "dma100" : 152.46,
    "dma200" : 153.59,
    "volume" : 987554.00
  }, {
    "date" : "2025-12-31",
    "price" : 118.54,
    "dma50" : 132.70,
    "dma100" : 151.82,
    "dma200" : 153.24,
    "volume" : 1370267.00
  }, {
    "date" : "2026-01-01",
    "price" : 117.70,
    "dma50" : 132.11,
    "dma100" : 151.22,
    "dma200" : 152.88,
    "volume" : 453220.00
  }, {
    "date" : "2026-01-02",
    "price" : 120.55,
    "dma50" : 131.66,
    "dma100" : 150.61,
    "dma200" : 152.56,
    "volume" : 1023234.00
  }, {
    "date" : "2026-01-05",
    "price" : 122.99,
    "dma50" : 131.32,
    "dma100" : 150.06,
    "dma200" : 152.27,
    "volume" : 2104287.00
  }, {
    "date" : "2026-01-06",
    "price" : 119.84,
    "dma50" : 130.87,
    "dma100" : 149.49,
    "dma200" : 151.95,
    "volume" : 946743.00
  }, {
    "date" : "2026-01-07",
    "price" : 118.34,
    "dma50" : 130.38,
    "dma100" : 148.82,
    "dma200" : 151.61,
    "volume" : 1005845.00
  }, {
    "date" : "2026-01-08",
    "price" : 115.57,
    "dma50" : 129.80,
    "dma100" : 148.20,
    "dma200" : 151.25,
    "volume" : 889658.00
  }, {
    "date" : "2026-01-09",
    "price" : 111.89,
    "dma50" : 129.09,
    "dma100" : 147.51,
    "dma200" : 150.86,
    "volume" : 1228118.00
  }, {
    "date" : "2026-01-12",
    "price" : 110.58,
    "dma50" : 128.37,
    "dma100" : 146.78,
    "dma200" : 150.46,
    "volume" : 1294904.00
  }, {
    "date" : "2026-01-13",
    "price" : 109.54,
    "dma50" : 127.63,
    "dma100" : 146.08,
    "dma200" : 150.05,
    "volume" : 751917.00
  }, {
    "date" : "2026-01-14",
    "price" : 108.70,
    "dma50" : 126.89,
    "dma100" : 145.40,
    "dma200" : 149.64,
    "volume" : 758574.00
  }, {
    "date" : "2026-01-16",
    "price" : 104.11,
    "dma50" : 125.99,
    "dma100" : 144.65,
    "dma200" : 149.19,
    "volume" : 1759945.00
  }, {
    "date" : "2026-01-19",
    "price" : 102.86,
    "dma50" : 125.09,
    "dma100" : 143.92,
    "dma200" : 148.73,
    "volume" : 1890412.00
  }, {
    "date" : "2026-01-20",
    "price" : 98.34,
    "dma50" : 124.04,
    "dma100" : 143.15,
    "dma200" : 148.23,
    "volume" : 2014552.00
  }, {
    "date" : "2026-01-21",
    "price" : 100.49,
    "dma50" : 123.11,
    "dma100" : 142.46,
    "dma200" : 147.75,
    "volume" : 4008240.00
  }, {
    "date" : "2026-01-22",
    "price" : 101.34,
    "dma50" : 122.26,
    "dma100" : 141.78,
    "dma200" : 147.29,
    "volume" : 1019719.00
  }, {
    "date" : "2026-01-23",
    "price" : 102.65,
    "dma50" : 121.49,
    "dma100" : 141.11,
    "dma200" : 146.85,
    "volume" : 6116736.00
  }, {
    "date" : "2026-01-27",
    "price" : 97.85,
    "dma50" : 120.56,
    "dma100" : 140.39,
    "dma200" : 146.36,
    "volume" : 2498227.00
  }, {
    "date" : "2026-01-28",
    "price" : 101.93,
    "dma50" : 119.83,
    "dma100" : 139.71,
    "dma200" : 145.92,
    "volume" : 1416171.00
  }, {
    "date" : "2026-01-29",
    "price" : 105.94,
    "dma50" : 119.29,
    "dma100" : 138.96,
    "dma200" : 145.52,
    "volume" : 7168749.00
  }, {
    "date" : "2026-01-30",
    "price" : 106.63,
    "dma50" : 118.79,
    "dma100" : 138.28,
    "dma200" : 145.13,
    "volume" : 1483450.00
  }, {
    "date" : "2026-02-01",
    "price" : 100.74,
    "dma50" : 118.08,
    "dma100" : 137.55,
    "dma200" : 144.69,
    "volume" : 1337833.00
  }, {
    "date" : "2026-02-02",
    "price" : 103.72,
    "dma50" : 117.52,
    "dma100" : 136.85,
    "dma200" : 144.28,
    "volume" : 1548477.00
  }, {
    "date" : "2026-02-03",
    "price" : 110.03,
    "dma50" : 117.23,
    "dma100" : 136.22,
    "dma200" : 143.94,
    "volume" : 2412986.00
  }, {
    "date" : "2026-02-04",
    "price" : 127.71,
    "dma50" : 117.64,
    "dma100" : 135.76,
    "dma200" : 143.78,
    "volume" : 15474540.00
  }, {
    "date" : "2026-02-05",
    "price" : 120.68,
    "dma50" : 117.76,
    "dma100" : 135.26,
    "dma200" : 143.55,
    "volume" : 3738803.00
  }, {
    "date" : "2026-02-06",
    "price" : 117.03,
    "dma50" : 117.73,
    "dma100" : 134.74,
    "dma200" : 143.29,
    "volume" : 1986109.00
  }, {
    "date" : "2026-02-09",
    "price" : 124.27,
    "dma50" : 117.99,
    "dma100" : 134.30,
    "dma200" : 143.10,
    "volume" : 10668513.00
  }, {
    "date" : "2026-02-10",
    "price" : 127.78,
    "dma50" : 118.37,
    "dma100" : 133.90,
    "dma200" : 142.94,
    "volume" : 4234086.00
  } ],
  "latestTechnicalAttributes" : {
    "date" : "2026-02-10",
    "price" : 127.78,
    "dma50" : 118.37,
    "dma100" : 133.90,
    "dma200" : 142.94,
    "volume" : 4234086.00
  },
  "quarterlyResults" : [ {
    "date" : "2009-06-30",
    "sales" : 4.29,
    "salesGrowthYoY" : null,
    "grossProfitMargin" : 188.81,
    "grossProfit" : 8.10,
    "operatingProfitMargin" : 97.44,
    "operatingProfit" : 4.18,
    "netProfitMargin" : 740.79,
    "netProfit" : 31.78
  }, {
    "date" : "2009-09-30",
    "sales" : 73.41,
    "salesGrowthYoY" : null,
    "grossProfitMargin" : 109.56,
    "grossProfit" : 80.43,
    "operatingProfitMargin" : 92.70,
    "operatingProfit" : 68.05,
    "netProfitMargin" : 64.53,
    "netProfit" : 47.37
  }, {
    "date" : "2009-12-31",
    "sales" : 74.86,
    "salesGrowthYoY" : null,
    "grossProfitMargin" : 164.40,
    "grossProfit" : 123.07,
    "operatingProfitMargin" : 93.72,
    "operatingProfit" : 70.16,
    "netProfitMargin" : 98.50,
    "netProfit" : 73.74
  }, {
    "date" : "2010-03-31",
    "sales" : 74.06,
    "salesGrowthYoY" : null,
    "grossProfitMargin" : 101.12,
    "grossProfit" : 74.89,
    "operatingProfitMargin" : 92.53,
    "operatingProfit" : 68.53,
    "netProfitMargin" : 100.59,
    "netProfit" : 74.50
  }, {
    "date" : "2010-06-30",
    "sales" : 78.92,
    "salesGrowthYoY" : 1739.63,
    "grossProfitMargin" : 96.87,
    "grossProfit" : 76.45,
    "operatingProfitMargin" : 89.23,
    "operatingProfit" : 70.42,
    "netProfitMargin" : 103.35,
    "netProfit" : 81.56
  }, {
    "date" : "2010-09-30",
    "sales" : 145.09,
    "salesGrowthYoY" : 97.64,
    "grossProfitMargin" : 100.12,
    "grossProfit" : 145.26,
    "operatingProfitMargin" : 95.41,
    "operatingProfit" : 138.43,
    "netProfitMargin" : 103.40,
    "netProfit" : 150.02
  }, {
    "date" : "2010-12-31",
    "sales" : 34.26,
    "salesGrowthYoY" : -54.23,
    "grossProfitMargin" : 100.53,
    "grossProfit" : 34.44,
    "operatingProfitMargin" : 61.35,
    "operatingProfit" : 21.02,
    "netProfitMargin" : 70.93,
    "netProfit" : 24.30
  }, {
    "date" : "2011-03-31",
    "sales" : 22.96,
    "salesGrowthYoY" : -69.00,
    "grossProfitMargin" : 111.32,
    "grossProfit" : 25.56,
    "operatingProfitMargin" : -28.66,
    "operatingProfit" : -6.58,
    "netProfitMargin" : -0.83,
    "netProfit" : -0.19
  }, {
    "date" : "2011-06-30",
    "sales" : 41.99,
    "salesGrowthYoY" : -46.79,
    "grossProfitMargin" : 81.38,
    "grossProfit" : 34.17,
    "operatingProfitMargin" : 61.01,
    "operatingProfit" : 25.62,
    "netProfitMargin" : 206.81,
    "netProfit" : 86.84
  }, {
    "date" : "2011-09-30",
    "sales" : 15.34,
    "salesGrowthYoY" : -89.43,
    "grossProfitMargin" : 100.20,
    "grossProfit" : 15.37,
    "operatingProfitMargin" : 64.28,
    "operatingProfit" : 9.86,
    "netProfitMargin" : 122.23,
    "netProfit" : 18.75
  }, {
    "date" : "2011-12-31",
    "sales" : 28.86,
    "salesGrowthYoY" : -15.76,
    "grossProfitMargin" : 100.10,
    "grossProfit" : 28.89,
    "operatingProfitMargin" : 82.47,
    "operatingProfit" : 23.80,
    "netProfitMargin" : 95.29,
    "netProfit" : 27.50
  }, {
    "date" : "2012-03-31",
    "sales" : -37.53,
    "salesGrowthYoY" : -263.46,
    "grossProfitMargin" : 0.00,
    "grossProfit" : -0.00,
    "operatingProfitMargin" : 0.00,
    "operatingProfit" : -0.00,
    "netProfitMargin" : 0.00,
    "netProfit" : -0.00
  }, {
    "date" : "2012-06-30",
    "sales" : -1.49,
    "salesGrowthYoY" : -103.55,
    "grossProfitMargin" : 0.00,
    "grossProfit" : -0.00,
    "operatingProfitMargin" : 0.00,
    "operatingProfit" : -0.00,
    "netProfitMargin" : 0.00,
    "netProfit" : -0.00
  }, {
    "date" : "2012-09-30",
    "sales" : -1.74,
    "salesGrowthYoY" : -111.34,
    "grossProfitMargin" : 0.00,
    "grossProfit" : -0.00,
    "operatingProfitMargin" : 0.00,
    "operatingProfit" : -0.00,
    "netProfitMargin" : 0.00,
    "netProfit" : -0.00
  }, {
    "date" : "2012-12-31",
    "sales" : -1.61,
    "salesGrowthYoY" : -105.58,
    "grossProfitMargin" : 0.00,
    "grossProfit" : -0.00,
    "operatingProfitMargin" : 0.00,
    "operatingProfit" : -0.00,
    "netProfitMargin" : 0.00,
    "netProfit" : -0.00
  }, {
    "date" : "2013-03-31",
    "sales" : 38.53,
    "salesGrowthYoY" : -202.66,
    "grossProfitMargin" : 63.22,
    "grossProfit" : 24.36,
    "operatingProfitMargin" : 39.66,
    "operatingProfit" : 15.28,
    "netProfitMargin" : 25.59,
    "netProfit" : 9.86
  }, {
    "date" : "2013-06-30",
    "sales" : -3.94,
    "salesGrowthYoY" : 164.43,
    "grossProfitMargin" : 0.00,
    "grossProfit" : -0.00,
    "operatingProfitMargin" : 0.00,
    "operatingProfit" : -0.00,
    "netProfitMargin" : 0.00,
    "netProfit" : -0.00
  }, {
    "date" : "2013-09-30",
    "sales" : 1.24,
    "salesGrowthYoY" : -171.26,
    "grossProfitMargin" : 100.81,
    "grossProfit" : 1.25,
    "operatingProfitMargin" : -187.10,
    "operatingProfit" : -2.32,
    "netProfitMargin" : -862.10,
    "netProfit" : -10.69
  }, {
    "date" : "2013-12-31",
    "sales" : 1.49,
    "salesGrowthYoY" : -192.55,
    "grossProfitMargin" : 100.67,
    "grossProfit" : 1.50,
    "operatingProfitMargin" : -136.24,
    "operatingProfit" : -2.03,
    "netProfitMargin" : -514.77,
    "netProfit" : -7.67
  }, {
    "date" : "2014-03-31",
    "sales" : -0.07,
    "salesGrowthYoY" : -100.18,
    "grossProfitMargin" : 0.00,
    "grossProfit" : -0.00,
    "operatingProfitMargin" : 0.00,
    "operatingProfit" : -0.00,
    "netProfitMargin" : 0.00,
    "netProfit" : -0.00
  }, {
    "date" : "2014-06-30",
    "sales" : 4.18,
    "salesGrowthYoY" : -206.09,
    "grossProfitMargin" : 118.90,
    "grossProfit" : 4.97,
    "operatingProfitMargin" : 16.27,
    "operatingProfit" : 0.68,
    "netProfitMargin" : -170.57,
    "netProfit" : -7.13
  }, {
    "date" : "2014-09-30",
    "sales" : 0.00,
    "salesGrowthYoY" : -100.00,
    "grossProfitMargin" : 0.00,
    "grossProfit" : 0.00,
    "operatingProfitMargin" : 0.00,
    "operatingProfit" : 0.00,
    "netProfitMargin" : 0.00,
    "netProfit" : 0.00
  }, {
    "date" : "2014-12-31",
    "sales" : -3.14,
    "salesGrowthYoY" : -310.74,
    "grossProfitMargin" : 0.00,
    "grossProfit" : -0.00,
    "operatingProfitMargin" : 0.00,
    "operatingProfit" : -0.00,
    "netProfitMargin" : 0.00,
    "netProfit" : -0.00
  }, {
    "date" : "2015-03-31",
    "sales" : -0.02,
    "salesGrowthYoY" : -71.43,
    "grossProfitMargin" : 0.00,
    "grossProfit" : -0.00,
    "operatingProfitMargin" : 0.00,
    "operatingProfit" : -0.00,
    "netProfitMargin" : 0.00,
    "netProfit" : -0.00
  }, {
    "date" : "2015-06-30",
    "sales" : 53.06,
    "salesGrowthYoY" : 1169.38,
    "grossProfitMargin" : 60.93,
    "grossProfit" : 32.33,
    "operatingProfitMargin" : 27.74,
    "operatingProfit" : 14.72,
    "netProfitMargin" : 17.66,
    "netProfit" : 9.37
  }, {
    "date" : "2015-09-30",
    "sales" : 51.93,
    "salesGrowthYoY" : 100.00,
    "grossProfitMargin" : 94.17,
    "grossProfit" : 48.90,
    "operatingProfitMargin" : 53.55,
    "operatingProfit" : 27.81,
    "netProfitMargin" : 45.68,
    "netProfit" : 23.72
  }, {
    "date" : "2015-12-31",
    "sales" : 19.64,
    "salesGrowthYoY" : -725.48,
    "grossProfitMargin" : 46.74,
    "grossProfit" : 9.18,
    "operatingProfitMargin" : 16.19,
    "operatingProfit" : 3.18,
    "netProfitMargin" : -43.53,
    "netProfit" : -8.55
  }, {
    "date" : "2016-03-31",
    "sales" : 52.41,
    "salesGrowthYoY" : -262150.00,
    "grossProfitMargin" : 63.50,
    "grossProfit" : 33.28,
    "operatingProfitMargin" : 44.27,
    "operatingProfit" : 23.20,
    "netProfitMargin" : 64.07,
    "netProfit" : 33.58
  }, {
    "date" : "2016-06-30",
    "sales" : 5.13,
    "salesGrowthYoY" : -90.33,
    "grossProfitMargin" : 45.03,
    "grossProfit" : 2.31,
    "operatingProfitMargin" : -73.88,
    "operatingProfit" : -3.79,
    "netProfitMargin" : -171.35,
    "netProfit" : -8.79
  }, {
    "date" : "2016-09-30",
    "sales" : 0.00,
    "salesGrowthYoY" : -100.00,
    "grossProfitMargin" : 0.00,
    "grossProfit" : 0.00,
    "operatingProfitMargin" : 0.00,
    "operatingProfit" : 0.00,
    "netProfitMargin" : 0.00,
    "netProfit" : 0.00
  }, {
    "date" : "2016-12-31",
    "sales" : 0.08,
    "salesGrowthYoY" : -99.59,
    "grossProfitMargin" : 100.00,
    "grossProfit" : 0.08,
    "operatingProfitMargin" : -6175.00,
    "operatingProfit" : -4.94,
    "netProfitMargin" : -19112.50,
    "netProfit" : -15.29
  }, {
    "date" : "2017-03-31",
    "sales" : 12.68,
    "salesGrowthYoY" : -75.81,
    "grossProfitMargin" : 23.19,
    "grossProfit" : 2.94,
    "operatingProfitMargin" : -148.19,
    "operatingProfit" : -18.79,
    "netProfitMargin" : 339.20,
    "netProfit" : 43.01
  }, {
    "date" : "2017-06-30",
    "sales" : 0.84,
    "salesGrowthYoY" : -83.63,
    "grossProfitMargin" : 100.00,
    "grossProfit" : 0.84,
    "operatingProfitMargin" : -1123.81,
    "operatingProfit" : -9.44,
    "netProfitMargin" : -1854.76,
    "netProfit" : -15.58
  }, {
    "date" : "2017-09-30",
    "sales" : 2.44,
    "salesGrowthYoY" : 100.00,
    "grossProfitMargin" : 54.92,
    "grossProfit" : 1.34,
    "operatingProfitMargin" : -450.41,
    "operatingProfit" : -10.99,
    "netProfitMargin" : -508.20,
    "netProfit" : -12.40
  }, {
    "date" : "2017-12-31",
    "sales" : 0.52,
    "salesGrowthYoY" : 550.00,
    "grossProfitMargin" : 78.85,
    "grossProfit" : 0.41,
    "operatingProfitMargin" : -18434.62,
    "operatingProfit" : -95.86,
    "netProfitMargin" : 4461.54,
    "netProfit" : 23.20
  }, {
    "date" : "2018-03-31",
    "sales" : 0.25,
    "salesGrowthYoY" : -98.03,
    "grossProfitMargin" : -192.00,
    "grossProfit" : -0.48,
    "operatingProfitMargin" : -23508.00,
    "operatingProfit" : -58.77,
    "netProfitMargin" : -29280.00,
    "netProfit" : -73.20
  }, {
    "date" : "2018-06-30",
    "sales" : 2.42,
    "salesGrowthYoY" : 188.10,
    "grossProfitMargin" : 54.55,
    "grossProfit" : 1.32,
    "operatingProfitMargin" : -372.31,
    "operatingProfit" : -9.01,
    "netProfitMargin" : -193.39,
    "netProfit" : -4.68
  }, {
    "date" : "2018-09-30",
    "sales" : 0.21,
    "salesGrowthYoY" : -91.39,
    "grossProfitMargin" : 100.00,
    "grossProfit" : 0.21,
    "operatingProfitMargin" : -5700.00,
    "operatingProfit" : -11.97,
    "netProfitMargin" : -7980.95,
    "netProfit" : -16.76
  }, {
    "date" : "2018-12-31",
    "sales" : 0.21,
    "salesGrowthYoY" : -59.62,
    "grossProfitMargin" : 100.00,
    "grossProfit" : 0.21,
    "operatingProfitMargin" : -6357.14,
    "operatingProfit" : -13.35,
    "netProfitMargin" : -5152.38,
    "netProfit" : -10.82
  }, {
    "date" : "2019-03-31",
    "sales" : 1.35,
    "salesGrowthYoY" : 440.00,
    "grossProfitMargin" : 100.00,
    "grossProfit" : 1.35,
    "operatingProfitMargin" : -3949.63,
    "operatingProfit" : -53.32,
    "netProfitMargin" : -6537.04,
    "netProfit" : -88.25
  }, {
    "date" : "2019-06-30",
    "sales" : 0.21,
    "salesGrowthYoY" : -91.32,
    "grossProfitMargin" : 100.00,
    "grossProfit" : 0.21,
    "operatingProfitMargin" : -6642.86,
    "operatingProfit" : -13.95,
    "netProfitMargin" : -9485.71,
    "netProfit" : -19.92
  }, {
    "date" : "2019-09-30",
    "sales" : 0.21,
    "salesGrowthYoY" : 0.00,
    "grossProfitMargin" : 100.00,
    "grossProfit" : 0.21,
    "operatingProfitMargin" : -21723.81,
    "operatingProfit" : -45.62,
    "netProfitMargin" : -29519.05,
    "netProfit" : -61.99
  }, {
    "date" : "2019-12-31",
    "sales" : 0.20,
    "salesGrowthYoY" : -4.76,
    "grossProfitMargin" : 100.00,
    "grossProfit" : 0.20,
    "operatingProfitMargin" : -4875.00,
    "operatingProfit" : -9.75,
    "netProfitMargin" : -15610.00,
    "netProfit" : -31.22
  }, {
    "date" : "2020-03-31",
    "sales" : -0.15,
    "salesGrowthYoY" : -111.11,
    "grossProfitMargin" : 0.00,
    "grossProfit" : -0.00,
    "operatingProfitMargin" : 0.00,
    "operatingProfit" : -0.00,
    "netProfitMargin" : 0.00,
    "netProfit" : -0.00
  }, {
    "date" : "2020-06-30",
    "sales" : 0.05,
    "salesGrowthYoY" : -76.19,
    "grossProfitMargin" : 100.00,
    "grossProfit" : 0.05,
    "operatingProfitMargin" : -95000.00,
    "operatingProfit" : -47.50,
    "netProfitMargin" : -115740.00,
    "netProfit" : -57.87
  }, {
    "date" : "2020-09-30",
    "sales" : 0.05,
    "salesGrowthYoY" : -76.19,
    "grossProfitMargin" : 100.00,
    "grossProfit" : 0.05,
    "operatingProfitMargin" : -12260.00,
    "operatingProfit" : -6.13,
    "netProfitMargin" : -39240.00,
    "netProfit" : -19.62
  }, {
    "date" : "2020-12-31",
    "sales" : 0.05,
    "salesGrowthYoY" : -75.00,
    "grossProfitMargin" : 100.00,
    "grossProfit" : 0.05,
    "operatingProfitMargin" : -31740.00,
    "operatingProfit" : -15.87,
    "netProfitMargin" : -97980.00,
    "netProfit" : -48.99
  }, {
    "date" : "2021-03-31",
    "sales" : 0.05,
    "salesGrowthYoY" : -133.33,
    "grossProfitMargin" : 100.00,
    "grossProfit" : 0.05,
    "operatingProfitMargin" : 19340.00,
    "operatingProfit" : 9.67,
    "netProfitMargin" : 75140.00,
    "netProfit" : 37.57
  }, {
    "date" : "2021-06-30",
    "sales" : 0.05,
    "salesGrowthYoY" : 0.00,
    "grossProfitMargin" : 100.00,
    "grossProfit" : 0.05,
    "operatingProfitMargin" : -13960.00,
    "operatingProfit" : -6.98,
    "netProfitMargin" : -66920.00,
    "netProfit" : -33.46
  }, {
    "date" : "2021-09-30",
    "sales" : 2.65,
    "salesGrowthYoY" : 5200.00,
    "grossProfitMargin" : 100.00,
    "grossProfit" : 2.65,
    "operatingProfitMargin" : -8330.19,
    "operatingProfit" : -220.75,
    "netProfitMargin" : -9231.70,
    "netProfit" : -244.64
  }, {
    "date" : "2021-12-31",
    "sales" : 0.05,
    "salesGrowthYoY" : 0.00,
    "grossProfitMargin" : 100.00,
    "grossProfit" : 0.05,
    "operatingProfitMargin" : -41320.00,
    "operatingProfit" : -20.66,
    "netProfitMargin" : -48000.00,
    "netProfit" : -24.00
  }, {
    "date" : "2022-03-31",
    "sales" : 1.12,
    "salesGrowthYoY" : 2140.00,
    "grossProfitMargin" : 201.79,
    "grossProfit" : 2.26,
    "operatingProfitMargin" : -765.18,
    "operatingProfit" : -8.57,
    "netProfitMargin" : -184.82,
    "netProfit" : -2.07
  }, {
    "date" : "2022-06-30",
    "sales" : 0.00,
    "salesGrowthYoY" : -100.00,
    "grossProfitMargin" : 0.00,
    "grossProfit" : 0.00,
    "operatingProfitMargin" : 0.00,
    "operatingProfit" : 0.00,
    "netProfitMargin" : 0.00,
    "netProfit" : 0.00
  }, {
    "date" : "2022-09-30",
    "sales" : 2.50,
    "salesGrowthYoY" : -5.66,
    "grossProfitMargin" : 100.00,
    "grossProfit" : 2.50,
    "operatingProfitMargin" : -218.40,
    "operatingProfit" : -5.46,
    "netProfitMargin" : 400.80,
    "netProfit" : 10.02
  }, {
    "date" : "2022-12-31",
    "sales" : 1.08,
    "salesGrowthYoY" : 2060.00,
    "grossProfitMargin" : 100.00,
    "grossProfit" : 1.08,
    "operatingProfitMargin" : -1004.63,
    "operatingProfit" : -10.85,
    "netProfitMargin" : 2179.63,
    "netProfit" : 23.54
  }, {
    "date" : "2023-03-31",
    "sales" : 0.00,
    "salesGrowthYoY" : -100.00,
    "grossProfitMargin" : 0.00,
    "grossProfit" : 0.00,
    "operatingProfitMargin" : 0.00,
    "operatingProfit" : 0.00,
    "netProfitMargin" : 0.00,
    "netProfit" : 0.00
  }, {
    "date" : "2023-06-30",
    "sales" : 0.00,
    "salesGrowthYoY" : 0.00,
    "grossProfitMargin" : 0.00,
    "grossProfit" : 0.00,
    "operatingProfitMargin" : 0.00,
    "operatingProfit" : 0.00,
    "netProfitMargin" : 0.00,
    "netProfit" : 0.00
  }, {
    "date" : "2023-09-30",
    "sales" : 0.00,
    "salesGrowthYoY" : -100.00,
    "grossProfitMargin" : 0.00,
    "grossProfit" : 0.00,
    "operatingProfitMargin" : 0.00,
    "operatingProfit" : 0.00,
    "netProfitMargin" : 0.00,
    "netProfit" : 0.00
  }, {
    "date" : "2023-12-31",
    "sales" : 1.00,
    "salesGrowthYoY" : -7.41,
    "grossProfitMargin" : 46.00,
    "grossProfit" : 0.46,
    "operatingProfitMargin" : -4886.00,
    "operatingProfit" : -48.86,
    "netProfitMargin" : 14803.00,
    "netProfit" : 148.03
  }, {
    "date" : "2024-03-31",
    "sales" : 7.72,
    "salesGrowthYoY" : 100.00,
    "grossProfitMargin" : 100.00,
    "grossProfit" : 7.72,
    "operatingProfitMargin" : -483.29,
    "operatingProfit" : -37.31,
    "netProfitMargin" : -388.86,
    "netProfit" : -30.02
  }, {
    "date" : "2024-06-30",
    "sales" : 0.00,
    "salesGrowthYoY" : 0.00,
    "grossProfitMargin" : 0.00,
    "grossProfit" : 0.00,
    "operatingProfitMargin" : 0.00,
    "operatingProfit" : 0.00,
    "netProfitMargin" : 0.00,
    "netProfit" : 0.00
  }, {
    "date" : "2024-09-30",
    "sales" : 0.00,
    "salesGrowthYoY" : 0.00,
    "grossProfitMargin" : 0.00,
    "grossProfit" : 0.00,
    "operatingProfitMargin" : 0.00,
    "operatingProfit" : 0.00,
    "netProfitMargin" : 0.00,
    "netProfit" : 0.00
  }, {
    "date" : "2024-12-31",
    "sales" : 1.22,
    "salesGrowthYoY" : 22.00,
    "grossProfitMargin" : 100.00,
    "grossProfit" : 1.22,
    "operatingProfitMargin" : -810.66,
    "operatingProfit" : -9.89,
    "netProfitMargin" : -289.34,
    "netProfit" : -3.53
  }, {
    "date" : "2025-03-31",
    "sales" : 0.00,
    "salesGrowthYoY" : -100.00,
    "grossProfitMargin" : 0.00,
    "grossProfit" : 0.00,
    "operatingProfitMargin" : 0.00,
    "operatingProfit" : 0.00,
    "netProfitMargin" : 0.00,
    "netProfit" : 0.00
  }, {
    "date" : "2025-06-30",
    "sales" : 0.00,
    "salesGrowthYoY" : 0.00,
    "grossProfitMargin" : 0.00,
    "grossProfit" : 0.00,
    "operatingProfitMargin" : 0.00,
    "operatingProfit" : 0.00,
    "netProfitMargin" : 0.00,
    "netProfit" : 0.00
  }, {
    "date" : "2025-09-30",
    "sales" : 75.55,
    "salesGrowthYoY" : 100.00,
    "grossProfitMargin" : 100.00,
    "grossProfit" : 75.55,
    "operatingProfitMargin" : 87.09,
    "operatingProfit" : 65.80,
    "netProfitMargin" : 73.09,
    "netProfit" : 55.22
  } ],
  "latestQuarterlyResult" : {
    "date" : "2025-09-30",
    "sales" : 75.55,
    "salesGrowthYoY" : 100.00,
    "grossProfitMargin" : 100.00,
    "grossProfit" : 75.55,
    "operatingProfitMargin" : 87.09,
    "operatingProfit" : 65.80,
    "netProfitMargin" : 73.09,
    "netProfit" : 55.22
  },
  "companyScore" : {
    "priceHigherThanDma50" : 5.00,
    "priceHigherThanDma100" : 0.00,
    "priceHigherThanDma200" : 0.00,
    "dma50HigherThanDma100" : 0.00,
    "dma50HigherThanDma200" : 0.00,
    "dma100HigherThanDma200" : 0.00,
    "pricePercentageAboveDma50" : 4.60,
    "pricePercentageAboveDma100" : 5.23,
    "pricePercentageAboveDma200" : 5.53,
    "weeklyVolumeHigherThanYearlyVolume" : 5.00,
    "salesGrowthPercentile" : 19.62,
    "operatingProfitMarginPercentile" : 17.88,
    "netProfitMarginPercentile" : 7.88,
    "totalTechnicalScore" : 25.36,
    "totalFundamentalScore" : 45.38,
    "totalScore" : 70.74
  }
}