{
  "metadata" : {
    "screenerCompanyId" : "775",
    "companyCode" : "DCW",
    "companyName" : "DCW",
    "screenerCompanyLink" : "https://www.screener.in/company/DCW/",
    "screenerTechnicalHistoryLink" : "https://www.screener.in/api/company/775/chart/?q=Price-DMA50-DMA200-Volume&days=365",
    "screenerQuarterlyResultsLink" : "https://www.screener.in/api/company/775/chart/?q=GPM-OPM-NPM-Quarter+Sales&days=10000",
    "attributes" : {
      "companyCode" : "DCW",
      "companyName" : "DCW",
      "marketCap" : 1437.00,
      "peRatio" : 28.80,
      "description" : "DCW Ltd is engaged in manufacture and sale of a diverse range of products with a focus on commodity chemicals, specialty chemicals and intermediate products.[1] It was started as Dhrangadhra Chemical Works in 1939 when it took over the India's first Soda Ash facility at Dhrangadhra which was established in 1925.[2]"
    },
    "companyScore" : {
      "priceHigherThanDma50" : 0.00,
      "priceHigherThanDma100" : 0.00,
      "priceHigherThanDma200" : 0.00,
      "dma50HigherThanDma100" : 0.00,
      "dma50HigherThanDma200" : 0.00,
      "dma100HigherThanDma200" : 0.00,
      "pricePercentageAboveDma50" : 5.86,
      "pricePercentageAboveDma100" : 6.23,
      "pricePercentageAboveDma200" : 6.46,
      "weeklyVolumeHigherThanYearlyVolume" : 0.00,
      "salesGrowthPercentile" : 12.41,
      "operatingProfitMarginPercentile" : 11.03,
      "netProfitMarginPercentile" : 6.06,
      "totalTechnicalScore" : 18.55,
      "totalFundamentalScore" : 29.50,
      "totalScore" : 48.05
    }
  },
  "attributes" : {
    "companyCode" : "DCW",
    "companyName" : "DCW",
    "marketCap" : 1437.00,
    "peRatio" : 28.80,
    "description" : "DCW Ltd is engaged in manufacture and sale of a diverse range of products with a focus on commodity chemicals, specialty chemicals and intermediate products.[1] It was started as Dhrangadhra Chemical Works in 1939 when it took over the India's first Soda Ash facility at Dhrangadhra which was established in 1925.[2]"
  },
  "technicalHistory" : [ {
    "date" : "2025-01-21",
    "price" : 81.93,
    "dma50" : 91.17,
    "dma100" : null,
    "dma200" : 81.73,
    "volume" : 1005148.00
  }, {
    "date" : "2025-01-22",
    "price" : 80.52,
    "dma50" : 90.75,
    "dma100" : null,
    "dma200" : 81.72,
    "volume" : 894394.00
  }, {
    "date" : "2025-01-23",
    "price" : 80.09,
    "dma50" : 90.33,
    "dma100" : null,
    "dma200" : 81.70,
    "volume" : 971450.00
  }, {
    "date" : "2025-01-24",
    "price" : 79.57,
    "dma50" : 89.91,
    "dma100" : null,
    "dma200" : 81.68,
    "volume" : 1528223.00
  }, {
    "date" : "2025-01-27",
    "price" : 77.74,
    "dma50" : 89.43,
    "dma100" : null,
    "dma200" : 81.64,
    "volume" : 1333794.00
  }, {
    "date" : "2025-01-28",
    "price" : 77.53,
    "dma50" : 88.97,
    "dma100" : null,
    "dma200" : 81.60,
    "volume" : 2164053.00
  }, {
    "date" : "2025-01-29",
    "price" : 77.94,
    "dma50" : 88.54,
    "dma100" : null,
    "dma200" : 81.56,
    "volume" : 1723625.00
  }, {
    "date" : "2025-01-30",
    "price" : 79.29,
    "dma50" : 88.17,
    "dma100" : null,
    "dma200" : 81.54,
    "volume" : 1453990.00
  }, {
    "date" : "2025-01-31",
    "price" : 79.59,
    "dma50" : 87.84,
    "dma100" : null,
    "dma200" : 81.52,
    "volume" : 1672640.00
  }, {
    "date" : "2025-02-01",
    "price" : 82.32,
    "dma50" : 87.62,
    "dma100" : null,
    "dma200" : 81.53,
    "volume" : 1164354.00
  }, {
    "date" : "2025-02-03",
    "price" : 80.00,
    "dma50" : 87.32,
    "dma100" : null,
    "dma200" : 81.51,
    "volume" : 1078699.00
  }, {
    "date" : "2025-02-04",
    "price" : 79.79,
    "dma50" : 87.03,
    "dma100" : null,
    "dma200" : 81.50,
    "volume" : 974123.00
  }, {
    "date" : "2025-02-05",
    "price" : 84.46,
    "dma50" : 86.93,
    "dma100" : null,
    "dma200" : 81.53,
    "volume" : 2451925.00
  }, {
    "date" : "2025-02-06",
    "price" : 84.20,
    "dma50" : 86.82,
    "dma100" : null,
    "dma200" : 81.55,
    "volume" : 1190364.00
  }, {
    "date" : "2025-02-07",
    "price" : 83.26,
    "dma50" : 86.68,
    "dma100" : null,
    "dma200" : 81.57,
    "volume" : 870425.00
  }, {
    "date" : "2025-02-10",
    "price" : 81.27,
    "dma50" : 86.47,
    "dma100" : null,
    "dma200" : 81.57,
    "volume" : 610603.00
  }, {
    "date" : "2025-02-11",
    "price" : 81.59,
    "dma50" : 86.28,
    "dma100" : null,
    "dma200" : 81.57,
    "volume" : 1336114.00
  }, {
    "date" : "2025-02-12",
    "price" : 82.49,
    "dma50" : 86.13,
    "dma100" : null,
    "dma200" : 81.58,
    "volume" : 1385043.00
  }, {
    "date" : "2025-02-13",
    "price" : 82.45,
    "dma50" : 85.98,
    "dma100" : null,
    "dma200" : 81.59,
    "volume" : 4625316.00
  }, {
    "date" : "2025-02-14",
    "price" : 73.86,
    "dma50" : 85.51,
    "dma100" : null,
    "dma200" : 81.51,
    "volume" : 5455785.00
  }, {
    "date" : "2025-02-17",
    "price" : 75.60,
    "dma50" : 85.12,
    "dma100" : null,
    "dma200" : 81.45,
    "volume" : 1409508.00
  }, {
    "date" : "2025-02-18",
    "price" : 71.25,
    "dma50" : 84.57,
    "dma100" : null,
    "dma200" : 81.35,
    "volume" : 1226533.00
  }, {
    "date" : "2025-02-19",
    "price" : 75.68,
    "dma50" : 84.23,
    "dma100" : null,
    "dma200" : 81.29,
    "volume" : 1247351.00
  }, {
    "date" : "2025-02-20",
    "price" : 76.19,
    "dma50" : 83.91,
    "dma100" : null,
    "dma200" : 81.24,
    "volume" : 931557.00
  }, {
    "date" : "2025-02-21",
    "price" : 76.63,
    "dma50" : 83.63,
    "dma100" : null,
    "dma200" : 81.20,
    "volume" : 2301309.00
  }, {
    "date" : "2025-02-24",
    "price" : 76.66,
    "dma50" : 83.35,
    "dma100" : null,
    "dma200" : 81.15,
    "volume" : 653164.00
  }, {
    "date" : "2025-02-25",
    "price" : 76.99,
    "dma50" : 83.10,
    "dma100" : null,
    "dma200" : 81.11,
    "volume" : 677420.00
  }, {
    "date" : "2025-02-27",
    "price" : 73.66,
    "dma50" : 82.73,
    "dma100" : null,
    "dma200" : 81.03,
    "volume" : 740270.00
  }, {
    "date" : "2025-02-28",
    "price" : 72.59,
    "dma50" : 82.33,
    "dma100" : null,
    "dma200" : 80.95,
    "volume" : 1408148.00
  }, {
    "date" : "2025-03-03",
    "price" : 72.44,
    "dma50" : 81.95,
    "dma100" : null,
    "dma200" : 80.87,
    "volume" : 1049185.00
  }, {
    "date" : "2025-03-04",
    "price" : 72.34,
    "dma50" : 81.57,
    "dma100" : null,
    "dma200" : 80.78,
    "volume" : 948819.00
  }, {
    "date" : "2025-03-05",
    "price" : 74.29,
    "dma50" : 81.28,
    "dma100" : null,
    "dma200" : 80.72,
    "volume" : 695615.00
  }, {
    "date" : "2025-03-06",
    "price" : 76.50,
    "dma50" : 81.10,
    "dma100" : null,
    "dma200" : 80.67,
    "volume" : 852069.00
  }, {
    "date" : "2025-03-07",
    "price" : 77.74,
    "dma50" : 80.97,
    "dma100" : null,
    "dma200" : 80.65,
    "volume" : 1310314.00
  }, {
    "date" : "2025-03-10",
    "price" : 74.73,
    "dma50" : 80.72,
    "dma100" : null,
    "dma200" : 80.59,
    "volume" : 468041.00
  }, {
    "date" : "2025-03-11",
    "price" : 74.22,
    "dma50" : 80.47,
    "dma100" : null,
    "dma200" : 80.52,
    "volume" : 459872.00
  }, {
    "date" : "2025-03-12",
    "price" : 72.93,
    "dma50" : 80.17,
    "dma100" : null,
    "dma200" : 80.45,
    "volume" : 1444592.00
  }, {
    "date" : "2025-03-13",
    "price" : 72.29,
    "dma50" : 79.86,
    "dma100" : null,
    "dma200" : 80.37,
    "volume" : 643562.00
  }, {
    "date" : "2025-03-17",
    "price" : 71.19,
    "dma50" : 79.52,
    "dma100" : null,
    "dma200" : 80.28,
    "volume" : 1375441.00
  }, {
    "date" : "2025-03-18",
    "price" : 72.95,
    "dma50" : 79.26,
    "dma100" : null,
    "dma200" : 80.20,
    "volume" : 1220434.00
  }, {
    "date" : "2025-03-19",
    "price" : 77.36,
    "dma50" : 79.19,
    "dma100" : null,
    "dma200" : 80.17,
    "volume" : 1500488.00
  }, {
    "date" : "2025-03-20",
    "price" : 76.60,
    "dma50" : 79.09,
    "dma100" : null,
    "dma200" : 80.14,
    "volume" : 1015654.00
  }, {
    "date" : "2025-03-21",
    "price" : 79.41,
    "dma50" : 79.10,
    "dma100" : null,
    "dma200" : 80.13,
    "volume" : 1645102.00
  }, {
    "date" : "2025-03-24",
    "price" : 80.89,
    "dma50" : 79.17,
    "dma100" : null,
    "dma200" : 80.14,
    "volume" : 827244.00
  }, {
    "date" : "2025-03-25",
    "price" : 79.70,
    "dma50" : 79.19,
    "dma100" : null,
    "dma200" : 80.13,
    "volume" : 1309878.00
  }, {
    "date" : "2025-03-26",
    "price" : 76.90,
    "dma50" : 79.10,
    "dma100" : null,
    "dma200" : 80.10,
    "volume" : 1228629.00
  }, {
    "date" : "2025-03-27",
    "price" : 78.96,
    "dma50" : 79.10,
    "dma100" : null,
    "dma200" : 80.09,
    "volume" : 1218370.00
  }, {
    "date" : "2025-03-28",
    "price" : 77.79,
    "dma50" : 79.04,
    "dma100" : null,
    "dma200" : 80.07,
    "volume" : 1413132.00
  }, {
    "date" : "2025-04-01",
    "price" : 80.32,
    "dma50" : 79.09,
    "dma100" : null,
    "dma200" : 80.07,
    "volume" : 662847.00
  }, {
    "date" : "2025-04-02",
    "price" : 79.89,
    "dma50" : 79.13,
    "dma100" : null,
    "dma200" : 80.07,
    "volume" : 527269.00
  }, {
    "date" : "2025-04-03",
    "price" : 81.09,
    "dma50" : 79.20,
    "dma100" : null,
    "dma200" : 80.08,
    "volume" : 764848.00
  }, {
    "date" : "2025-04-04",
    "price" : 77.16,
    "dma50" : 79.12,
    "dma100" : null,
    "dma200" : 80.05,
    "volume" : 1220388.00
  }, {
    "date" : "2025-04-07",
    "price" : 73.20,
    "dma50" : 78.89,
    "dma100" : null,
    "dma200" : 79.98,
    "volume" : 1078770.00
  }, {
    "date" : "2025-04-08",
    "price" : 74.26,
    "dma50" : 78.71,
    "dma100" : null,
    "dma200" : 79.92,
    "volume" : 399923.00
  }, {
    "date" : "2025-04-09",
    "price" : 74.06,
    "dma50" : 78.53,
    "dma100" : null,
    "dma200" : 79.87,
    "volume" : 952029.00
  }, {
    "date" : "2025-04-11",
    "price" : 75.61,
    "dma50" : 78.41,
    "dma100" : null,
    "dma200" : 79.82,
    "volume" : 407463.00
  }, {
    "date" : "2025-04-15",
    "price" : 80.42,
    "dma50" : 78.49,
    "dma100" : null,
    "dma200" : 79.83,
    "volume" : 1309551.00
  }, {
    "date" : "2025-04-16",
    "price" : 85.54,
    "dma50" : 78.77,
    "dma100" : null,
    "dma200" : 79.89,
    "volume" : 5101601.00
  }, {
    "date" : "2025-04-17",
    "price" : 85.39,
    "dma50" : 79.03,
    "dma100" : null,
    "dma200" : 79.94,
    "volume" : 1610127.00
  }, {
    "date" : "2025-04-21",
    "price" : 85.71,
    "dma50" : 79.29,
    "dma100" : null,
    "dma200" : 80.00,
    "volume" : 771736.00
  }, {
    "date" : "2025-04-22",
    "price" : 87.53,
    "dma50" : 79.61,
    "dma100" : null,
    "dma200" : 80.07,
    "volume" : 2941720.00
  }, {
    "date" : "2025-04-23",
    "price" : 85.59,
    "dma50" : 79.85,
    "dma100" : null,
    "dma200" : 80.13,
    "volume" : 1185335.00
  }, {
    "date" : "2025-04-24",
    "price" : 88.60,
    "dma50" : 80.19,
    "dma100" : null,
    "dma200" : 80.21,
    "volume" : 2759734.00
  }, {
    "date" : "2025-04-25",
    "price" : 84.60,
    "dma50" : 80.36,
    "dma100" : null,
    "dma200" : 80.26,
    "volume" : 1914550.00
  }, {
    "date" : "2025-04-28",
    "price" : 83.92,
    "dma50" : 80.50,
    "dma100" : null,
    "dma200" : 80.29,
    "volume" : 979833.00
  }, {
    "date" : "2025-04-29",
    "price" : 82.10,
    "dma50" : 80.56,
    "dma100" : null,
    "dma200" : 80.31,
    "volume" : 1080940.00
  }, {
    "date" : "2025-04-30",
    "price" : 79.15,
    "dma50" : 80.51,
    "dma100" : null,
    "dma200" : 80.30,
    "volume" : 795065.00
  }, {
    "date" : "2025-05-02",
    "price" : 78.07,
    "dma50" : 80.41,
    "dma100" : null,
    "dma200" : 80.28,
    "volume" : 660376.00
  }, {
    "date" : "2025-05-05",
    "price" : 79.57,
    "dma50" : 80.38,
    "dma100" : null,
    "dma200" : 80.27,
    "volume" : 768276.00
  }, {
    "date" : "2025-05-06",
    "price" : 75.06,
    "dma50" : 80.17,
    "dma100" : null,
    "dma200" : 80.22,
    "volume" : 949854.00
  }, {
    "date" : "2025-05-07",
    "price" : 77.09,
    "dma50" : 80.05,
    "dma100" : null,
    "dma200" : 80.19,
    "volume" : 909359.00
  }, {
    "date" : "2025-05-08",
    "price" : 74.78,
    "dma50" : 79.84,
    "dma100" : null,
    "dma200" : 80.13,
    "volume" : 716448.00
  }, {
    "date" : "2025-05-09",
    "price" : 73.52,
    "dma50" : 79.60,
    "dma100" : null,
    "dma200" : 80.07,
    "volume" : 1059418.00
  }, {
    "date" : "2025-05-12",
    "price" : 74.99,
    "dma50" : 79.42,
    "dma100" : null,
    "dma200" : 80.02,
    "volume" : 2209919.00
  }, {
    "date" : "2025-05-13",
    "price" : 76.59,
    "dma50" : 79.31,
    "dma100" : null,
    "dma200" : 79.98,
    "volume" : 712503.00
  }, {
    "date" : "2025-05-14",
    "price" : 77.16,
    "dma50" : 79.22,
    "dma100" : null,
    "dma200" : 79.96,
    "volume" : 817782.00
  }, {
    "date" : "2025-05-15",
    "price" : 78.39,
    "dma50" : 79.19,
    "dma100" : null,
    "dma200" : 79.94,
    "volume" : 1317317.00
  }, {
    "date" : "2025-05-16",
    "price" : 79.33,
    "dma50" : 79.19,
    "dma100" : null,
    "dma200" : 79.93,
    "volume" : 1017266.00
  }, {
    "date" : "2025-05-19",
    "price" : 79.80,
    "dma50" : 79.22,
    "dma100" : null,
    "dma200" : 79.93,
    "volume" : 1383973.00
  }, {
    "date" : "2025-05-20",
    "price" : 77.59,
    "dma50" : 79.15,
    "dma100" : null,
    "dma200" : 79.91,
    "volume" : 700009.00
  }, {
    "date" : "2025-05-21",
    "price" : 77.13,
    "dma50" : 79.07,
    "dma100" : null,
    "dma200" : 79.88,
    "volume" : 752043.00
  }, {
    "date" : "2025-05-22",
    "price" : 76.26,
    "dma50" : 78.96,
    "dma100" : null,
    "dma200" : 79.85,
    "volume" : 479416.00
  }, {
    "date" : "2025-05-23",
    "price" : 78.00,
    "dma50" : 78.93,
    "dma100" : null,
    "dma200" : 79.83,
    "volume" : 1702131.00
  }, {
    "date" : "2025-05-26",
    "price" : 76.84,
    "dma50" : 78.84,
    "dma100" : null,
    "dma200" : 79.80,
    "volume" : 610233.00
  }, {
    "date" : "2025-05-27",
    "price" : 77.11,
    "dma50" : 78.78,
    "dma100" : null,
    "dma200" : 79.77,
    "volume" : 669944.00
  }, {
    "date" : "2025-05-28",
    "price" : 78.08,
    "dma50" : 78.75,
    "dma100" : null,
    "dma200" : 79.75,
    "volume" : 1399928.00
  }, {
    "date" : "2025-05-29",
    "price" : 77.28,
    "dma50" : 78.69,
    "dma100" : null,
    "dma200" : 79.73,
    "volume" : 572409.00
  }, {
    "date" : "2025-05-30",
    "price" : 76.77,
    "dma50" : 78.62,
    "dma100" : null,
    "dma200" : 79.70,
    "volume" : 455814.00
  }, {
    "date" : "2025-06-02",
    "price" : 77.16,
    "dma50" : 78.56,
    "dma100" : null,
    "dma200" : 79.67,
    "volume" : 723404.00
  }, {
    "date" : "2025-06-03",
    "price" : 80.02,
    "dma50" : 78.62,
    "dma100" : null,
    "dma200" : 79.68,
    "volume" : 4130960.00
  }, {
    "date" : "2025-06-04",
    "price" : 79.49,
    "dma50" : 78.65,
    "dma100" : null,
    "dma200" : 79.68,
    "volume" : 1109748.00
  }, {
    "date" : "2025-06-05",
    "price" : 82.29,
    "dma50" : 78.79,
    "dma100" : null,
    "dma200" : 79.70,
    "volume" : 4607858.00
  }, {
    "date" : "2025-06-06",
    "price" : 82.67,
    "dma50" : 78.95,
    "dma100" : null,
    "dma200" : 79.73,
    "volume" : 1751205.00
  }, {
    "date" : "2025-06-09",
    "price" : 83.90,
    "dma50" : 79.14,
    "dma100" : null,
    "dma200" : 79.77,
    "volume" : 2907979.00
  }, {
    "date" : "2025-06-10",
    "price" : 84.33,
    "dma50" : 79.34,
    "dma100" : null,
    "dma200" : 79.82,
    "volume" : 1081676.00
  }, {
    "date" : "2025-06-11",
    "price" : 83.79,
    "dma50" : 79.52,
    "dma100" : null,
    "dma200" : 79.86,
    "volume" : 1915244.00
  }, {
    "date" : "2025-06-12",
    "price" : 81.17,
    "dma50" : 79.58,
    "dma100" : null,
    "dma200" : 79.87,
    "volume" : 1489312.00
  }, {
    "date" : "2025-06-13",
    "price" : 79.87,
    "dma50" : 79.59,
    "dma100" : null,
    "dma200" : 79.87,
    "volume" : 1160825.00
  }, {
    "date" : "2025-06-16",
    "price" : 78.83,
    "dma50" : 79.56,
    "dma100" : null,
    "dma200" : 79.86,
    "volume" : 830515.00
  }, {
    "date" : "2025-06-17",
    "price" : 75.55,
    "dma50" : 79.41,
    "dma100" : null,
    "dma200" : 79.82,
    "volume" : 1338258.00
  }, {
    "date" : "2025-06-18",
    "price" : 75.25,
    "dma50" : 79.24,
    "dma100" : 78.50,
    "dma200" : 79.77,
    "volume" : 2922082.00
  }, {
    "date" : "2025-06-19",
    "price" : 73.34,
    "dma50" : 79.01,
    "dma100" : 78.43,
    "dma200" : 79.71,
    "volume" : 1416133.00
  }, {
    "date" : "2025-06-20",
    "price" : 74.86,
    "dma50" : 78.85,
    "dma100" : 78.38,
    "dma200" : 79.66,
    "volume" : 1023029.00
  }, {
    "date" : "2025-06-23",
    "price" : 74.05,
    "dma50" : 78.66,
    "dma100" : 78.32,
    "dma200" : 79.60,
    "volume" : 733363.00
  }, {
    "date" : "2025-06-24",
    "price" : 75.90,
    "dma50" : 78.55,
    "dma100" : 78.31,
    "dma200" : 79.57,
    "volume" : 1034215.00
  }, {
    "date" : "2025-06-25",
    "price" : 78.90,
    "dma50" : 78.57,
    "dma100" : 78.32,
    "dma200" : 79.56,
    "volume" : 2213988.00
  }, {
    "date" : "2025-06-26",
    "price" : 80.31,
    "dma50" : 78.63,
    "dma100" : 78.34,
    "dma200" : 79.57,
    "volume" : 1507188.00
  }, {
    "date" : "2025-06-27",
    "price" : 83.12,
    "dma50" : 78.81,
    "dma100" : 78.38,
    "dma200" : 79.60,
    "volume" : 11082132.00
  }, {
    "date" : "2025-06-30",
    "price" : 83.93,
    "dma50" : 79.01,
    "dma100" : 78.42,
    "dma200" : 79.65,
    "volume" : 1762434.00
  }, {
    "date" : "2025-07-01",
    "price" : 84.94,
    "dma50" : 79.24,
    "dma100" : 78.45,
    "dma200" : 79.70,
    "volume" : 1593142.00
  }, {
    "date" : "2025-07-02",
    "price" : 83.79,
    "dma50" : 79.42,
    "dma100" : 78.49,
    "dma200" : 79.74,
    "volume" : 1013454.00
  }, {
    "date" : "2025-07-03",
    "price" : 83.72,
    "dma50" : 79.59,
    "dma100" : 78.53,
    "dma200" : 79.78,
    "volume" : 1073535.00
  }, {
    "date" : "2025-07-04",
    "price" : 81.68,
    "dma50" : 79.67,
    "dma100" : 78.50,
    "dma200" : 79.80,
    "volume" : 1141213.00
  }, {
    "date" : "2025-07-07",
    "price" : 80.78,
    "dma50" : 79.72,
    "dma100" : 78.47,
    "dma200" : 79.81,
    "volume" : 685368.00
  }, {
    "date" : "2025-07-08",
    "price" : 79.99,
    "dma50" : 79.73,
    "dma100" : 78.43,
    "dma200" : 79.81,
    "volume" : 851386.00
  }, {
    "date" : "2025-07-09",
    "price" : 79.66,
    "dma50" : 79.72,
    "dma100" : 78.42,
    "dma200" : 79.81,
    "volume" : 438185.00
  }, {
    "date" : "2025-07-10",
    "price" : 77.60,
    "dma50" : 79.64,
    "dma100" : 78.38,
    "dma200" : 79.79,
    "volume" : 1878978.00
  }, {
    "date" : "2025-07-11",
    "price" : 76.39,
    "dma50" : 79.51,
    "dma100" : 78.32,
    "dma200" : 79.75,
    "volume" : 1090400.00
  }, {
    "date" : "2025-07-14",
    "price" : 75.77,
    "dma50" : 79.37,
    "dma100" : 78.25,
    "dma200" : 79.71,
    "volume" : 840621.00
  }, {
    "date" : "2025-07-15",
    "price" : 76.75,
    "dma50" : 79.26,
    "dma100" : 78.28,
    "dma200" : 79.68,
    "volume" : 1282948.00
  }, {
    "date" : "2025-07-16",
    "price" : 76.52,
    "dma50" : 79.16,
    "dma100" : 78.29,
    "dma200" : 79.65,
    "volume" : 1019873.00
  }, {
    "date" : "2025-07-17",
    "price" : 77.26,
    "dma50" : 79.08,
    "dma100" : 78.35,
    "dma200" : 79.63,
    "volume" : 846572.00
  }, {
    "date" : "2025-07-18",
    "price" : 76.40,
    "dma50" : 78.98,
    "dma100" : 78.35,
    "dma200" : 79.60,
    "volume" : 574934.00
  }, {
    "date" : "2025-07-21",
    "price" : 75.72,
    "dma50" : 78.85,
    "dma100" : 78.35,
    "dma200" : 79.56,
    "volume" : 462469.00
  }, {
    "date" : "2025-07-22",
    "price" : 73.94,
    "dma50" : 78.66,
    "dma100" : 78.32,
    "dma200" : 79.50,
    "volume" : 1017738.00
  }, {
    "date" : "2025-07-23",
    "price" : 73.92,
    "dma50" : 78.47,
    "dma100" : 78.30,
    "dma200" : 79.45,
    "volume" : 998668.00
  }, {
    "date" : "2025-07-24",
    "price" : 78.58,
    "dma50" : 78.48,
    "dma100" : 78.31,
    "dma200" : 79.44,
    "volume" : 9633576.00
  }, {
    "date" : "2025-07-25",
    "price" : 79.08,
    "dma50" : 78.50,
    "dma100" : 78.37,
    "dma200" : 79.43,
    "volume" : 2495603.00
  }, {
    "date" : "2025-07-28",
    "price" : 76.05,
    "dma50" : 78.40,
    "dma100" : 78.40,
    "dma200" : 79.40,
    "volume" : 1470662.00
  }, {
    "date" : "2025-07-29",
    "price" : 79.35,
    "dma50" : 78.44,
    "dma100" : 78.47,
    "dma200" : 79.40,
    "volume" : 2615063.00
  }, {
    "date" : "2025-07-30",
    "price" : 78.60,
    "dma50" : 78.45,
    "dma100" : 78.53,
    "dma200" : 79.39,
    "volume" : 1741800.00
  }, {
    "date" : "2025-07-31",
    "price" : 76.80,
    "dma50" : 78.38,
    "dma100" : 78.56,
    "dma200" : 79.37,
    "volume" : 1041892.00
  }, {
    "date" : "2025-08-01",
    "price" : 74.93,
    "dma50" : 78.25,
    "dma100" : 78.54,
    "dma200" : 79.32,
    "volume" : 2921649.00
  }, {
    "date" : "2025-08-04",
    "price" : 75.94,
    "dma50" : 78.16,
    "dma100" : 78.52,
    "dma200" : 79.29,
    "volume" : 688213.00
  }, {
    "date" : "2025-08-05",
    "price" : 75.50,
    "dma50" : 78.05,
    "dma100" : 78.53,
    "dma200" : 79.25,
    "volume" : 547501.00
  }, {
    "date" : "2025-08-06",
    "price" : 73.53,
    "dma50" : 77.87,
    "dma100" : 78.52,
    "dma200" : 79.19,
    "volume" : 956609.00
  }, {
    "date" : "2025-08-07",
    "price" : 74.70,
    "dma50" : 77.75,
    "dma100" : 78.54,
    "dma200" : 79.15,
    "volume" : 997540.00
  }, {
    "date" : "2025-08-08",
    "price" : 74.08,
    "dma50" : 77.61,
    "dma100" : 78.56,
    "dma200" : 79.10,
    "volume" : 1041708.00
  }, {
    "date" : "2025-08-11",
    "price" : 73.95,
    "dma50" : 77.46,
    "dma100" : 78.59,
    "dma200" : 79.05,
    "volume" : 818787.00
  }, {
    "date" : "2025-08-12",
    "price" : 75.30,
    "dma50" : 77.38,
    "dma100" : 78.61,
    "dma200" : 79.01,
    "volume" : 909243.00
  }, {
    "date" : "2025-08-13",
    "price" : 73.95,
    "dma50" : 77.24,
    "dma100" : 78.58,
    "dma200" : 78.96,
    "volume" : 862735.00
  }, {
    "date" : "2025-08-14",
    "price" : 75.74,
    "dma50" : 77.18,
    "dma100" : 78.57,
    "dma200" : 78.93,
    "volume" : 2389604.00
  }, {
    "date" : "2025-08-18",
    "price" : 79.11,
    "dma50" : 77.26,
    "dma100" : 78.57,
    "dma200" : 78.93,
    "volume" : 2929010.00
  }, {
    "date" : "2025-08-19",
    "price" : 79.40,
    "dma50" : 77.34,
    "dma100" : 78.55,
    "dma200" : 78.93,
    "volume" : 1042968.00
  }, {
    "date" : "2025-08-20",
    "price" : 80.59,
    "dma50" : 77.47,
    "dma100" : 78.56,
    "dma200" : 78.95,
    "volume" : 2454753.00
  }, {
    "date" : "2025-08-21",
    "price" : 79.53,
    "dma50" : 77.55,
    "dma100" : 78.59,
    "dma200" : 78.96,
    "volume" : 1006649.00
  }, {
    "date" : "2025-08-22",
    "price" : 79.60,
    "dma50" : 77.63,
    "dma100" : 78.59,
    "dma200" : 78.96,
    "volume" : 899872.00
  }, {
    "date" : "2025-08-25",
    "price" : 76.22,
    "dma50" : 77.58,
    "dma100" : 78.58,
    "dma200" : 78.94,
    "volume" : 843687.00
  }, {
    "date" : "2025-08-26",
    "price" : 74.86,
    "dma50" : 77.47,
    "dma100" : 78.52,
    "dma200" : 78.89,
    "volume" : 707572.00
  }, {
    "date" : "2025-08-28",
    "price" : 73.31,
    "dma50" : 77.31,
    "dma100" : 78.46,
    "dma200" : 78.84,
    "volume" : 615077.00
  }, {
    "date" : "2025-08-29",
    "price" : 72.65,
    "dma50" : 77.12,
    "dma100" : 78.37,
    "dma200" : 78.78,
    "volume" : 739886.00
  }, {
    "date" : "2025-09-01",
    "price" : 73.41,
    "dma50" : 76.98,
    "dma100" : 78.33,
    "dma200" : 78.72,
    "volume" : 507466.00
  }, {
    "date" : "2025-09-02",
    "price" : 74.62,
    "dma50" : 76.89,
    "dma100" : 78.35,
    "dma200" : 78.68,
    "volume" : 754129.00
  }, {
    "date" : "2025-09-03",
    "price" : 76.93,
    "dma50" : 76.89,
    "dma100" : 78.38,
    "dma200" : 78.67,
    "volume" : 1214233.00
  }, {
    "date" : "2025-09-04",
    "price" : 75.44,
    "dma50" : 76.83,
    "dma100" : 78.39,
    "dma200" : 78.63,
    "volume" : 538428.00
  }, {
    "date" : "2025-09-05",
    "price" : 74.86,
    "dma50" : 76.75,
    "dma100" : 78.38,
    "dma200" : 78.60,
    "volume" : 557538.00
  }, {
    "date" : "2025-09-08",
    "price" : 73.17,
    "dma50" : 76.61,
    "dma100" : 78.31,
    "dma200" : 78.54,
    "volume" : 1488467.00
  }, {
    "date" : "2025-09-09",
    "price" : 73.97,
    "dma50" : 76.51,
    "dma100" : 78.19,
    "dma200" : 78.50,
    "volume" : 736636.00
  }, {
    "date" : "2025-09-10",
    "price" : 74.20,
    "dma50" : 76.42,
    "dma100" : 78.08,
    "dma200" : 78.45,
    "volume" : 520573.00
  }, {
    "date" : "2025-09-11",
    "price" : 74.10,
    "dma50" : 76.33,
    "dma100" : 77.97,
    "dma200" : 78.41,
    "volume" : 541105.00
  }, {
    "date" : "2025-09-12",
    "price" : 73.56,
    "dma50" : 76.22,
    "dma100" : 77.83,
    "dma200" : 78.36,
    "volume" : 481354.00
  }, {
    "date" : "2025-09-15",
    "price" : 74.70,
    "dma50" : 76.16,
    "dma100" : 77.72,
    "dma200" : 78.33,
    "volume" : 1273722.00
  }, {
    "date" : "2025-09-16",
    "price" : 74.72,
    "dma50" : 76.10,
    "dma100" : 77.58,
    "dma200" : 78.29,
    "volume" : 431848.00
  }, {
    "date" : "2025-09-17",
    "price" : 74.74,
    "dma50" : 76.05,
    "dma100" : 77.48,
    "dma200" : 78.25,
    "volume" : 854572.00
  }, {
    "date" : "2025-09-18",
    "price" : 74.48,
    "dma50" : 75.99,
    "dma100" : 77.38,
    "dma200" : 78.22,
    "volume" : 568735.00
  }, {
    "date" : "2025-09-19",
    "price" : 74.26,
    "dma50" : 75.92,
    "dma100" : 77.31,
    "dma200" : 78.18,
    "volume" : 476717.00
  }, {
    "date" : "2025-09-22",
    "price" : 73.56,
    "dma50" : 75.83,
    "dma100" : 77.25,
    "dma200" : 78.13,
    "volume" : 699492.00
  }, {
    "date" : "2025-09-23",
    "price" : 73.50,
    "dma50" : 75.74,
    "dma100" : 77.20,
    "dma200" : 78.09,
    "volume" : 375426.00
  }, {
    "date" : "2025-09-24",
    "price" : 72.85,
    "dma50" : 75.62,
    "dma100" : 77.14,
    "dma200" : 78.03,
    "volume" : 458947.00
  }, {
    "date" : "2025-09-25",
    "price" : 71.97,
    "dma50" : 75.48,
    "dma100" : 77.11,
    "dma200" : 77.97,
    "volume" : 488513.00
  }, {
    "date" : "2025-09-26",
    "price" : 68.67,
    "dma50" : 75.21,
    "dma100" : 77.02,
    "dma200" : 77.88,
    "volume" : 1338397.00
  }, {
    "date" : "2025-09-29",
    "price" : 68.80,
    "dma50" : 74.96,
    "dma100" : 76.96,
    "dma200" : 77.79,
    "volume" : 659337.00
  }, {
    "date" : "2025-09-30",
    "price" : 67.92,
    "dma50" : 74.69,
    "dma100" : 76.91,
    "dma200" : 77.69,
    "volume" : 907862.00
  }, {
    "date" : "2025-10-01",
    "price" : 69.37,
    "dma50" : 74.48,
    "dma100" : 76.85,
    "dma200" : 77.61,
    "volume" : 776161.00
  }, {
    "date" : "2025-10-03",
    "price" : 69.75,
    "dma50" : 74.29,
    "dma100" : 76.78,
    "dma200" : 77.53,
    "volume" : 425253.00
  }, {
    "date" : "2025-10-06",
    "price" : 69.34,
    "dma50" : 74.10,
    "dma100" : 76.70,
    "dma200" : 77.45,
    "volume" : 671029.00
  }, {
    "date" : "2025-10-07",
    "price" : 68.97,
    "dma50" : 73.90,
    "dma100" : 76.61,
    "dma200" : 77.37,
    "volume" : 410361.00
  }, {
    "date" : "2025-10-08",
    "price" : 68.67,
    "dma50" : 73.69,
    "dma100" : 76.50,
    "dma200" : 77.28,
    "volume" : 533478.00
  }, {
    "date" : "2025-10-09",
    "price" : 68.84,
    "dma50" : 73.50,
    "dma100" : 76.39,
    "dma200" : 77.19,
    "volume" : 693940.00
  }, {
    "date" : "2025-10-10",
    "price" : 68.58,
    "dma50" : 73.31,
    "dma100" : 76.30,
    "dma200" : 77.11,
    "volume" : 436310.00
  }, {
    "date" : "2025-10-13",
    "price" : 67.63,
    "dma50" : 73.09,
    "dma100" : 76.21,
    "dma200" : 77.01,
    "volume" : 517665.00
  }, {
    "date" : "2025-10-14",
    "price" : 65.24,
    "dma50" : 72.78,
    "dma100" : 76.10,
    "dma200" : 76.90,
    "volume" : 1225503.00
  }, {
    "date" : "2025-10-15",
    "price" : 66.05,
    "dma50" : 72.51,
    "dma100" : 75.98,
    "dma200" : 76.79,
    "volume" : 490081.00
  }, {
    "date" : "2025-10-16",
    "price" : 65.18,
    "dma50" : 72.23,
    "dma100" : 75.86,
    "dma200" : 76.67,
    "volume" : 710129.00
  }, {
    "date" : "2025-10-17",
    "price" : 63.13,
    "dma50" : 71.87,
    "dma100" : 75.72,
    "dma200" : 76.54,
    "volume" : 955103.00
  }, {
    "date" : "2025-10-20",
    "price" : 64.42,
    "dma50" : 71.58,
    "dma100" : 75.59,
    "dma200" : 76.42,
    "volume" : 444370.00
  }, {
    "date" : "2025-10-21",
    "price" : 65.18,
    "dma50" : 71.33,
    "dma100" : 75.46,
    "dma200" : 76.31,
    "volume" : 175493.00
  }, {
    "date" : "2025-10-23",
    "price" : 64.31,
    "dma50" : 71.05,
    "dma100" : 75.34,
    "dma200" : 76.19,
    "volume" : 449803.00
  }, {
    "date" : "2025-10-24",
    "price" : 63.74,
    "dma50" : 70.76,
    "dma100" : 75.21,
    "dma200" : 76.06,
    "volume" : 349142.00
  }, {
    "date" : "2025-10-27",
    "price" : 63.34,
    "dma50" : 70.47,
    "dma100" : 75.04,
    "dma200" : 75.94,
    "volume" : 446769.00
  }, {
    "date" : "2025-10-28",
    "price" : 62.86,
    "dma50" : 70.18,
    "dma100" : 74.87,
    "dma200" : 75.81,
    "volume" : 399650.00
  }, {
    "date" : "2025-10-29",
    "price" : 65.22,
    "dma50" : 69.98,
    "dma100" : 74.70,
    "dma200" : 75.70,
    "volume" : 1383717.00
  }, {
    "date" : "2025-10-30",
    "price" : 63.89,
    "dma50" : 69.74,
    "dma100" : 74.51,
    "dma200" : 75.58,
    "volume" : 768828.00
  }, {
    "date" : "2025-10-31",
    "price" : 63.26,
    "dma50" : 69.49,
    "dma100" : 74.31,
    "dma200" : 75.46,
    "volume" : 534559.00
  }, {
    "date" : "2025-11-03",
    "price" : 62.82,
    "dma50" : 69.23,
    "dma100" : 74.09,
    "dma200" : 75.34,
    "volume" : 609816.00
  }, {
    "date" : "2025-11-04",
    "price" : 67.78,
    "dma50" : 69.17,
    "dma100" : 73.93,
    "dma200" : 75.26,
    "volume" : 17933717.00
  }, {
    "date" : "2025-11-06",
    "price" : 64.13,
    "dma50" : 68.97,
    "dma100" : 73.76,
    "dma200" : 75.15,
    "volume" : 2619708.00
  }, {
    "date" : "2025-11-07",
    "price" : 67.26,
    "dma50" : 68.90,
    "dma100" : 73.64,
    "dma200" : 75.07,
    "volume" : 2818280.00
  }, {
    "date" : "2025-11-10",
    "price" : 68.26,
    "dma50" : 68.88,
    "dma100" : 73.53,
    "dma200" : 75.00,
    "volume" : 1961156.00
  }, {
    "date" : "2025-11-11",
    "price" : 68.65,
    "dma50" : 68.87,
    "dma100" : 73.46,
    "dma200" : 74.94,
    "volume" : 1159811.00
  }, {
    "date" : "2025-11-12",
    "price" : 69.17,
    "dma50" : 68.88,
    "dma100" : 73.40,
    "dma200" : 74.88,
    "volume" : 3098434.00
  }, {
    "date" : "2025-11-13",
    "price" : 71.23,
    "dma50" : 68.97,
    "dma100" : 73.38,
    "dma200" : 74.85,
    "volume" : 2682927.00
  }, {
    "date" : "2025-11-14",
    "price" : 67.45,
    "dma50" : 68.91,
    "dma100" : 73.31,
    "dma200" : 74.77,
    "volume" : 2174527.00
  }, {
    "date" : "2025-11-17",
    "price" : 70.66,
    "dma50" : 68.98,
    "dma100" : 73.27,
    "dma200" : 74.73,
    "volume" : 3121014.00
  }, {
    "date" : "2025-11-18",
    "price" : 69.01,
    "dma50" : 68.98,
    "dma100" : 73.20,
    "dma200" : 74.68,
    "volume" : 901659.00
  }, {
    "date" : "2025-11-19",
    "price" : 67.60,
    "dma50" : 68.93,
    "dma100" : 73.09,
    "dma200" : 74.60,
    "volume" : 682788.00
  }, {
    "date" : "2025-11-20",
    "price" : 67.49,
    "dma50" : 68.87,
    "dma100" : 72.96,
    "dma200" : 74.53,
    "volume" : 1190793.00
  }, {
    "date" : "2025-11-21",
    "price" : 66.36,
    "dma50" : 68.77,
    "dma100" : 72.79,
    "dma200" : 74.45,
    "volume" : 727030.00
  }, {
    "date" : "2025-11-24",
    "price" : 63.03,
    "dma50" : 68.55,
    "dma100" : 72.58,
    "dma200" : 74.34,
    "volume" : 1027998.00
  }, {
    "date" : "2025-11-25",
    "price" : 63.99,
    "dma50" : 68.37,
    "dma100" : 72.38,
    "dma200" : 74.24,
    "volume" : 775754.00
  }, {
    "date" : "2025-11-26",
    "price" : 63.02,
    "dma50" : 68.16,
    "dma100" : 72.17,
    "dma200" : 74.12,
    "volume" : 1954568.00
  }, {
    "date" : "2025-11-27",
    "price" : 62.94,
    "dma50" : 67.96,
    "dma100" : 71.96,
    "dma200" : 74.01,
    "volume" : 856235.00
  }, {
    "date" : "2025-11-28",
    "price" : 61.53,
    "dma50" : 67.70,
    "dma100" : 71.76,
    "dma200" : 73.89,
    "volume" : 1148618.00
  }, {
    "date" : "2025-12-01",
    "price" : 59.26,
    "dma50" : 67.37,
    "dma100" : 71.54,
    "dma200" : 73.74,
    "volume" : 1469960.00
  }, {
    "date" : "2025-12-02",
    "price" : 57.74,
    "dma50" : 67.00,
    "dma100" : 71.32,
    "dma200" : 73.58,
    "volume" : 940495.00
  }, {
    "date" : "2025-12-03",
    "price" : 56.87,
    "dma50" : 66.60,
    "dma100" : 71.09,
    "dma200" : 73.42,
    "volume" : 961447.00
  }, {
    "date" : "2025-12-04",
    "price" : 57.02,
    "dma50" : 66.22,
    "dma100" : 70.89,
    "dma200" : 73.25,
    "volume" : 744882.00
  }, {
    "date" : "2025-12-05",
    "price" : 54.68,
    "dma50" : 65.77,
    "dma100" : 70.67,
    "dma200" : 73.07,
    "volume" : 935888.00
  }, {
    "date" : "2025-12-08",
    "price" : 52.08,
    "dma50" : 65.23,
    "dma100" : 70.43,
    "dma200" : 72.86,
    "volume" : 1126715.00
  }, {
    "date" : "2025-12-09",
    "price" : 54.50,
    "dma50" : 64.81,
    "dma100" : 70.21,
    "dma200" : 72.68,
    "volume" : 1705612.00
  }, {
    "date" : "2025-12-10",
    "price" : 52.72,
    "dma50" : 64.34,
    "dma100" : 69.97,
    "dma200" : 72.48,
    "volume" : 1308672.00
  }, {
    "date" : "2025-12-11",
    "price" : 58.71,
    "dma50" : 64.12,
    "dma100" : 69.79,
    "dma200" : 72.34,
    "volume" : 7501989.00
  }, {
    "date" : "2025-12-12",
    "price" : 60.41,
    "dma50" : 63.97,
    "dma100" : 69.63,
    "dma200" : 72.22,
    "volume" : 3867780.00
  }, {
    "date" : "2025-12-15",
    "price" : 61.60,
    "dma50" : 63.88,
    "dma100" : 69.49,
    "dma200" : 72.12,
    "volume" : 1673744.00
  }, {
    "date" : "2025-12-16",
    "price" : 60.13,
    "dma50" : 63.73,
    "dma100" : 69.35,
    "dma200" : 72.00,
    "volume" : 905742.00
  }, {
    "date" : "2025-12-17",
    "price" : 58.85,
    "dma50" : 63.54,
    "dma100" : 69.20,
    "dma200" : 71.87,
    "volume" : 541779.00
  }, {
    "date" : "2025-12-18",
    "price" : 57.37,
    "dma50" : 63.30,
    "dma100" : 68.98,
    "dma200" : 71.72,
    "volume" : 520883.00
  }, {
    "date" : "2025-12-19",
    "price" : 58.63,
    "dma50" : 63.12,
    "dma100" : 68.78,
    "dma200" : 71.59,
    "volume" : 573563.00
  }, {
    "date" : "2025-12-22",
    "price" : 59.56,
    "dma50" : 62.98,
    "dma100" : 68.62,
    "dma200" : 71.47,
    "volume" : 974761.00
  }, {
    "date" : "2025-12-23",
    "price" : 61.14,
    "dma50" : 62.90,
    "dma100" : 68.43,
    "dma200" : 71.37,
    "volume" : 859949.00
  }, {
    "date" : "2025-12-24",
    "price" : 61.13,
    "dma50" : 62.83,
    "dma100" : 68.26,
    "dma200" : 71.27,
    "volume" : 676079.00
  }, {
    "date" : "2025-12-26",
    "price" : 59.81,
    "dma50" : 62.72,
    "dma100" : 68.09,
    "dma200" : 71.16,
    "volume" : 684904.00
  }, {
    "date" : "2025-12-29",
    "price" : 57.48,
    "dma50" : 62.51,
    "dma100" : 67.91,
    "dma200" : 71.02,
    "volume" : 727944.00
  }, {
    "date" : "2025-12-30",
    "price" : 58.32,
    "dma50" : 62.35,
    "dma100" : 67.74,
    "dma200" : 70.89,
    "volume" : 834091.00
  }, {
    "date" : "2025-12-31",
    "price" : 58.29,
    "dma50" : 62.19,
    "dma100" : 67.57,
    "dma200" : 70.77,
    "volume" : 962411.00
  }, {
    "date" : "2026-01-01",
    "price" : 57.78,
    "dma50" : 62.01,
    "dma100" : 67.41,
    "dma200" : 70.64,
    "volume" : 337837.00
  }, {
    "date" : "2026-01-02",
    "price" : 57.73,
    "dma50" : 61.85,
    "dma100" : 67.24,
    "dma200" : 70.51,
    "volume" : 644025.00
  }, {
    "date" : "2026-01-05",
    "price" : 56.53,
    "dma50" : 61.64,
    "dma100" : 67.06,
    "dma200" : 70.37,
    "volume" : 585709.00
  }, {
    "date" : "2026-01-06",
    "price" : 56.49,
    "dma50" : 61.44,
    "dma100" : 66.89,
    "dma200" : 70.23,
    "volume" : 481690.00
  }, {
    "date" : "2026-01-07",
    "price" : 56.21,
    "dma50" : 61.23,
    "dma100" : 66.70,
    "dma200" : 70.09,
    "volume" : 319607.00
  }, {
    "date" : "2026-01-08",
    "price" : 54.72,
    "dma50" : 60.98,
    "dma100" : 66.51,
    "dma200" : 69.94,
    "volume" : 728730.00
  }, {
    "date" : "2026-01-09",
    "price" : 54.14,
    "dma50" : 60.71,
    "dma100" : 66.29,
    "dma200" : 69.78,
    "volume" : 452409.00
  }, {
    "date" : "2026-01-12",
    "price" : 53.58,
    "dma50" : 60.43,
    "dma100" : 66.03,
    "dma200" : 69.62,
    "volume" : 645515.00
  }, {
    "date" : "2026-01-13",
    "price" : 53.79,
    "dma50" : 60.17,
    "dma100" : 65.78,
    "dma200" : 69.46,
    "volume" : 630448.00
  }, {
    "date" : "2026-01-14",
    "price" : 52.96,
    "dma50" : 59.89,
    "dma100" : 65.50,
    "dma200" : 69.30,
    "volume" : 641450.00
  }, {
    "date" : "2026-01-16",
    "price" : 52.49,
    "dma50" : 59.60,
    "dma100" : 65.23,
    "dma200" : 69.13,
    "volume" : 491307.00
  }, {
    "date" : "2026-01-19",
    "price" : 51.86,
    "dma50" : 59.29,
    "dma100" : 64.95,
    "dma200" : 68.96,
    "volume" : 824486.00
  }, {
    "date" : "2026-01-20",
    "price" : 48.73,
    "dma50" : 58.88,
    "dma100" : 64.68,
    "dma200" : 68.76,
    "volume" : 1487433.00
  } ],
  "latestTechnicalAttributes" : {
    "date" : "2026-01-20",
    "price" : 48.73,
    "dma50" : 58.88,
    "dma100" : 64.68,
    "dma200" : 68.76,
    "volume" : 1487433.00
  },
  "quarterlyResults" : [ {
    "date" : "2005-03-31",
    "sales" : 193.95,
    "salesGrowthYoY" : null,
    "grossProfitMargin" : 21.29,
    "grossProfit" : 41.29,
    "operatingProfitMargin" : 4.35,
    "operatingProfit" : 8.44,
    "netProfitMargin" : 2.79,
    "netProfit" : 5.41
  }, {
    "date" : "2005-06-30",
    "sales" : 149.36,
    "salesGrowthYoY" : null,
    "grossProfitMargin" : 24.39,
    "grossProfit" : 36.43,
    "operatingProfitMargin" : 5.52,
    "operatingProfit" : 8.24,
    "netProfitMargin" : 1.56,
    "netProfit" : 2.33
  }, {
    "date" : "2005-09-30",
    "sales" : 153.20,
    "salesGrowthYoY" : null,
    "grossProfitMargin" : 31.26,
    "grossProfit" : 47.89,
    "operatingProfitMargin" : 10.17,
    "operatingProfit" : 15.58,
    "netProfitMargin" : 6.36,
    "netProfit" : 9.74
  }, {
    "date" : "2005-12-31",
    "sales" : 141.80,
    "salesGrowthYoY" : null,
    "grossProfitMargin" : 27.55,
    "grossProfit" : 39.07,
    "operatingProfitMargin" : 2.14,
    "operatingProfit" : 3.03,
    "netProfitMargin" : 3.76,
    "netProfit" : 5.33
  }, {
    "date" : "2006-03-31",
    "sales" : 169.55,
    "salesGrowthYoY" : -12.58,
    "grossProfitMargin" : 27.17,
    "grossProfit" : 46.07,
    "operatingProfitMargin" : 8.46,
    "operatingProfit" : 14.34,
    "netProfitMargin" : 5.83,
    "netProfit" : 9.88
  }, {
    "date" : "2006-06-30",
    "sales" : 191.82,
    "salesGrowthYoY" : 28.43,
    "grossProfitMargin" : 20.41,
    "grossProfit" : 39.15,
    "operatingProfitMargin" : 4.20,
    "operatingProfit" : 8.06,
    "netProfitMargin" : 0.16,
    "netProfit" : 0.31
  }, {
    "date" : "2006-09-30",
    "sales" : 120.39,
    "salesGrowthYoY" : -21.42,
    "grossProfitMargin" : 27.73,
    "grossProfit" : 33.38,
    "operatingProfitMargin" : 5.72,
    "operatingProfit" : 6.89,
    "netProfitMargin" : 4.71,
    "netProfit" : 5.67
  }, {
    "date" : "2006-12-31",
    "sales" : 121.60,
    "salesGrowthYoY" : -14.25,
    "grossProfitMargin" : 32.27,
    "grossProfit" : 39.24,
    "operatingProfitMargin" : 8.62,
    "operatingProfit" : 10.48,
    "netProfitMargin" : 4.04,
    "netProfit" : 4.91
  }, {
    "date" : "2007-03-31",
    "sales" : 228.00,
    "salesGrowthYoY" : 34.47,
    "grossProfitMargin" : 24.83,
    "grossProfit" : 56.61,
    "operatingProfitMargin" : 9.07,
    "operatingProfit" : 20.68,
    "netProfitMargin" : 2.46,
    "netProfit" : 5.61
  }, {
    "date" : "2007-06-30",
    "sales" : 139.16,
    "salesGrowthYoY" : -27.45,
    "grossProfitMargin" : 36.66,
    "grossProfit" : 51.02,
    "operatingProfitMargin" : 11.55,
    "operatingProfit" : 16.07,
    "netProfitMargin" : 5.35,
    "netProfit" : 7.45
  }, {
    "date" : "2007-09-30",
    "sales" : 181.39,
    "salesGrowthYoY" : 50.67,
    "grossProfitMargin" : 32.45,
    "grossProfit" : 58.86,
    "operatingProfitMargin" : 11.83,
    "operatingProfit" : 21.46,
    "netProfitMargin" : 6.41,
    "netProfit" : 11.63
  }, {
    "date" : "2007-12-31",
    "sales" : 208.91,
    "salesGrowthYoY" : 71.80,
    "grossProfitMargin" : 24.55,
    "grossProfit" : 51.29,
    "operatingProfitMargin" : 10.39,
    "operatingProfit" : 21.71,
    "netProfitMargin" : 5.61,
    "netProfit" : 11.72
  }, {
    "date" : "2008-03-31",
    "sales" : 221.93,
    "salesGrowthYoY" : -2.66,
    "grossProfitMargin" : 27.50,
    "grossProfit" : 61.03,
    "operatingProfitMargin" : 11.79,
    "operatingProfit" : 26.17,
    "netProfitMargin" : 1.52,
    "netProfit" : 3.37
  }, {
    "date" : "2008-06-30",
    "sales" : 241.01,
    "salesGrowthYoY" : 73.19,
    "grossProfitMargin" : 31.45,
    "grossProfit" : 75.80,
    "operatingProfitMargin" : 10.68,
    "operatingProfit" : 25.74,
    "netProfitMargin" : 4.35,
    "netProfit" : 10.48
  }, {
    "date" : "2008-09-30",
    "sales" : 203.83,
    "salesGrowthYoY" : 12.37,
    "grossProfitMargin" : 31.06,
    "grossProfit" : 63.31,
    "operatingProfitMargin" : 13.81,
    "operatingProfit" : 28.15,
    "netProfitMargin" : 6.98,
    "netProfit" : 14.23
  }, {
    "date" : "2008-12-31",
    "sales" : 231.29,
    "salesGrowthYoY" : 10.71,
    "grossProfitMargin" : 19.52,
    "grossProfit" : 45.15,
    "operatingProfitMargin" : 6.65,
    "operatingProfit" : 15.38,
    "netProfitMargin" : -0.25,
    "netProfit" : -0.58
  }, {
    "date" : "2009-03-31",
    "sales" : 237.07,
    "salesGrowthYoY" : 6.82,
    "grossProfitMargin" : 37.09,
    "grossProfit" : 87.93,
    "operatingProfitMargin" : 16.67,
    "operatingProfit" : 39.52,
    "netProfitMargin" : 5.92,
    "netProfit" : 14.03
  }, {
    "date" : "2009-06-30",
    "sales" : 225.83,
    "salesGrowthYoY" : -6.30,
    "grossProfitMargin" : 39.98,
    "grossProfit" : 90.29,
    "operatingProfitMargin" : 21.76,
    "operatingProfit" : 49.14,
    "netProfitMargin" : 8.16,
    "netProfit" : 18.43
  }, {
    "date" : "2009-09-30",
    "sales" : 272.50,
    "salesGrowthYoY" : 33.69,
    "grossProfitMargin" : 33.20,
    "grossProfit" : 90.47,
    "operatingProfitMargin" : 17.06,
    "operatingProfit" : 46.49,
    "netProfitMargin" : 7.23,
    "netProfit" : 19.70
  }, {
    "date" : "2009-12-31",
    "sales" : 254.00,
    "salesGrowthYoY" : 9.82,
    "grossProfitMargin" : 33.52,
    "grossProfit" : 85.14,
    "operatingProfitMargin" : 17.61,
    "operatingProfit" : 44.73,
    "netProfitMargin" : 7.01,
    "netProfit" : 17.81
  }, {
    "date" : "2010-03-31",
    "sales" : 275.46,
    "salesGrowthYoY" : 16.19,
    "grossProfitMargin" : 38.84,
    "grossProfit" : 106.99,
    "operatingProfitMargin" : 10.17,
    "operatingProfit" : 28.01,
    "netProfitMargin" : 1.90,
    "netProfit" : 5.23
  }, {
    "date" : "2010-06-30",
    "sales" : 229.64,
    "salesGrowthYoY" : 1.69,
    "grossProfitMargin" : 27.83,
    "grossProfit" : 63.91,
    "operatingProfitMargin" : 10.47,
    "operatingProfit" : 24.04,
    "netProfitMargin" : 1.80,
    "netProfit" : 4.13
  }, {
    "date" : "2010-09-30",
    "sales" : 283.57,
    "salesGrowthYoY" : 4.06,
    "grossProfitMargin" : 23.98,
    "grossProfit" : 68.00,
    "operatingProfitMargin" : 9.80,
    "operatingProfit" : 27.79,
    "netProfitMargin" : 2.57,
    "netProfit" : 7.29
  }, {
    "date" : "2010-12-31",
    "sales" : 253.57,
    "salesGrowthYoY" : -0.17,
    "grossProfitMargin" : 25.31,
    "grossProfit" : 64.18,
    "operatingProfitMargin" : 9.76,
    "operatingProfit" : 24.75,
    "netProfitMargin" : 1.69,
    "netProfit" : 4.29
  }, {
    "date" : "2011-03-31",
    "sales" : 295.77,
    "salesGrowthYoY" : 7.37,
    "grossProfitMargin" : 23.66,
    "grossProfit" : 69.98,
    "operatingProfitMargin" : 7.34,
    "operatingProfit" : 21.71,
    "netProfitMargin" : 0.81,
    "netProfit" : 2.40
  }, {
    "date" : "2011-06-30",
    "sales" : 262.93,
    "salesGrowthYoY" : 14.50,
    "grossProfitMargin" : 26.19,
    "grossProfit" : 68.86,
    "operatingProfitMargin" : 10.32,
    "operatingProfit" : 27.13,
    "netProfitMargin" : 2.12,
    "netProfit" : 5.57
  }, {
    "date" : "2011-09-30",
    "sales" : 285.95,
    "salesGrowthYoY" : 0.84,
    "grossProfitMargin" : 28.63,
    "grossProfit" : 81.87,
    "operatingProfitMargin" : 12.50,
    "operatingProfit" : 35.74,
    "netProfitMargin" : 5.62,
    "netProfit" : 16.07
  }, {
    "date" : "2011-12-31",
    "sales" : 312.32,
    "salesGrowthYoY" : 23.17,
    "grossProfitMargin" : 28.26,
    "grossProfit" : 88.26,
    "operatingProfitMargin" : 8.79,
    "operatingProfit" : 27.45,
    "netProfitMargin" : 1.34,
    "netProfit" : 4.19
  }, {
    "date" : "2012-03-31",
    "sales" : 322.94,
    "salesGrowthYoY" : 9.19,
    "grossProfitMargin" : 32.33,
    "grossProfit" : 104.41,
    "operatingProfitMargin" : 10.67,
    "operatingProfit" : 34.46,
    "netProfitMargin" : 1.14,
    "netProfit" : 3.68
  }, {
    "date" : "2012-06-30",
    "sales" : 358.76,
    "salesGrowthYoY" : 36.45,
    "grossProfitMargin" : 37.74,
    "grossProfit" : 135.40,
    "operatingProfitMargin" : 16.49,
    "operatingProfit" : 59.16,
    "netProfitMargin" : 7.77,
    "netProfit" : 27.88
  }, {
    "date" : "2012-09-30",
    "sales" : 334.59,
    "salesGrowthYoY" : 17.01,
    "grossProfitMargin" : 45.19,
    "grossProfit" : 151.20,
    "operatingProfitMargin" : 23.56,
    "operatingProfit" : 78.83,
    "netProfitMargin" : 10.73,
    "netProfit" : 35.90
  }, {
    "date" : "2012-12-31",
    "sales" : 363.50,
    "salesGrowthYoY" : 16.39,
    "grossProfitMargin" : 37.40,
    "grossProfit" : 135.95,
    "operatingProfitMargin" : 18.18,
    "operatingProfit" : 66.08,
    "netProfitMargin" : 7.73,
    "netProfit" : 28.10
  }, {
    "date" : "2013-03-31",
    "sales" : 270.95,
    "salesGrowthYoY" : -16.10,
    "grossProfitMargin" : 35.91,
    "grossProfit" : 97.30,
    "operatingProfitMargin" : 16.38,
    "operatingProfit" : 44.38,
    "netProfitMargin" : 6.39,
    "netProfit" : 17.31
  }, {
    "date" : "2013-06-30",
    "sales" : 336.28,
    "salesGrowthYoY" : -6.27,
    "grossProfitMargin" : 32.21,
    "grossProfit" : 108.32,
    "operatingProfitMargin" : 10.95,
    "operatingProfit" : 36.82,
    "netProfitMargin" : 3.87,
    "netProfit" : 13.01
  }, {
    "date" : "2013-09-30",
    "sales" : 301.66,
    "salesGrowthYoY" : -9.84,
    "grossProfitMargin" : 39.35,
    "grossProfit" : 118.70,
    "operatingProfitMargin" : 10.10,
    "operatingProfit" : 30.47,
    "netProfitMargin" : 2.27,
    "netProfit" : 6.85
  }, {
    "date" : "2013-12-31",
    "sales" : 331.35,
    "salesGrowthYoY" : -8.84,
    "grossProfitMargin" : 26.45,
    "grossProfit" : 87.64,
    "operatingProfitMargin" : 9.28,
    "operatingProfit" : 30.75,
    "netProfitMargin" : 2.72,
    "netProfit" : 9.01
  }, {
    "date" : "2014-03-31",
    "sales" : 357.00,
    "salesGrowthYoY" : 31.76,
    "grossProfitMargin" : 25.78,
    "grossProfit" : 92.03,
    "operatingProfitMargin" : 8.29,
    "operatingProfit" : 29.60,
    "netProfitMargin" : 2.52,
    "netProfit" : 9.00
  }, {
    "date" : "2014-06-30",
    "sales" : 313.59,
    "salesGrowthYoY" : -6.75,
    "grossProfitMargin" : 29.29,
    "grossProfit" : 91.85,
    "operatingProfitMargin" : 9.13,
    "operatingProfit" : 28.63,
    "netProfitMargin" : 2.40,
    "netProfit" : 7.53
  }, {
    "date" : "2014-09-30",
    "sales" : 317.95,
    "salesGrowthYoY" : 5.40,
    "grossProfitMargin" : 28.30,
    "grossProfit" : 89.98,
    "operatingProfitMargin" : 5.89,
    "operatingProfit" : 18.73,
    "netProfitMargin" : 0.05,
    "netProfit" : 0.16
  }, {
    "date" : "2014-12-31",
    "sales" : 258.28,
    "salesGrowthYoY" : -22.05,
    "grossProfitMargin" : 21.96,
    "grossProfit" : 56.72,
    "operatingProfitMargin" : -4.98,
    "operatingProfit" : -12.86,
    "netProfitMargin" : -10.01,
    "netProfit" : -25.85
  }, {
    "date" : "2015-03-31",
    "sales" : 364.64,
    "salesGrowthYoY" : 2.14,
    "grossProfitMargin" : 27.17,
    "grossProfit" : 99.07,
    "operatingProfitMargin" : 8.27,
    "operatingProfit" : 30.16,
    "netProfitMargin" : 3.89,
    "netProfit" : 14.18
  }, {
    "date" : "2015-06-30",
    "sales" : 304.06,
    "salesGrowthYoY" : -3.04,
    "grossProfitMargin" : 35.45,
    "grossProfit" : 107.79,
    "operatingProfitMargin" : 13.24,
    "operatingProfit" : 40.26,
    "netProfitMargin" : 2.94,
    "netProfit" : 8.94
  }, {
    "date" : "2015-09-30",
    "sales" : 347.41,
    "salesGrowthYoY" : 9.27,
    "grossProfitMargin" : 33.92,
    "grossProfit" : 117.84,
    "operatingProfitMargin" : 11.05,
    "operatingProfit" : 38.39,
    "netProfitMargin" : 1.55,
    "netProfit" : 5.38
  }, {
    "date" : "2015-12-31",
    "sales" : 275.68,
    "salesGrowthYoY" : 6.74,
    "grossProfitMargin" : 35.53,
    "grossProfit" : 97.95,
    "operatingProfitMargin" : 10.64,
    "operatingProfit" : 29.33,
    "netProfitMargin" : 0.03,
    "netProfit" : 0.08
  }, {
    "date" : "2016-03-31",
    "sales" : 336.19,
    "salesGrowthYoY" : -7.80,
    "grossProfitMargin" : 33.26,
    "grossProfit" : 111.82,
    "operatingProfitMargin" : 12.63,
    "operatingProfit" : 42.46,
    "netProfitMargin" : 0.79,
    "netProfit" : 2.66
  }, {
    "date" : "2016-06-30",
    "sales" : 284.46,
    "salesGrowthYoY" : -6.45,
    "grossProfitMargin" : 36.06,
    "grossProfit" : 102.58,
    "operatingProfitMargin" : 11.84,
    "operatingProfit" : 33.68,
    "netProfitMargin" : 0.39,
    "netProfit" : 1.11
  }, {
    "date" : "2016-09-30",
    "sales" : 299.82,
    "salesGrowthYoY" : -13.70,
    "grossProfitMargin" : 40.31,
    "grossProfit" : 120.86,
    "operatingProfitMargin" : 15.08,
    "operatingProfit" : 45.21,
    "netProfitMargin" : 2.98,
    "netProfit" : 8.93
  }, {
    "date" : "2016-12-31",
    "sales" : 299.98,
    "salesGrowthYoY" : 8.81,
    "grossProfitMargin" : 32.18,
    "grossProfit" : 96.53,
    "operatingProfitMargin" : 12.84,
    "operatingProfit" : 38.52,
    "netProfitMargin" : 1.70,
    "netProfit" : 5.10
  }, {
    "date" : "2017-03-31",
    "sales" : 291.54,
    "salesGrowthYoY" : -13.28,
    "grossProfitMargin" : 29.69,
    "grossProfit" : 86.56,
    "operatingProfitMargin" : 9.11,
    "operatingProfit" : 26.56,
    "netProfitMargin" : 1.57,
    "netProfit" : 4.58
  }, {
    "date" : "2017-06-30",
    "sales" : 290.76,
    "salesGrowthYoY" : 2.21,
    "grossProfitMargin" : 30.38,
    "grossProfit" : 88.33,
    "operatingProfitMargin" : 6.36,
    "operatingProfit" : 18.49,
    "netProfitMargin" : -6.21,
    "netProfit" : -18.06
  }, {
    "date" : "2017-09-30",
    "sales" : 273.50,
    "salesGrowthYoY" : -8.78,
    "grossProfitMargin" : 38.67,
    "grossProfit" : 105.76,
    "operatingProfitMargin" : 11.05,
    "operatingProfit" : 30.22,
    "netProfitMargin" : -3.26,
    "netProfit" : -8.92
  }, {
    "date" : "2017-12-31",
    "sales" : 273.92,
    "salesGrowthYoY" : -8.69,
    "grossProfitMargin" : 34.16,
    "grossProfit" : 93.57,
    "operatingProfitMargin" : 14.76,
    "operatingProfit" : 40.43,
    "netProfitMargin" : -0.27,
    "netProfit" : -0.74
  }, {
    "date" : "2018-03-31",
    "sales" : 345.82,
    "salesGrowthYoY" : 18.62,
    "grossProfitMargin" : 32.06,
    "grossProfit" : 110.87,
    "operatingProfitMargin" : 10.54,
    "operatingProfit" : 36.45,
    "netProfitMargin" : 2.15,
    "netProfit" : 7.44
  }, {
    "date" : "2018-06-30",
    "sales" : 329.25,
    "salesGrowthYoY" : 13.24,
    "grossProfitMargin" : 32.01,
    "grossProfit" : 105.39,
    "operatingProfitMargin" : 10.15,
    "operatingProfit" : 33.42,
    "netProfitMargin" : -3.00,
    "netProfit" : -9.88
  }, {
    "date" : "2018-09-30",
    "sales" : 343.39,
    "salesGrowthYoY" : 25.55,
    "grossProfitMargin" : 35.30,
    "grossProfit" : 121.22,
    "operatingProfitMargin" : 12.51,
    "operatingProfit" : 42.96,
    "netProfitMargin" : -0.34,
    "netProfit" : -1.17
  }, {
    "date" : "2018-12-31",
    "sales" : 322.29,
    "salesGrowthYoY" : 17.66,
    "grossProfitMargin" : 25.38,
    "grossProfit" : 81.80,
    "operatingProfitMargin" : 9.68,
    "operatingProfit" : 31.20,
    "netProfitMargin" : -2.80,
    "netProfit" : -9.02
  }, {
    "date" : "2019-03-31",
    "sales" : 357.87,
    "salesGrowthYoY" : 3.48,
    "grossProfitMargin" : 38.79,
    "grossProfit" : 138.82,
    "operatingProfitMargin" : 15.18,
    "operatingProfit" : 54.32,
    "netProfitMargin" : 4.17,
    "netProfit" : 14.92
  }, {
    "date" : "2019-06-30",
    "sales" : 315.83,
    "salesGrowthYoY" : -4.08,
    "grossProfitMargin" : 36.96,
    "grossProfit" : 116.73,
    "operatingProfitMargin" : 15.40,
    "operatingProfit" : 48.64,
    "netProfitMargin" : 0.48,
    "netProfit" : 1.52
  }, {
    "date" : "2019-09-30",
    "sales" : 354.17,
    "salesGrowthYoY" : 3.14,
    "grossProfitMargin" : 37.27,
    "grossProfit" : 132.00,
    "operatingProfitMargin" : 14.29,
    "operatingProfit" : 50.61,
    "netProfitMargin" : 0.52,
    "netProfit" : 1.84
  }, {
    "date" : "2019-12-31",
    "sales" : 313.69,
    "salesGrowthYoY" : -2.67,
    "grossProfitMargin" : 30.78,
    "grossProfit" : 96.55,
    "operatingProfitMargin" : 12.23,
    "operatingProfit" : 38.36,
    "netProfitMargin" : -1.28,
    "netProfit" : -4.02
  }, {
    "date" : "2020-03-31",
    "sales" : 293.59,
    "salesGrowthYoY" : -17.96,
    "grossProfitMargin" : 31.57,
    "grossProfit" : 92.69,
    "operatingProfitMargin" : 3.54,
    "operatingProfit" : 10.39,
    "netProfitMargin" : -8.54,
    "netProfit" : -25.07
  }, {
    "date" : "2020-06-30",
    "sales" : 284.59,
    "salesGrowthYoY" : -9.89,
    "grossProfitMargin" : 38.20,
    "grossProfit" : 108.71,
    "operatingProfitMargin" : 11.44,
    "operatingProfit" : 32.56,
    "netProfitMargin" : -3.46,
    "netProfit" : -9.85
  }, {
    "date" : "2020-09-30",
    "sales" : 337.91,
    "salesGrowthYoY" : -4.59,
    "grossProfitMargin" : 37.23,
    "grossProfit" : 125.80,
    "operatingProfitMargin" : 14.66,
    "operatingProfit" : 49.54,
    "netProfitMargin" : 0.28,
    "netProfit" : 0.95
  }, {
    "date" : "2020-12-31",
    "sales" : 386.08,
    "salesGrowthYoY" : 23.08,
    "grossProfitMargin" : 34.29,
    "grossProfit" : 132.39,
    "operatingProfitMargin" : 14.88,
    "operatingProfit" : 57.45,
    "netProfitMargin" : 1.61,
    "netProfit" : 6.22
  }, {
    "date" : "2021-03-31",
    "sales" : 455.68,
    "salesGrowthYoY" : 55.21,
    "grossProfitMargin" : 32.16,
    "grossProfit" : 146.55,
    "operatingProfitMargin" : 15.32,
    "operatingProfit" : 69.81,
    "netProfitMargin" : 1.42,
    "netProfit" : 6.47
  }, {
    "date" : "2021-06-30",
    "sales" : 520.51,
    "salesGrowthYoY" : 82.90,
    "grossProfitMargin" : 25.82,
    "grossProfit" : 134.40,
    "operatingProfitMargin" : 11.02,
    "operatingProfit" : 57.36,
    "netProfitMargin" : 0.84,
    "netProfit" : 4.37
  }, {
    "date" : "2021-09-30",
    "sales" : 571.87,
    "salesGrowthYoY" : 69.24,
    "grossProfitMargin" : 30.01,
    "grossProfit" : 171.62,
    "operatingProfitMargin" : 13.89,
    "operatingProfit" : 79.43,
    "netProfitMargin" : 3.44,
    "netProfit" : 19.67
  }, {
    "date" : "2021-12-31",
    "sales" : 655.12,
    "salesGrowthYoY" : 69.69,
    "grossProfitMargin" : 28.19,
    "grossProfit" : 184.68,
    "operatingProfitMargin" : 13.62,
    "operatingProfit" : 89.23,
    "netProfitMargin" : 4.07,
    "netProfit" : 26.66
  }, {
    "date" : "2022-03-31",
    "sales" : 707.23,
    "salesGrowthYoY" : 55.20,
    "grossProfitMargin" : 28.89,
    "grossProfit" : 204.32,
    "operatingProfitMargin" : 13.97,
    "operatingProfit" : 98.80,
    "netProfitMargin" : 6.75,
    "netProfit" : 47.74
  }, {
    "date" : "2022-06-30",
    "sales" : 768.65,
    "salesGrowthYoY" : 47.67,
    "grossProfitMargin" : 31.14,
    "grossProfit" : 239.36,
    "operatingProfitMargin" : 15.83,
    "operatingProfit" : 121.68,
    "netProfitMargin" : 6.41,
    "netProfit" : 49.27
  }, {
    "date" : "2022-09-30",
    "sales" : 697.78,
    "salesGrowthYoY" : 22.02,
    "grossProfitMargin" : 32.00,
    "grossProfit" : 223.29,
    "operatingProfitMargin" : 15.17,
    "operatingProfit" : 105.85,
    "netProfitMargin" : 3.62,
    "netProfit" : 25.26
  }, {
    "date" : "2022-12-31",
    "sales" : 579.23,
    "salesGrowthYoY" : -11.58,
    "grossProfitMargin" : 37.52,
    "grossProfit" : 217.33,
    "operatingProfitMargin" : 17.52,
    "operatingProfit" : 101.48,
    "netProfitMargin" : 7.99,
    "netProfit" : 46.28
  }, {
    "date" : "2023-03-31",
    "sales" : 588.14,
    "salesGrowthYoY" : -16.84,
    "grossProfitMargin" : 33.92,
    "grossProfit" : 199.50,
    "operatingProfitMargin" : 16.90,
    "operatingProfit" : 99.40,
    "netProfitMargin" : 6.01,
    "netProfit" : 35.35
  }, {
    "date" : "2023-06-30",
    "sales" : 438.04,
    "salesGrowthYoY" : -43.01,
    "grossProfitMargin" : 30.95,
    "grossProfit" : 135.57,
    "operatingProfitMargin" : 11.68,
    "operatingProfit" : 51.16,
    "netProfitMargin" : 2.28,
    "netProfit" : 9.99
  }, {
    "date" : "2023-09-30",
    "sales" : 414.09,
    "salesGrowthYoY" : -40.66,
    "grossProfitMargin" : 33.73,
    "grossProfit" : 139.67,
    "operatingProfitMargin" : 10.04,
    "operatingProfit" : 41.57,
    "netProfitMargin" : 0.64,
    "netProfit" : 2.65
  }, {
    "date" : "2023-12-31",
    "sales" : 397.77,
    "salesGrowthYoY" : -31.33,
    "grossProfitMargin" : 26.15,
    "grossProfit" : 104.02,
    "operatingProfitMargin" : 4.88,
    "operatingProfit" : 19.41,
    "netProfitMargin" : -2.82,
    "netProfit" : -11.22
  }, {
    "date" : "2024-03-31",
    "sales" : 621.69,
    "salesGrowthYoY" : 5.70,
    "grossProfitMargin" : 27.25,
    "grossProfit" : 169.41,
    "operatingProfitMargin" : 10.20,
    "operatingProfit" : 63.41,
    "netProfitMargin" : 2.47,
    "netProfit" : 15.36
  }, {
    "date" : "2024-06-30",
    "sales" : 499.52,
    "salesGrowthYoY" : 14.04,
    "grossProfitMargin" : 29.80,
    "grossProfit" : 148.86,
    "operatingProfitMargin" : 9.04,
    "operatingProfit" : 45.16,
    "netProfitMargin" : 1.35,
    "netProfit" : 6.74
  }, {
    "date" : "2024-09-30",
    "sales" : 488.74,
    "salesGrowthYoY" : 18.03,
    "grossProfitMargin" : 29.33,
    "grossProfit" : 143.35,
    "operatingProfitMargin" : 7.25,
    "operatingProfit" : 35.43,
    "netProfitMargin" : -0.26,
    "netProfit" : -1.27
  }, {
    "date" : "2024-12-31",
    "sales" : 474.17,
    "salesGrowthYoY" : 19.21,
    "grossProfitMargin" : 32.80,
    "grossProfit" : 155.53,
    "operatingProfitMargin" : 12.02,
    "operatingProfit" : 57.00,
    "netProfitMargin" : 2.83,
    "netProfit" : 13.42
  }, {
    "date" : "2025-03-31",
    "sales" : 537.91,
    "salesGrowthYoY" : -13.48,
    "grossProfitMargin" : 28.29,
    "grossProfit" : 152.17,
    "operatingProfitMargin" : 10.38,
    "operatingProfit" : 55.84,
    "netProfitMargin" : 2.12,
    "netProfit" : 11.40
  }, {
    "date" : "2025-06-30",
    "sales" : 475.50,
    "salesGrowthYoY" : -4.81,
    "grossProfitMargin" : 32.92,
    "grossProfit" : 156.53,
    "operatingProfitMargin" : 11.30,
    "operatingProfit" : 53.73,
    "netProfitMargin" : 2.40,
    "netProfit" : 11.41
  }, {
    "date" : "2025-09-30",
    "sales" : 539.21,
    "salesGrowthYoY" : 10.33,
    "grossProfitMargin" : 30.72,
    "grossProfit" : 165.65,
    "operatingProfitMargin" : 10.76,
    "operatingProfit" : 58.02,
    "netProfitMargin" : 2.56,
    "netProfit" : 13.80
  } ],
  "latestQuarterlyResult" : {
    "date" : "2025-09-30",
    "sales" : 539.21,
    "salesGrowthYoY" : 10.33,
    "grossProfitMargin" : 30.72,
    "grossProfit" : 165.65,
    "operatingProfitMargin" : 10.76,
    "operatingProfit" : 58.02,
    "netProfitMargin" : 2.56,
    "netProfit" : 13.80
  },
  "companyScore" : {
    "priceHigherThanDma50" : 0.00,
    "priceHigherThanDma100" : 0.00,
    "priceHigherThanDma200" : 0.00,
    "dma50HigherThanDma100" : 0.00,
    "dma50HigherThanDma200" : 0.00,
    "dma100HigherThanDma200" : 0.00,
    "pricePercentageAboveDma50" : 5.86,
    "pricePercentageAboveDma100" : 6.23,
    "pricePercentageAboveDma200" : 6.46,
    "weeklyVolumeHigherThanYearlyVolume" : 0.00,
    "salesGrowthPercentile" : 12.41,
    "operatingProfitMarginPercentile" : 11.03,
    "netProfitMarginPercentile" : 6.06,
    "totalTechnicalScore" : 18.55,
    "totalFundamentalScore" : 29.50,
    "totalScore" : 48.05
  }
}