{
  "metadata" : {
    "screenerCompanyId" : "826",
    "companyCode" : "DIACABS",
    "companyName" : "Diamond Power",
    "screenerCompanyLink" : "https://www.screener.in/company/DIACABS/consolidated/",
    "screenerTechnicalHistoryLink" : "https://www.screener.in/api/company/826/chart/?q=Price-DMA50-DMA200-Volume&days=365",
    "screenerQuarterlyResultsLink" : "https://www.screener.in/api/company/826/chart/?q=GPM-OPM-NPM-Quarter+Sales&days=10000",
    "attributes" : {
      "companyCode" : "DIACABS",
      "companyName" : "Diamond Power",
      "marketCap" : 6458.00,
      "peRatio" : 105.00,
      "description" : "Diamond Power Infrastructure Limited is engaged in the business of manufacturing of Transmission & distribution of power products & services in India.[1]"
    },
    "companyScore" : {
      "priceHigherThanDma50" : 0.00,
      "priceHigherThanDma100" : 0.00,
      "priceHigherThanDma200" : 0.00,
      "dma50HigherThanDma100" : 0.00,
      "dma50HigherThanDma200" : 5.00,
      "dma100HigherThanDma200" : 5.00,
      "pricePercentageAboveDma50" : 5.51,
      "pricePercentageAboveDma100" : 5.74,
      "pricePercentageAboveDma200" : 5.49,
      "weeklyVolumeHigherThanYearlyVolume" : 0.00,
      "salesGrowthPercentile" : 14.15,
      "operatingProfitMarginPercentile" : 19.80,
      "netProfitMarginPercentile" : 9.89,
      "totalTechnicalScore" : 26.75,
      "totalFundamentalScore" : 43.83,
      "totalScore" : 70.59
    }
  },
  "attributes" : {
    "companyCode" : "DIACABS",
    "companyName" : "Diamond Power",
    "marketCap" : 6458.00,
    "peRatio" : 105.00,
    "description" : "Diamond Power Infrastructure Limited is engaged in the business of manufacturing of Transmission & distribution of power products & services in India.[1]"
  },
  "technicalHistory" : [ {
    "date" : "2025-02-01",
    "price" : 102.40,
    "dma50" : 137.43,
    "dma100" : null,
    "dma200" : 124.39,
    "volume" : 265145.00
  }, {
    "date" : "2025-02-03",
    "price" : 97.28,
    "dma50" : 135.86,
    "dma100" : null,
    "dma200" : 124.12,
    "volume" : 323215.00
  }, {
    "date" : "2025-02-04",
    "price" : 92.41,
    "dma50" : 134.15,
    "dma100" : null,
    "dma200" : 123.80,
    "volume" : 289493.00
  }, {
    "date" : "2025-02-05",
    "price" : 97.03,
    "dma50" : 132.70,
    "dma100" : null,
    "dma200" : 123.54,
    "volume" : 616175.00
  }, {
    "date" : "2025-02-06",
    "price" : 101.88,
    "dma50" : 131.49,
    "dma100" : null,
    "dma200" : 123.32,
    "volume" : 346984.00
  }, {
    "date" : "2025-02-07",
    "price" : 106.97,
    "dma50" : 130.53,
    "dma100" : null,
    "dma200" : 123.16,
    "volume" : 138046.00
  }, {
    "date" : "2025-02-10",
    "price" : 101.68,
    "dma50" : 129.40,
    "dma100" : null,
    "dma200" : 122.95,
    "volume" : 234948.00
  }, {
    "date" : "2025-02-11",
    "price" : 96.59,
    "dma50" : 128.11,
    "dma100" : null,
    "dma200" : 122.68,
    "volume" : 151839.00
  }, {
    "date" : "2025-02-12",
    "price" : 91.76,
    "dma50" : 126.68,
    "dma100" : null,
    "dma200" : 122.38,
    "volume" : 201884.00
  }, {
    "date" : "2025-02-13",
    "price" : 94.91,
    "dma50" : 125.44,
    "dma100" : null,
    "dma200" : 122.10,
    "volume" : 160534.00
  }, {
    "date" : "2025-02-14",
    "price" : 90.16,
    "dma50" : 124.05,
    "dma100" : null,
    "dma200" : 121.78,
    "volume" : 80580.00
  }, {
    "date" : "2025-02-17",
    "price" : 85.65,
    "dma50" : 122.55,
    "dma100" : null,
    "dma200" : 121.43,
    "volume" : 72837.00
  }, {
    "date" : "2025-02-18",
    "price" : 87.07,
    "dma50" : 121.16,
    "dma100" : null,
    "dma200" : 121.08,
    "volume" : 189317.00
  }, {
    "date" : "2025-02-19",
    "price" : 91.42,
    "dma50" : 119.99,
    "dma100" : null,
    "dma200" : 120.79,
    "volume" : 131197.00
  }, {
    "date" : "2025-02-20",
    "price" : 95.99,
    "dma50" : 119.05,
    "dma100" : null,
    "dma200" : 120.54,
    "volume" : 86818.00
  }, {
    "date" : "2025-02-21",
    "price" : 100.78,
    "dma50" : 118.33,
    "dma100" : null,
    "dma200" : 120.34,
    "volume" : 165769.00
  }, {
    "date" : "2025-02-24",
    "price" : 96.61,
    "dma50" : 117.48,
    "dma100" : null,
    "dma200" : 120.11,
    "volume" : 74804.00
  }, {
    "date" : "2025-02-25",
    "price" : 95.03,
    "dma50" : 116.60,
    "dma100" : null,
    "dma200" : 119.86,
    "volume" : 60394.00
  }, {
    "date" : "2025-02-27",
    "price" : 90.27,
    "dma50" : 115.57,
    "dma100" : null,
    "dma200" : 119.56,
    "volume" : 97318.00
  }, {
    "date" : "2025-02-28",
    "price" : 85.75,
    "dma50" : 114.40,
    "dma100" : null,
    "dma200" : 119.23,
    "volume" : 68052.00
  }, {
    "date" : "2025-03-03",
    "price" : 83.36,
    "dma50" : 113.18,
    "dma100" : null,
    "dma200" : 118.87,
    "volume" : 127103.00
  }, {
    "date" : "2025-03-04",
    "price" : 87.52,
    "dma50" : 112.18,
    "dma100" : null,
    "dma200" : 118.56,
    "volume" : 149747.00
  }, {
    "date" : "2025-03-05",
    "price" : 91.89,
    "dma50" : 111.38,
    "dma100" : null,
    "dma200" : 118.29,
    "volume" : 81673.00
  }, {
    "date" : "2025-03-06",
    "price" : 93.74,
    "dma50" : 110.69,
    "dma100" : null,
    "dma200" : 118.05,
    "volume" : 219712.00
  }, {
    "date" : "2025-03-07",
    "price" : 93.64,
    "dma50" : 110.02,
    "dma100" : null,
    "dma200" : 117.81,
    "volume" : 223416.00
  }, {
    "date" : "2025-03-10",
    "price" : 91.90,
    "dma50" : 109.31,
    "dma100" : null,
    "dma200" : 117.55,
    "volume" : 250856.00
  }, {
    "date" : "2025-03-11",
    "price" : 92.14,
    "dma50" : 108.64,
    "dma100" : null,
    "dma200" : 117.30,
    "volume" : 1609890.00
  }, {
    "date" : "2025-03-12",
    "price" : 88.19,
    "dma50" : 107.83,
    "dma100" : null,
    "dma200" : 117.01,
    "volume" : 2093640.00
  }, {
    "date" : "2025-03-13",
    "price" : 89.10,
    "dma50" : 107.10,
    "dma100" : null,
    "dma200" : 116.73,
    "volume" : 64294.00
  }, {
    "date" : "2025-03-17",
    "price" : 89.44,
    "dma50" : 106.41,
    "dma100" : null,
    "dma200" : 116.46,
    "volume" : 116036.00
  }, {
    "date" : "2025-03-18",
    "price" : 90.43,
    "dma50" : 105.78,
    "dma100" : null,
    "dma200" : 116.20,
    "volume" : 95277.00
  }, {
    "date" : "2025-03-19",
    "price" : 92.12,
    "dma50" : 105.24,
    "dma100" : null,
    "dma200" : 115.96,
    "volume" : 104190.00
  }, {
    "date" : "2025-03-20",
    "price" : 95.40,
    "dma50" : 104.86,
    "dma100" : null,
    "dma200" : 115.75,
    "volume" : 228030.00
  }, {
    "date" : "2025-03-21",
    "price" : 94.25,
    "dma50" : 104.44,
    "dma100" : null,
    "dma200" : 115.54,
    "volume" : 167103.00
  }, {
    "date" : "2025-03-24",
    "price" : 98.96,
    "dma50" : 104.23,
    "dma100" : null,
    "dma200" : 115.38,
    "volume" : 263197.00
  }, {
    "date" : "2025-03-25",
    "price" : 97.96,
    "dma50" : 103.98,
    "dma100" : null,
    "dma200" : 115.20,
    "volume" : 577499.00
  }, {
    "date" : "2025-03-26",
    "price" : 93.24,
    "dma50" : 103.56,
    "dma100" : null,
    "dma200" : 114.98,
    "volume" : 176088.00
  }, {
    "date" : "2025-03-27",
    "price" : 89.92,
    "dma50" : 103.03,
    "dma100" : null,
    "dma200" : 114.73,
    "volume" : 229843.00
  }, {
    "date" : "2025-03-28",
    "price" : 89.53,
    "dma50" : 102.50,
    "dma100" : null,
    "dma200" : 114.48,
    "volume" : 138406.00
  }, {
    "date" : "2025-04-01",
    "price" : 91.23,
    "dma50" : 102.05,
    "dma100" : null,
    "dma200" : 114.25,
    "volume" : 70296.00
  }, {
    "date" : "2025-04-02",
    "price" : 94.47,
    "dma50" : 101.76,
    "dma100" : null,
    "dma200" : 114.05,
    "volume" : 65104.00
  }, {
    "date" : "2025-04-03",
    "price" : 97.13,
    "dma50" : 101.58,
    "dma100" : null,
    "dma200" : 113.89,
    "volume" : 104857.00
  }, {
    "date" : "2025-04-04",
    "price" : 93.28,
    "dma50" : 101.25,
    "dma100" : null,
    "dma200" : 113.68,
    "volume" : 75140.00
  }, {
    "date" : "2025-04-07",
    "price" : 88.61,
    "dma50" : 100.75,
    "dma100" : null,
    "dma200" : 113.43,
    "volume" : 42631.00
  }, {
    "date" : "2025-04-08",
    "price" : 91.82,
    "dma50" : 100.40,
    "dma100" : null,
    "dma200" : 113.22,
    "volume" : 77190.00
  }, {
    "date" : "2025-04-09",
    "price" : 88.02,
    "dma50" : 99.92,
    "dma100" : null,
    "dma200" : 112.97,
    "volume" : 79129.00
  }, {
    "date" : "2025-04-11",
    "price" : 91.10,
    "dma50" : 99.57,
    "dma100" : null,
    "dma200" : 112.75,
    "volume" : 69503.00
  }, {
    "date" : "2025-04-15",
    "price" : 94.70,
    "dma50" : 99.38,
    "dma100" : null,
    "dma200" : 112.57,
    "volume" : 73807.00
  }, {
    "date" : "2025-04-16",
    "price" : 96.49,
    "dma50" : 99.27,
    "dma100" : null,
    "dma200" : 112.41,
    "volume" : 95811.00
  }, {
    "date" : "2025-04-17",
    "price" : 95.42,
    "dma50" : 99.12,
    "dma100" : null,
    "dma200" : 112.24,
    "volume" : 111679.00
  }, {
    "date" : "2025-04-21",
    "price" : 99.44,
    "dma50" : 99.13,
    "dma100" : null,
    "dma200" : 112.11,
    "volume" : 139250.00
  }, {
    "date" : "2025-04-22",
    "price" : 107.34,
    "dma50" : 99.45,
    "dma100" : null,
    "dma200" : 112.07,
    "volume" : 496137.00
  }, {
    "date" : "2025-04-23",
    "price" : 104.38,
    "dma50" : 99.65,
    "dma100" : null,
    "dma200" : 111.99,
    "volume" : 493365.00
  }, {
    "date" : "2025-04-24",
    "price" : 99.61,
    "dma50" : 99.64,
    "dma100" : null,
    "dma200" : 111.87,
    "volume" : 226549.00
  }, {
    "date" : "2025-04-25",
    "price" : 96.55,
    "dma50" : 99.52,
    "dma100" : null,
    "dma200" : 111.71,
    "volume" : 197151.00
  }, {
    "date" : "2025-04-28",
    "price" : 95.90,
    "dma50" : 99.38,
    "dma100" : null,
    "dma200" : 111.56,
    "volume" : 170255.00
  }, {
    "date" : "2025-04-29",
    "price" : 96.69,
    "dma50" : 99.27,
    "dma100" : null,
    "dma200" : 111.41,
    "volume" : 93445.00
  }, {
    "date" : "2025-04-30",
    "price" : 94.37,
    "dma50" : 99.08,
    "dma100" : null,
    "dma200" : 111.24,
    "volume" : 274849.00
  }, {
    "date" : "2025-05-02",
    "price" : 94.15,
    "dma50" : 98.89,
    "dma100" : null,
    "dma200" : 111.07,
    "volume" : 198547.00
  }, {
    "date" : "2025-05-05",
    "price" : 88.78,
    "dma50" : 98.49,
    "dma100" : null,
    "dma200" : 110.85,
    "volume" : 842560.00
  }, {
    "date" : "2025-05-06",
    "price" : 93.15,
    "dma50" : 98.28,
    "dma100" : null,
    "dma200" : 110.67,
    "volume" : 552541.00
  }, {
    "date" : "2025-05-07",
    "price" : 90.47,
    "dma50" : 97.98,
    "dma100" : null,
    "dma200" : 110.47,
    "volume" : 169878.00
  }, {
    "date" : "2025-05-08",
    "price" : 90.87,
    "dma50" : 97.70,
    "dma100" : null,
    "dma200" : 110.27,
    "volume" : 213667.00
  }, {
    "date" : "2025-05-09",
    "price" : 88.54,
    "dma50" : 97.34,
    "dma100" : null,
    "dma200" : 110.06,
    "volume" : 261906.00
  }, {
    "date" : "2025-05-12",
    "price" : 95.46,
    "dma50" : 97.27,
    "dma100" : null,
    "dma200" : 109.91,
    "volume" : 352402.00
  }, {
    "date" : "2025-05-13",
    "price" : 93.89,
    "dma50" : 97.13,
    "dma100" : null,
    "dma200" : 109.75,
    "volume" : 366015.00
  }, {
    "date" : "2025-05-14",
    "price" : 94.86,
    "dma50" : 97.04,
    "dma100" : null,
    "dma200" : 109.61,
    "volume" : 188746.00
  }, {
    "date" : "2025-05-15",
    "price" : 93.80,
    "dma50" : 96.92,
    "dma100" : null,
    "dma200" : 109.45,
    "volume" : 412425.00
  }, {
    "date" : "2025-05-16",
    "price" : 95.22,
    "dma50" : 96.85,
    "dma100" : null,
    "dma200" : 109.31,
    "volume" : 238172.00
  }, {
    "date" : "2025-05-19",
    "price" : 94.97,
    "dma50" : 96.78,
    "dma100" : null,
    "dma200" : 109.16,
    "volume" : 1980663.00
  }, {
    "date" : "2025-05-20",
    "price" : 94.86,
    "dma50" : 96.70,
    "dma100" : null,
    "dma200" : 109.02,
    "volume" : 596198.00
  }, {
    "date" : "2025-05-21",
    "price" : 95.26,
    "dma50" : 96.64,
    "dma100" : null,
    "dma200" : 108.88,
    "volume" : 344625.00
  }, {
    "date" : "2025-05-22",
    "price" : 94.96,
    "dma50" : 96.58,
    "dma100" : null,
    "dma200" : 108.75,
    "volume" : 1071055.00
  }, {
    "date" : "2025-05-23",
    "price" : 94.65,
    "dma50" : 96.50,
    "dma100" : null,
    "dma200" : 108.61,
    "volume" : 445418.00
  }, {
    "date" : "2025-05-26",
    "price" : 100.30,
    "dma50" : 96.65,
    "dma100" : null,
    "dma200" : 108.52,
    "volume" : 2577044.00
  }, {
    "date" : "2025-05-27",
    "price" : 110.33,
    "dma50" : 97.19,
    "dma100" : null,
    "dma200" : 108.54,
    "volume" : 1885701.00
  }, {
    "date" : "2025-05-28",
    "price" : 113.49,
    "dma50" : 97.83,
    "dma100" : null,
    "dma200" : 108.59,
    "volume" : 3470883.00
  }, {
    "date" : "2025-05-29",
    "price" : 112.69,
    "dma50" : 98.41,
    "dma100" : null,
    "dma200" : 108.63,
    "volume" : 1083333.00
  }, {
    "date" : "2025-05-30",
    "price" : 113.41,
    "dma50" : 99.00,
    "dma100" : null,
    "dma200" : 108.68,
    "volume" : 800847.00
  }, {
    "date" : "2025-06-02",
    "price" : 109.66,
    "dma50" : 99.42,
    "dma100" : null,
    "dma200" : 108.69,
    "volume" : 978301.00
  }, {
    "date" : "2025-06-03",
    "price" : 107.09,
    "dma50" : 99.72,
    "dma100" : null,
    "dma200" : 108.67,
    "volume" : 962810.00
  }, {
    "date" : "2025-06-04",
    "price" : 107.78,
    "dma50" : 100.03,
    "dma100" : null,
    "dma200" : 108.66,
    "volume" : 881042.00
  }, {
    "date" : "2025-06-05",
    "price" : 107.70,
    "dma50" : 100.33,
    "dma100" : null,
    "dma200" : 108.65,
    "volume" : 12075733.00
  }, {
    "date" : "2025-06-06",
    "price" : 101.28,
    "dma50" : 100.37,
    "dma100" : null,
    "dma200" : 108.58,
    "volume" : 22778762.00
  }, {
    "date" : "2025-06-09",
    "price" : 103.58,
    "dma50" : 100.50,
    "dma100" : null,
    "dma200" : 108.53,
    "volume" : 8953243.00
  }, {
    "date" : "2025-06-10",
    "price" : 103.95,
    "dma50" : 100.63,
    "dma100" : null,
    "dma200" : 108.49,
    "volume" : 5289689.00
  }, {
    "date" : "2025-06-11",
    "price" : 101.39,
    "dma50" : 100.66,
    "dma100" : null,
    "dma200" : 108.41,
    "volume" : 3395324.00
  }, {
    "date" : "2025-06-12",
    "price" : 100.44,
    "dma50" : 100.65,
    "dma100" : null,
    "dma200" : 108.34,
    "volume" : 1596424.00
  }, {
    "date" : "2025-06-13",
    "price" : 100.57,
    "dma50" : 100.65,
    "dma100" : null,
    "dma200" : 108.26,
    "volume" : 2177782.00
  }, {
    "date" : "2025-06-16",
    "price" : 101.48,
    "dma50" : 100.68,
    "dma100" : null,
    "dma200" : 108.19,
    "volume" : 2185306.00
  }, {
    "date" : "2025-06-17",
    "price" : 103.68,
    "dma50" : 100.80,
    "dma100" : null,
    "dma200" : 108.15,
    "volume" : 4365786.00
  }, {
    "date" : "2025-06-18",
    "price" : 103.23,
    "dma50" : 100.90,
    "dma100" : null,
    "dma200" : 108.10,
    "volume" : 2878414.00
  }, {
    "date" : "2025-06-19",
    "price" : 101.53,
    "dma50" : 100.92,
    "dma100" : null,
    "dma200" : 108.03,
    "volume" : 10027973.00
  }, {
    "date" : "2025-06-20",
    "price" : 103.74,
    "dma50" : 101.03,
    "dma100" : null,
    "dma200" : 107.99,
    "volume" : 5507688.00
  }, {
    "date" : "2025-06-23",
    "price" : 106.95,
    "dma50" : 101.26,
    "dma100" : null,
    "dma200" : 107.98,
    "volume" : 6377752.00
  }, {
    "date" : "2025-06-24",
    "price" : 109.90,
    "dma50" : 101.60,
    "dma100" : null,
    "dma200" : 108.00,
    "volume" : 6367785.00
  }, {
    "date" : "2025-06-25",
    "price" : 116.62,
    "dma50" : 102.19,
    "dma100" : null,
    "dma200" : 108.08,
    "volume" : 12295978.00
  }, {
    "date" : "2025-06-26",
    "price" : 128.28,
    "dma50" : 103.21,
    "dma100" : null,
    "dma200" : 108.28,
    "volume" : 18031975.00
  }, {
    "date" : "2025-06-27",
    "price" : 129.43,
    "dma50" : 104.24,
    "dma100" : null,
    "dma200" : 108.49,
    "volume" : 6462675.00
  }, {
    "date" : "2025-06-30",
    "price" : 138.23,
    "dma50" : 105.57,
    "dma100" : null,
    "dma200" : 108.79,
    "volume" : 22011926.00
  }, {
    "date" : "2025-07-01",
    "price" : 138.21,
    "dma50" : 106.85,
    "dma100" : 98.27,
    "dma200" : 109.08,
    "volume" : 7957073.00
  }, {
    "date" : "2025-07-02",
    "price" : 138.98,
    "dma50" : 108.11,
    "dma100" : 98.69,
    "dma200" : 109.38,
    "volume" : 6874989.00
  }, {
    "date" : "2025-07-03",
    "price" : 139.00,
    "dma50" : 109.33,
    "dma100" : 99.16,
    "dma200" : 109.68,
    "volume" : 4890841.00
  }, {
    "date" : "2025-07-04",
    "price" : 139.48,
    "dma50" : 110.51,
    "dma100" : 99.58,
    "dma200" : 109.97,
    "volume" : 3157660.00
  }, {
    "date" : "2025-07-07",
    "price" : 145.25,
    "dma50" : 111.87,
    "dma100" : 100.01,
    "dma200" : 110.32,
    "volume" : 9939310.00
  }, {
    "date" : "2025-07-08",
    "price" : 147.46,
    "dma50" : 113.27,
    "dma100" : 100.42,
    "dma200" : 110.69,
    "volume" : 9105705.00
  }, {
    "date" : "2025-07-09",
    "price" : 154.77,
    "dma50" : 114.89,
    "dma100" : 100.95,
    "dma200" : 111.13,
    "volume" : 8278394.00
  }, {
    "date" : "2025-07-10",
    "price" : 161.98,
    "dma50" : 116.74,
    "dma100" : 101.60,
    "dma200" : 111.64,
    "volume" : 7007017.00
  }, {
    "date" : "2025-07-11",
    "price" : 164.89,
    "dma50" : 118.63,
    "dma100" : 102.34,
    "dma200" : 112.17,
    "volume" : 8264462.00
  }, {
    "date" : "2025-07-14",
    "price" : 164.74,
    "dma50" : 120.44,
    "dma100" : 103.03,
    "dma200" : 112.69,
    "volume" : 3060252.00
  }, {
    "date" : "2025-07-15",
    "price" : 172.92,
    "dma50" : 122.50,
    "dma100" : 103.86,
    "dma200" : 113.29,
    "volume" : 6618748.00
  }, {
    "date" : "2025-07-16",
    "price" : 178.09,
    "dma50" : 124.68,
    "dma100" : 104.79,
    "dma200" : 113.93,
    "volume" : 4090919.00
  }, {
    "date" : "2025-07-17",
    "price" : 175.63,
    "dma50" : 126.67,
    "dma100" : 105.67,
    "dma200" : 114.55,
    "volume" : 4389091.00
  }, {
    "date" : "2025-07-18",
    "price" : 168.86,
    "dma50" : 128.33,
    "dma100" : 106.45,
    "dma200" : 115.09,
    "volume" : 3883754.00
  }, {
    "date" : "2025-07-21",
    "price" : 168.83,
    "dma50" : 129.92,
    "dma100" : 107.17,
    "dma200" : 115.62,
    "volume" : 2400592.00
  }, {
    "date" : "2025-07-22",
    "price" : 167.61,
    "dma50" : 131.39,
    "dma100" : 107.84,
    "dma200" : 116.14,
    "volume" : 2174622.00
  }, {
    "date" : "2025-07-23",
    "price" : 167.94,
    "dma50" : 132.83,
    "dma100" : 108.56,
    "dma200" : 116.66,
    "volume" : 2661603.00
  }, {
    "date" : "2025-07-24",
    "price" : 165.07,
    "dma50" : 134.09,
    "dma100" : 109.26,
    "dma200" : 117.14,
    "volume" : 1219085.00
  }, {
    "date" : "2025-07-25",
    "price" : 162.87,
    "dma50" : 135.22,
    "dma100" : 109.98,
    "dma200" : 117.59,
    "volume" : 1727265.00
  }, {
    "date" : "2025-07-28",
    "price" : 168.46,
    "dma50" : 136.52,
    "dma100" : 110.81,
    "dma200" : 118.10,
    "volume" : 3860511.00
  }, {
    "date" : "2025-07-29",
    "price" : 165.13,
    "dma50" : 137.65,
    "dma100" : 111.63,
    "dma200" : 118.57,
    "volume" : 1817666.00
  }, {
    "date" : "2025-07-30",
    "price" : 163.88,
    "dma50" : 138.67,
    "dma100" : 112.39,
    "dma200" : 119.02,
    "volume" : 836446.00
  }, {
    "date" : "2025-07-31",
    "price" : 169.28,
    "dma50" : 139.87,
    "dma100" : 113.16,
    "dma200" : 119.52,
    "volume" : 3017734.00
  }, {
    "date" : "2025-08-01",
    "price" : 170.27,
    "dma50" : 141.07,
    "dma100" : 113.93,
    "dma200" : 120.02,
    "volume" : 1939395.00
  }, {
    "date" : "2025-08-04",
    "price" : 165.34,
    "dma50" : 142.02,
    "dma100" : 114.65,
    "dma200" : 120.47,
    "volume" : 1566834.00
  }, {
    "date" : "2025-08-05",
    "price" : 166.80,
    "dma50" : 142.99,
    "dma100" : 115.40,
    "dma200" : 120.93,
    "volume" : 830569.00
  }, {
    "date" : "2025-08-06",
    "price" : 159.09,
    "dma50" : 143.62,
    "dma100" : 116.07,
    "dma200" : 121.31,
    "volume" : 2044979.00
  }, {
    "date" : "2025-08-07",
    "price" : 155.94,
    "dma50" : 144.10,
    "dma100" : 116.74,
    "dma200" : 121.66,
    "volume" : 2839590.00
  }, {
    "date" : "2025-08-08",
    "price" : 154.28,
    "dma50" : 144.50,
    "dma100" : 117.39,
    "dma200" : 121.98,
    "volume" : 2733753.00
  }, {
    "date" : "2025-08-11",
    "price" : 157.94,
    "dma50" : 145.03,
    "dma100" : 118.08,
    "dma200" : 122.34,
    "volume" : 2736853.00
  }, {
    "date" : "2025-08-12",
    "price" : 149.83,
    "dma50" : 145.22,
    "dma100" : 118.67,
    "dma200" : 122.61,
    "volume" : 2284827.00
  }, {
    "date" : "2025-08-13",
    "price" : 148.80,
    "dma50" : 145.36,
    "dma100" : 119.24,
    "dma200" : 122.88,
    "volume" : 892107.00
  }, {
    "date" : "2025-08-14",
    "price" : 147.09,
    "dma50" : 145.43,
    "dma100" : 119.76,
    "dma200" : 123.12,
    "volume" : 885863.00
  }, {
    "date" : "2025-08-18",
    "price" : 147.08,
    "dma50" : 145.49,
    "dma100" : 120.29,
    "dma200" : 123.35,
    "volume" : 932631.00
  }, {
    "date" : "2025-08-19",
    "price" : 151.90,
    "dma50" : 145.74,
    "dma100" : 120.82,
    "dma200" : 123.64,
    "volume" : 2734574.00
  }, {
    "date" : "2025-08-20",
    "price" : 151.63,
    "dma50" : 145.97,
    "dma100" : 121.35,
    "dma200" : 123.92,
    "volume" : 2772790.00
  }, {
    "date" : "2025-08-21",
    "price" : 147.05,
    "dma50" : 146.02,
    "dma100" : 121.89,
    "dma200" : 124.15,
    "volume" : 1390185.00
  }, {
    "date" : "2025-08-22",
    "price" : 146.49,
    "dma50" : 146.04,
    "dma100" : 122.46,
    "dma200" : 124.37,
    "volume" : 1166079.00
  }, {
    "date" : "2025-08-25",
    "price" : 146.41,
    "dma50" : 146.05,
    "dma100" : 123.02,
    "dma200" : 124.59,
    "volume" : 1280492.00
  }, {
    "date" : "2025-08-26",
    "price" : 144.45,
    "dma50" : 145.99,
    "dma100" : 123.56,
    "dma200" : 124.79,
    "volume" : 756474.00
  }, {
    "date" : "2025-08-28",
    "price" : 139.51,
    "dma50" : 145.73,
    "dma100" : 124.01,
    "dma200" : 124.93,
    "volume" : 1311207.00
  }, {
    "date" : "2025-08-29",
    "price" : 137.84,
    "dma50" : 145.42,
    "dma100" : 124.41,
    "dma200" : 125.06,
    "volume" : 1103081.00
  }, {
    "date" : "2025-09-01",
    "price" : 140.53,
    "dma50" : 145.23,
    "dma100" : 124.89,
    "dma200" : 125.22,
    "volume" : 1050313.00
  }, {
    "date" : "2025-09-02",
    "price" : 143.69,
    "dma50" : 145.17,
    "dma100" : 125.44,
    "dma200" : 125.40,
    "volume" : 2424364.00
  }, {
    "date" : "2025-09-03",
    "price" : 144.84,
    "dma50" : 145.16,
    "dma100" : 125.97,
    "dma200" : 125.59,
    "volume" : 2101839.00
  }, {
    "date" : "2025-09-04",
    "price" : 140.76,
    "dma50" : 144.99,
    "dma100" : 126.49,
    "dma200" : 125.74,
    "volume" : 965176.00
  }, {
    "date" : "2025-09-05",
    "price" : 144.21,
    "dma50" : 144.96,
    "dma100" : 127.03,
    "dma200" : 125.93,
    "volume" : 1762773.00
  }, {
    "date" : "2025-09-08",
    "price" : 142.31,
    "dma50" : 144.85,
    "dma100" : 127.50,
    "dma200" : 126.09,
    "volume" : 2584020.00
  }, {
    "date" : "2025-09-09",
    "price" : 147.08,
    "dma50" : 144.94,
    "dma100" : 128.01,
    "dma200" : 126.30,
    "volume" : 3260838.00
  }, {
    "date" : "2025-09-10",
    "price" : 147.84,
    "dma50" : 145.05,
    "dma100" : 128.53,
    "dma200" : 126.51,
    "volume" : 9324145.00
  }, {
    "date" : "2025-09-11",
    "price" : 147.43,
    "dma50" : 145.15,
    "dma100" : 129.01,
    "dma200" : 126.72,
    "volume" : 15476844.00
  }, {
    "date" : "2025-09-12",
    "price" : 150.47,
    "dma50" : 145.35,
    "dma100" : 129.44,
    "dma200" : 126.96,
    "volume" : 8102532.00
  }, {
    "date" : "2025-09-15",
    "price" : 158.33,
    "dma50" : 145.86,
    "dma100" : 129.98,
    "dma200" : 127.27,
    "volume" : 10509655.00
  }, {
    "date" : "2025-09-16",
    "price" : 156.88,
    "dma50" : 146.30,
    "dma100" : 130.56,
    "dma200" : 127.56,
    "volume" : 3803390.00
  }, {
    "date" : "2025-09-17",
    "price" : 153.18,
    "dma50" : 146.57,
    "dma100" : 131.12,
    "dma200" : 127.82,
    "volume" : 2419072.00
  }, {
    "date" : "2025-09-18",
    "price" : 151.45,
    "dma50" : 146.76,
    "dma100" : 131.68,
    "dma200" : 128.05,
    "volume" : 2146802.00
  }, {
    "date" : "2025-09-19",
    "price" : 161.97,
    "dma50" : 147.35,
    "dma100" : 132.33,
    "dma200" : 128.39,
    "volume" : 7854854.00
  }, {
    "date" : "2025-09-22",
    "price" : 161.70,
    "dma50" : 147.92,
    "dma100" : 133.00,
    "dma200" : 128.72,
    "volume" : 3562851.00
  }, {
    "date" : "2025-09-23",
    "price" : 162.51,
    "dma50" : 148.49,
    "dma100" : 133.69,
    "dma200" : 129.06,
    "volume" : 3589116.00
  }, {
    "date" : "2025-09-24",
    "price" : 160.55,
    "dma50" : 148.96,
    "dma100" : 134.40,
    "dma200" : 129.37,
    "volume" : 1428498.00
  }, {
    "date" : "2025-09-25",
    "price" : 155.27,
    "dma50" : 149.21,
    "dma100" : 135.03,
    "dma200" : 129.63,
    "volume" : 1883283.00
  }, {
    "date" : "2025-09-26",
    "price" : 150.80,
    "dma50" : 149.27,
    "dma100" : 135.63,
    "dma200" : 129.84,
    "volume" : 2217256.00
  }, {
    "date" : "2025-09-29",
    "price" : 153.15,
    "dma50" : 149.42,
    "dma100" : 136.25,
    "dma200" : 130.07,
    "volume" : 2368118.00
  }, {
    "date" : "2025-09-30",
    "price" : 149.31,
    "dma50" : 149.42,
    "dma100" : 136.86,
    "dma200" : 130.26,
    "volume" : 1545365.00
  }, {
    "date" : "2025-10-01",
    "price" : 150.66,
    "dma50" : 149.47,
    "dma100" : 137.41,
    "dma200" : 130.47,
    "volume" : 1470308.00
  }, {
    "date" : "2025-10-03",
    "price" : 151.89,
    "dma50" : 149.56,
    "dma100" : 137.99,
    "dma200" : 130.68,
    "volume" : 1348144.00
  }, {
    "date" : "2025-10-06",
    "price" : 148.12,
    "dma50" : 149.51,
    "dma100" : 138.52,
    "dma200" : 130.85,
    "volume" : 1521071.00
  }, {
    "date" : "2025-10-07",
    "price" : 143.44,
    "dma50" : 149.27,
    "dma100" : 139.02,
    "dma200" : 130.98,
    "volume" : 1505349.00
  }, {
    "date" : "2025-10-08",
    "price" : 143.12,
    "dma50" : 149.03,
    "dma100" : 139.50,
    "dma200" : 131.10,
    "volume" : 816482.00
  }, {
    "date" : "2025-10-09",
    "price" : 142.21,
    "dma50" : 148.76,
    "dma100" : 139.97,
    "dma200" : 131.21,
    "volume" : 1231253.00
  }, {
    "date" : "2025-10-10",
    "price" : 141.90,
    "dma50" : 148.49,
    "dma100" : 140.44,
    "dma200" : 131.32,
    "volume" : 1103039.00
  }, {
    "date" : "2025-10-13",
    "price" : 140.26,
    "dma50" : 148.17,
    "dma100" : 140.89,
    "dma200" : 131.41,
    "volume" : 814044.00
  }, {
    "date" : "2025-10-14",
    "price" : 140.82,
    "dma50" : 147.88,
    "dma100" : 141.35,
    "dma200" : 131.50,
    "volume" : 2178412.00
  }, {
    "date" : "2025-10-15",
    "price" : 143.70,
    "dma50" : 147.72,
    "dma100" : 141.84,
    "dma200" : 131.62,
    "volume" : 3088185.00
  }, {
    "date" : "2025-10-16",
    "price" : 143.30,
    "dma50" : 147.54,
    "dma100" : 142.27,
    "dma200" : 131.74,
    "volume" : 1229152.00
  }, {
    "date" : "2025-10-17",
    "price" : 141.61,
    "dma50" : 147.31,
    "dma100" : 142.58,
    "dma200" : 131.84,
    "volume" : 837243.00
  }, {
    "date" : "2025-10-20",
    "price" : 143.50,
    "dma50" : 147.16,
    "dma100" : 142.88,
    "dma200" : 131.95,
    "volume" : 1128678.00
  }, {
    "date" : "2025-10-21",
    "price" : 144.55,
    "dma50" : 147.06,
    "dma100" : 143.20,
    "dma200" : 132.08,
    "volume" : 452715.00
  }, {
    "date" : "2025-10-23",
    "price" : 144.59,
    "dma50" : 146.96,
    "dma100" : 143.52,
    "dma200" : 132.20,
    "volume" : 829657.00
  }, {
    "date" : "2025-10-24",
    "price" : 142.46,
    "dma50" : 146.78,
    "dma100" : 143.84,
    "dma200" : 132.30,
    "volume" : 856889.00
  }, {
    "date" : "2025-10-27",
    "price" : 153.59,
    "dma50" : 147.05,
    "dma100" : 144.31,
    "dma200" : 132.52,
    "volume" : 3679649.00
  }, {
    "date" : "2025-10-28",
    "price" : 150.57,
    "dma50" : 147.19,
    "dma100" : 144.74,
    "dma200" : 132.70,
    "volume" : 1614487.00
  }, {
    "date" : "2025-10-29",
    "price" : 154.03,
    "dma50" : 147.46,
    "dma100" : 145.20,
    "dma200" : 132.91,
    "volume" : 1382777.00
  }, {
    "date" : "2025-10-30",
    "price" : 152.91,
    "dma50" : 147.67,
    "dma100" : 145.72,
    "dma200" : 133.11,
    "volume" : 1293142.00
  }, {
    "date" : "2025-10-31",
    "price" : 152.57,
    "dma50" : 147.86,
    "dma100" : 146.21,
    "dma200" : 133.30,
    "volume" : 1479554.00
  }, {
    "date" : "2025-11-03",
    "price" : 153.93,
    "dma50" : 148.10,
    "dma100" : 146.71,
    "dma200" : 133.51,
    "volume" : 1036645.00
  }, {
    "date" : "2025-11-04",
    "price" : 155.70,
    "dma50" : 148.40,
    "dma100" : 147.25,
    "dma200" : 133.73,
    "volume" : 3011603.00
  }, {
    "date" : "2025-11-06",
    "price" : 149.11,
    "dma50" : 148.43,
    "dma100" : 147.74,
    "dma200" : 133.88,
    "volume" : 3136084.00
  }, {
    "date" : "2025-11-07",
    "price" : 152.04,
    "dma50" : 148.57,
    "dma100" : 148.25,
    "dma200" : 134.06,
    "volume" : 1002052.00
  }, {
    "date" : "2025-11-10",
    "price" : 147.39,
    "dma50" : 148.52,
    "dma100" : 148.71,
    "dma200" : 134.19,
    "volume" : 1229163.00
  }, {
    "date" : "2025-11-11",
    "price" : 146.65,
    "dma50" : 148.45,
    "dma100" : 149.14,
    "dma200" : 134.32,
    "volume" : 1975043.00
  }, {
    "date" : "2025-11-12",
    "price" : 147.31,
    "dma50" : 148.40,
    "dma100" : 149.58,
    "dma200" : 134.45,
    "volume" : 748698.00
  }, {
    "date" : "2025-11-13",
    "price" : 150.70,
    "dma50" : 148.49,
    "dma100" : 150.07,
    "dma200" : 134.61,
    "volume" : 1759868.00
  }, {
    "date" : "2025-11-14",
    "price" : 150.71,
    "dma50" : 148.58,
    "dma100" : 150.54,
    "dma200" : 134.77,
    "volume" : 670016.00
  }, {
    "date" : "2025-11-17",
    "price" : 151.02,
    "dma50" : 148.68,
    "dma100" : 150.98,
    "dma200" : 134.93,
    "volume" : 821747.00
  }, {
    "date" : "2025-11-18",
    "price" : 147.94,
    "dma50" : 148.65,
    "dma100" : 151.36,
    "dma200" : 135.06,
    "volume" : 922046.00
  }, {
    "date" : "2025-11-19",
    "price" : 152.46,
    "dma50" : 148.80,
    "dma100" : 151.72,
    "dma200" : 135.23,
    "volume" : 1408363.00
  }, {
    "date" : "2025-11-20",
    "price" : 148.37,
    "dma50" : 148.78,
    "dma100" : 151.92,
    "dma200" : 135.36,
    "volume" : 830210.00
  }, {
    "date" : "2025-11-21",
    "price" : 144.86,
    "dma50" : 148.63,
    "dma100" : 152.08,
    "dma200" : 135.46,
    "volume" : 1148259.00
  }, {
    "date" : "2025-11-24",
    "price" : 140.75,
    "dma50" : 148.32,
    "dma100" : 152.10,
    "dma200" : 135.51,
    "volume" : 1388594.00
  }, {
    "date" : "2025-11-25",
    "price" : 140.11,
    "dma50" : 148.00,
    "dma100" : 152.12,
    "dma200" : 135.56,
    "volume" : 2402125.00
  }, {
    "date" : "2025-11-26",
    "price" : 141.67,
    "dma50" : 147.75,
    "dma100" : 152.15,
    "dma200" : 135.62,
    "volume" : 1177644.00
  }, {
    "date" : "2025-11-27",
    "price" : 142.18,
    "dma50" : 147.53,
    "dma100" : 152.18,
    "dma200" : 135.68,
    "volume" : 1394868.00
  }, {
    "date" : "2025-11-28",
    "price" : 150.12,
    "dma50" : 147.63,
    "dma100" : 152.28,
    "dma200" : 135.83,
    "volume" : 4046595.00
  }, {
    "date" : "2025-12-01",
    "price" : 149.16,
    "dma50" : 147.69,
    "dma100" : 152.32,
    "dma200" : 135.96,
    "volume" : 1240490.00
  }, {
    "date" : "2025-12-02",
    "price" : 146.65,
    "dma50" : 147.65,
    "dma100" : 152.32,
    "dma200" : 136.06,
    "volume" : 691468.00
  }, {
    "date" : "2025-12-03",
    "price" : 144.20,
    "dma50" : 147.52,
    "dma100" : 152.21,
    "dma200" : 136.15,
    "volume" : 703965.00
  }, {
    "date" : "2025-12-04",
    "price" : 143.21,
    "dma50" : 147.35,
    "dma100" : 152.02,
    "dma200" : 136.22,
    "volume" : 651163.00
  }, {
    "date" : "2025-12-05",
    "price" : 144.32,
    "dma50" : 147.23,
    "dma100" : 151.82,
    "dma200" : 136.30,
    "volume" : 3128773.00
  }, {
    "date" : "2025-12-08",
    "price" : 141.97,
    "dma50" : 147.02,
    "dma100" : 151.59,
    "dma200" : 136.35,
    "volume" : 1777729.00
  }, {
    "date" : "2025-12-09",
    "price" : 141.73,
    "dma50" : 146.81,
    "dma100" : 151.28,
    "dma200" : 136.41,
    "volume" : 1955722.00
  }, {
    "date" : "2025-12-10",
    "price" : 138.85,
    "dma50" : 146.50,
    "dma100" : 150.88,
    "dma200" : 136.43,
    "volume" : 968467.00
  }, {
    "date" : "2025-12-11",
    "price" : 139.27,
    "dma50" : 146.22,
    "dma100" : 150.52,
    "dma200" : 136.46,
    "volume" : 1031893.00
  }, {
    "date" : "2025-12-12",
    "price" : 140.68,
    "dma50" : 146.00,
    "dma100" : 150.24,
    "dma200" : 136.50,
    "volume" : 691095.00
  }, {
    "date" : "2025-12-15",
    "price" : 141.88,
    "dma50" : 145.84,
    "dma100" : 149.97,
    "dma200" : 136.55,
    "volume" : 1234499.00
  }, {
    "date" : "2025-12-16",
    "price" : 139.87,
    "dma50" : 145.61,
    "dma100" : 149.69,
    "dma200" : 136.59,
    "volume" : 552659.00
  }, {
    "date" : "2025-12-17",
    "price" : 140.18,
    "dma50" : 145.39,
    "dma100" : 149.41,
    "dma200" : 136.62,
    "volume" : 833840.00
  }, {
    "date" : "2025-12-18",
    "price" : 140.59,
    "dma50" : 145.20,
    "dma100" : 149.17,
    "dma200" : 136.66,
    "volume" : 975000.00
  }, {
    "date" : "2025-12-19",
    "price" : 140.77,
    "dma50" : 145.03,
    "dma100" : 148.95,
    "dma200" : 136.70,
    "volume" : 1278464.00
  }, {
    "date" : "2025-12-22",
    "price" : 143.58,
    "dma50" : 144.97,
    "dma100" : 148.70,
    "dma200" : 136.77,
    "volume" : 1281852.00
  }, {
    "date" : "2025-12-23",
    "price" : 142.46,
    "dma50" : 144.87,
    "dma100" : 148.47,
    "dma200" : 136.83,
    "volume" : 1316844.00
  }, {
    "date" : "2025-12-24",
    "price" : 141.10,
    "dma50" : 144.73,
    "dma100" : 148.25,
    "dma200" : 136.87,
    "volume" : 600750.00
  }, {
    "date" : "2025-12-26",
    "price" : 139.93,
    "dma50" : 144.54,
    "dma100" : 147.95,
    "dma200" : 136.90,
    "volume" : 777783.00
  }, {
    "date" : "2025-12-29",
    "price" : 138.26,
    "dma50" : 144.29,
    "dma100" : 147.63,
    "dma200" : 136.92,
    "volume" : 1233215.00
  }, {
    "date" : "2025-12-30",
    "price" : 138.21,
    "dma50" : 144.05,
    "dma100" : 147.36,
    "dma200" : 136.93,
    "volume" : 827526.00
  }, {
    "date" : "2025-12-31",
    "price" : 138.05,
    "dma50" : 143.82,
    "dma100" : 147.07,
    "dma200" : 136.94,
    "volume" : 975188.00
  }, {
    "date" : "2026-01-01",
    "price" : 137.91,
    "dma50" : 143.59,
    "dma100" : 146.86,
    "dma200" : 136.95,
    "volume" : 828672.00
  }, {
    "date" : "2026-01-02",
    "price" : 137.01,
    "dma50" : 143.33,
    "dma100" : 146.67,
    "dma200" : 136.95,
    "volume" : 1133500.00
  }, {
    "date" : "2026-01-05",
    "price" : 143.13,
    "dma50" : 143.32,
    "dma100" : 146.56,
    "dma200" : 137.01,
    "volume" : 2588511.00
  }, {
    "date" : "2026-01-06",
    "price" : 142.44,
    "dma50" : 143.29,
    "dma100" : 146.41,
    "dma200" : 137.07,
    "volume" : 1127168.00
  }, {
    "date" : "2026-01-07",
    "price" : 144.26,
    "dma50" : 143.32,
    "dma100" : 146.35,
    "dma200" : 137.14,
    "volume" : 1984420.00
  }, {
    "date" : "2026-01-08",
    "price" : 139.22,
    "dma50" : 143.16,
    "dma100" : 146.25,
    "dma200" : 137.16,
    "volume" : 1259584.00
  }, {
    "date" : "2026-01-09",
    "price" : 134.86,
    "dma50" : 142.84,
    "dma100" : 146.13,
    "dma200" : 137.13,
    "volume" : 1721530.00
  }, {
    "date" : "2026-01-12",
    "price" : 135.09,
    "dma50" : 142.53,
    "dma100" : 146.01,
    "dma200" : 137.11,
    "volume" : 1560589.00
  }, {
    "date" : "2026-01-13",
    "price" : 131.54,
    "dma50" : 142.10,
    "dma100" : 145.81,
    "dma200" : 137.06,
    "volume" : 1626558.00
  }, {
    "date" : "2026-01-14",
    "price" : 130.20,
    "dma50" : 141.64,
    "dma100" : 145.59,
    "dma200" : 136.99,
    "volume" : 1269535.00
  }, {
    "date" : "2026-01-16",
    "price" : 130.44,
    "dma50" : 141.20,
    "dma100" : 145.43,
    "dma200" : 136.93,
    "volume" : 816349.00
  }, {
    "date" : "2026-01-19",
    "price" : 132.48,
    "dma50" : 140.86,
    "dma100" : 145.29,
    "dma200" : 136.88,
    "volume" : 2833682.00
  }, {
    "date" : "2026-01-20",
    "price" : 127.05,
    "dma50" : 140.31,
    "dma100" : 145.09,
    "dma200" : 136.78,
    "volume" : 2360247.00
  }, {
    "date" : "2026-01-21",
    "price" : 127.95,
    "dma50" : 139.83,
    "dma100" : 144.93,
    "dma200" : 136.70,
    "volume" : 1677760.00
  }, {
    "date" : "2026-01-22",
    "price" : 129.14,
    "dma50" : 139.41,
    "dma100" : 144.83,
    "dma200" : 136.62,
    "volume" : 840871.00
  }, {
    "date" : "2026-01-23",
    "price" : 123.40,
    "dma50" : 138.78,
    "dma100" : 144.68,
    "dma200" : 136.49,
    "volume" : 1245862.00
  }, {
    "date" : "2026-01-27",
    "price" : 123.15,
    "dma50" : 138.17,
    "dma100" : 144.51,
    "dma200" : 136.36,
    "volume" : 1042979.00
  }, {
    "date" : "2026-01-28",
    "price" : 126.39,
    "dma50" : 137.71,
    "dma100" : 144.33,
    "dma200" : 136.26,
    "volume" : 539566.00
  }, {
    "date" : "2026-01-29",
    "price" : 123.75,
    "dma50" : 137.16,
    "dma100" : 144.12,
    "dma200" : 136.13,
    "volume" : 690492.00
  }, {
    "date" : "2026-01-30",
    "price" : 122.54,
    "dma50" : 136.59,
    "dma100" : 143.94,
    "dma200" : 136.00,
    "volume" : 603025.00
  } ],
  "latestTechnicalAttributes" : {
    "date" : "2026-01-30",
    "price" : 122.54,
    "dma50" : 136.59,
    "dma100" : 143.94,
    "dma200" : 136.00,
    "volume" : 603025.00
  },
  "quarterlyResults" : [ {
    "date" : "2005-03-31",
    "sales" : 15.06,
    "salesGrowthYoY" : null,
    "grossProfitMargin" : 33.67,
    "grossProfit" : 5.07,
    "operatingProfitMargin" : 19.39,
    "operatingProfit" : 2.92,
    "netProfitMargin" : 1.86,
    "netProfit" : 0.28
  }, {
    "date" : "2005-06-30",
    "sales" : 20.42,
    "salesGrowthYoY" : null,
    "grossProfitMargin" : 30.17,
    "grossProfit" : 6.16,
    "operatingProfitMargin" : 14.69,
    "operatingProfit" : 3.00,
    "netProfitMargin" : 3.38,
    "netProfit" : 0.69
  }, {
    "date" : "2005-09-30",
    "sales" : 29.70,
    "salesGrowthYoY" : null,
    "grossProfitMargin" : 34.14,
    "grossProfit" : 10.14,
    "operatingProfitMargin" : 15.59,
    "operatingProfit" : 4.63,
    "netProfitMargin" : 8.05,
    "netProfit" : 2.39
  }, {
    "date" : "2005-12-31",
    "sales" : 40.61,
    "salesGrowthYoY" : null,
    "grossProfitMargin" : 27.14,
    "grossProfit" : 11.02,
    "operatingProfitMargin" : 19.90,
    "operatingProfit" : 8.08,
    "netProfitMargin" : 12.76,
    "netProfit" : 5.18
  }, {
    "date" : "2006-03-31",
    "sales" : 49.41,
    "salesGrowthYoY" : 228.09,
    "grossProfitMargin" : 24.00,
    "grossProfit" : 11.86,
    "operatingProfitMargin" : 17.14,
    "operatingProfit" : 8.47,
    "netProfitMargin" : 4.27,
    "netProfit" : 2.11
  }, {
    "date" : "2006-06-30",
    "sales" : 48.12,
    "salesGrowthYoY" : 135.65,
    "grossProfitMargin" : 21.20,
    "grossProfit" : 10.20,
    "operatingProfitMargin" : 14.46,
    "operatingProfit" : 6.96,
    "netProfitMargin" : 9.87,
    "netProfit" : 4.75
  }, {
    "date" : "2006-09-30",
    "sales" : 51.50,
    "salesGrowthYoY" : 73.40,
    "grossProfitMargin" : 38.06,
    "grossProfit" : 19.60,
    "operatingProfitMargin" : 28.33,
    "operatingProfit" : 14.59,
    "netProfitMargin" : 27.05,
    "netProfit" : 13.93
  }, {
    "date" : "2006-12-31",
    "sales" : 64.84,
    "salesGrowthYoY" : 59.67,
    "grossProfitMargin" : 23.44,
    "grossProfit" : 15.20,
    "operatingProfitMargin" : 15.52,
    "operatingProfit" : 10.06,
    "netProfitMargin" : 11.74,
    "netProfit" : 7.61
  }, {
    "date" : "2007-03-31",
    "sales" : 72.87,
    "salesGrowthYoY" : 47.48,
    "grossProfitMargin" : 20.19,
    "grossProfit" : 14.71,
    "operatingProfitMargin" : 15.38,
    "operatingProfit" : 11.21,
    "netProfitMargin" : 12.16,
    "netProfit" : 8.86
  }, {
    "date" : "2007-06-30",
    "sales" : 83.17,
    "salesGrowthYoY" : 72.84,
    "grossProfitMargin" : 20.69,
    "grossProfit" : 17.21,
    "operatingProfitMargin" : 13.80,
    "operatingProfit" : 11.48,
    "netProfitMargin" : 11.22,
    "netProfit" : 9.33
  }, {
    "date" : "2007-09-30",
    "sales" : 90.91,
    "salesGrowthYoY" : 76.52,
    "grossProfitMargin" : 21.17,
    "grossProfit" : 19.25,
    "operatingProfitMargin" : 15.82,
    "operatingProfit" : 14.38,
    "netProfitMargin" : 11.45,
    "netProfit" : 10.41
  }, {
    "date" : "2007-12-31",
    "sales" : 126.96,
    "salesGrowthYoY" : 95.81,
    "grossProfitMargin" : 18.94,
    "grossProfit" : 24.05,
    "operatingProfitMargin" : 14.56,
    "operatingProfit" : 18.49,
    "netProfitMargin" : 10.49,
    "netProfit" : 13.32
  }, {
    "date" : "2008-03-31",
    "sales" : 184.72,
    "salesGrowthYoY" : 153.49,
    "grossProfitMargin" : 19.41,
    "grossProfit" : 35.85,
    "operatingProfitMargin" : 14.23,
    "operatingProfit" : 26.29,
    "netProfitMargin" : 10.17,
    "netProfit" : 18.79
  }, {
    "date" : "2008-06-30",
    "sales" : 177.51,
    "salesGrowthYoY" : 113.43,
    "grossProfitMargin" : 16.92,
    "grossProfit" : 30.03,
    "operatingProfitMargin" : 13.79,
    "operatingProfit" : 24.48,
    "netProfitMargin" : 10.90,
    "netProfit" : 19.35
  }, {
    "date" : "2008-09-30",
    "sales" : 175.43,
    "salesGrowthYoY" : 92.97,
    "grossProfitMargin" : 17.32,
    "grossProfit" : 30.38,
    "operatingProfitMargin" : 14.30,
    "operatingProfit" : 25.09,
    "netProfitMargin" : 11.87,
    "netProfit" : 20.82
  }, {
    "date" : "2008-12-31",
    "sales" : 140.38,
    "salesGrowthYoY" : 10.57,
    "grossProfitMargin" : 19.80,
    "grossProfit" : 27.80,
    "operatingProfitMargin" : 16.63,
    "operatingProfit" : 23.35,
    "netProfitMargin" : 11.31,
    "netProfit" : 15.88
  }, {
    "date" : "2009-03-31",
    "sales" : 208.09,
    "salesGrowthYoY" : 12.65,
    "grossProfitMargin" : 18.14,
    "grossProfit" : 37.75,
    "operatingProfitMargin" : 12.45,
    "operatingProfit" : 25.91,
    "netProfitMargin" : 5.70,
    "netProfit" : 11.86
  }, {
    "date" : "2009-06-30",
    "sales" : 169.87,
    "salesGrowthYoY" : -4.30,
    "grossProfitMargin" : 18.82,
    "grossProfit" : 31.97,
    "operatingProfitMargin" : 14.89,
    "operatingProfit" : 25.29,
    "netProfitMargin" : 8.21,
    "netProfit" : 13.95
  }, {
    "date" : "2009-09-30",
    "sales" : 172.64,
    "salesGrowthYoY" : -1.59,
    "grossProfitMargin" : 20.13,
    "grossProfit" : 34.75,
    "operatingProfitMargin" : 16.26,
    "operatingProfit" : 28.07,
    "netProfitMargin" : 9.68,
    "netProfit" : 16.71
  }, {
    "date" : "2009-12-31",
    "sales" : 209.88,
    "salesGrowthYoY" : 49.51,
    "grossProfitMargin" : 16.68,
    "grossProfit" : 35.01,
    "operatingProfitMargin" : 13.58,
    "operatingProfit" : 28.50,
    "netProfitMargin" : 6.62,
    "netProfit" : 13.89
  }, {
    "date" : "2010-03-31",
    "sales" : 295.27,
    "salesGrowthYoY" : 41.90,
    "grossProfitMargin" : 17.33,
    "grossProfit" : 51.17,
    "operatingProfitMargin" : 13.12,
    "operatingProfit" : 38.74,
    "netProfitMargin" : 7.57,
    "netProfit" : 22.35
  }, {
    "date" : "2010-06-30",
    "sales" : 381.61,
    "salesGrowthYoY" : 124.65,
    "grossProfitMargin" : 16.97,
    "grossProfit" : 64.76,
    "operatingProfitMargin" : 14.31,
    "operatingProfit" : 54.61,
    "netProfitMargin" : 8.18,
    "netProfit" : 31.22
  }, {
    "date" : "2010-09-30",
    "sales" : 350.07,
    "salesGrowthYoY" : 102.77,
    "grossProfitMargin" : 17.26,
    "grossProfit" : 60.42,
    "operatingProfitMargin" : 14.17,
    "operatingProfit" : 49.60,
    "netProfitMargin" : 7.93,
    "netProfit" : 27.76
  }, {
    "date" : "2010-12-31",
    "sales" : 378.48,
    "salesGrowthYoY" : 80.33,
    "grossProfitMargin" : 16.67,
    "grossProfit" : 63.09,
    "operatingProfitMargin" : 13.17,
    "operatingProfit" : 49.85,
    "netProfitMargin" : 7.72,
    "netProfit" : 29.22
  }, {
    "date" : "2011-03-31",
    "sales" : 342.37,
    "salesGrowthYoY" : 15.95,
    "grossProfitMargin" : 17.42,
    "grossProfit" : 59.64,
    "operatingProfitMargin" : 13.65,
    "operatingProfit" : 46.73,
    "netProfitMargin" : 3.62,
    "netProfit" : 12.39
  }, {
    "date" : "2011-06-30",
    "sales" : 369.84,
    "salesGrowthYoY" : -3.08,
    "grossProfitMargin" : 16.72,
    "grossProfit" : 61.84,
    "operatingProfitMargin" : 13.59,
    "operatingProfit" : 50.26,
    "netProfitMargin" : 8.01,
    "netProfit" : 29.62
  }, {
    "date" : "2011-09-30",
    "sales" : 456.12,
    "salesGrowthYoY" : 30.29,
    "grossProfitMargin" : 16.86,
    "grossProfit" : 76.90,
    "operatingProfitMargin" : 13.65,
    "operatingProfit" : 62.26,
    "netProfitMargin" : 7.33,
    "netProfit" : 33.43
  }, {
    "date" : "2011-12-31",
    "sales" : 539.07,
    "salesGrowthYoY" : 42.43,
    "grossProfitMargin" : 14.45,
    "grossProfit" : 77.90,
    "operatingProfitMargin" : 11.27,
    "operatingProfit" : 60.75,
    "netProfitMargin" : 5.71,
    "netProfit" : 30.78
  }, {
    "date" : "2012-03-31",
    "sales" : 530.10,
    "salesGrowthYoY" : 54.83,
    "grossProfitMargin" : 13.72,
    "grossProfit" : 72.73,
    "operatingProfitMargin" : 10.36,
    "operatingProfit" : 54.92,
    "netProfitMargin" : 5.72,
    "netProfit" : 30.32
  }, {
    "date" : "2012-06-30",
    "sales" : 415.40,
    "salesGrowthYoY" : 12.32,
    "grossProfitMargin" : 16.77,
    "grossProfit" : 69.66,
    "operatingProfitMargin" : 11.98,
    "operatingProfit" : 49.76,
    "netProfitMargin" : 5.29,
    "netProfit" : 21.97
  }, {
    "date" : "2012-09-30",
    "sales" : 651.59,
    "salesGrowthYoY" : 42.85,
    "grossProfitMargin" : 14.20,
    "grossProfit" : 92.53,
    "operatingProfitMargin" : 11.38,
    "operatingProfit" : 74.15,
    "netProfitMargin" : 5.85,
    "netProfit" : 38.12
  }, {
    "date" : "2012-12-31",
    "sales" : 766.27,
    "salesGrowthYoY" : 42.15,
    "grossProfitMargin" : 12.45,
    "grossProfit" : 95.40,
    "operatingProfitMargin" : 9.76,
    "operatingProfit" : 74.79,
    "netProfitMargin" : 4.55,
    "netProfit" : 34.87
  }, {
    "date" : "2013-03-31",
    "sales" : 736.47,
    "salesGrowthYoY" : 38.93,
    "grossProfitMargin" : 10.76,
    "grossProfit" : 79.24,
    "operatingProfitMargin" : 8.35,
    "operatingProfit" : 61.50,
    "netProfitMargin" : 4.42,
    "netProfit" : 32.55
  }, {
    "date" : "2013-06-30",
    "sales" : 576.52,
    "salesGrowthYoY" : 38.79,
    "grossProfitMargin" : 15.42,
    "grossProfit" : 88.90,
    "operatingProfitMargin" : 11.77,
    "operatingProfit" : 67.86,
    "netProfitMargin" : 5.90,
    "netProfit" : 34.01
  }, {
    "date" : "2013-09-30",
    "sales" : 460.76,
    "salesGrowthYoY" : -29.29,
    "grossProfitMargin" : 14.13,
    "grossProfit" : 65.11,
    "operatingProfitMargin" : 15.08,
    "operatingProfit" : 69.48,
    "netProfitMargin" : 7.12,
    "netProfit" : 32.81
  }, {
    "date" : "2013-12-31",
    "sales" : 634.12,
    "salesGrowthYoY" : -17.25,
    "grossProfitMargin" : 12.60,
    "grossProfit" : 79.90,
    "operatingProfitMargin" : 9.18,
    "operatingProfit" : 58.21,
    "netProfitMargin" : 2.72,
    "netProfit" : 17.25
  }, {
    "date" : "2014-03-31",
    "sales" : 1002.89,
    "salesGrowthYoY" : 36.18,
    "grossProfitMargin" : 9.11,
    "grossProfit" : 91.36,
    "operatingProfitMargin" : 6.65,
    "operatingProfit" : 66.69,
    "netProfitMargin" : 1.98,
    "netProfit" : 19.86
  }, {
    "date" : "2014-06-30",
    "sales" : 685.92,
    "salesGrowthYoY" : 18.98,
    "grossProfitMargin" : 15.05,
    "grossProfit" : 103.23,
    "operatingProfitMargin" : 11.85,
    "operatingProfit" : 81.28,
    "netProfitMargin" : 5.27,
    "netProfit" : 36.15
  }, {
    "date" : "2014-09-30",
    "sales" : 759.24,
    "salesGrowthYoY" : 64.78,
    "grossProfitMargin" : 14.77,
    "grossProfit" : 112.14,
    "operatingProfitMargin" : 11.47,
    "operatingProfit" : 87.08,
    "netProfitMargin" : 4.88,
    "netProfit" : 37.05
  }, {
    "date" : "2014-12-31",
    "sales" : 539.01,
    "salesGrowthYoY" : -15.00,
    "grossProfitMargin" : 9.91,
    "grossProfit" : 53.42,
    "operatingProfitMargin" : 6.14,
    "operatingProfit" : 33.10,
    "netProfitMargin" : -0.20,
    "netProfit" : -1.08
  }, {
    "date" : "2015-03-31",
    "sales" : 422.53,
    "salesGrowthYoY" : -57.87,
    "grossProfitMargin" : -19.00,
    "grossProfit" : -80.28,
    "operatingProfitMargin" : -23.94,
    "operatingProfit" : -101.15,
    "netProfitMargin" : -36.41,
    "netProfit" : -153.84
  }, {
    "date" : "2015-06-30",
    "sales" : 398.32,
    "salesGrowthYoY" : -41.93,
    "grossProfitMargin" : 13.65,
    "grossProfit" : 54.37,
    "operatingProfitMargin" : 9.42,
    "operatingProfit" : 37.52,
    "netProfitMargin" : 0.14,
    "netProfit" : 0.56
  }, {
    "date" : "2015-09-30",
    "sales" : 474.11,
    "salesGrowthYoY" : -37.55,
    "grossProfitMargin" : 17.63,
    "grossProfit" : 83.59,
    "operatingProfitMargin" : 8.88,
    "operatingProfit" : 42.10,
    "netProfitMargin" : -2.60,
    "netProfit" : -12.33
  }, {
    "date" : "2015-12-31",
    "sales" : 462.78,
    "salesGrowthYoY" : -14.14,
    "grossProfitMargin" : 14.26,
    "grossProfit" : 65.99,
    "operatingProfitMargin" : -1.33,
    "operatingProfit" : -6.15,
    "netProfitMargin" : -11.04,
    "netProfit" : -51.09
  }, {
    "date" : "2016-03-31",
    "sales" : 709.62,
    "salesGrowthYoY" : 67.95,
    "grossProfitMargin" : -10.15,
    "grossProfit" : -72.03,
    "operatingProfitMargin" : -17.39,
    "operatingProfit" : -123.40,
    "netProfitMargin" : -28.76,
    "netProfit" : -204.09
  }, {
    "date" : "2016-06-30",
    "sales" : 346.58,
    "salesGrowthYoY" : -12.99,
    "grossProfitMargin" : 13.32,
    "grossProfit" : 46.16,
    "operatingProfitMargin" : 1.13,
    "operatingProfit" : 3.92,
    "netProfitMargin" : -24.34,
    "netProfit" : -84.36
  }, {
    "date" : "2016-09-30",
    "sales" : 342.86,
    "salesGrowthYoY" : -27.68,
    "grossProfitMargin" : -12.53,
    "grossProfit" : -42.96,
    "operatingProfitMargin" : -37.01,
    "operatingProfit" : -126.89,
    "netProfitMargin" : -59.38,
    "netProfit" : -203.59
  }, {
    "date" : "2016-12-31",
    "sales" : 250.02,
    "salesGrowthYoY" : -45.97,
    "grossProfitMargin" : -40.97,
    "grossProfit" : -102.43,
    "operatingProfitMargin" : -90.90,
    "operatingProfit" : -227.27,
    "netProfitMargin" : -113.33,
    "netProfit" : -283.35
  }, {
    "date" : "2017-03-31",
    "sales" : 192.28,
    "salesGrowthYoY" : -72.90,
    "grossProfitMargin" : -79.18,
    "grossProfit" : -152.25,
    "operatingProfitMargin" : -158.14,
    "operatingProfit" : -304.07,
    "netProfitMargin" : -175.47,
    "netProfit" : -337.39
  }, {
    "date" : "2017-06-30",
    "sales" : 200.78,
    "salesGrowthYoY" : -42.07,
    "grossProfitMargin" : 0.58,
    "grossProfit" : 1.16,
    "operatingProfitMargin" : -10.18,
    "operatingProfit" : -20.44,
    "netProfitMargin" : -22.26,
    "netProfit" : -44.69
  }, {
    "date" : "2017-09-30",
    "sales" : 198.22,
    "salesGrowthYoY" : -42.19,
    "grossProfitMargin" : 1.94,
    "grossProfit" : 3.85,
    "operatingProfitMargin" : -3.84,
    "operatingProfit" : -7.61,
    "netProfitMargin" : -15.59,
    "netProfit" : -30.90
  }, {
    "date" : "2017-12-31",
    "sales" : 105.03,
    "salesGrowthYoY" : -57.99,
    "grossProfitMargin" : 1.85,
    "grossProfit" : 1.94,
    "operatingProfitMargin" : -11.69,
    "operatingProfit" : -12.28,
    "netProfitMargin" : -28.28,
    "netProfit" : -29.70
  }, {
    "date" : "2021-06-30",
    "sales" : 0.05,
    "salesGrowthYoY" : -99.97,
    "grossProfitMargin" : 100.00,
    "grossProfit" : 0.05,
    "operatingProfitMargin" : -1840.00,
    "operatingProfit" : -0.92,
    "netProfitMargin" : -1840.00,
    "netProfit" : -0.92
  }, {
    "date" : "2021-12-31",
    "sales" : 0.00,
    "salesGrowthYoY" : -100.00,
    "grossProfitMargin" : 0.00,
    "grossProfit" : 0.00,
    "operatingProfitMargin" : 0.00,
    "operatingProfit" : 0.00,
    "netProfitMargin" : 0.00,
    "netProfit" : 0.00
  }, {
    "date" : "2022-03-31",
    "sales" : 0.00,
    "salesGrowthYoY" : -100.00,
    "grossProfitMargin" : 0.00,
    "grossProfit" : 0.00,
    "operatingProfitMargin" : 0.00,
    "operatingProfit" : 0.00,
    "netProfitMargin" : 0.00,
    "netProfit" : 0.00
  }, {
    "date" : "2022-06-30",
    "sales" : 0.00,
    "salesGrowthYoY" : -100.00,
    "grossProfitMargin" : 0.00,
    "grossProfit" : 0.00,
    "operatingProfitMargin" : 0.00,
    "operatingProfit" : 0.00,
    "netProfitMargin" : 0.00,
    "netProfit" : 0.00
  }, {
    "date" : "2022-09-30",
    "sales" : 0.00,
    "salesGrowthYoY" : -100.00,
    "grossProfitMargin" : 0.00,
    "grossProfit" : 0.00,
    "operatingProfitMargin" : 0.00,
    "operatingProfit" : 0.00,
    "netProfitMargin" : 0.00,
    "netProfit" : 0.00
  }, {
    "date" : "2022-12-31",
    "sales" : 1.35,
    "salesGrowthYoY" : 100.00,
    "grossProfitMargin" : -281.48,
    "grossProfit" : -3.80,
    "operatingProfitMargin" : -842.22,
    "operatingProfit" : -11.37,
    "netProfitMargin" : -1144.44,
    "netProfit" : -15.45
  }, {
    "date" : "2023-03-31",
    "sales" : 14.11,
    "salesGrowthYoY" : 100.00,
    "grossProfitMargin" : 6.59,
    "grossProfit" : 0.93,
    "operatingProfitMargin" : -44.79,
    "operatingProfit" : -6.32,
    "netProfitMargin" : -96.53,
    "netProfit" : -13.62
  }, {
    "date" : "2023-06-30",
    "sales" : 74.45,
    "salesGrowthYoY" : 100.00,
    "grossProfitMargin" : 29.34,
    "grossProfit" : 21.84,
    "operatingProfitMargin" : 15.31,
    "operatingProfit" : 11.40,
    "netProfitMargin" : 7.41,
    "netProfit" : 5.52
  }, {
    "date" : "2023-09-30",
    "sales" : 74.55,
    "salesGrowthYoY" : 100.00,
    "grossProfitMargin" : 31.70,
    "grossProfit" : 23.63,
    "operatingProfitMargin" : 13.87,
    "operatingProfit" : 10.34,
    "netProfitMargin" : 4.67,
    "netProfit" : 3.48
  }, {
    "date" : "2023-12-31",
    "sales" : 59.96,
    "salesGrowthYoY" : 4341.48,
    "grossProfitMargin" : 25.95,
    "grossProfit" : 15.56,
    "operatingProfitMargin" : 5.02,
    "operatingProfit" : 3.01,
    "netProfitMargin" : -6.32,
    "netProfit" : -3.79
  }, {
    "date" : "2024-03-31",
    "sales" : 134.41,
    "salesGrowthYoY" : 852.59,
    "grossProfitMargin" : 23.79,
    "grossProfit" : 31.98,
    "operatingProfitMargin" : 13.37,
    "operatingProfit" : 17.97,
    "netProfitMargin" : 9.02,
    "netProfit" : 12.12
  }, {
    "date" : "2024-06-30",
    "sales" : 223.86,
    "salesGrowthYoY" : 200.69,
    "grossProfitMargin" : 20.00,
    "grossProfit" : 44.77,
    "operatingProfitMargin" : 10.78,
    "operatingProfit" : 24.13,
    "netProfitMargin" : 7.44,
    "netProfit" : 16.66
  }, {
    "date" : "2024-09-30",
    "sales" : 250.30,
    "salesGrowthYoY" : 235.75,
    "grossProfitMargin" : 15.62,
    "grossProfit" : 39.10,
    "operatingProfitMargin" : 5.21,
    "operatingProfit" : 13.04,
    "netProfitMargin" : 1.60,
    "netProfit" : 4.00
  }, {
    "date" : "2024-12-31",
    "sales" : 307.42,
    "salesGrowthYoY" : 412.71,
    "grossProfitMargin" : 14.34,
    "grossProfit" : 44.08,
    "operatingProfitMargin" : 5.21,
    "operatingProfit" : 16.02,
    "netProfitMargin" : 2.09,
    "netProfit" : 6.43
  }, {
    "date" : "2025-03-31",
    "sales" : 333.81,
    "salesGrowthYoY" : 148.35,
    "grossProfitMargin" : 14.23,
    "grossProfit" : 47.50,
    "operatingProfitMargin" : 4.13,
    "operatingProfit" : 13.79,
    "netProfitMargin" : 2.32,
    "netProfit" : 7.74
  }, {
    "date" : "2025-06-30",
    "sales" : 303.59,
    "salesGrowthYoY" : 35.62,
    "grossProfitMargin" : 18.35,
    "grossProfit" : 55.71,
    "operatingProfitMargin" : 9.70,
    "operatingProfit" : 29.45,
    "netProfitMargin" : 6.31,
    "netProfit" : 19.16
  }, {
    "date" : "2025-09-30",
    "sales" : 445.31,
    "salesGrowthYoY" : 77.91,
    "grossProfitMargin" : 16.38,
    "grossProfit" : 72.94,
    "operatingProfitMargin" : 9.21,
    "operatingProfit" : 41.01,
    "netProfitMargin" : 5.66,
    "netProfit" : 25.20
  } ],
  "latestQuarterlyResult" : {
    "date" : "2025-09-30",
    "sales" : 445.31,
    "salesGrowthYoY" : 77.91,
    "grossProfitMargin" : 16.38,
    "grossProfit" : 72.94,
    "operatingProfitMargin" : 9.21,
    "operatingProfit" : 41.01,
    "netProfitMargin" : 5.66,
    "netProfit" : 25.20
  },
  "companyScore" : {
    "priceHigherThanDma50" : 0.00,
    "priceHigherThanDma100" : 0.00,
    "priceHigherThanDma200" : 0.00,
    "dma50HigherThanDma100" : 0.00,
    "dma50HigherThanDma200" : 5.00,
    "dma100HigherThanDma200" : 5.00,
    "pricePercentageAboveDma50" : 5.51,
    "pricePercentageAboveDma100" : 5.74,
    "pricePercentageAboveDma200" : 5.49,
    "weeklyVolumeHigherThanYearlyVolume" : 0.00,
    "salesGrowthPercentile" : 14.15,
    "operatingProfitMarginPercentile" : 19.80,
    "netProfitMarginPercentile" : 9.89,
    "totalTechnicalScore" : 26.75,
    "totalFundamentalScore" : 43.83,
    "totalScore" : 70.59
  }
}