{
  "metadata" : {
    "screenerCompanyId" : "1274061",
    "companyCode" : "DOLLAR",
    "companyName" : "Dollar Industrie",
    "screenerCompanyLink" : "https://www.screener.in/company/DOLLAR/",
    "screenerTechnicalHistoryLink" : "https://www.screener.in/api/company/1274061/chart/?q=Price-DMA50-DMA200-Volume&days=365",
    "screenerQuarterlyResultsLink" : "https://www.screener.in/api/company/1274061/chart/?q=GPM-OPM-NPM-Quarter+Sales&days=10000",
    "attributes" : {
      "companyCode" : "DOLLAR",
      "companyName" : "Dollar Industrie",
      "marketCap" : 2033.00,
      "peRatio" : 19.70,
      "description" : "Dollar Industries Limited is engaged in manufacture and sale of hosiery products in knitted inner wears, casual wears and thermal wears. [1]"
    },
    "companyScore" : {
      "priceHigherThanDma50" : 5.00,
      "priceHigherThanDma100" : 0.00,
      "priceHigherThanDma200" : 0.00,
      "dma50HigherThanDma100" : 0.00,
      "dma50HigherThanDma200" : 0.00,
      "dma100HigherThanDma200" : 0.00,
      "pricePercentageAboveDma50" : 4.97,
      "pricePercentageAboveDma100" : 5.02,
      "pricePercentageAboveDma200" : 5.30,
      "weeklyVolumeHigherThanYearlyVolume" : 0.00,
      "salesGrowthPercentile" : 7.33,
      "operatingProfitMarginPercentile" : 15.94,
      "netProfitMarginPercentile" : 7.81,
      "totalTechnicalScore" : 20.29,
      "totalFundamentalScore" : 31.08,
      "totalScore" : 51.37
    }
  },
  "attributes" : {
    "companyCode" : "DOLLAR",
    "companyName" : "Dollar Industrie",
    "marketCap" : 2033.00,
    "peRatio" : 19.70,
    "description" : "Dollar Industries Limited is engaged in manufacture and sale of hosiery products in knitted inner wears, casual wears and thermal wears. [1]"
  },
  "technicalHistory" : [ {
    "date" : "2024-12-30",
    "price" : 471.45,
    "dma50" : 513.52,
    "dma100" : null,
    "dma200" : 511.35,
    "volume" : 40821.00
  }, {
    "date" : "2024-12-31",
    "price" : 490.15,
    "dma50" : 512.60,
    "dma100" : null,
    "dma200" : 511.14,
    "volume" : 180959.00
  }, {
    "date" : "2025-01-01",
    "price" : 485.50,
    "dma50" : 511.54,
    "dma100" : null,
    "dma200" : 510.89,
    "volume" : 100853.00
  }, {
    "date" : "2025-01-02",
    "price" : 474.15,
    "dma50" : 510.08,
    "dma100" : null,
    "dma200" : 510.52,
    "volume" : 185995.00
  }, {
    "date" : "2025-01-03",
    "price" : 474.15,
    "dma50" : 508.67,
    "dma100" : null,
    "dma200" : 510.16,
    "volume" : 124140.00
  }, {
    "date" : "2025-01-06",
    "price" : 452.90,
    "dma50" : 506.48,
    "dma100" : null,
    "dma200" : 509.59,
    "volume" : 82534.00
  }, {
    "date" : "2025-01-07",
    "price" : 469.00,
    "dma50" : 505.01,
    "dma100" : null,
    "dma200" : 509.19,
    "volume" : 49654.00
  }, {
    "date" : "2025-01-08",
    "price" : 464.55,
    "dma50" : 503.42,
    "dma100" : null,
    "dma200" : 508.74,
    "volume" : 54205.00
  }, {
    "date" : "2025-01-09",
    "price" : 456.85,
    "dma50" : 501.60,
    "dma100" : null,
    "dma200" : 508.23,
    "volume" : 29408.00
  }, {
    "date" : "2025-01-10",
    "price" : 450.30,
    "dma50" : 499.59,
    "dma100" : null,
    "dma200" : 507.65,
    "volume" : 87007.00
  }, {
    "date" : "2025-01-13",
    "price" : 420.95,
    "dma50" : 496.50,
    "dma100" : null,
    "dma200" : 506.79,
    "volume" : 68327.00
  }, {
    "date" : "2025-01-14",
    "price" : 429.70,
    "dma50" : 493.88,
    "dma100" : null,
    "dma200" : 506.02,
    "volume" : 56843.00
  }, {
    "date" : "2025-01-15",
    "price" : 432.40,
    "dma50" : 491.47,
    "dma100" : null,
    "dma200" : 505.29,
    "volume" : 36592.00
  }, {
    "date" : "2025-01-16",
    "price" : 439.00,
    "dma50" : 489.41,
    "dma100" : null,
    "dma200" : 504.63,
    "volume" : 23652.00
  }, {
    "date" : "2025-01-17",
    "price" : 433.90,
    "dma50" : 487.24,
    "dma100" : null,
    "dma200" : 503.92,
    "volume" : 31727.00
  }, {
    "date" : "2025-01-20",
    "price" : 446.50,
    "dma50" : 485.64,
    "dma100" : null,
    "dma200" : 503.35,
    "volume" : 52079.00
  }, {
    "date" : "2025-01-21",
    "price" : 434.60,
    "dma50" : 483.64,
    "dma100" : null,
    "dma200" : 502.67,
    "volume" : 28549.00
  }, {
    "date" : "2025-01-22",
    "price" : 427.60,
    "dma50" : 481.44,
    "dma100" : null,
    "dma200" : 501.92,
    "volume" : 78905.00
  }, {
    "date" : "2025-01-23",
    "price" : 426.60,
    "dma50" : 479.29,
    "dma100" : null,
    "dma200" : 501.17,
    "volume" : 23451.00
  }, {
    "date" : "2025-01-24",
    "price" : 417.60,
    "dma50" : 476.87,
    "dma100" : null,
    "dma200" : 500.34,
    "volume" : 31118.00
  }, {
    "date" : "2025-01-27",
    "price" : 403.00,
    "dma50" : 473.97,
    "dma100" : null,
    "dma200" : 499.37,
    "volume" : 50068.00
  }, {
    "date" : "2025-01-28",
    "price" : 393.95,
    "dma50" : 470.83,
    "dma100" : null,
    "dma200" : 498.32,
    "volume" : 76160.00
  }, {
    "date" : "2025-01-29",
    "price" : 407.80,
    "dma50" : 468.36,
    "dma100" : null,
    "dma200" : 497.42,
    "volume" : 28532.00
  }, {
    "date" : "2025-01-30",
    "price" : 424.65,
    "dma50" : 466.65,
    "dma100" : null,
    "dma200" : 496.70,
    "volume" : 51349.00
  }, {
    "date" : "2025-01-31",
    "price" : 421.90,
    "dma50" : 464.89,
    "dma100" : null,
    "dma200" : 495.95,
    "volume" : 35962.00
  }, {
    "date" : "2025-02-01",
    "price" : 421.65,
    "dma50" : 463.20,
    "dma100" : null,
    "dma200" : 495.22,
    "volume" : 49293.00
  }, {
    "date" : "2025-02-03",
    "price" : 426.10,
    "dma50" : 461.74,
    "dma100" : null,
    "dma200" : 494.53,
    "volume" : 34189.00
  }, {
    "date" : "2025-02-04",
    "price" : 426.50,
    "dma50" : 460.36,
    "dma100" : null,
    "dma200" : 493.85,
    "volume" : 23566.00
  }, {
    "date" : "2025-02-05",
    "price" : 428.05,
    "dma50" : 459.09,
    "dma100" : null,
    "dma200" : 493.20,
    "volume" : 25666.00
  }, {
    "date" : "2025-02-06",
    "price" : 438.10,
    "dma50" : 458.27,
    "dma100" : null,
    "dma200" : 492.65,
    "volume" : 21632.00
  }, {
    "date" : "2025-02-07",
    "price" : 418.60,
    "dma50" : 456.71,
    "dma100" : null,
    "dma200" : 491.91,
    "volume" : 37595.00
  }, {
    "date" : "2025-02-10",
    "price" : 436.70,
    "dma50" : 455.93,
    "dma100" : null,
    "dma200" : 491.36,
    "volume" : 112232.00
  }, {
    "date" : "2025-02-11",
    "price" : 420.80,
    "dma50" : 454.55,
    "dma100" : null,
    "dma200" : 490.66,
    "volume" : 47336.00
  }, {
    "date" : "2025-02-12",
    "price" : 431.25,
    "dma50" : 453.64,
    "dma100" : null,
    "dma200" : 490.07,
    "volume" : 140945.00
  }, {
    "date" : "2025-02-13",
    "price" : 432.50,
    "dma50" : 452.81,
    "dma100" : null,
    "dma200" : 489.50,
    "volume" : 89052.00
  }, {
    "date" : "2025-02-14",
    "price" : 404.55,
    "dma50" : 450.92,
    "dma100" : null,
    "dma200" : 488.65,
    "volume" : 76083.00
  }, {
    "date" : "2025-02-17",
    "price" : 400.70,
    "dma50" : 448.95,
    "dma100" : null,
    "dma200" : 487.78,
    "volume" : 167146.00
  }, {
    "date" : "2025-02-18",
    "price" : 383.15,
    "dma50" : 446.37,
    "dma100" : null,
    "dma200" : 486.73,
    "volume" : 81329.00
  }, {
    "date" : "2025-02-19",
    "price" : 384.90,
    "dma50" : 443.96,
    "dma100" : null,
    "dma200" : 485.72,
    "volume" : 54436.00
  }, {
    "date" : "2025-02-20",
    "price" : 374.65,
    "dma50" : 441.24,
    "dma100" : null,
    "dma200" : 484.62,
    "volume" : 169405.00
  }, {
    "date" : "2025-02-21",
    "price" : 392.00,
    "dma50" : 439.31,
    "dma100" : null,
    "dma200" : 483.69,
    "volume" : 174059.00
  }, {
    "date" : "2025-02-24",
    "price" : 394.30,
    "dma50" : 437.54,
    "dma100" : null,
    "dma200" : 482.80,
    "volume" : 147457.00
  }, {
    "date" : "2025-02-25",
    "price" : 392.20,
    "dma50" : 435.76,
    "dma100" : null,
    "dma200" : 481.90,
    "volume" : 96012.00
  }, {
    "date" : "2025-02-27",
    "price" : 395.55,
    "dma50" : 434.19,
    "dma100" : null,
    "dma200" : 481.04,
    "volume" : 51736.00
  }, {
    "date" : "2025-02-28",
    "price" : 393.40,
    "dma50" : 432.59,
    "dma100" : null,
    "dma200" : 480.17,
    "volume" : 108773.00
  }, {
    "date" : "2025-03-03",
    "price" : 382.45,
    "dma50" : 430.62,
    "dma100" : null,
    "dma200" : 479.20,
    "volume" : 124486.00
  }, {
    "date" : "2025-03-04",
    "price" : 380.80,
    "dma50" : 428.67,
    "dma100" : null,
    "dma200" : 478.22,
    "volume" : 105398.00
  }, {
    "date" : "2025-03-05",
    "price" : 380.55,
    "dma50" : 426.78,
    "dma100" : null,
    "dma200" : 477.25,
    "volume" : 133257.00
  }, {
    "date" : "2025-03-06",
    "price" : 410.45,
    "dma50" : 426.14,
    "dma100" : null,
    "dma200" : 476.58,
    "volume" : 246816.00
  }, {
    "date" : "2025-03-07",
    "price" : 424.45,
    "dma50" : 426.07,
    "dma100" : null,
    "dma200" : 476.07,
    "volume" : 108492.00
  }, {
    "date" : "2025-03-10",
    "price" : 385.20,
    "dma50" : 424.47,
    "dma100" : null,
    "dma200" : 475.16,
    "volume" : 113743.00
  }, {
    "date" : "2025-03-11",
    "price" : 380.60,
    "dma50" : 422.75,
    "dma100" : null,
    "dma200" : 474.22,
    "volume" : 206351.00
  }, {
    "date" : "2025-03-12",
    "price" : 381.00,
    "dma50" : 421.11,
    "dma100" : null,
    "dma200" : 473.29,
    "volume" : 104207.00
  }, {
    "date" : "2025-03-13",
    "price" : 373.60,
    "dma50" : 419.25,
    "dma100" : null,
    "dma200" : 472.30,
    "volume" : 87043.00
  }, {
    "date" : "2025-03-17",
    "price" : 359.55,
    "dma50" : 416.91,
    "dma100" : null,
    "dma200" : 471.18,
    "volume" : 198559.00
  }, {
    "date" : "2025-03-18",
    "price" : 375.30,
    "dma50" : 415.28,
    "dma100" : null,
    "dma200" : 470.22,
    "volume" : 139513.00
  }, {
    "date" : "2025-03-19",
    "price" : 391.55,
    "dma50" : 414.35,
    "dma100" : null,
    "dma200" : 469.44,
    "volume" : 181274.00
  }, {
    "date" : "2025-03-20",
    "price" : 400.65,
    "dma50" : 413.81,
    "dma100" : null,
    "dma200" : 468.76,
    "volume" : 109137.00
  }, {
    "date" : "2025-03-21",
    "price" : 404.20,
    "dma50" : 413.43,
    "dma100" : null,
    "dma200" : 468.11,
    "volume" : 135638.00
  }, {
    "date" : "2025-03-24",
    "price" : 401.05,
    "dma50" : 412.95,
    "dma100" : null,
    "dma200" : 467.45,
    "volume" : 105893.00
  }, {
    "date" : "2025-03-25",
    "price" : 392.15,
    "dma50" : 412.13,
    "dma100" : null,
    "dma200" : 466.70,
    "volume" : 123747.00
  }, {
    "date" : "2025-03-26",
    "price" : 383.80,
    "dma50" : 411.02,
    "dma100" : null,
    "dma200" : 465.87,
    "volume" : 98011.00
  }, {
    "date" : "2025-03-27",
    "price" : 383.70,
    "dma50" : 409.95,
    "dma100" : null,
    "dma200" : 465.06,
    "volume" : 260418.00
  }, {
    "date" : "2025-03-28",
    "price" : 391.10,
    "dma50" : 409.21,
    "dma100" : null,
    "dma200" : 464.32,
    "volume" : 108355.00
  }, {
    "date" : "2025-04-01",
    "price" : 394.00,
    "dma50" : 408.61,
    "dma100" : null,
    "dma200" : 463.62,
    "volume" : 42925.00
  }, {
    "date" : "2025-04-02",
    "price" : 393.35,
    "dma50" : 408.02,
    "dma100" : null,
    "dma200" : 462.92,
    "volume" : 32582.00
  }, {
    "date" : "2025-04-03",
    "price" : 396.85,
    "dma50" : 407.58,
    "dma100" : null,
    "dma200" : 462.26,
    "volume" : 51143.00
  }, {
    "date" : "2025-04-04",
    "price" : 376.30,
    "dma50" : 406.35,
    "dma100" : null,
    "dma200" : 461.41,
    "volume" : 67000.00
  }, {
    "date" : "2025-04-07",
    "price" : 370.20,
    "dma50" : 404.93,
    "dma100" : null,
    "dma200" : 460.50,
    "volume" : 42655.00
  }, {
    "date" : "2025-04-08",
    "price" : 372.10,
    "dma50" : 403.65,
    "dma100" : null,
    "dma200" : 459.62,
    "volume" : 39195.00
  }, {
    "date" : "2025-04-09",
    "price" : 373.75,
    "dma50" : 402.47,
    "dma100" : null,
    "dma200" : 458.77,
    "volume" : 21292.00
  }, {
    "date" : "2025-04-11",
    "price" : 381.30,
    "dma50" : 401.64,
    "dma100" : null,
    "dma200" : 458.00,
    "volume" : 20155.00
  }, {
    "date" : "2025-04-15",
    "price" : 390.25,
    "dma50" : 401.20,
    "dma100" : null,
    "dma200" : 457.32,
    "volume" : 46035.00
  }, {
    "date" : "2025-04-16",
    "price" : 390.70,
    "dma50" : 400.78,
    "dma100" : null,
    "dma200" : 456.66,
    "volume" : 27649.00
  }, {
    "date" : "2025-04-17",
    "price" : 382.50,
    "dma50" : 400.07,
    "dma100" : null,
    "dma200" : 455.92,
    "volume" : 93603.00
  }, {
    "date" : "2025-04-21",
    "price" : 390.45,
    "dma50" : 399.69,
    "dma100" : null,
    "dma200" : 455.27,
    "volume" : 52548.00
  }, {
    "date" : "2025-04-22",
    "price" : 393.95,
    "dma50" : 399.47,
    "dma100" : null,
    "dma200" : 454.66,
    "volume" : 120279.00
  }, {
    "date" : "2025-04-23",
    "price" : 389.65,
    "dma50" : 399.08,
    "dma100" : null,
    "dma200" : 454.01,
    "volume" : 37456.00
  }, {
    "date" : "2025-04-24",
    "price" : 387.70,
    "dma50" : 398.63,
    "dma100" : null,
    "dma200" : 453.35,
    "volume" : 74868.00
  }, {
    "date" : "2025-04-25",
    "price" : 380.95,
    "dma50" : 397.94,
    "dma100" : null,
    "dma200" : 452.63,
    "volume" : 84586.00
  }, {
    "date" : "2025-04-28",
    "price" : 378.35,
    "dma50" : 397.17,
    "dma100" : null,
    "dma200" : 451.89,
    "volume" : 52792.00
  }, {
    "date" : "2025-04-29",
    "price" : 391.70,
    "dma50" : 396.96,
    "dma100" : null,
    "dma200" : 451.29,
    "volume" : 87649.00
  }, {
    "date" : "2025-04-30",
    "price" : 383.30,
    "dma50" : 396.42,
    "dma100" : null,
    "dma200" : 450.62,
    "volume" : 28647.00
  }, {
    "date" : "2025-05-02",
    "price" : 383.55,
    "dma50" : 395.92,
    "dma100" : null,
    "dma200" : 449.95,
    "volume" : 26835.00
  }, {
    "date" : "2025-05-05",
    "price" : 385.40,
    "dma50" : 395.50,
    "dma100" : null,
    "dma200" : 449.31,
    "volume" : 18644.00
  }, {
    "date" : "2025-05-06",
    "price" : 381.10,
    "dma50" : 394.94,
    "dma100" : null,
    "dma200" : 448.63,
    "volume" : 12494.00
  }, {
    "date" : "2025-05-07",
    "price" : 386.30,
    "dma50" : 394.60,
    "dma100" : null,
    "dma200" : 448.01,
    "volume" : 22431.00
  }, {
    "date" : "2025-05-08",
    "price" : 379.75,
    "dma50" : 394.02,
    "dma100" : null,
    "dma200" : 447.33,
    "volume" : 28676.00
  }, {
    "date" : "2025-05-09",
    "price" : 376.55,
    "dma50" : 393.33,
    "dma100" : null,
    "dma200" : 446.63,
    "volume" : 10032.00
  }, {
    "date" : "2025-05-12",
    "price" : 391.40,
    "dma50" : 393.26,
    "dma100" : null,
    "dma200" : 446.08,
    "volume" : 38629.00
  }, {
    "date" : "2025-05-13",
    "price" : 395.70,
    "dma50" : 393.35,
    "dma100" : null,
    "dma200" : 445.57,
    "volume" : 48734.00
  }, {
    "date" : "2025-05-14",
    "price" : 407.05,
    "dma50" : 393.89,
    "dma100" : null,
    "dma200" : 445.19,
    "volume" : 73449.00
  }, {
    "date" : "2025-05-15",
    "price" : 394.30,
    "dma50" : 393.91,
    "dma100" : null,
    "dma200" : 444.69,
    "volume" : 188325.00
  }, {
    "date" : "2025-05-16",
    "price" : 401.90,
    "dma50" : 394.22,
    "dma100" : null,
    "dma200" : 444.26,
    "volume" : 64036.00
  }, {
    "date" : "2025-05-19",
    "price" : 406.30,
    "dma50" : 394.69,
    "dma100" : null,
    "dma200" : 443.88,
    "volume" : 90053.00
  }, {
    "date" : "2025-05-20",
    "price" : 399.10,
    "dma50" : 394.87,
    "dma100" : null,
    "dma200" : 443.44,
    "volume" : 34934.00
  }, {
    "date" : "2025-05-21",
    "price" : 389.20,
    "dma50" : 394.64,
    "dma100" : null,
    "dma200" : 442.90,
    "volume" : 98426.00
  }, {
    "date" : "2025-05-22",
    "price" : 397.90,
    "dma50" : 394.77,
    "dma100" : null,
    "dma200" : 442.45,
    "volume" : 47871.00
  }, {
    "date" : "2025-05-23",
    "price" : 398.70,
    "dma50" : 394.93,
    "dma100" : null,
    "dma200" : 442.01,
    "volume" : 69218.00
  }, {
    "date" : "2025-05-26",
    "price" : 397.75,
    "dma50" : 395.04,
    "dma100" : null,
    "dma200" : 441.57,
    "volume" : 65657.00
  }, {
    "date" : "2025-05-27",
    "price" : 400.80,
    "dma50" : 395.26,
    "dma100" : 405.46,
    "dma200" : 441.17,
    "volume" : 21670.00
  }, {
    "date" : "2025-05-28",
    "price" : 402.60,
    "dma50" : 395.55,
    "dma100" : 404.58,
    "dma200" : 440.78,
    "volume" : 93835.00
  }, {
    "date" : "2025-05-29",
    "price" : 398.40,
    "dma50" : 395.66,
    "dma100" : 403.71,
    "dma200" : 440.36,
    "volume" : 25629.00
  }, {
    "date" : "2025-05-30",
    "price" : 394.75,
    "dma50" : 395.63,
    "dma100" : 402.92,
    "dma200" : 439.91,
    "volume" : 29049.00
  }, {
    "date" : "2025-06-02",
    "price" : 409.10,
    "dma50" : 396.15,
    "dma100" : 402.27,
    "dma200" : 439.60,
    "volume" : 125260.00
  }, {
    "date" : "2025-06-03",
    "price" : 405.45,
    "dma50" : 396.52,
    "dma100" : 401.79,
    "dma200" : 439.26,
    "volume" : 115349.00
  }, {
    "date" : "2025-06-04",
    "price" : 404.50,
    "dma50" : 396.83,
    "dma100" : 401.15,
    "dma200" : 438.92,
    "volume" : 44880.00
  }, {
    "date" : "2025-06-05",
    "price" : 404.20,
    "dma50" : 397.12,
    "dma100" : 400.54,
    "dma200" : 438.57,
    "volume" : 32845.00
  }, {
    "date" : "2025-06-06",
    "price" : 401.25,
    "dma50" : 397.28,
    "dma100" : 399.99,
    "dma200" : 438.20,
    "volume" : 27557.00
  }, {
    "date" : "2025-06-09",
    "price" : 408.35,
    "dma50" : 397.72,
    "dma100" : 399.57,
    "dma200" : 437.90,
    "volume" : 60804.00
  }, {
    "date" : "2025-06-10",
    "price" : 408.30,
    "dma50" : 398.13,
    "dma100" : 399.44,
    "dma200" : 437.61,
    "volume" : 69396.00
  }, {
    "date" : "2025-06-11",
    "price" : 409.25,
    "dma50" : 398.57,
    "dma100" : 399.24,
    "dma200" : 437.33,
    "volume" : 52704.00
  }, {
    "date" : "2025-06-12",
    "price" : 404.55,
    "dma50" : 398.80,
    "dma100" : 398.96,
    "dma200" : 437.00,
    "volume" : 50606.00
  }, {
    "date" : "2025-06-13",
    "price" : 396.95,
    "dma50" : 398.73,
    "dma100" : 398.54,
    "dma200" : 436.60,
    "volume" : 40532.00
  }, {
    "date" : "2025-06-16",
    "price" : 393.35,
    "dma50" : 398.52,
    "dma100" : 398.13,
    "dma200" : 436.17,
    "volume" : 26666.00
  }, {
    "date" : "2025-06-17",
    "price" : 388.35,
    "dma50" : 398.12,
    "dma100" : 397.55,
    "dma200" : 435.69,
    "volume" : 78282.00
  }, {
    "date" : "2025-06-18",
    "price" : 386.65,
    "dma50" : 397.67,
    "dma100" : 397.07,
    "dma200" : 435.21,
    "volume" : 23982.00
  }, {
    "date" : "2025-06-19",
    "price" : 373.85,
    "dma50" : 396.74,
    "dma100" : 396.53,
    "dma200" : 434.60,
    "volume" : 89538.00
  }, {
    "date" : "2025-06-20",
    "price" : 367.20,
    "dma50" : 395.58,
    "dma100" : 395.94,
    "dma200" : 433.93,
    "volume" : 141627.00
  }, {
    "date" : "2025-06-23",
    "price" : 363.30,
    "dma50" : 394.31,
    "dma100" : 395.40,
    "dma200" : 433.22,
    "volume" : 57116.00
  }, {
    "date" : "2025-06-24",
    "price" : 367.70,
    "dma50" : 393.27,
    "dma100" : 395.04,
    "dma200" : 432.57,
    "volume" : 71042.00
  }, {
    "date" : "2025-06-25",
    "price" : 374.10,
    "dma50" : 392.52,
    "dma100" : 394.84,
    "dma200" : 431.99,
    "volume" : 60280.00
  }, {
    "date" : "2025-06-26",
    "price" : 383.35,
    "dma50" : 392.16,
    "dma100" : 394.60,
    "dma200" : 431.50,
    "volume" : 91049.00
  }, {
    "date" : "2025-06-27",
    "price" : 382.80,
    "dma50" : 391.79,
    "dma100" : 394.18,
    "dma200" : 431.02,
    "volume" : 66042.00
  }, {
    "date" : "2025-06-30",
    "price" : 375.45,
    "dma50" : 391.15,
    "dma100" : 393.72,
    "dma200" : 430.47,
    "volume" : 80199.00
  }, {
    "date" : "2025-07-01",
    "price" : 373.30,
    "dma50" : 390.45,
    "dma100" : 393.23,
    "dma200" : 429.90,
    "volume" : 98881.00
  }, {
    "date" : "2025-07-02",
    "price" : 374.60,
    "dma50" : 389.83,
    "dma100" : 392.72,
    "dma200" : 429.35,
    "volume" : 207598.00
  }, {
    "date" : "2025-07-03",
    "price" : 374.70,
    "dma50" : 389.23,
    "dma100" : 392.20,
    "dma200" : 428.80,
    "volume" : 78901.00
  }, {
    "date" : "2025-07-04",
    "price" : 379.00,
    "dma50" : 388.83,
    "dma100" : 391.71,
    "dma200" : 428.31,
    "volume" : 180077.00
  }, {
    "date" : "2025-07-07",
    "price" : 379.55,
    "dma50" : 388.47,
    "dma100" : 391.12,
    "dma200" : 427.82,
    "volume" : 61672.00
  }, {
    "date" : "2025-07-08",
    "price" : 385.10,
    "dma50" : 388.34,
    "dma100" : 390.79,
    "dma200" : 427.40,
    "volume" : 179448.00
  }, {
    "date" : "2025-07-09",
    "price" : 398.75,
    "dma50" : 388.75,
    "dma100" : 390.41,
    "dma200" : 427.11,
    "volume" : 180632.00
  }, {
    "date" : "2025-07-10",
    "price" : 394.70,
    "dma50" : 388.98,
    "dma100" : 390.15,
    "dma200" : 426.79,
    "volume" : 59815.00
  }, {
    "date" : "2025-07-11",
    "price" : 399.20,
    "dma50" : 389.38,
    "dma100" : 389.83,
    "dma200" : 426.52,
    "volume" : 35154.00
  }, {
    "date" : "2025-07-14",
    "price" : 399.30,
    "dma50" : 389.77,
    "dma100" : 389.50,
    "dma200" : 426.25,
    "volume" : 56634.00
  }, {
    "date" : "2025-07-15",
    "price" : 408.80,
    "dma50" : 390.52,
    "dma100" : 389.54,
    "dma200" : 426.07,
    "volume" : 411635.00
  }, {
    "date" : "2025-07-16",
    "price" : 403.40,
    "dma50" : 391.02,
    "dma100" : 389.57,
    "dma200" : 425.85,
    "volume" : 91261.00
  }, {
    "date" : "2025-07-17",
    "price" : 406.25,
    "dma50" : 391.62,
    "dma100" : 389.80,
    "dma200" : 425.65,
    "volume" : 66510.00
  }, {
    "date" : "2025-07-18",
    "price" : 398.85,
    "dma50" : 391.90,
    "dma100" : 389.94,
    "dma200" : 425.38,
    "volume" : 48053.00
  }, {
    "date" : "2025-07-21",
    "price" : 398.25,
    "dma50" : 392.15,
    "dma100" : 390.17,
    "dma200" : 425.11,
    "volume" : 99760.00
  }, {
    "date" : "2025-07-22",
    "price" : 394.65,
    "dma50" : 392.25,
    "dma100" : 390.20,
    "dma200" : 424.81,
    "volume" : 51727.00
  }, {
    "date" : "2025-07-23",
    "price" : 388.35,
    "dma50" : 392.10,
    "dma100" : 390.14,
    "dma200" : 424.45,
    "volume" : 129120.00
  }, {
    "date" : "2025-07-24",
    "price" : 386.30,
    "dma50" : 391.87,
    "dma100" : 390.08,
    "dma200" : 424.07,
    "volume" : 38564.00
  }, {
    "date" : "2025-07-25",
    "price" : 378.75,
    "dma50" : 391.35,
    "dma100" : 389.91,
    "dma200" : 423.62,
    "volume" : 33042.00
  }, {
    "date" : "2025-07-28",
    "price" : 373.70,
    "dma50" : 390.66,
    "dma100" : 389.71,
    "dma200" : 423.12,
    "volume" : 41397.00
  }, {
    "date" : "2025-07-29",
    "price" : 378.30,
    "dma50" : 390.18,
    "dma100" : 389.67,
    "dma200" : 422.68,
    "volume" : 40957.00
  }, {
    "date" : "2025-07-30",
    "price" : 375.80,
    "dma50" : 389.61,
    "dma100" : 389.62,
    "dma200" : 422.21,
    "volume" : 46662.00
  }, {
    "date" : "2025-07-31",
    "price" : 380.65,
    "dma50" : 389.26,
    "dma100" : 389.62,
    "dma200" : 421.80,
    "volume" : 50010.00
  }, {
    "date" : "2025-08-01",
    "price" : 379.40,
    "dma50" : 388.87,
    "dma100" : 389.31,
    "dma200" : 421.37,
    "volume" : 47021.00
  }, {
    "date" : "2025-08-04",
    "price" : 376.55,
    "dma50" : 388.39,
    "dma100" : 388.83,
    "dma200" : 420.93,
    "volume" : 123922.00
  }, {
    "date" : "2025-08-05",
    "price" : 375.50,
    "dma50" : 387.89,
    "dma100" : 388.74,
    "dma200" : 420.48,
    "volume" : 133894.00
  }, {
    "date" : "2025-08-06",
    "price" : 365.70,
    "dma50" : 387.02,
    "dma100" : 388.59,
    "dma200" : 419.93,
    "volume" : 274098.00
  }, {
    "date" : "2025-08-07",
    "price" : 363.75,
    "dma50" : 386.10,
    "dma100" : 388.42,
    "dma200" : 419.37,
    "volume" : 51446.00
  }, {
    "date" : "2025-08-08",
    "price" : 360.65,
    "dma50" : 385.11,
    "dma100" : 388.29,
    "dma200" : 418.79,
    "volume" : 134411.00
  }, {
    "date" : "2025-08-11",
    "price" : 353.65,
    "dma50" : 383.87,
    "dma100" : 388.23,
    "dma200" : 418.14,
    "volume" : 52509.00
  }, {
    "date" : "2025-08-12",
    "price" : 371.05,
    "dma50" : 383.37,
    "dma100" : 388.19,
    "dma200" : 417.67,
    "volume" : 218133.00
  }, {
    "date" : "2025-08-13",
    "price" : 367.10,
    "dma50" : 382.73,
    "dma100" : 387.94,
    "dma200" : 417.17,
    "volume" : 101150.00
  }, {
    "date" : "2025-08-14",
    "price" : 366.15,
    "dma50" : 382.08,
    "dma100" : 387.60,
    "dma200" : 416.66,
    "volume" : 50183.00
  }, {
    "date" : "2025-08-18",
    "price" : 364.25,
    "dma50" : 381.38,
    "dma100" : 387.20,
    "dma200" : 416.14,
    "volume" : 200154.00
  }, {
    "date" : "2025-08-19",
    "price" : 367.90,
    "dma50" : 380.85,
    "dma100" : 386.87,
    "dma200" : 415.66,
    "volume" : 56578.00
  }, {
    "date" : "2025-08-20",
    "price" : 368.75,
    "dma50" : 380.38,
    "dma100" : 386.63,
    "dma200" : 415.19,
    "volume" : 34310.00
  }, {
    "date" : "2025-08-21",
    "price" : 368.60,
    "dma50" : 379.92,
    "dma100" : 386.48,
    "dma200" : 414.73,
    "volume" : 67464.00
  }, {
    "date" : "2025-08-22",
    "price" : 368.40,
    "dma50" : 379.46,
    "dma100" : 386.33,
    "dma200" : 414.27,
    "volume" : 268595.00
  }, {
    "date" : "2025-08-25",
    "price" : 369.55,
    "dma50" : 379.08,
    "dma100" : 386.11,
    "dma200" : 413.82,
    "volume" : 281716.00
  }, {
    "date" : "2025-08-26",
    "price" : 356.40,
    "dma50" : 378.19,
    "dma100" : 385.73,
    "dma200" : 413.25,
    "volume" : 68002.00
  }, {
    "date" : "2025-08-28",
    "price" : 351.50,
    "dma50" : 377.14,
    "dma100" : 385.32,
    "dma200" : 412.64,
    "volume" : 60550.00
  }, {
    "date" : "2025-08-29",
    "price" : 352.70,
    "dma50" : 376.18,
    "dma100" : 384.87,
    "dma200" : 412.04,
    "volume" : 39952.00
  }, {
    "date" : "2025-09-01",
    "price" : 356.10,
    "dma50" : 375.39,
    "dma100" : 384.67,
    "dma200" : 411.48,
    "volume" : 43897.00
  }, {
    "date" : "2025-09-02",
    "price" : 359.25,
    "dma50" : 374.76,
    "dma100" : 384.56,
    "dma200" : 410.96,
    "volume" : 32190.00
  }, {
    "date" : "2025-09-03",
    "price" : 359.05,
    "dma50" : 374.14,
    "dma100" : 384.43,
    "dma200" : 410.45,
    "volume" : 37036.00
  }, {
    "date" : "2025-09-04",
    "price" : 356.70,
    "dma50" : 373.46,
    "dma100" : 384.26,
    "dma200" : 409.91,
    "volume" : 65113.00
  }, {
    "date" : "2025-09-05",
    "price" : 357.50,
    "dma50" : 372.83,
    "dma100" : 384.02,
    "dma200" : 409.39,
    "volume" : 287232.00
  }, {
    "date" : "2025-09-08",
    "price" : 359.30,
    "dma50" : 372.30,
    "dma100" : 383.71,
    "dma200" : 408.89,
    "volume" : 69565.00
  }, {
    "date" : "2025-09-09",
    "price" : 358.20,
    "dma50" : 371.75,
    "dma100" : 383.39,
    "dma200" : 408.39,
    "volume" : 76770.00
  }, {
    "date" : "2025-09-10",
    "price" : 361.65,
    "dma50" : 371.35,
    "dma100" : 383.18,
    "dma200" : 407.92,
    "volume" : 82649.00
  }, {
    "date" : "2025-09-11",
    "price" : 361.55,
    "dma50" : 370.97,
    "dma100" : 382.89,
    "dma200" : 407.46,
    "volume" : 141205.00
  }, {
    "date" : "2025-09-12",
    "price" : 364.40,
    "dma50" : 370.71,
    "dma100" : 382.60,
    "dma200" : 407.03,
    "volume" : 99454.00
  }, {
    "date" : "2025-09-15",
    "price" : 376.20,
    "dma50" : 370.93,
    "dma100" : 382.46,
    "dma200" : 406.73,
    "volume" : 175137.00
  }, {
    "date" : "2025-09-16",
    "price" : 387.50,
    "dma50" : 371.58,
    "dma100" : 382.46,
    "dma200" : 406.53,
    "volume" : 120974.00
  }, {
    "date" : "2025-09-17",
    "price" : 379.70,
    "dma50" : 371.90,
    "dma100" : 382.45,
    "dma200" : 406.27,
    "volume" : 56289.00
  }, {
    "date" : "2025-09-18",
    "price" : 377.80,
    "dma50" : 372.13,
    "dma100" : 382.44,
    "dma200" : 405.98,
    "volume" : 43319.00
  }, {
    "date" : "2025-09-19",
    "price" : 379.30,
    "dma50" : 372.41,
    "dma100" : 382.32,
    "dma200" : 405.72,
    "volume" : 44538.00
  }, {
    "date" : "2025-09-22",
    "price" : 373.55,
    "dma50" : 372.45,
    "dma100" : 382.22,
    "dma200" : 405.40,
    "volume" : 38347.00
  }, {
    "date" : "2025-09-23",
    "price" : 369.60,
    "dma50" : 372.34,
    "dma100" : 382.08,
    "dma200" : 405.04,
    "volume" : 80401.00
  }, {
    "date" : "2025-09-24",
    "price" : 369.50,
    "dma50" : 372.23,
    "dma100" : 381.92,
    "dma200" : 404.69,
    "volume" : 46840.00
  }, {
    "date" : "2025-09-25",
    "price" : 369.70,
    "dma50" : 372.13,
    "dma100" : 381.81,
    "dma200" : 404.34,
    "volume" : 76643.00
  }, {
    "date" : "2025-09-26",
    "price" : 366.65,
    "dma50" : 371.92,
    "dma100" : 381.61,
    "dma200" : 403.97,
    "volume" : 48813.00
  }, {
    "date" : "2025-09-29",
    "price" : 366.00,
    "dma50" : 371.68,
    "dma100" : 381.47,
    "dma200" : 403.59,
    "volume" : 796355.00
  }, {
    "date" : "2025-09-30",
    "price" : 367.25,
    "dma50" : 371.51,
    "dma100" : 381.38,
    "dma200" : 403.23,
    "volume" : 32654.00
  }, {
    "date" : "2025-10-01",
    "price" : 372.35,
    "dma50" : 371.54,
    "dma100" : 381.19,
    "dma200" : 402.92,
    "volume" : 80038.00
  }, {
    "date" : "2025-10-03",
    "price" : 372.75,
    "dma50" : 371.59,
    "dma100" : 380.96,
    "dma200" : 402.62,
    "volume" : 29922.00
  }, {
    "date" : "2025-10-06",
    "price" : 369.70,
    "dma50" : 371.52,
    "dma100" : 380.59,
    "dma200" : 402.29,
    "volume" : 40367.00
  }, {
    "date" : "2025-10-07",
    "price" : 366.75,
    "dma50" : 371.33,
    "dma100" : 380.31,
    "dma200" : 401.94,
    "volume" : 33556.00
  }, {
    "date" : "2025-10-08",
    "price" : 363.10,
    "dma50" : 371.01,
    "dma100" : 379.92,
    "dma200" : 401.55,
    "volume" : 34484.00
  }, {
    "date" : "2025-10-09",
    "price" : 362.60,
    "dma50" : 370.68,
    "dma100" : 379.49,
    "dma200" : 401.16,
    "volume" : 20115.00
  }, {
    "date" : "2025-10-10",
    "price" : 362.30,
    "dma50" : 370.35,
    "dma100" : 379.12,
    "dma200" : 400.78,
    "volume" : 30692.00
  }, {
    "date" : "2025-10-13",
    "price" : 358.35,
    "dma50" : 369.88,
    "dma100" : 378.81,
    "dma200" : 400.36,
    "volume" : 30487.00
  }, {
    "date" : "2025-10-14",
    "price" : 355.20,
    "dma50" : 369.30,
    "dma100" : 378.38,
    "dma200" : 399.91,
    "volume" : 31720.00
  }, {
    "date" : "2025-10-15",
    "price" : 356.20,
    "dma50" : 368.79,
    "dma100" : 377.96,
    "dma200" : 399.47,
    "volume" : 44710.00
  }, {
    "date" : "2025-10-16",
    "price" : 360.05,
    "dma50" : 368.45,
    "dma100" : 377.58,
    "dma200" : 399.08,
    "volume" : 110231.00
  }, {
    "date" : "2025-10-17",
    "price" : 358.00,
    "dma50" : 368.04,
    "dma100" : 377.15,
    "dma200" : 398.67,
    "volume" : 17789.00
  }, {
    "date" : "2025-10-20",
    "price" : 355.75,
    "dma50" : 367.55,
    "dma100" : 376.69,
    "dma200" : 398.24,
    "volume" : 69586.00
  }, {
    "date" : "2025-10-21",
    "price" : 355.50,
    "dma50" : 367.08,
    "dma100" : 376.26,
    "dma200" : 397.82,
    "volume" : 15538.00
  }, {
    "date" : "2025-10-23",
    "price" : 357.55,
    "dma50" : 366.71,
    "dma100" : 375.88,
    "dma200" : 397.42,
    "volume" : 39881.00
  }, {
    "date" : "2025-10-24",
    "price" : 358.65,
    "dma50" : 366.39,
    "dma100" : 375.38,
    "dma200" : 397.03,
    "volume" : 27343.00
  }, {
    "date" : "2025-10-27",
    "price" : 359.00,
    "dma50" : 366.10,
    "dma100" : 374.92,
    "dma200" : 396.65,
    "volume" : 55931.00
  }, {
    "date" : "2025-10-28",
    "price" : 357.25,
    "dma50" : 365.75,
    "dma100" : 374.44,
    "dma200" : 396.26,
    "volume" : 15903.00
  }, {
    "date" : "2025-10-29",
    "price" : 358.30,
    "dma50" : 365.46,
    "dma100" : 373.98,
    "dma200" : 395.88,
    "volume" : 17160.00
  }, {
    "date" : "2025-10-30",
    "price" : 358.55,
    "dma50" : 365.19,
    "dma100" : 373.56,
    "dma200" : 395.51,
    "volume" : 23092.00
  }, {
    "date" : "2025-10-31",
    "price" : 358.10,
    "dma50" : 364.91,
    "dma100" : 373.05,
    "dma200" : 395.14,
    "volume" : 23250.00
  }, {
    "date" : "2025-11-03",
    "price" : 354.10,
    "dma50" : 364.49,
    "dma100" : 372.51,
    "dma200" : 394.73,
    "volume" : 39908.00
  }, {
    "date" : "2025-11-04",
    "price" : 354.60,
    "dma50" : 364.10,
    "dma100" : 371.97,
    "dma200" : 394.33,
    "volume" : 36701.00
  }, {
    "date" : "2025-11-06",
    "price" : 347.00,
    "dma50" : 363.43,
    "dma100" : 371.39,
    "dma200" : 393.86,
    "volume" : 86575.00
  }, {
    "date" : "2025-11-07",
    "price" : 342.85,
    "dma50" : 362.62,
    "dma100" : 370.85,
    "dma200" : 393.35,
    "volume" : 60895.00
  }, {
    "date" : "2025-11-10",
    "price" : 343.25,
    "dma50" : 361.86,
    "dma100" : 370.35,
    "dma200" : 392.85,
    "volume" : 30125.00
  }, {
    "date" : "2025-11-11",
    "price" : 339.45,
    "dma50" : 360.99,
    "dma100" : 369.86,
    "dma200" : 392.32,
    "volume" : 40200.00
  }, {
    "date" : "2025-11-12",
    "price" : 349.25,
    "dma50" : 360.52,
    "dma100" : 369.49,
    "dma200" : 391.89,
    "volume" : 39095.00
  }, {
    "date" : "2025-11-13",
    "price" : 348.25,
    "dma50" : 360.04,
    "dma100" : 369.23,
    "dma200" : 391.46,
    "volume" : 74164.00
  }, {
    "date" : "2025-11-14",
    "price" : 366.20,
    "dma50" : 360.28,
    "dma100" : 369.22,
    "dma200" : 391.21,
    "volume" : 1126134.00
  }, {
    "date" : "2025-11-17",
    "price" : 368.70,
    "dma50" : 360.61,
    "dma100" : 369.27,
    "dma200" : 390.98,
    "volume" : 127635.00
  }, {
    "date" : "2025-11-18",
    "price" : 363.80,
    "dma50" : 360.74,
    "dma100" : 369.23,
    "dma200" : 390.71,
    "volume" : 51026.00
  }, {
    "date" : "2025-11-19",
    "price" : 359.40,
    "dma50" : 360.69,
    "dma100" : 369.09,
    "dma200" : 390.40,
    "volume" : 41607.00
  }, {
    "date" : "2025-11-20",
    "price" : 368.50,
    "dma50" : 360.99,
    "dma100" : 368.94,
    "dma200" : 390.18,
    "volume" : 74483.00
  }, {
    "date" : "2025-11-21",
    "price" : 365.20,
    "dma50" : 361.16,
    "dma100" : 368.76,
    "dma200" : 389.94,
    "volume" : 77318.00
  }, {
    "date" : "2025-11-24",
    "price" : 354.20,
    "dma50" : 360.89,
    "dma100" : 368.55,
    "dma200" : 389.58,
    "volume" : 26772.00
  }, {
    "date" : "2025-11-25",
    "price" : 354.80,
    "dma50" : 360.65,
    "dma100" : 368.37,
    "dma200" : 389.23,
    "volume" : 19659.00
  }, {
    "date" : "2025-11-26",
    "price" : 353.90,
    "dma50" : 360.38,
    "dma100" : 368.16,
    "dma200" : 388.88,
    "volume" : 38979.00
  }, {
    "date" : "2025-11-27",
    "price" : 348.90,
    "dma50" : 359.93,
    "dma100" : 367.90,
    "dma200" : 388.49,
    "volume" : 89869.00
  }, {
    "date" : "2025-11-28",
    "price" : 345.40,
    "dma50" : 359.36,
    "dma100" : 367.56,
    "dma200" : 388.06,
    "volume" : 38652.00
  }, {
    "date" : "2025-12-01",
    "price" : 338.70,
    "dma50" : 358.55,
    "dma100" : 367.16,
    "dma200" : 387.57,
    "volume" : 54511.00
  }, {
    "date" : "2025-12-02",
    "price" : 337.45,
    "dma50" : 357.72,
    "dma100" : 366.68,
    "dma200" : 387.07,
    "volume" : 37477.00
  }, {
    "date" : "2025-12-03",
    "price" : 339.75,
    "dma50" : 357.02,
    "dma100" : 366.09,
    "dma200" : 386.60,
    "volume" : 41850.00
  }, {
    "date" : "2025-12-04",
    "price" : 337.95,
    "dma50" : 356.27,
    "dma100" : 365.52,
    "dma200" : 386.11,
    "volume" : 23482.00
  }, {
    "date" : "2025-12-05",
    "price" : 338.95,
    "dma50" : 355.59,
    "dma100" : 364.92,
    "dma200" : 385.64,
    "volume" : 97600.00
  }, {
    "date" : "2025-12-08",
    "price" : 335.65,
    "dma50" : 354.81,
    "dma100" : 364.28,
    "dma200" : 385.15,
    "volume" : 37124.00
  }, {
    "date" : "2025-12-09",
    "price" : 337.40,
    "dma50" : 354.13,
    "dma100" : 363.57,
    "dma200" : 384.67,
    "volume" : 36347.00
  }, {
    "date" : "2025-12-10",
    "price" : 338.70,
    "dma50" : 353.52,
    "dma100" : 362.92,
    "dma200" : 384.21,
    "volume" : 38989.00
  }, {
    "date" : "2025-12-11",
    "price" : 346.05,
    "dma50" : 353.23,
    "dma100" : 362.32,
    "dma200" : 383.83,
    "volume" : 28546.00
  }, {
    "date" : "2025-12-12",
    "price" : 351.65,
    "dma50" : 353.17,
    "dma100" : 361.85,
    "dma200" : 383.51,
    "volume" : 44636.00
  }, {
    "date" : "2025-12-15",
    "price" : 357.15,
    "dma50" : 353.32,
    "dma100" : 361.44,
    "dma200" : 383.25,
    "volume" : 34864.00
  }, {
    "date" : "2025-12-16",
    "price" : 360.10,
    "dma50" : 353.59,
    "dma100" : 361.09,
    "dma200" : 383.02,
    "volume" : 58154.00
  }, {
    "date" : "2025-12-17",
    "price" : 367.15,
    "dma50" : 354.12,
    "dma100" : 360.88,
    "dma200" : 382.86,
    "volume" : 122230.00
  }, {
    "date" : "2025-12-18",
    "price" : 360.65,
    "dma50" : 354.38,
    "dma100" : 360.62,
    "dma200" : 382.64,
    "volume" : 40750.00
  }, {
    "date" : "2025-12-19",
    "price" : 363.35,
    "dma50" : 354.73,
    "dma100" : 360.47,
    "dma200" : 382.45,
    "volume" : 20967.00
  }, {
    "date" : "2025-12-22",
    "price" : 364.25,
    "dma50" : 355.10,
    "dma100" : 360.37,
    "dma200" : 382.27,
    "volume" : 41679.00
  }, {
    "date" : "2025-12-23",
    "price" : 365.45,
    "dma50" : 355.51,
    "dma100" : 360.25,
    "dma200" : 382.10,
    "volume" : 26069.00
  }, {
    "date" : "2025-12-24",
    "price" : 364.85,
    "dma50" : 355.87,
    "dma100" : 360.14,
    "dma200" : 381.93,
    "volume" : 32221.00
  }, {
    "date" : "2025-12-26",
    "price" : 358.45,
    "dma50" : 355.98,
    "dma100" : 359.91,
    "dma200" : 381.70,
    "volume" : 29616.00
  } ],
  "latestTechnicalAttributes" : {
    "date" : "2025-12-26",
    "price" : 358.45,
    "dma50" : 355.98,
    "dma100" : 359.91,
    "dma200" : 381.70,
    "volume" : 29616.00
  },
  "quarterlyResults" : [ {
    "date" : "2007-03-31",
    "sales" : 18.83,
    "salesGrowthYoY" : null,
    "grossProfitMargin" : 80.83,
    "grossProfit" : 15.22,
    "operatingProfitMargin" : 6.74,
    "operatingProfit" : 1.27,
    "netProfitMargin" : 4.46,
    "netProfit" : 0.84
  }, {
    "date" : "2007-12-31",
    "sales" : 31.70,
    "salesGrowthYoY" : null,
    "grossProfitMargin" : 119.46,
    "grossProfit" : 37.87,
    "operatingProfitMargin" : 6.21,
    "operatingProfit" : 1.97,
    "netProfitMargin" : 2.27,
    "netProfit" : 0.72
  }, {
    "date" : "2008-03-31",
    "sales" : 61.08,
    "salesGrowthYoY" : null,
    "grossProfitMargin" : 31.96,
    "grossProfit" : 19.52,
    "operatingProfitMargin" : 3.57,
    "operatingProfit" : 2.18,
    "netProfitMargin" : 2.83,
    "netProfit" : 1.73
  }, {
    "date" : "2008-09-30",
    "sales" : 63.28,
    "salesGrowthYoY" : null,
    "grossProfitMargin" : 40.15,
    "grossProfit" : 25.41,
    "operatingProfitMargin" : 3.62,
    "operatingProfit" : 2.29,
    "netProfitMargin" : 2.69,
    "netProfit" : 1.70
  }, {
    "date" : "2009-06-30",
    "sales" : 60.97,
    "salesGrowthYoY" : 223.79,
    "grossProfitMargin" : 30.34,
    "grossProfit" : 18.50,
    "operatingProfitMargin" : 4.66,
    "operatingProfit" : 2.84,
    "netProfitMargin" : 2.54,
    "netProfit" : 1.55
  }, {
    "date" : "2009-09-30",
    "sales" : 64.27,
    "salesGrowthYoY" : 102.74,
    "grossProfitMargin" : 40.45,
    "grossProfit" : 26.00,
    "operatingProfitMargin" : 4.20,
    "operatingProfit" : 2.70,
    "netProfitMargin" : 2.72,
    "netProfit" : 1.75
  }, {
    "date" : "2009-12-31",
    "sales" : 63.12,
    "salesGrowthYoY" : 3.34,
    "grossProfitMargin" : 42.25,
    "grossProfit" : 26.67,
    "operatingProfitMargin" : 5.47,
    "operatingProfit" : 3.45,
    "netProfitMargin" : 2.74,
    "netProfit" : 1.73
  }, {
    "date" : "2010-03-31",
    "sales" : 101.51,
    "salesGrowthYoY" : 60.41,
    "grossProfitMargin" : 53.44,
    "grossProfit" : 54.25,
    "operatingProfitMargin" : 2.83,
    "operatingProfit" : 2.87,
    "netProfitMargin" : 1.87,
    "netProfit" : 1.90
  }, {
    "date" : "2010-12-31",
    "sales" : 100.56,
    "salesGrowthYoY" : 64.93,
    "grossProfitMargin" : 56.31,
    "grossProfit" : 56.63,
    "operatingProfitMargin" : 8.19,
    "operatingProfit" : 8.24,
    "netProfitMargin" : 4.66,
    "netProfit" : 4.69
  }, {
    "date" : "2011-03-31",
    "sales" : 114.91,
    "salesGrowthYoY" : 78.79,
    "grossProfitMargin" : 44.57,
    "grossProfit" : 51.22,
    "operatingProfitMargin" : 3.62,
    "operatingProfit" : 4.16,
    "netProfitMargin" : -0.88,
    "netProfit" : -1.01
  }, {
    "date" : "2012-03-31",
    "sales" : 121.23,
    "salesGrowthYoY" : 92.06,
    "grossProfitMargin" : 54.15,
    "grossProfit" : 65.65,
    "operatingProfitMargin" : 3.76,
    "operatingProfit" : 4.56,
    "netProfitMargin" : -3.73,
    "netProfit" : -4.52
  }, {
    "date" : "2012-06-30",
    "sales" : 123.28,
    "salesGrowthYoY" : 21.45,
    "grossProfitMargin" : 60.46,
    "grossProfit" : 74.54,
    "operatingProfitMargin" : 8.35,
    "operatingProfit" : 10.29,
    "netProfitMargin" : 3.08,
    "netProfit" : 3.80
  }, {
    "date" : "2012-09-30",
    "sales" : 159.49,
    "salesGrowthYoY" : 58.60,
    "grossProfitMargin" : 52.52,
    "grossProfit" : 83.76,
    "operatingProfitMargin" : 6.60,
    "operatingProfit" : 10.53,
    "netProfitMargin" : 2.23,
    "netProfit" : 3.56
  }, {
    "date" : "2012-12-31",
    "sales" : 137.81,
    "salesGrowthYoY" : 19.93,
    "grossProfitMargin" : 53.66,
    "grossProfit" : 73.95,
    "operatingProfitMargin" : 6.94,
    "operatingProfit" : 9.56,
    "netProfitMargin" : 1.28,
    "netProfit" : 1.76
  }, {
    "date" : "2013-03-31",
    "sales" : 161.68,
    "salesGrowthYoY" : 33.37,
    "grossProfitMargin" : 46.85,
    "grossProfit" : 75.75,
    "operatingProfitMargin" : 9.04,
    "operatingProfit" : 14.62,
    "netProfitMargin" : 1.27,
    "netProfit" : 2.05
  }, {
    "date" : "2013-06-30",
    "sales" : 153.60,
    "salesGrowthYoY" : 24.59,
    "grossProfitMargin" : 44.79,
    "grossProfit" : 68.80,
    "operatingProfitMargin" : 7.46,
    "operatingProfit" : 11.46,
    "netProfitMargin" : 3.63,
    "netProfit" : 5.58
  }, {
    "date" : "2013-09-30",
    "sales" : 197.63,
    "salesGrowthYoY" : 23.91,
    "grossProfitMargin" : 55.46,
    "grossProfit" : 109.61,
    "operatingProfitMargin" : 8.08,
    "operatingProfit" : 15.97,
    "netProfitMargin" : 3.74,
    "netProfit" : 7.39
  }, {
    "date" : "2013-12-31",
    "sales" : 143.31,
    "salesGrowthYoY" : 3.99,
    "grossProfitMargin" : 65.73,
    "grossProfit" : 94.20,
    "operatingProfitMargin" : 6.59,
    "operatingProfit" : 9.44,
    "netProfitMargin" : 1.44,
    "netProfit" : 2.06
  }, {
    "date" : "2014-03-31",
    "sales" : 197.35,
    "salesGrowthYoY" : 22.06,
    "grossProfitMargin" : 26.03,
    "grossProfit" : 51.37,
    "operatingProfitMargin" : 3.97,
    "operatingProfit" : 7.83,
    "netProfitMargin" : -0.67,
    "netProfit" : -1.32
  }, {
    "date" : "2014-06-30",
    "sales" : 169.17,
    "salesGrowthYoY" : 10.14,
    "grossProfitMargin" : 56.26,
    "grossProfit" : 95.18,
    "operatingProfitMargin" : 8.00,
    "operatingProfit" : 13.53,
    "netProfitMargin" : 3.84,
    "netProfit" : 6.50
  }, {
    "date" : "2014-09-30",
    "sales" : 200.05,
    "salesGrowthYoY" : 1.22,
    "grossProfitMargin" : 42.82,
    "grossProfit" : 85.66,
    "operatingProfitMargin" : 7.48,
    "operatingProfit" : 14.96,
    "netProfitMargin" : 3.89,
    "netProfit" : 7.78
  }, {
    "date" : "2014-12-31",
    "sales" : 148.93,
    "salesGrowthYoY" : 3.92,
    "grossProfitMargin" : 62.27,
    "grossProfit" : 92.74,
    "operatingProfitMargin" : 10.61,
    "operatingProfit" : 15.80,
    "netProfitMargin" : 1.29,
    "netProfit" : 1.92
  }, {
    "date" : "2015-06-30",
    "sales" : 183.39,
    "salesGrowthYoY" : -7.07,
    "grossProfitMargin" : 61.78,
    "grossProfit" : 113.30,
    "operatingProfitMargin" : 8.78,
    "operatingProfit" : 16.10,
    "netProfitMargin" : 4.36,
    "netProfit" : 8.00
  }, {
    "date" : "2015-09-30",
    "sales" : 217.79,
    "salesGrowthYoY" : 28.74,
    "grossProfitMargin" : 41.31,
    "grossProfit" : 89.97,
    "operatingProfitMargin" : 8.38,
    "operatingProfit" : 18.25,
    "netProfitMargin" : 3.44,
    "netProfit" : 7.49
  }, {
    "date" : "2015-12-31",
    "sales" : 196.23,
    "salesGrowthYoY" : -1.91,
    "grossProfitMargin" : 49.14,
    "grossProfit" : 96.43,
    "operatingProfitMargin" : 5.48,
    "operatingProfit" : 10.75,
    "netProfitMargin" : 1.95,
    "netProfit" : 3.83
  }, {
    "date" : "2016-03-31",
    "sales" : 224.58,
    "salesGrowthYoY" : 50.80,
    "grossProfitMargin" : 73.43,
    "grossProfit" : 164.91,
    "operatingProfitMargin" : 9.33,
    "operatingProfit" : 20.95,
    "netProfitMargin" : 3.13,
    "netProfit" : 7.03
  }, {
    "date" : "2016-06-30",
    "sales" : 236.72,
    "salesGrowthYoY" : 29.08,
    "grossProfitMargin" : 38.35,
    "grossProfit" : 90.78,
    "operatingProfitMargin" : 7.52,
    "operatingProfit" : 17.80,
    "netProfitMargin" : 3.48,
    "netProfit" : 8.24
  }, {
    "date" : "2016-09-30",
    "sales" : 197.17,
    "salesGrowthYoY" : -9.47,
    "grossProfitMargin" : 51.36,
    "grossProfit" : 101.27,
    "operatingProfitMargin" : 12.40,
    "operatingProfit" : 24.45,
    "netProfitMargin" : 5.77,
    "netProfit" : 11.38
  }, {
    "date" : "2016-12-31",
    "sales" : 165.95,
    "salesGrowthYoY" : -15.43,
    "grossProfitMargin" : 66.89,
    "grossProfit" : 111.00,
    "operatingProfitMargin" : 10.16,
    "operatingProfit" : 16.86,
    "netProfitMargin" : 3.64,
    "netProfit" : 6.04
  }, {
    "date" : "2017-03-31",
    "sales" : 286.29,
    "salesGrowthYoY" : 27.48,
    "grossProfitMargin" : 66.89,
    "grossProfit" : 191.50,
    "operatingProfitMargin" : 14.25,
    "operatingProfit" : 40.80,
    "netProfitMargin" : 6.44,
    "netProfit" : 18.44
  }, {
    "date" : "2017-06-30",
    "sales" : 235.07,
    "salesGrowthYoY" : -0.70,
    "grossProfitMargin" : 52.95,
    "grossProfit" : 124.47,
    "operatingProfitMargin" : 10.98,
    "operatingProfit" : 25.81,
    "netProfitMargin" : 5.32,
    "netProfit" : 12.51
  }, {
    "date" : "2017-09-30",
    "sales" : 195.60,
    "salesGrowthYoY" : -0.80,
    "grossProfitMargin" : 53.87,
    "grossProfit" : 105.37,
    "operatingProfitMargin" : 14.86,
    "operatingProfit" : 29.07,
    "netProfitMargin" : 7.61,
    "netProfit" : 14.89
  }, {
    "date" : "2017-12-31",
    "sales" : 222.66,
    "salesGrowthYoY" : 34.17,
    "grossProfitMargin" : 59.86,
    "grossProfit" : 133.28,
    "operatingProfitMargin" : 16.50,
    "operatingProfit" : 36.74,
    "netProfitMargin" : 8.08,
    "netProfit" : 17.99
  }, {
    "date" : "2018-03-31",
    "sales" : 272.22,
    "salesGrowthYoY" : -4.91,
    "grossProfitMargin" : 57.49,
    "grossProfit" : 156.50,
    "operatingProfitMargin" : 11.84,
    "operatingProfit" : 32.23,
    "netProfitMargin" : 6.85,
    "netProfit" : 18.65
  }, {
    "date" : "2018-06-30",
    "sales" : 243.65,
    "salesGrowthYoY" : 3.65,
    "grossProfitMargin" : 58.77,
    "grossProfit" : 143.19,
    "operatingProfitMargin" : 11.60,
    "operatingProfit" : 28.26,
    "netProfitMargin" : 5.67,
    "netProfit" : 13.81
  }, {
    "date" : "2018-09-30",
    "sales" : 242.78,
    "salesGrowthYoY" : 24.12,
    "grossProfitMargin" : 60.71,
    "grossProfit" : 147.39,
    "operatingProfitMargin" : 14.91,
    "operatingProfit" : 36.20,
    "netProfitMargin" : 8.04,
    "netProfit" : 19.52
  }, {
    "date" : "2018-12-31",
    "sales" : 244.53,
    "salesGrowthYoY" : 9.82,
    "grossProfitMargin" : 60.14,
    "grossProfit" : 147.06,
    "operatingProfitMargin" : 15.05,
    "operatingProfit" : 36.80,
    "netProfitMargin" : 7.92,
    "netProfit" : 19.37
  }, {
    "date" : "2019-03-31",
    "sales" : 297.80,
    "salesGrowthYoY" : 9.40,
    "grossProfitMargin" : 52.91,
    "grossProfit" : 157.57,
    "operatingProfitMargin" : 11.55,
    "operatingProfit" : 34.40,
    "netProfitMargin" : 7.58,
    "netProfit" : 22.57
  }, {
    "date" : "2019-06-30",
    "sales" : 233.60,
    "salesGrowthYoY" : -4.12,
    "grossProfitMargin" : 58.84,
    "grossProfit" : 137.45,
    "operatingProfitMargin" : 11.55,
    "operatingProfit" : 26.98,
    "netProfitMargin" : 5.52,
    "netProfit" : 12.89
  }, {
    "date" : "2019-09-30",
    "sales" : 243.25,
    "salesGrowthYoY" : 0.19,
    "grossProfitMargin" : 50.42,
    "grossProfit" : 122.65,
    "operatingProfitMargin" : 9.58,
    "operatingProfit" : 23.30,
    "netProfitMargin" : 5.62,
    "netProfit" : 13.67
  }, {
    "date" : "2019-12-31",
    "sales" : 254.81,
    "salesGrowthYoY" : 4.20,
    "grossProfitMargin" : 55.28,
    "grossProfit" : 140.86,
    "operatingProfitMargin" : 13.08,
    "operatingProfit" : 33.33,
    "netProfitMargin" : 7.68,
    "netProfit" : 19.57
  }, {
    "date" : "2020-03-31",
    "sales" : 237.30,
    "salesGrowthYoY" : -20.32,
    "grossProfitMargin" : 50.37,
    "grossProfit" : 119.53,
    "operatingProfitMargin" : 8.85,
    "operatingProfit" : 21.00,
    "netProfitMargin" : 5.61,
    "netProfit" : 13.31
  }, {
    "date" : "2020-06-30",
    "sales" : 159.45,
    "salesGrowthYoY" : -31.74,
    "grossProfitMargin" : 54.66,
    "grossProfit" : 87.16,
    "operatingProfitMargin" : 17.97,
    "operatingProfit" : 28.65,
    "netProfitMargin" : 10.31,
    "netProfit" : 16.44
  }, {
    "date" : "2020-09-30",
    "sales" : 257.39,
    "salesGrowthYoY" : 5.81,
    "grossProfitMargin" : 60.72,
    "grossProfit" : 156.29,
    "operatingProfitMargin" : 13.66,
    "operatingProfit" : 35.16,
    "netProfitMargin" : 8.69,
    "netProfit" : 22.37
  }, {
    "date" : "2020-12-31",
    "sales" : 311.79,
    "salesGrowthYoY" : 22.36,
    "grossProfitMargin" : 55.10,
    "grossProfit" : 171.80,
    "operatingProfitMargin" : 13.85,
    "operatingProfit" : 43.18,
    "netProfitMargin" : 9.10,
    "netProfit" : 28.37
  }, {
    "date" : "2021-03-31",
    "sales" : 308.31,
    "salesGrowthYoY" : 29.92,
    "grossProfitMargin" : 57.22,
    "grossProfit" : 176.41,
    "operatingProfitMargin" : 10.09,
    "operatingProfit" : 31.11,
    "netProfitMargin" : 6.52,
    "netProfit" : 20.10
  }, {
    "date" : "2021-06-30",
    "sales" : 204.58,
    "salesGrowthYoY" : 28.30,
    "grossProfitMargin" : 62.12,
    "grossProfit" : 127.09,
    "operatingProfitMargin" : 17.27,
    "operatingProfit" : 35.33,
    "netProfitMargin" : 11.30,
    "netProfit" : 23.12
  }, {
    "date" : "2021-09-30",
    "sales" : 390.67,
    "salesGrowthYoY" : 51.78,
    "grossProfitMargin" : 54.17,
    "grossProfit" : 211.63,
    "operatingProfitMargin" : 15.79,
    "operatingProfit" : 61.69,
    "netProfitMargin" : 10.56,
    "netProfit" : 41.25
  }, {
    "date" : "2021-12-31",
    "sales" : 381.49,
    "salesGrowthYoY" : 22.35,
    "grossProfitMargin" : 51.05,
    "grossProfit" : 194.75,
    "operatingProfitMargin" : 16.86,
    "operatingProfit" : 64.32,
    "netProfitMargin" : 11.64,
    "netProfit" : 44.41
  }, {
    "date" : "2022-03-31",
    "sales" : 373.01,
    "salesGrowthYoY" : 20.99,
    "grossProfitMargin" : 54.07,
    "grossProfit" : 201.69,
    "operatingProfitMargin" : 14.85,
    "operatingProfit" : 55.39,
    "netProfitMargin" : 9.95,
    "netProfit" : 37.11
  }, {
    "date" : "2022-06-30",
    "sales" : 361.44,
    "salesGrowthYoY" : 76.67,
    "grossProfitMargin" : 50.38,
    "grossProfit" : 182.09,
    "operatingProfitMargin" : 10.30,
    "operatingProfit" : 37.23,
    "netProfitMargin" : 7.71,
    "netProfit" : 27.87
  }, {
    "date" : "2022-09-30",
    "sales" : 340.44,
    "salesGrowthYoY" : -12.86,
    "grossProfitMargin" : 47.61,
    "grossProfit" : 162.08,
    "operatingProfitMargin" : 8.91,
    "operatingProfit" : 30.33,
    "netProfitMargin" : 5.27,
    "netProfit" : 17.94
  }, {
    "date" : "2022-12-31",
    "sales" : 285.34,
    "salesGrowthYoY" : -25.20,
    "grossProfitMargin" : 45.24,
    "grossProfit" : 129.09,
    "operatingProfitMargin" : 6.80,
    "operatingProfit" : 19.40,
    "netProfitMargin" : 3.06,
    "netProfit" : 8.73
  }, {
    "date" : "2023-03-31",
    "sales" : 406.35,
    "salesGrowthYoY" : 8.94,
    "grossProfitMargin" : 40.00,
    "grossProfit" : 162.54,
    "operatingProfitMargin" : 2.86,
    "operatingProfit" : 11.62,
    "netProfitMargin" : 0.91,
    "netProfit" : 3.70
  }, {
    "date" : "2023-06-30",
    "sales" : 318.92,
    "salesGrowthYoY" : -11.76,
    "grossProfitMargin" : 52.68,
    "grossProfit" : 168.01,
    "operatingProfitMargin" : 7.77,
    "operatingProfit" : 24.78,
    "netProfitMargin" : 4.42,
    "netProfit" : 14.10
  }, {
    "date" : "2023-09-30",
    "sales" : 412.14,
    "salesGrowthYoY" : 21.06,
    "grossProfitMargin" : 53.88,
    "grossProfit" : 222.06,
    "operatingProfitMargin" : 10.15,
    "operatingProfit" : 41.83,
    "netProfitMargin" : 6.20,
    "netProfit" : 25.55
  }, {
    "date" : "2023-12-31",
    "sales" : 329.70,
    "salesGrowthYoY" : 15.55,
    "grossProfitMargin" : 58.57,
    "grossProfit" : 193.11,
    "operatingProfitMargin" : 9.77,
    "operatingProfit" : 32.21,
    "netProfitMargin" : 5.37,
    "netProfit" : 17.70
  }, {
    "date" : "2024-03-31",
    "sales" : 488.37,
    "salesGrowthYoY" : 20.18,
    "grossProfitMargin" : 50.92,
    "grossProfit" : 248.68,
    "operatingProfitMargin" : 11.15,
    "operatingProfit" : 54.45,
    "netProfitMargin" : 6.56,
    "netProfit" : 32.04
  }, {
    "date" : "2024-06-30",
    "sales" : 321.98,
    "salesGrowthYoY" : 0.96,
    "grossProfitMargin" : 59.31,
    "grossProfit" : 190.97,
    "operatingProfitMargin" : 10.03,
    "operatingProfit" : 32.29,
    "netProfitMargin" : 4.21,
    "netProfit" : 13.56
  }, {
    "date" : "2024-09-30",
    "sales" : 445.83,
    "salesGrowthYoY" : 8.17,
    "grossProfitMargin" : 53.25,
    "grossProfit" : 237.40,
    "operatingProfitMargin" : 10.94,
    "operatingProfit" : 48.77,
    "netProfitMargin" : 5.93,
    "netProfit" : 26.44
  }, {
    "date" : "2024-12-31",
    "sales" : 377.81,
    "salesGrowthYoY" : 14.59,
    "grossProfitMargin" : 56.56,
    "grossProfit" : 213.69,
    "operatingProfitMargin" : 10.85,
    "operatingProfit" : 40.99,
    "netProfitMargin" : 5.15,
    "netProfit" : 19.46
  }, {
    "date" : "2025-03-31",
    "sales" : 536.57,
    "salesGrowthYoY" : 9.87,
    "grossProfitMargin" : 47.94,
    "grossProfit" : 257.23,
    "operatingProfitMargin" : 9.97,
    "operatingProfit" : 53.50,
    "netProfitMargin" : 5.32,
    "netProfit" : 28.55
  }, {
    "date" : "2025-06-30",
    "sales" : 383.85,
    "salesGrowthYoY" : 19.22,
    "grossProfitMargin" : 57.76,
    "grossProfit" : 221.71,
    "operatingProfitMargin" : 10.47,
    "operatingProfit" : 40.19,
    "netProfitMargin" : 5.11,
    "netProfit" : 19.61
  }, {
    "date" : "2025-09-30",
    "sales" : 470.29,
    "salesGrowthYoY" : 5.49,
    "grossProfitMargin" : 56.33,
    "grossProfit" : 264.91,
    "operatingProfitMargin" : 13.05,
    "operatingProfit" : 61.37,
    "netProfitMargin" : 7.55,
    "netProfit" : 35.51
  } ],
  "latestQuarterlyResult" : {
    "date" : "2025-09-30",
    "sales" : 470.29,
    "salesGrowthYoY" : 5.49,
    "grossProfitMargin" : 56.33,
    "grossProfit" : 264.91,
    "operatingProfitMargin" : 13.05,
    "operatingProfit" : 61.37,
    "netProfitMargin" : 7.55,
    "netProfit" : 35.51
  },
  "companyScore" : {
    "priceHigherThanDma50" : 5.00,
    "priceHigherThanDma100" : 0.00,
    "priceHigherThanDma200" : 0.00,
    "dma50HigherThanDma100" : 0.00,
    "dma50HigherThanDma200" : 0.00,
    "dma100HigherThanDma200" : 0.00,
    "pricePercentageAboveDma50" : 4.97,
    "pricePercentageAboveDma100" : 5.02,
    "pricePercentageAboveDma200" : 5.30,
    "weeklyVolumeHigherThanYearlyVolume" : 0.00,
    "salesGrowthPercentile" : 7.33,
    "operatingProfitMarginPercentile" : 15.94,
    "netProfitMarginPercentile" : 7.81,
    "totalTechnicalScore" : 20.29,
    "totalFundamentalScore" : 31.08,
    "totalScore" : 51.37
  }
}