{
  "metadata" : {
    "screenerCompanyId" : "849",
    "companyCode" : "DPSCLTD",
    "companyName" : "India Power Corp",
    "screenerCompanyLink" : "https://www.screener.in/company/DPSCLTD",
    "screenerTechnicalHistoryLink" : "https://www.screener.in/api/company/849/chart/?q=Price-DMA50-DMA200-Volume&days=365",
    "screenerQuarterlyResultsLink" : "https://www.screener.in/api/company/849/chart/?q=GPM-OPM-NPM-Quarter+Sales&days=10000",
    "attributes" : {
      "companyCode" : "DPSCLTD",
      "companyName" : "India Power Corp",
      "marketCap" : 1031.00,
      "peRatio" : 430.00,
      "description" : "Incorporated in 1919, India Power Corporation Ltd is engaged in business of Power Distribution, Renewable Power Generation and Smart Grid."
    },
    "companyScore" : {
      "priceHigherThanDma50" : 0.00,
      "priceHigherThanDma100" : 0.00,
      "priceHigherThanDma200" : 0.00,
      "dma50HigherThanDma100" : 0.00,
      "dma50HigherThanDma200" : 0.00,
      "dma100HigherThanDma200" : 0.00,
      "pricePercentageAboveDma50" : 5.44,
      "pricePercentageAboveDma100" : 5.68,
      "pricePercentageAboveDma200" : 5.94,
      "weeklyVolumeHigherThanYearlyVolume" : 0.00,
      "salesGrowthPercentile" : 17.72,
      "operatingProfitMarginPercentile" : 15.97,
      "netProfitMarginPercentile" : 3.86,
      "totalTechnicalScore" : 17.05,
      "totalFundamentalScore" : 37.56,
      "totalScore" : 54.61
    }
  },
  "attributes" : {
    "companyCode" : "DPSCLTD",
    "companyName" : "India Power Corp",
    "marketCap" : 1031.00,
    "peRatio" : 430.00,
    "description" : "Incorporated in 1919, India Power Corporation Ltd is engaged in business of Power Distribution, Renewable Power Generation and Smart Grid."
  },
  "technicalHistory" : [ {
    "date" : "2024-11-27",
    "price" : 16.80,
    "dma50" : 17.88,
    "dma100" : null,
    "dma200" : 18.31,
    "volume" : 164434.00
  }, {
    "date" : "2024-11-28",
    "price" : 17.03,
    "dma50" : 17.85,
    "dma100" : null,
    "dma200" : 18.29,
    "volume" : 277983.00
  }, {
    "date" : "2024-11-29",
    "price" : 18.08,
    "dma50" : 17.86,
    "dma100" : null,
    "dma200" : 18.29,
    "volume" : 614212.00
  }, {
    "date" : "2024-12-02",
    "price" : 17.84,
    "dma50" : 17.86,
    "dma100" : null,
    "dma200" : 18.29,
    "volume" : 234656.00
  }, {
    "date" : "2024-12-03",
    "price" : 17.66,
    "dma50" : 17.85,
    "dma100" : null,
    "dma200" : 18.28,
    "volume" : 359373.00
  }, {
    "date" : "2024-12-04",
    "price" : 17.75,
    "dma50" : 17.85,
    "dma100" : null,
    "dma200" : 18.27,
    "volume" : 197588.00
  }, {
    "date" : "2024-12-05",
    "price" : 17.99,
    "dma50" : 17.85,
    "dma100" : null,
    "dma200" : 18.27,
    "volume" : 379083.00
  }, {
    "date" : "2024-12-06",
    "price" : 18.74,
    "dma50" : 17.89,
    "dma100" : null,
    "dma200" : 18.28,
    "volume" : 1273462.00
  }, {
    "date" : "2024-12-09",
    "price" : 18.53,
    "dma50" : 17.91,
    "dma100" : null,
    "dma200" : 18.28,
    "volume" : 459733.00
  }, {
    "date" : "2024-12-10",
    "price" : 18.12,
    "dma50" : 17.92,
    "dma100" : null,
    "dma200" : 18.28,
    "volume" : 277054.00
  }, {
    "date" : "2024-12-11",
    "price" : 18.27,
    "dma50" : 17.93,
    "dma100" : null,
    "dma200" : 18.28,
    "volume" : 172333.00
  }, {
    "date" : "2024-12-12",
    "price" : 17.80,
    "dma50" : 17.93,
    "dma100" : null,
    "dma200" : 18.27,
    "volume" : 334908.00
  }, {
    "date" : "2024-12-13",
    "price" : 17.74,
    "dma50" : 17.92,
    "dma100" : null,
    "dma200" : 18.27,
    "volume" : 147649.00
  }, {
    "date" : "2024-12-16",
    "price" : 17.81,
    "dma50" : 17.92,
    "dma100" : null,
    "dma200" : 18.26,
    "volume" : 194429.00
  }, {
    "date" : "2024-12-17",
    "price" : 17.61,
    "dma50" : 17.90,
    "dma100" : null,
    "dma200" : 18.26,
    "volume" : 202228.00
  }, {
    "date" : "2024-12-18",
    "price" : 17.39,
    "dma50" : 17.88,
    "dma100" : null,
    "dma200" : 18.25,
    "volume" : 174255.00
  }, {
    "date" : "2024-12-19",
    "price" : 17.21,
    "dma50" : 17.86,
    "dma100" : null,
    "dma200" : 18.24,
    "volume" : 140837.00
  }, {
    "date" : "2024-12-20",
    "price" : 17.31,
    "dma50" : 17.84,
    "dma100" : null,
    "dma200" : 18.23,
    "volume" : 379021.00
  }, {
    "date" : "2024-12-23",
    "price" : 17.17,
    "dma50" : 17.81,
    "dma100" : null,
    "dma200" : 18.22,
    "volume" : 129123.00
  }, {
    "date" : "2024-12-24",
    "price" : 17.06,
    "dma50" : 17.78,
    "dma100" : null,
    "dma200" : 18.21,
    "volume" : 161198.00
  }, {
    "date" : "2024-12-26",
    "price" : 16.84,
    "dma50" : 17.74,
    "dma100" : null,
    "dma200" : 18.19,
    "volume" : 144709.00
  }, {
    "date" : "2024-12-27",
    "price" : 16.47,
    "dma50" : 17.69,
    "dma100" : null,
    "dma200" : 18.18,
    "volume" : 301193.00
  }, {
    "date" : "2024-12-30",
    "price" : 16.55,
    "dma50" : 17.65,
    "dma100" : null,
    "dma200" : 18.16,
    "volume" : 159025.00
  }, {
    "date" : "2024-12-31",
    "price" : 16.82,
    "dma50" : 17.62,
    "dma100" : null,
    "dma200" : 18.15,
    "volume" : 79242.00
  }, {
    "date" : "2025-01-01",
    "price" : 16.84,
    "dma50" : 17.59,
    "dma100" : null,
    "dma200" : 18.13,
    "volume" : 135256.00
  }, {
    "date" : "2025-01-02",
    "price" : 17.02,
    "dma50" : 17.56,
    "dma100" : null,
    "dma200" : 18.12,
    "volume" : 121757.00
  }, {
    "date" : "2025-01-03",
    "price" : 17.22,
    "dma50" : 17.55,
    "dma100" : null,
    "dma200" : 18.11,
    "volume" : 192533.00
  }, {
    "date" : "2025-01-06",
    "price" : 16.61,
    "dma50" : 17.51,
    "dma100" : null,
    "dma200" : 18.10,
    "volume" : 237667.00
  }, {
    "date" : "2025-01-07",
    "price" : 16.60,
    "dma50" : 17.48,
    "dma100" : null,
    "dma200" : 18.08,
    "volume" : 150140.00
  }, {
    "date" : "2025-01-08",
    "price" : 16.36,
    "dma50" : 17.43,
    "dma100" : null,
    "dma200" : 18.07,
    "volume" : 199776.00
  }, {
    "date" : "2025-01-09",
    "price" : 16.41,
    "dma50" : 17.39,
    "dma100" : null,
    "dma200" : 18.05,
    "volume" : 144786.00
  }, {
    "date" : "2025-01-10",
    "price" : 16.03,
    "dma50" : 17.34,
    "dma100" : null,
    "dma200" : 18.03,
    "volume" : 122269.00
  }, {
    "date" : "2025-01-13",
    "price" : 14.97,
    "dma50" : 17.25,
    "dma100" : null,
    "dma200" : 18.00,
    "volume" : 284296.00
  }, {
    "date" : "2025-01-14",
    "price" : 15.55,
    "dma50" : 17.18,
    "dma100" : null,
    "dma200" : 17.97,
    "volume" : 350639.00
  }, {
    "date" : "2025-01-15",
    "price" : 15.63,
    "dma50" : 17.12,
    "dma100" : null,
    "dma200" : 17.95,
    "volume" : 123623.00
  }, {
    "date" : "2025-01-16",
    "price" : 16.12,
    "dma50" : 17.08,
    "dma100" : null,
    "dma200" : 17.93,
    "volume" : 129253.00
  }, {
    "date" : "2025-01-17",
    "price" : 16.08,
    "dma50" : 17.04,
    "dma100" : null,
    "dma200" : 17.91,
    "volume" : 99699.00
  }, {
    "date" : "2025-01-20",
    "price" : 16.13,
    "dma50" : 17.01,
    "dma100" : null,
    "dma200" : 17.90,
    "volume" : 160894.00
  }, {
    "date" : "2025-01-21",
    "price" : 16.12,
    "dma50" : 16.97,
    "dma100" : null,
    "dma200" : 17.88,
    "volume" : 129660.00
  }, {
    "date" : "2025-01-22",
    "price" : 16.01,
    "dma50" : 16.93,
    "dma100" : null,
    "dma200" : 17.86,
    "volume" : 97343.00
  }, {
    "date" : "2025-01-23",
    "price" : 15.85,
    "dma50" : 16.89,
    "dma100" : null,
    "dma200" : 17.84,
    "volume" : 108679.00
  }, {
    "date" : "2025-01-24",
    "price" : 15.80,
    "dma50" : 16.85,
    "dma100" : null,
    "dma200" : 17.82,
    "volume" : 91814.00
  }, {
    "date" : "2025-01-27",
    "price" : 15.25,
    "dma50" : 16.79,
    "dma100" : null,
    "dma200" : 17.79,
    "volume" : 237945.00
  }, {
    "date" : "2025-01-28",
    "price" : 14.34,
    "dma50" : 16.69,
    "dma100" : null,
    "dma200" : 17.76,
    "volume" : 535783.00
  }, {
    "date" : "2025-01-29",
    "price" : 15.15,
    "dma50" : 16.63,
    "dma100" : null,
    "dma200" : 17.73,
    "volume" : 253045.00
  }, {
    "date" : "2025-01-30",
    "price" : 15.16,
    "dma50" : 16.57,
    "dma100" : null,
    "dma200" : 17.71,
    "volume" : 123358.00
  }, {
    "date" : "2025-01-31",
    "price" : 15.32,
    "dma50" : 16.52,
    "dma100" : null,
    "dma200" : 17.68,
    "volume" : 114064.00
  }, {
    "date" : "2025-02-01",
    "price" : 15.33,
    "dma50" : 16.48,
    "dma100" : null,
    "dma200" : 17.66,
    "volume" : 152455.00
  }, {
    "date" : "2025-02-03",
    "price" : 15.07,
    "dma50" : 16.42,
    "dma100" : null,
    "dma200" : 17.64,
    "volume" : 121584.00
  }, {
    "date" : "2025-02-04",
    "price" : 15.10,
    "dma50" : 16.37,
    "dma100" : null,
    "dma200" : 17.61,
    "volume" : 136009.00
  }, {
    "date" : "2025-02-05",
    "price" : 15.18,
    "dma50" : 16.32,
    "dma100" : null,
    "dma200" : 17.59,
    "volume" : 130608.00
  }, {
    "date" : "2025-02-06",
    "price" : 15.10,
    "dma50" : 16.27,
    "dma100" : null,
    "dma200" : 17.56,
    "volume" : 109633.00
  }, {
    "date" : "2025-02-07",
    "price" : 15.01,
    "dma50" : 16.22,
    "dma100" : null,
    "dma200" : 17.54,
    "volume" : 95813.00
  }, {
    "date" : "2025-02-10",
    "price" : 14.86,
    "dma50" : 16.17,
    "dma100" : null,
    "dma200" : 17.51,
    "volume" : 125605.00
  }, {
    "date" : "2025-02-11",
    "price" : 14.35,
    "dma50" : 16.10,
    "dma100" : null,
    "dma200" : 17.48,
    "volume" : 171103.00
  }, {
    "date" : "2025-02-12",
    "price" : 14.48,
    "dma50" : 16.04,
    "dma100" : null,
    "dma200" : 17.45,
    "volume" : 243949.00
  }, {
    "date" : "2025-02-13",
    "price" : 13.83,
    "dma50" : 15.95,
    "dma100" : null,
    "dma200" : 17.41,
    "volume" : 380736.00
  }, {
    "date" : "2025-02-14",
    "price" : 13.84,
    "dma50" : 15.87,
    "dma100" : null,
    "dma200" : 17.38,
    "volume" : 156453.00
  }, {
    "date" : "2025-02-17",
    "price" : 14.20,
    "dma50" : 15.80,
    "dma100" : null,
    "dma200" : 17.35,
    "volume" : 216664.00
  }, {
    "date" : "2025-02-18",
    "price" : 13.74,
    "dma50" : 15.72,
    "dma100" : null,
    "dma200" : 17.31,
    "volume" : 133780.00
  }, {
    "date" : "2025-02-19",
    "price" : 14.05,
    "dma50" : 15.66,
    "dma100" : null,
    "dma200" : 17.28,
    "volume" : 192277.00
  }, {
    "date" : "2025-02-20",
    "price" : 13.94,
    "dma50" : 15.59,
    "dma100" : null,
    "dma200" : 17.24,
    "volume" : 154324.00
  }, {
    "date" : "2025-02-21",
    "price" : 13.90,
    "dma50" : 15.52,
    "dma100" : null,
    "dma200" : 17.21,
    "volume" : 133409.00
  }, {
    "date" : "2025-02-24",
    "price" : 13.74,
    "dma50" : 15.45,
    "dma100" : null,
    "dma200" : 17.18,
    "volume" : 80823.00
  }, {
    "date" : "2025-02-25",
    "price" : 13.62,
    "dma50" : 15.38,
    "dma100" : null,
    "dma200" : 17.14,
    "volume" : 97920.00
  }, {
    "date" : "2025-02-27",
    "price" : 13.40,
    "dma50" : 15.30,
    "dma100" : null,
    "dma200" : 17.10,
    "volume" : 85615.00
  }, {
    "date" : "2025-02-28",
    "price" : 11.93,
    "dma50" : 15.17,
    "dma100" : null,
    "dma200" : 17.05,
    "volume" : 385675.00
  }, {
    "date" : "2025-03-03",
    "price" : 12.02,
    "dma50" : 15.05,
    "dma100" : null,
    "dma200" : 17.00,
    "volume" : 463532.00
  }, {
    "date" : "2025-03-04",
    "price" : 12.09,
    "dma50" : 14.93,
    "dma100" : null,
    "dma200" : 16.95,
    "volume" : 195146.00
  }, {
    "date" : "2025-03-05",
    "price" : 12.29,
    "dma50" : 14.83,
    "dma100" : null,
    "dma200" : 16.91,
    "volume" : 332500.00
  }, {
    "date" : "2025-03-06",
    "price" : 12.53,
    "dma50" : 14.74,
    "dma100" : null,
    "dma200" : 16.86,
    "volume" : 295531.00
  }, {
    "date" : "2025-03-07",
    "price" : 12.56,
    "dma50" : 14.65,
    "dma100" : null,
    "dma200" : 16.82,
    "volume" : 253394.00
  }, {
    "date" : "2025-03-10",
    "price" : 12.26,
    "dma50" : 14.56,
    "dma100" : null,
    "dma200" : 16.77,
    "volume" : 185719.00
  }, {
    "date" : "2025-03-11",
    "price" : 12.00,
    "dma50" : 14.46,
    "dma100" : null,
    "dma200" : 16.73,
    "volume" : 211352.00
  }, {
    "date" : "2025-03-12",
    "price" : 11.47,
    "dma50" : 14.34,
    "dma100" : null,
    "dma200" : 16.67,
    "volume" : 521646.00
  }, {
    "date" : "2025-03-13",
    "price" : 11.34,
    "dma50" : 14.22,
    "dma100" : null,
    "dma200" : 16.62,
    "volume" : 293563.00
  }, {
    "date" : "2025-03-17",
    "price" : 10.96,
    "dma50" : 14.09,
    "dma100" : null,
    "dma200" : 16.57,
    "volume" : 307074.00
  }, {
    "date" : "2025-03-18",
    "price" : 11.03,
    "dma50" : 13.97,
    "dma100" : null,
    "dma200" : 16.51,
    "volume" : 414463.00
  }, {
    "date" : "2025-03-19",
    "price" : 11.66,
    "dma50" : 13.88,
    "dma100" : null,
    "dma200" : 16.46,
    "volume" : 500203.00
  }, {
    "date" : "2025-03-20",
    "price" : 12.28,
    "dma50" : 13.82,
    "dma100" : null,
    "dma200" : 16.42,
    "volume" : 437424.00
  }, {
    "date" : "2025-03-21",
    "price" : 12.44,
    "dma50" : 13.77,
    "dma100" : null,
    "dma200" : 16.38,
    "volume" : 393173.00
  }, {
    "date" : "2025-03-24",
    "price" : 12.68,
    "dma50" : 13.72,
    "dma100" : null,
    "dma200" : 16.34,
    "volume" : 549423.00
  }, {
    "date" : "2025-03-25",
    "price" : 12.16,
    "dma50" : 13.66,
    "dma100" : null,
    "dma200" : 16.30,
    "volume" : 448615.00
  }, {
    "date" : "2025-03-26",
    "price" : 12.04,
    "dma50" : 13.60,
    "dma100" : null,
    "dma200" : 16.26,
    "volume" : 274018.00
  }, {
    "date" : "2025-03-27",
    "price" : 11.46,
    "dma50" : 13.52,
    "dma100" : null,
    "dma200" : 16.21,
    "volume" : 525342.00
  }, {
    "date" : "2025-03-28",
    "price" : 11.32,
    "dma50" : 13.43,
    "dma100" : null,
    "dma200" : 16.16,
    "volume" : 446293.00
  }, {
    "date" : "2025-04-01",
    "price" : 12.31,
    "dma50" : 13.39,
    "dma100" : null,
    "dma200" : 16.13,
    "volume" : 245842.00
  }, {
    "date" : "2025-04-02",
    "price" : 12.17,
    "dma50" : 13.34,
    "dma100" : null,
    "dma200" : 16.09,
    "volume" : 296515.00
  }, {
    "date" : "2025-04-03",
    "price" : 12.81,
    "dma50" : 13.32,
    "dma100" : null,
    "dma200" : 16.05,
    "volume" : 237095.00
  }, {
    "date" : "2025-04-04",
    "price" : 12.63,
    "dma50" : 13.29,
    "dma100" : null,
    "dma200" : 16.02,
    "volume" : 245148.00
  }, {
    "date" : "2025-04-07",
    "price" : 11.86,
    "dma50" : 13.23,
    "dma100" : null,
    "dma200" : 15.98,
    "volume" : 269511.00
  }, {
    "date" : "2025-04-08",
    "price" : 12.86,
    "dma50" : 13.22,
    "dma100" : null,
    "dma200" : 15.95,
    "volume" : 687979.00
  }, {
    "date" : "2025-04-09",
    "price" : 12.44,
    "dma50" : 13.19,
    "dma100" : null,
    "dma200" : 15.91,
    "volume" : 165524.00
  }, {
    "date" : "2025-04-11",
    "price" : 12.31,
    "dma50" : 13.15,
    "dma100" : null,
    "dma200" : 15.88,
    "volume" : 175908.00
  }, {
    "date" : "2025-04-15",
    "price" : 12.45,
    "dma50" : 13.13,
    "dma100" : null,
    "dma200" : 15.84,
    "volume" : 251351.00
  }, {
    "date" : "2025-04-16",
    "price" : 13.03,
    "dma50" : 13.12,
    "dma100" : null,
    "dma200" : 15.81,
    "volume" : 659777.00
  }, {
    "date" : "2025-04-17",
    "price" : 13.04,
    "dma50" : 13.12,
    "dma100" : null,
    "dma200" : 15.79,
    "volume" : 226800.00
  }, {
    "date" : "2025-04-21",
    "price" : 13.27,
    "dma50" : 13.13,
    "dma100" : null,
    "dma200" : 15.76,
    "volume" : 435418.00
  }, {
    "date" : "2025-04-22",
    "price" : 13.37,
    "dma50" : 13.14,
    "dma100" : null,
    "dma200" : 15.74,
    "volume" : 259957.00
  }, {
    "date" : "2025-04-23",
    "price" : 13.19,
    "dma50" : 13.14,
    "dma100" : null,
    "dma200" : 15.71,
    "volume" : 271028.00
  }, {
    "date" : "2025-04-24",
    "price" : 13.17,
    "dma50" : 13.14,
    "dma100" : 14.73,
    "dma200" : 15.69,
    "volume" : 363148.00
  }, {
    "date" : "2025-04-25",
    "price" : 12.96,
    "dma50" : 13.13,
    "dma100" : 14.68,
    "dma200" : 15.66,
    "volume" : 230468.00
  }, {
    "date" : "2025-04-28",
    "price" : 12.83,
    "dma50" : 13.12,
    "dma100" : 14.63,
    "dma200" : 15.63,
    "volume" : 121921.00
  }, {
    "date" : "2025-04-29",
    "price" : 12.85,
    "dma50" : 13.11,
    "dma100" : 14.58,
    "dma200" : 15.60,
    "volume" : 117900.00
  }, {
    "date" : "2025-04-30",
    "price" : 12.76,
    "dma50" : 13.10,
    "dma100" : 14.53,
    "dma200" : 15.58,
    "volume" : 131463.00
  }, {
    "date" : "2025-05-02",
    "price" : 12.65,
    "dma50" : 13.08,
    "dma100" : 14.48,
    "dma200" : 15.55,
    "volume" : 170924.00
  }, {
    "date" : "2025-05-05",
    "price" : 12.80,
    "dma50" : 13.07,
    "dma100" : 14.43,
    "dma200" : 15.52,
    "volume" : 178700.00
  }, {
    "date" : "2025-05-06",
    "price" : 12.14,
    "dma50" : 13.03,
    "dma100" : 14.36,
    "dma200" : 15.49,
    "volume" : 140801.00
  }, {
    "date" : "2025-05-07",
    "price" : 11.99,
    "dma50" : 12.99,
    "dma100" : 14.30,
    "dma200" : 15.45,
    "volume" : 202671.00
  }, {
    "date" : "2025-05-08",
    "price" : 11.98,
    "dma50" : 12.95,
    "dma100" : 14.24,
    "dma200" : 15.42,
    "volume" : 99262.00
  }, {
    "date" : "2025-05-09",
    "price" : 11.30,
    "dma50" : 12.89,
    "dma100" : 14.17,
    "dma200" : 15.38,
    "volume" : 271930.00
  }, {
    "date" : "2025-05-12",
    "price" : 12.45,
    "dma50" : 12.87,
    "dma100" : 14.11,
    "dma200" : 15.35,
    "volume" : 193881.00
  }, {
    "date" : "2025-05-13",
    "price" : 12.60,
    "dma50" : 12.86,
    "dma100" : 14.06,
    "dma200" : 15.32,
    "volume" : 168067.00
  }, {
    "date" : "2025-05-14",
    "price" : 12.78,
    "dma50" : 12.85,
    "dma100" : 14.01,
    "dma200" : 15.29,
    "volume" : 158417.00
  }, {
    "date" : "2025-05-15",
    "price" : 13.10,
    "dma50" : 12.86,
    "dma100" : 13.97,
    "dma200" : 15.27,
    "volume" : 240888.00
  }, {
    "date" : "2025-05-16",
    "price" : 13.40,
    "dma50" : 12.89,
    "dma100" : 13.93,
    "dma200" : 15.25,
    "volume" : 185831.00
  }, {
    "date" : "2025-05-19",
    "price" : 13.56,
    "dma50" : 12.91,
    "dma100" : 13.89,
    "dma200" : 15.24,
    "volume" : 190530.00
  }, {
    "date" : "2025-05-20",
    "price" : 13.32,
    "dma50" : 12.93,
    "dma100" : 13.85,
    "dma200" : 15.22,
    "volume" : 177913.00
  }, {
    "date" : "2025-05-21",
    "price" : 13.21,
    "dma50" : 12.94,
    "dma100" : 13.81,
    "dma200" : 15.20,
    "volume" : 215143.00
  }, {
    "date" : "2025-05-22",
    "price" : 13.07,
    "dma50" : 12.94,
    "dma100" : 13.77,
    "dma200" : 15.18,
    "volume" : 173689.00
  }, {
    "date" : "2025-05-23",
    "price" : 13.20,
    "dma50" : 12.95,
    "dma100" : 13.74,
    "dma200" : 15.16,
    "volume" : 143553.00
  }, {
    "date" : "2025-05-26",
    "price" : 13.22,
    "dma50" : 12.96,
    "dma100" : 13.70,
    "dma200" : 15.14,
    "volume" : 120798.00
  }, {
    "date" : "2025-05-27",
    "price" : 13.31,
    "dma50" : 12.98,
    "dma100" : 13.67,
    "dma200" : 15.12,
    "volume" : 126891.00
  }, {
    "date" : "2025-05-28",
    "price" : 13.31,
    "dma50" : 12.99,
    "dma100" : 13.64,
    "dma200" : 15.10,
    "volume" : 148689.00
  }, {
    "date" : "2025-05-29",
    "price" : 13.19,
    "dma50" : 13.00,
    "dma100" : 13.60,
    "dma200" : 15.08,
    "volume" : 172437.00
  }, {
    "date" : "2025-05-30",
    "price" : 13.26,
    "dma50" : 13.01,
    "dma100" : 13.56,
    "dma200" : 15.06,
    "volume" : 165379.00
  }, {
    "date" : "2025-06-02",
    "price" : 13.28,
    "dma50" : 13.02,
    "dma100" : 13.52,
    "dma200" : 15.05,
    "volume" : 239943.00
  }, {
    "date" : "2025-06-03",
    "price" : 13.34,
    "dma50" : 13.03,
    "dma100" : 13.49,
    "dma200" : 15.03,
    "volume" : 344151.00
  }, {
    "date" : "2025-06-04",
    "price" : 13.07,
    "dma50" : 13.03,
    "dma100" : 13.45,
    "dma200" : 15.01,
    "volume" : 303987.00
  }, {
    "date" : "2025-06-05",
    "price" : 13.01,
    "dma50" : 13.03,
    "dma100" : 13.42,
    "dma200" : 14.99,
    "volume" : 264945.00
  }, {
    "date" : "2025-06-06",
    "price" : 13.02,
    "dma50" : 13.03,
    "dma100" : 13.39,
    "dma200" : 14.97,
    "volume" : 280285.00
  }, {
    "date" : "2025-06-09",
    "price" : 13.97,
    "dma50" : 13.07,
    "dma100" : 13.37,
    "dma200" : 14.96,
    "volume" : 954622.00
  }, {
    "date" : "2025-06-10",
    "price" : 14.20,
    "dma50" : 13.11,
    "dma100" : 13.36,
    "dma200" : 14.95,
    "volume" : 1023030.00
  }, {
    "date" : "2025-06-11",
    "price" : 14.37,
    "dma50" : 13.16,
    "dma100" : 13.35,
    "dma200" : 14.95,
    "volume" : 1897270.00
  }, {
    "date" : "2025-06-12",
    "price" : 13.94,
    "dma50" : 13.19,
    "dma100" : 13.33,
    "dma200" : 14.94,
    "volume" : 454511.00
  }, {
    "date" : "2025-06-13",
    "price" : 13.61,
    "dma50" : 13.21,
    "dma100" : 13.30,
    "dma200" : 14.92,
    "volume" : 310600.00
  }, {
    "date" : "2025-06-16",
    "price" : 13.41,
    "dma50" : 13.22,
    "dma100" : 13.28,
    "dma200" : 14.91,
    "volume" : 296772.00
  }, {
    "date" : "2025-06-17",
    "price" : 13.67,
    "dma50" : 13.24,
    "dma100" : 13.25,
    "dma200" : 14.90,
    "volume" : 510348.00
  }, {
    "date" : "2025-06-18",
    "price" : 13.34,
    "dma50" : 13.24,
    "dma100" : 13.23,
    "dma200" : 14.88,
    "volume" : 306706.00
  }, {
    "date" : "2025-06-19",
    "price" : 12.93,
    "dma50" : 13.23,
    "dma100" : 13.19,
    "dma200" : 14.86,
    "volume" : 363207.00
  }, {
    "date" : "2025-06-20",
    "price" : 12.99,
    "dma50" : 13.22,
    "dma100" : 13.17,
    "dma200" : 14.84,
    "volume" : 301272.00
  }, {
    "date" : "2025-06-23",
    "price" : 12.89,
    "dma50" : 13.21,
    "dma100" : 13.14,
    "dma200" : 14.82,
    "volume" : 402496.00
  }, {
    "date" : "2025-06-24",
    "price" : 12.96,
    "dma50" : 13.20,
    "dma100" : 13.11,
    "dma200" : 14.80,
    "volume" : 326408.00
  }, {
    "date" : "2025-06-25",
    "price" : 13.38,
    "dma50" : 13.20,
    "dma100" : 13.10,
    "dma200" : 14.79,
    "volume" : 340266.00
  }, {
    "date" : "2025-06-26",
    "price" : 13.28,
    "dma50" : 13.21,
    "dma100" : 13.09,
    "dma200" : 14.78,
    "volume" : 234100.00
  }, {
    "date" : "2025-06-27",
    "price" : 13.28,
    "dma50" : 13.21,
    "dma100" : 13.07,
    "dma200" : 14.76,
    "volume" : 227775.00
  }, {
    "date" : "2025-06-30",
    "price" : 13.25,
    "dma50" : 13.21,
    "dma100" : 13.05,
    "dma200" : 14.75,
    "volume" : 427901.00
  }, {
    "date" : "2025-07-01",
    "price" : 13.42,
    "dma50" : 13.22,
    "dma100" : 13.03,
    "dma200" : 14.73,
    "volume" : 209588.00
  }, {
    "date" : "2025-07-02",
    "price" : 13.16,
    "dma50" : 13.22,
    "dma100" : 13.01,
    "dma200" : 14.72,
    "volume" : 266555.00
  }, {
    "date" : "2025-07-03",
    "price" : 13.03,
    "dma50" : 13.21,
    "dma100" : 12.99,
    "dma200" : 14.70,
    "volume" : 353059.00
  }, {
    "date" : "2025-07-04",
    "price" : 13.30,
    "dma50" : 13.21,
    "dma100" : 12.97,
    "dma200" : 14.69,
    "volume" : 339828.00
  }, {
    "date" : "2025-07-07",
    "price" : 13.88,
    "dma50" : 13.24,
    "dma100" : 12.96,
    "dma200" : 14.68,
    "volume" : 590820.00
  }, {
    "date" : "2025-07-08",
    "price" : 14.35,
    "dma50" : 13.28,
    "dma100" : 12.95,
    "dma200" : 14.67,
    "volume" : 987515.00
  }, {
    "date" : "2025-07-09",
    "price" : 14.08,
    "dma50" : 13.31,
    "dma100" : 12.94,
    "dma200" : 14.67,
    "volume" : 291751.00
  }, {
    "date" : "2025-07-10",
    "price" : 14.18,
    "dma50" : 13.35,
    "dma100" : 12.94,
    "dma200" : 14.66,
    "volume" : 593392.00
  }, {
    "date" : "2025-07-11",
    "price" : 13.93,
    "dma50" : 13.37,
    "dma100" : 12.93,
    "dma200" : 14.66,
    "volume" : 401366.00
  }, {
    "date" : "2025-07-14",
    "price" : 13.96,
    "dma50" : 13.39,
    "dma100" : 12.94,
    "dma200" : 14.65,
    "volume" : 246894.00
  }, {
    "date" : "2025-07-15",
    "price" : 13.84,
    "dma50" : 13.41,
    "dma100" : 12.94,
    "dma200" : 14.64,
    "volume" : 200551.00
  }, {
    "date" : "2025-07-16",
    "price" : 13.96,
    "dma50" : 13.43,
    "dma100" : 12.93,
    "dma200" : 14.63,
    "volume" : 196039.00
  }, {
    "date" : "2025-07-17",
    "price" : 13.92,
    "dma50" : 13.45,
    "dma100" : 12.94,
    "dma200" : 14.63,
    "volume" : 184127.00
  }, {
    "date" : "2025-07-18",
    "price" : 13.73,
    "dma50" : 13.46,
    "dma100" : 12.93,
    "dma200" : 14.62,
    "volume" : 148152.00
  }, {
    "date" : "2025-07-21",
    "price" : 13.58,
    "dma50" : 13.47,
    "dma100" : 12.93,
    "dma200" : 14.61,
    "volume" : 152509.00
  }, {
    "date" : "2025-07-22",
    "price" : 13.34,
    "dma50" : 13.46,
    "dma100" : 12.92,
    "dma200" : 14.60,
    "volume" : 195678.00
  }, {
    "date" : "2025-07-23",
    "price" : 13.09,
    "dma50" : 13.45,
    "dma100" : 12.92,
    "dma200" : 14.58,
    "volume" : 309849.00
  }, {
    "date" : "2025-07-24",
    "price" : 13.08,
    "dma50" : 13.43,
    "dma100" : 12.91,
    "dma200" : 14.57,
    "volume" : 219016.00
  }, {
    "date" : "2025-07-25",
    "price" : 12.96,
    "dma50" : 13.41,
    "dma100" : 12.91,
    "dma200" : 14.55,
    "volume" : 149420.00
  }, {
    "date" : "2025-07-28",
    "price" : 12.77,
    "dma50" : 13.39,
    "dma100" : 12.91,
    "dma200" : 14.53,
    "volume" : 140895.00
  }, {
    "date" : "2025-07-29",
    "price" : 12.83,
    "dma50" : 13.37,
    "dma100" : 12.92,
    "dma200" : 14.52,
    "volume" : 109285.00
  }, {
    "date" : "2025-07-30",
    "price" : 12.69,
    "dma50" : 13.34,
    "dma100" : 12.93,
    "dma200" : 14.50,
    "volume" : 92354.00
  }, {
    "date" : "2025-07-31",
    "price" : 12.74,
    "dma50" : 13.32,
    "dma100" : 12.93,
    "dma200" : 14.48,
    "volume" : 101342.00
  }, {
    "date" : "2025-08-01",
    "price" : 12.76,
    "dma50" : 13.30,
    "dma100" : 12.94,
    "dma200" : 14.46,
    "volume" : 130089.00
  }, {
    "date" : "2025-08-04",
    "price" : 12.57,
    "dma50" : 13.27,
    "dma100" : 12.94,
    "dma200" : 14.44,
    "volume" : 110384.00
  }, {
    "date" : "2025-08-05",
    "price" : 12.20,
    "dma50" : 13.23,
    "dma100" : 12.94,
    "dma200" : 14.42,
    "volume" : 196273.00
  }, {
    "date" : "2025-08-06",
    "price" : 12.13,
    "dma50" : 13.18,
    "dma100" : 12.94,
    "dma200" : 14.40,
    "volume" : 62401.00
  }, {
    "date" : "2025-08-07",
    "price" : 11.97,
    "dma50" : 13.13,
    "dma100" : 12.94,
    "dma200" : 14.37,
    "volume" : 129371.00
  }, {
    "date" : "2025-08-08",
    "price" : 11.73,
    "dma50" : 13.08,
    "dma100" : 12.95,
    "dma200" : 14.35,
    "volume" : 139468.00
  }, {
    "date" : "2025-08-11",
    "price" : 11.94,
    "dma50" : 13.03,
    "dma100" : 12.96,
    "dma200" : 14.32,
    "volume" : 90116.00
  }, {
    "date" : "2025-08-12",
    "price" : 12.11,
    "dma50" : 13.00,
    "dma100" : 12.97,
    "dma200" : 14.30,
    "volume" : 83155.00
  }, {
    "date" : "2025-08-13",
    "price" : 12.16,
    "dma50" : 12.97,
    "dma100" : 12.97,
    "dma200" : 14.28,
    "volume" : 64349.00
  }, {
    "date" : "2025-08-14",
    "price" : 12.25,
    "dma50" : 12.94,
    "dma100" : 12.97,
    "dma200" : 14.26,
    "volume" : 79481.00
  }, {
    "date" : "2025-08-18",
    "price" : 12.52,
    "dma50" : 12.92,
    "dma100" : 12.97,
    "dma200" : 14.24,
    "volume" : 86724.00
  }, {
    "date" : "2025-08-19",
    "price" : 12.42,
    "dma50" : 12.90,
    "dma100" : 12.97,
    "dma200" : 14.23,
    "volume" : 102469.00
  }, {
    "date" : "2025-08-20",
    "price" : 12.50,
    "dma50" : 12.89,
    "dma100" : 12.97,
    "dma200" : 14.21,
    "volume" : 79375.00
  }, {
    "date" : "2025-08-21",
    "price" : 12.53,
    "dma50" : 12.87,
    "dma100" : 12.98,
    "dma200" : 14.19,
    "volume" : 67158.00
  }, {
    "date" : "2025-08-22",
    "price" : 12.34,
    "dma50" : 12.85,
    "dma100" : 12.99,
    "dma200" : 14.17,
    "volume" : 60273.00
  }, {
    "date" : "2025-08-25",
    "price" : 12.23,
    "dma50" : 12.83,
    "dma100" : 13.00,
    "dma200" : 14.15,
    "volume" : 75194.00
  }, {
    "date" : "2025-08-26",
    "price" : 12.26,
    "dma50" : 12.80,
    "dma100" : 12.99,
    "dma200" : 14.13,
    "volume" : 101421.00
  }, {
    "date" : "2025-08-28",
    "price" : 12.11,
    "dma50" : 12.78,
    "dma100" : 12.99,
    "dma200" : 14.11,
    "volume" : 66521.00
  }, {
    "date" : "2025-08-29",
    "price" : 12.01,
    "dma50" : 12.75,
    "dma100" : 12.99,
    "dma200" : 14.09,
    "volume" : 185125.00
  }, {
    "date" : "2025-09-01",
    "price" : 12.09,
    "dma50" : 12.72,
    "dma100" : 12.98,
    "dma200" : 14.07,
    "volume" : 66649.00
  }, {
    "date" : "2025-09-02",
    "price" : 12.30,
    "dma50" : 12.70,
    "dma100" : 12.99,
    "dma200" : 14.06,
    "volume" : 57472.00
  }, {
    "date" : "2025-09-03",
    "price" : 12.27,
    "dma50" : 12.69,
    "dma100" : 12.98,
    "dma200" : 14.04,
    "volume" : 70641.00
  }, {
    "date" : "2025-09-04",
    "price" : 12.24,
    "dma50" : 12.67,
    "dma100" : 12.98,
    "dma200" : 14.02,
    "volume" : 46201.00
  }, {
    "date" : "2025-09-05",
    "price" : 12.27,
    "dma50" : 12.65,
    "dma100" : 12.98,
    "dma200" : 14.00,
    "volume" : 64263.00
  }, {
    "date" : "2025-09-08",
    "price" : 12.17,
    "dma50" : 12.64,
    "dma100" : 12.97,
    "dma200" : 13.98,
    "volume" : 136234.00
  }, {
    "date" : "2025-09-09",
    "price" : 12.07,
    "dma50" : 12.61,
    "dma100" : 12.96,
    "dma200" : 13.97,
    "volume" : 90787.00
  }, {
    "date" : "2025-09-10",
    "price" : 12.19,
    "dma50" : 12.60,
    "dma100" : 12.96,
    "dma200" : 13.95,
    "volume" : 51827.00
  }, {
    "date" : "2025-09-11",
    "price" : 12.16,
    "dma50" : 12.58,
    "dma100" : 12.94,
    "dma200" : 13.93,
    "volume" : 64906.00
  }, {
    "date" : "2025-09-12",
    "price" : 12.13,
    "dma50" : 12.56,
    "dma100" : 12.93,
    "dma200" : 13.91,
    "volume" : 67440.00
  }, {
    "date" : "2025-09-15",
    "price" : 12.14,
    "dma50" : 12.55,
    "dma100" : 12.92,
    "dma200" : 13.89,
    "volume" : 96780.00
  }, {
    "date" : "2025-09-16",
    "price" : 12.17,
    "dma50" : 12.53,
    "dma100" : 12.91,
    "dma200" : 13.88,
    "volume" : 150204.00
  }, {
    "date" : "2025-09-17",
    "price" : 12.24,
    "dma50" : 12.52,
    "dma100" : 12.90,
    "dma200" : 13.86,
    "volume" : 124305.00
  }, {
    "date" : "2025-09-18",
    "price" : 13.00,
    "dma50" : 12.54,
    "dma100" : 12.91,
    "dma200" : 13.85,
    "volume" : 752330.00
  }, {
    "date" : "2025-09-19",
    "price" : 12.81,
    "dma50" : 12.55,
    "dma100" : 12.91,
    "dma200" : 13.84,
    "volume" : 167299.00
  }, {
    "date" : "2025-09-22",
    "price" : 12.67,
    "dma50" : 12.55,
    "dma100" : 12.91,
    "dma200" : 13.83,
    "volume" : 284818.00
  }, {
    "date" : "2025-09-23",
    "price" : 12.56,
    "dma50" : 12.55,
    "dma100" : 12.90,
    "dma200" : 13.82,
    "volume" : 105521.00
  }, {
    "date" : "2025-09-24",
    "price" : 12.47,
    "dma50" : 12.55,
    "dma100" : 12.90,
    "dma200" : 13.80,
    "volume" : 235419.00
  }, {
    "date" : "2025-09-25",
    "price" : 12.36,
    "dma50" : 12.54,
    "dma100" : 12.90,
    "dma200" : 13.79,
    "volume" : 75463.00
  }, {
    "date" : "2025-09-26",
    "price" : 12.07,
    "dma50" : 12.52,
    "dma100" : 12.90,
    "dma200" : 13.77,
    "volume" : 110312.00
  }, {
    "date" : "2025-09-29",
    "price" : 12.05,
    "dma50" : 12.51,
    "dma100" : 12.90,
    "dma200" : 13.76,
    "volume" : 291347.00
  }, {
    "date" : "2025-09-30",
    "price" : 12.09,
    "dma50" : 12.49,
    "dma100" : 12.91,
    "dma200" : 13.74,
    "volume" : 111890.00
  }, {
    "date" : "2025-10-01",
    "price" : 12.10,
    "dma50" : 12.47,
    "dma100" : 12.91,
    "dma200" : 13.72,
    "volume" : 202373.00
  }, {
    "date" : "2025-10-03",
    "price" : 12.07,
    "dma50" : 12.46,
    "dma100" : 12.90,
    "dma200" : 13.71,
    "volume" : 114860.00
  }, {
    "date" : "2025-10-06",
    "price" : 12.08,
    "dma50" : 12.44,
    "dma100" : 12.90,
    "dma200" : 13.69,
    "volume" : 69059.00
  }, {
    "date" : "2025-10-07",
    "price" : 12.06,
    "dma50" : 12.43,
    "dma100" : 12.89,
    "dma200" : 13.67,
    "volume" : 69099.00
  }, {
    "date" : "2025-10-08",
    "price" : 12.11,
    "dma50" : 12.42,
    "dma100" : 12.87,
    "dma200" : 13.66,
    "volume" : 90732.00
  }, {
    "date" : "2025-10-09",
    "price" : 12.00,
    "dma50" : 12.40,
    "dma100" : 12.86,
    "dma200" : 13.64,
    "volume" : 133516.00
  }, {
    "date" : "2025-10-10",
    "price" : 11.90,
    "dma50" : 12.38,
    "dma100" : 12.84,
    "dma200" : 13.62,
    "volume" : 272045.00
  }, {
    "date" : "2025-10-13",
    "price" : 11.81,
    "dma50" : 12.36,
    "dma100" : 12.83,
    "dma200" : 13.61,
    "volume" : 122543.00
  }, {
    "date" : "2025-10-14",
    "price" : 11.59,
    "dma50" : 12.33,
    "dma100" : 12.81,
    "dma200" : 13.59,
    "volume" : 119745.00
  }, {
    "date" : "2025-10-15",
    "price" : 11.74,
    "dma50" : 12.30,
    "dma100" : 12.80,
    "dma200" : 13.57,
    "volume" : 100143.00
  }, {
    "date" : "2025-10-16",
    "price" : 11.69,
    "dma50" : 12.28,
    "dma100" : 12.78,
    "dma200" : 13.55,
    "volume" : 70337.00
  }, {
    "date" : "2025-10-17",
    "price" : 11.56,
    "dma50" : 12.25,
    "dma100" : 12.77,
    "dma200" : 13.53,
    "volume" : 126614.00
  }, {
    "date" : "2025-10-20",
    "price" : 11.60,
    "dma50" : 12.23,
    "dma100" : 12.75,
    "dma200" : 13.51,
    "volume" : 97372.00
  }, {
    "date" : "2025-10-21",
    "price" : 11.79,
    "dma50" : 12.21,
    "dma100" : 12.74,
    "dma200" : 13.49,
    "volume" : 53062.00
  }, {
    "date" : "2025-10-23",
    "price" : 11.78,
    "dma50" : 12.19,
    "dma100" : 12.72,
    "dma200" : 13.48,
    "volume" : 80977.00
  }, {
    "date" : "2025-10-24",
    "price" : 11.81,
    "dma50" : 12.18,
    "dma100" : 12.71,
    "dma200" : 13.46,
    "volume" : 128847.00
  }, {
    "date" : "2025-10-27",
    "price" : 11.71,
    "dma50" : 12.16,
    "dma100" : 12.69,
    "dma200" : 13.44,
    "volume" : 102893.00
  }, {
    "date" : "2025-10-28",
    "price" : 11.67,
    "dma50" : 12.14,
    "dma100" : 12.68,
    "dma200" : 13.42,
    "volume" : 109280.00
  }, {
    "date" : "2025-10-29",
    "price" : 11.76,
    "dma50" : 12.13,
    "dma100" : 12.66,
    "dma200" : 13.41,
    "volume" : 112335.00
  }, {
    "date" : "2025-10-30",
    "price" : 11.87,
    "dma50" : 12.12,
    "dma100" : 12.65,
    "dma200" : 13.39,
    "volume" : 118503.00
  }, {
    "date" : "2025-10-31",
    "price" : 11.83,
    "dma50" : 12.10,
    "dma100" : 12.63,
    "dma200" : 13.38,
    "volume" : 111110.00
  }, {
    "date" : "2025-11-03",
    "price" : 11.79,
    "dma50" : 12.09,
    "dma100" : 12.61,
    "dma200" : 13.36,
    "volume" : 69971.00
  }, {
    "date" : "2025-11-04",
    "price" : 11.73,
    "dma50" : 12.08,
    "dma100" : 12.58,
    "dma200" : 13.35,
    "volume" : 127740.00
  }, {
    "date" : "2025-11-06",
    "price" : 11.55,
    "dma50" : 12.06,
    "dma100" : 12.56,
    "dma200" : 13.33,
    "volume" : 132141.00
  }, {
    "date" : "2025-11-07",
    "price" : 11.42,
    "dma50" : 12.03,
    "dma100" : 12.53,
    "dma200" : 13.31,
    "volume" : 118663.00
  }, {
    "date" : "2025-11-10",
    "price" : 11.42,
    "dma50" : 12.01,
    "dma100" : 12.51,
    "dma200" : 13.29,
    "volume" : 105221.00
  }, {
    "date" : "2025-11-11",
    "price" : 11.33,
    "dma50" : 11.98,
    "dma100" : 12.49,
    "dma200" : 13.27,
    "volume" : 108212.00
  }, {
    "date" : "2025-11-12",
    "price" : 11.30,
    "dma50" : 11.95,
    "dma100" : 12.47,
    "dma200" : 13.25,
    "volume" : 85838.00
  }, {
    "date" : "2025-11-13",
    "price" : 11.20,
    "dma50" : 11.93,
    "dma100" : 12.45,
    "dma200" : 13.23,
    "volume" : 129330.00
  }, {
    "date" : "2025-11-14",
    "price" : 11.21,
    "dma50" : 11.90,
    "dma100" : 12.44,
    "dma200" : 13.21,
    "volume" : 50579.00
  }, {
    "date" : "2025-11-17",
    "price" : 11.11,
    "dma50" : 11.87,
    "dma100" : 12.42,
    "dma200" : 13.19,
    "volume" : 141855.00
  }, {
    "date" : "2025-11-18",
    "price" : 11.14,
    "dma50" : 11.84,
    "dma100" : 12.40,
    "dma200" : 13.17,
    "volume" : 100099.00
  }, {
    "date" : "2025-11-19",
    "price" : 11.00,
    "dma50" : 11.80,
    "dma100" : 12.38,
    "dma200" : 13.15,
    "volume" : 102697.00
  }, {
    "date" : "2025-11-20",
    "price" : 10.94,
    "dma50" : 11.77,
    "dma100" : 12.35,
    "dma200" : 13.13,
    "volume" : 98983.00
  }, {
    "date" : "2025-11-21",
    "price" : 10.87,
    "dma50" : 11.74,
    "dma100" : 12.33,
    "dma200" : 13.10,
    "volume" : 112263.00
  }, {
    "date" : "2025-11-24",
    "price" : 10.64,
    "dma50" : 11.69,
    "dma100" : 12.30,
    "dma200" : 13.08,
    "volume" : 101313.00
  }, {
    "date" : "2025-11-25",
    "price" : 10.57,
    "dma50" : 11.65,
    "dma100" : 12.27,
    "dma200" : 13.05,
    "volume" : 68325.00
  }, {
    "date" : "2025-11-26",
    "price" : 10.59,
    "dma50" : 11.61,
    "dma100" : 12.25,
    "dma200" : 13.03,
    "volume" : 67305.00
  } ],
  "latestTechnicalAttributes" : {
    "date" : "2025-11-26",
    "price" : 10.59,
    "dma50" : 11.61,
    "dma100" : 12.25,
    "dma200" : 13.03,
    "volume" : 67305.00
  },
  "quarterlyResults" : [ {
    "date" : "2005-03-31",
    "sales" : 68.58,
    "salesGrowthYoY" : null,
    "grossProfitMargin" : 15.11,
    "grossProfit" : 10.36,
    "operatingProfitMargin" : 1.68,
    "operatingProfit" : 1.15,
    "netProfitMargin" : 2.26,
    "netProfit" : 1.55
  }, {
    "date" : "2005-06-30",
    "sales" : 67.21,
    "salesGrowthYoY" : null,
    "grossProfitMargin" : 14.19,
    "grossProfit" : 9.54,
    "operatingProfitMargin" : 2.80,
    "operatingProfit" : 1.88,
    "netProfitMargin" : 1.65,
    "netProfit" : 1.11
  }, {
    "date" : "2005-09-30",
    "sales" : 67.23,
    "salesGrowthYoY" : null,
    "grossProfitMargin" : 14.70,
    "grossProfit" : 9.88,
    "operatingProfitMargin" : 1.78,
    "operatingProfit" : 1.20,
    "netProfitMargin" : -0.27,
    "netProfit" : -0.18
  }, {
    "date" : "2005-12-31",
    "sales" : 69.38,
    "salesGrowthYoY" : null,
    "grossProfitMargin" : 14.90,
    "grossProfit" : 10.34,
    "operatingProfitMargin" : 2.06,
    "operatingProfit" : 1.43,
    "netProfitMargin" : 1.04,
    "netProfit" : 0.72
  }, {
    "date" : "2006-03-31",
    "sales" : 95.10,
    "salesGrowthYoY" : 38.67,
    "grossProfitMargin" : 18.69,
    "grossProfit" : 17.77,
    "operatingProfitMargin" : 8.64,
    "operatingProfit" : 8.22,
    "netProfitMargin" : 7.40,
    "netProfit" : 7.04
  }, {
    "date" : "2006-06-30",
    "sales" : 77.79,
    "salesGrowthYoY" : 15.74,
    "grossProfitMargin" : 16.03,
    "grossProfit" : 12.47,
    "operatingProfitMargin" : 4.23,
    "operatingProfit" : 3.29,
    "netProfitMargin" : 2.88,
    "netProfit" : 2.24
  }, {
    "date" : "2006-09-30",
    "sales" : 79.06,
    "salesGrowthYoY" : 17.60,
    "grossProfitMargin" : 14.60,
    "grossProfit" : 11.54,
    "operatingProfitMargin" : 1.58,
    "operatingProfit" : 1.25,
    "netProfitMargin" : 0.56,
    "netProfit" : 0.44
  }, {
    "date" : "2006-12-31",
    "sales" : 77.07,
    "salesGrowthYoY" : 11.08,
    "grossProfitMargin" : 17.05,
    "grossProfit" : 13.14,
    "operatingProfitMargin" : 4.17,
    "operatingProfit" : 3.21,
    "netProfitMargin" : 3.79,
    "netProfit" : 2.92
  }, {
    "date" : "2007-03-31",
    "sales" : 85.52,
    "salesGrowthYoY" : -10.07,
    "grossProfitMargin" : 12.52,
    "grossProfit" : 10.71,
    "operatingProfitMargin" : 1.09,
    "operatingProfit" : 0.93,
    "netProfitMargin" : 1.13,
    "netProfit" : 0.97
  }, {
    "date" : "2007-06-30",
    "sales" : 81.90,
    "salesGrowthYoY" : 5.28,
    "grossProfitMargin" : 15.37,
    "grossProfit" : 12.59,
    "operatingProfitMargin" : 4.26,
    "operatingProfit" : 3.49,
    "netProfitMargin" : 2.55,
    "netProfit" : 2.09
  }, {
    "date" : "2007-09-30",
    "sales" : 87.27,
    "salesGrowthYoY" : 10.38,
    "grossProfitMargin" : 16.68,
    "grossProfit" : 14.56,
    "operatingProfitMargin" : 5.33,
    "operatingProfit" : 4.65,
    "netProfitMargin" : 3.25,
    "netProfit" : 2.84
  }, {
    "date" : "2007-12-31",
    "sales" : 73.42,
    "salesGrowthYoY" : -4.74,
    "grossProfitMargin" : 6.70,
    "grossProfit" : 4.92,
    "operatingProfitMargin" : -7.18,
    "operatingProfit" : -5.27,
    "netProfitMargin" : -8.29,
    "netProfit" : -6.09
  }, {
    "date" : "2008-03-31",
    "sales" : 74.19,
    "salesGrowthYoY" : -13.25,
    "grossProfitMargin" : 20.89,
    "grossProfit" : 15.50,
    "operatingProfitMargin" : 7.36,
    "operatingProfit" : 5.46,
    "netProfitMargin" : 4.54,
    "netProfit" : 3.37
  }, {
    "date" : "2008-06-30",
    "sales" : 82.98,
    "salesGrowthYoY" : 1.32,
    "grossProfitMargin" : 15.08,
    "grossProfit" : 12.51,
    "operatingProfitMargin" : 2.99,
    "operatingProfit" : 2.48,
    "netProfitMargin" : 0.98,
    "netProfit" : 0.81
  }, {
    "date" : "2008-09-30",
    "sales" : 88.99,
    "salesGrowthYoY" : 1.97,
    "grossProfitMargin" : 16.22,
    "grossProfit" : 14.43,
    "operatingProfitMargin" : 3.80,
    "operatingProfit" : 3.38,
    "netProfitMargin" : 1.02,
    "netProfit" : 0.91
  }, {
    "date" : "2008-12-31",
    "sales" : 88.05,
    "salesGrowthYoY" : 19.93,
    "grossProfitMargin" : 19.49,
    "grossProfit" : 17.16,
    "operatingProfitMargin" : 7.04,
    "operatingProfit" : 6.20,
    "netProfitMargin" : 3.88,
    "netProfit" : 3.42
  }, {
    "date" : "2009-03-31",
    "sales" : 83.85,
    "salesGrowthYoY" : 13.02,
    "grossProfitMargin" : 15.92,
    "grossProfit" : 13.35,
    "operatingProfitMargin" : 2.49,
    "operatingProfit" : 2.09,
    "netProfitMargin" : 1.77,
    "netProfit" : 1.48
  }, {
    "date" : "2009-06-30",
    "sales" : 96.10,
    "salesGrowthYoY" : 15.81,
    "grossProfitMargin" : 13.25,
    "grossProfit" : 12.73,
    "operatingProfitMargin" : 1.87,
    "operatingProfit" : 1.80,
    "netProfitMargin" : 0.12,
    "netProfit" : 0.12
  }, {
    "date" : "2009-09-30",
    "sales" : 108.04,
    "salesGrowthYoY" : 21.41,
    "grossProfitMargin" : 19.53,
    "grossProfit" : 21.10,
    "operatingProfitMargin" : 7.50,
    "operatingProfit" : 8.10,
    "netProfitMargin" : 4.35,
    "netProfit" : 4.70
  }, {
    "date" : "2009-12-31",
    "sales" : 103.46,
    "salesGrowthYoY" : 17.50,
    "grossProfitMargin" : 16.47,
    "grossProfit" : 17.04,
    "operatingProfitMargin" : 4.01,
    "operatingProfit" : 4.15,
    "netProfitMargin" : 2.06,
    "netProfit" : 2.13
  }, {
    "date" : "2010-03-31",
    "sales" : 104.27,
    "salesGrowthYoY" : 24.35,
    "grossProfitMargin" : 17.23,
    "grossProfit" : 17.97,
    "operatingProfitMargin" : 1.87,
    "operatingProfit" : 1.95,
    "netProfitMargin" : 1.96,
    "netProfit" : 2.04
  }, {
    "date" : "2010-06-30",
    "sales" : 100.10,
    "salesGrowthYoY" : 4.16,
    "grossProfitMargin" : 18.11,
    "grossProfit" : 18.13,
    "operatingProfitMargin" : 6.58,
    "operatingProfit" : 6.59,
    "netProfitMargin" : 3.62,
    "netProfit" : 3.62
  }, {
    "date" : "2010-09-30",
    "sales" : 110.11,
    "salesGrowthYoY" : 1.92,
    "grossProfitMargin" : 16.27,
    "grossProfit" : 17.91,
    "operatingProfitMargin" : 5.36,
    "operatingProfit" : 5.90,
    "netProfitMargin" : 2.70,
    "netProfit" : 2.97
  }, {
    "date" : "2010-12-31",
    "sales" : 101.70,
    "salesGrowthYoY" : -1.70,
    "grossProfitMargin" : 17.88,
    "grossProfit" : 18.18,
    "operatingProfitMargin" : 5.22,
    "operatingProfit" : 5.31,
    "netProfitMargin" : 2.65,
    "netProfit" : 2.70
  }, {
    "date" : "2011-03-31",
    "sales" : 96.86,
    "salesGrowthYoY" : -7.11,
    "grossProfitMargin" : 17.61,
    "grossProfit" : 17.06,
    "operatingProfitMargin" : -6.93,
    "operatingProfit" : -6.71,
    "netProfitMargin" : -3.81,
    "netProfit" : -3.69
  }, {
    "date" : "2011-06-30",
    "sales" : 152.99,
    "salesGrowthYoY" : 52.84,
    "grossProfitMargin" : 13.81,
    "grossProfit" : 21.13,
    "operatingProfitMargin" : 5.41,
    "operatingProfit" : 8.28,
    "netProfitMargin" : 2.48,
    "netProfit" : 3.79
  }, {
    "date" : "2011-09-30",
    "sales" : 131.14,
    "salesGrowthYoY" : 19.10,
    "grossProfitMargin" : 17.31,
    "grossProfit" : 22.70,
    "operatingProfitMargin" : 6.54,
    "operatingProfit" : 8.58,
    "netProfitMargin" : 2.39,
    "netProfit" : 3.13
  }, {
    "date" : "2011-12-31",
    "sales" : 126.28,
    "salesGrowthYoY" : 24.17,
    "grossProfitMargin" : 17.95,
    "grossProfit" : 22.67,
    "operatingProfitMargin" : 6.52,
    "operatingProfit" : 8.23,
    "netProfitMargin" : 2.15,
    "netProfit" : 2.72
  }, {
    "date" : "2012-03-31",
    "sales" : 131.05,
    "salesGrowthYoY" : 35.30,
    "grossProfitMargin" : 18.06,
    "grossProfit" : 23.67,
    "operatingProfitMargin" : 5.21,
    "operatingProfit" : 6.83,
    "netProfitMargin" : 1.65,
    "netProfit" : 2.16
  }, {
    "date" : "2012-06-30",
    "sales" : 144.35,
    "salesGrowthYoY" : -5.65,
    "grossProfitMargin" : 16.08,
    "grossProfit" : 23.21,
    "operatingProfitMargin" : 6.96,
    "operatingProfit" : 10.05,
    "netProfitMargin" : 2.53,
    "netProfit" : 3.65
  }, {
    "date" : "2012-09-30",
    "sales" : 151.32,
    "salesGrowthYoY" : 15.39,
    "grossProfitMargin" : 17.72,
    "grossProfit" : 26.81,
    "operatingProfitMargin" : 6.28,
    "operatingProfit" : 9.50,
    "netProfitMargin" : 1.56,
    "netProfit" : 2.36
  }, {
    "date" : "2012-12-31",
    "sales" : 140.81,
    "salesGrowthYoY" : 11.51,
    "grossProfitMargin" : 19.10,
    "grossProfit" : 26.89,
    "operatingProfitMargin" : 9.56,
    "operatingProfit" : 13.46,
    "netProfitMargin" : 4.55,
    "netProfit" : 6.41
  }, {
    "date" : "2013-03-31",
    "sales" : 213.34,
    "salesGrowthYoY" : 62.79,
    "grossProfitMargin" : 47.86,
    "grossProfit" : 102.10,
    "operatingProfitMargin" : 14.06,
    "operatingProfit" : 30.00,
    "netProfitMargin" : 7.12,
    "netProfit" : 15.19
  }, {
    "date" : "2013-06-30",
    "sales" : 178.10,
    "salesGrowthYoY" : 23.38,
    "grossProfitMargin" : 29.69,
    "grossProfit" : 52.88,
    "operatingProfitMargin" : 9.37,
    "operatingProfit" : 16.69,
    "netProfitMargin" : 2.30,
    "netProfit" : 4.10
  }, {
    "date" : "2013-09-30",
    "sales" : 190.17,
    "salesGrowthYoY" : 25.67,
    "grossProfitMargin" : 98.26,
    "grossProfit" : 186.86,
    "operatingProfitMargin" : 9.14,
    "operatingProfit" : 17.38,
    "netProfitMargin" : 2.31,
    "netProfit" : 4.39
  }, {
    "date" : "2013-12-31",
    "sales" : 156.33,
    "salesGrowthYoY" : 11.02,
    "grossProfitMargin" : 27.76,
    "grossProfit" : 43.40,
    "operatingProfitMargin" : 12.16,
    "operatingProfit" : 19.01,
    "netProfitMargin" : 2.84,
    "netProfit" : 4.44
  }, {
    "date" : "2014-03-31",
    "sales" : 170.18,
    "salesGrowthYoY" : -20.23,
    "grossProfitMargin" : 41.60,
    "grossProfit" : 70.79,
    "operatingProfitMargin" : 22.54,
    "operatingProfit" : 38.36,
    "netProfitMargin" : 9.58,
    "netProfit" : 16.30
  }, {
    "date" : "2014-06-30",
    "sales" : 164.09,
    "salesGrowthYoY" : -7.87,
    "grossProfitMargin" : 31.64,
    "grossProfit" : 51.92,
    "operatingProfitMargin" : 12.69,
    "operatingProfit" : 20.82,
    "netProfitMargin" : 3.49,
    "netProfit" : 5.73
  }, {
    "date" : "2014-09-30",
    "sales" : 165.85,
    "salesGrowthYoY" : -12.79,
    "grossProfitMargin" : 33.43,
    "grossProfit" : 55.44,
    "operatingProfitMargin" : 11.10,
    "operatingProfit" : 18.41,
    "netProfitMargin" : 2.11,
    "netProfit" : 3.50
  }, {
    "date" : "2014-12-31",
    "sales" : 135.86,
    "salesGrowthYoY" : -13.09,
    "grossProfitMargin" : 32.71,
    "grossProfit" : 44.44,
    "operatingProfitMargin" : 15.20,
    "operatingProfit" : 20.65,
    "netProfitMargin" : 2.61,
    "netProfit" : 3.55
  }, {
    "date" : "2015-03-31",
    "sales" : 161.56,
    "salesGrowthYoY" : -5.07,
    "grossProfitMargin" : 39.95,
    "grossProfit" : 64.54,
    "operatingProfitMargin" : 21.38,
    "operatingProfit" : 34.54,
    "netProfitMargin" : 7.06,
    "netProfit" : 11.41
  }, {
    "date" : "2015-06-30",
    "sales" : 152.48,
    "salesGrowthYoY" : -7.08,
    "grossProfitMargin" : 33.26,
    "grossProfit" : 50.71,
    "operatingProfitMargin" : 12.99,
    "operatingProfit" : 19.81,
    "netProfitMargin" : 2.91,
    "netProfit" : 4.44
  }, {
    "date" : "2015-09-30",
    "sales" : 155.42,
    "salesGrowthYoY" : -6.29,
    "grossProfitMargin" : 33.55,
    "grossProfit" : 52.14,
    "operatingProfitMargin" : 13.50,
    "operatingProfit" : 20.98,
    "netProfitMargin" : 2.20,
    "netProfit" : 3.42
  }, {
    "date" : "2015-12-31",
    "sales" : 130.69,
    "salesGrowthYoY" : -3.81,
    "grossProfitMargin" : 27.61,
    "grossProfit" : 36.08,
    "operatingProfitMargin" : 9.23,
    "operatingProfit" : 12.06,
    "netProfitMargin" : 1.35,
    "netProfit" : 1.76
  }, {
    "date" : "2016-03-31",
    "sales" : 123.80,
    "salesGrowthYoY" : -23.37,
    "grossProfitMargin" : 30.41,
    "grossProfit" : 37.65,
    "operatingProfitMargin" : 2.74,
    "operatingProfit" : 3.39,
    "netProfitMargin" : 18.36,
    "netProfit" : 22.73
  }, {
    "date" : "2016-06-30",
    "sales" : 129.38,
    "salesGrowthYoY" : -15.15,
    "grossProfitMargin" : 38.41,
    "grossProfit" : 49.69,
    "operatingProfitMargin" : 14.99,
    "operatingProfit" : 19.39,
    "netProfitMargin" : 3.90,
    "netProfit" : 5.05
  }, {
    "date" : "2016-09-30",
    "sales" : 125.24,
    "salesGrowthYoY" : -19.42,
    "grossProfitMargin" : 50.08,
    "grossProfit" : 62.72,
    "operatingProfitMargin" : 9.33,
    "operatingProfit" : 11.68,
    "netProfitMargin" : 2.20,
    "netProfit" : 2.76
  }, {
    "date" : "2016-12-31",
    "sales" : 103.67,
    "salesGrowthYoY" : -20.67,
    "grossProfitMargin" : 47.69,
    "grossProfit" : 49.44,
    "operatingProfitMargin" : 10.35,
    "operatingProfit" : 10.73,
    "netProfitMargin" : 3.16,
    "netProfit" : 3.28
  }, {
    "date" : "2017-03-31",
    "sales" : 91.92,
    "salesGrowthYoY" : -25.75,
    "grossProfitMargin" : 47.49,
    "grossProfit" : 43.65,
    "operatingProfitMargin" : 20.87,
    "operatingProfit" : 19.18,
    "netProfitMargin" : -2.31,
    "netProfit" : -2.12
  }, {
    "date" : "2017-06-30",
    "sales" : 116.71,
    "salesGrowthYoY" : -9.79,
    "grossProfitMargin" : 50.12,
    "grossProfit" : 58.50,
    "operatingProfitMargin" : 23.07,
    "operatingProfit" : 26.92,
    "netProfitMargin" : 5.42,
    "netProfit" : 6.33
  }, {
    "date" : "2017-09-30",
    "sales" : 98.90,
    "salesGrowthYoY" : -21.03,
    "grossProfitMargin" : 35.98,
    "grossProfit" : 35.58,
    "operatingProfitMargin" : 15.36,
    "operatingProfit" : 15.19,
    "netProfitMargin" : 3.52,
    "netProfit" : 3.48
  }, {
    "date" : "2017-12-31",
    "sales" : 103.50,
    "salesGrowthYoY" : -0.16,
    "grossProfitMargin" : 29.26,
    "grossProfit" : 30.28,
    "operatingProfitMargin" : 9.17,
    "operatingProfit" : 9.49,
    "netProfitMargin" : 0.55,
    "netProfit" : 0.57
  }, {
    "date" : "2018-03-31",
    "sales" : 162.00,
    "salesGrowthYoY" : 76.24,
    "grossProfitMargin" : 54.25,
    "grossProfit" : 87.89,
    "operatingProfitMargin" : 22.80,
    "operatingProfit" : 36.94,
    "netProfitMargin" : 6.77,
    "netProfit" : 10.97
  }, {
    "date" : "2018-06-30",
    "sales" : 146.63,
    "salesGrowthYoY" : 25.64,
    "grossProfitMargin" : 42.84,
    "grossProfit" : 62.82,
    "operatingProfitMargin" : 18.67,
    "operatingProfit" : 27.38,
    "netProfitMargin" : 3.49,
    "netProfit" : 5.12
  }, {
    "date" : "2018-09-30",
    "sales" : 134.23,
    "salesGrowthYoY" : 35.72,
    "grossProfitMargin" : 32.72,
    "grossProfit" : 43.92,
    "operatingProfitMargin" : 8.79,
    "operatingProfit" : 11.80,
    "netProfitMargin" : 2.50,
    "netProfit" : 3.36
  }, {
    "date" : "2018-12-31",
    "sales" : 124.48,
    "salesGrowthYoY" : 20.27,
    "grossProfitMargin" : 31.11,
    "grossProfit" : 38.73,
    "operatingProfitMargin" : 13.79,
    "operatingProfit" : 17.17,
    "netProfitMargin" : 1.47,
    "netProfit" : 1.83
  }, {
    "date" : "2019-03-31",
    "sales" : 117.96,
    "salesGrowthYoY" : -27.19,
    "grossProfitMargin" : 35.13,
    "grossProfit" : 41.44,
    "operatingProfitMargin" : 13.45,
    "operatingProfit" : 15.87,
    "netProfitMargin" : 7.12,
    "netProfit" : 8.40
  }, {
    "date" : "2019-06-30",
    "sales" : 113.90,
    "salesGrowthYoY" : -22.32,
    "grossProfitMargin" : 23.03,
    "grossProfit" : 26.23,
    "operatingProfitMargin" : 4.45,
    "operatingProfit" : 5.07,
    "netProfitMargin" : 1.86,
    "netProfit" : 2.12
  }, {
    "date" : "2019-09-30",
    "sales" : 117.92,
    "salesGrowthYoY" : -12.15,
    "grossProfitMargin" : 33.74,
    "grossProfit" : 39.79,
    "operatingProfitMargin" : 12.91,
    "operatingProfit" : 15.22,
    "netProfitMargin" : 5.75,
    "netProfit" : 6.78
  }, {
    "date" : "2019-12-31",
    "sales" : 121.21,
    "salesGrowthYoY" : -2.63,
    "grossProfitMargin" : 26.65,
    "grossProfit" : 32.30,
    "operatingProfitMargin" : 10.40,
    "operatingProfit" : 12.61,
    "netProfitMargin" : 4.65,
    "netProfit" : 5.64
  }, {
    "date" : "2020-03-31",
    "sales" : 128.09,
    "salesGrowthYoY" : 8.59,
    "grossProfitMargin" : 34.62,
    "grossProfit" : 44.34,
    "operatingProfitMargin" : 14.69,
    "operatingProfit" : 18.82,
    "netProfitMargin" : 1.68,
    "netProfit" : 2.15
  }, {
    "date" : "2020-06-30",
    "sales" : 90.58,
    "salesGrowthYoY" : -20.47,
    "grossProfitMargin" : 46.65,
    "grossProfit" : 42.26,
    "operatingProfitMargin" : 19.36,
    "operatingProfit" : 17.54,
    "netProfitMargin" : 2.63,
    "netProfit" : 2.38
  }, {
    "date" : "2020-09-30",
    "sales" : 128.04,
    "salesGrowthYoY" : 8.58,
    "grossProfitMargin" : 31.37,
    "grossProfit" : 40.17,
    "operatingProfitMargin" : 15.24,
    "operatingProfit" : 19.51,
    "netProfitMargin" : 2.87,
    "netProfit" : 3.67
  }, {
    "date" : "2020-12-31",
    "sales" : 140.93,
    "salesGrowthYoY" : 16.27,
    "grossProfitMargin" : 32.24,
    "grossProfit" : 45.44,
    "operatingProfitMargin" : 13.36,
    "operatingProfit" : 18.83,
    "netProfitMargin" : 12.33,
    "netProfit" : 17.38
  }, {
    "date" : "2021-03-31",
    "sales" : 140.20,
    "salesGrowthYoY" : 9.45,
    "grossProfitMargin" : 31.21,
    "grossProfit" : 43.76,
    "operatingProfitMargin" : 9.64,
    "operatingProfit" : 13.52,
    "netProfitMargin" : 2.30,
    "netProfit" : 3.22
  }, {
    "date" : "2021-06-30",
    "sales" : 117.80,
    "salesGrowthYoY" : 30.05,
    "grossProfitMargin" : 26.51,
    "grossProfit" : 31.23,
    "operatingProfitMargin" : 5.93,
    "operatingProfit" : 6.99,
    "netProfitMargin" : 2.65,
    "netProfit" : 3.12
  }, {
    "date" : "2021-09-30",
    "sales" : 138.47,
    "salesGrowthYoY" : 8.15,
    "grossProfitMargin" : 26.46,
    "grossProfit" : 36.64,
    "operatingProfitMargin" : 9.71,
    "operatingProfit" : 13.45,
    "netProfitMargin" : 1.13,
    "netProfit" : 1.56
  }, {
    "date" : "2021-12-31",
    "sales" : 147.23,
    "salesGrowthYoY" : 4.47,
    "grossProfitMargin" : 10.96,
    "grossProfit" : 16.14,
    "operatingProfitMargin" : -5.28,
    "operatingProfit" : -7.77,
    "netProfitMargin" : 0.87,
    "netProfit" : 1.28
  }, {
    "date" : "2022-03-31",
    "sales" : 156.54,
    "salesGrowthYoY" : 11.65,
    "grossProfitMargin" : 10.89,
    "grossProfit" : 17.05,
    "operatingProfitMargin" : -5.44,
    "operatingProfit" : -8.52,
    "netProfitMargin" : 6.51,
    "netProfit" : 10.19
  }, {
    "date" : "2022-06-30",
    "sales" : 143.71,
    "salesGrowthYoY" : 21.99,
    "grossProfitMargin" : 7.36,
    "grossProfit" : 10.58,
    "operatingProfitMargin" : -8.92,
    "operatingProfit" : -12.82,
    "netProfitMargin" : 2.21,
    "netProfit" : 3.18
  }, {
    "date" : "2022-09-30",
    "sales" : 158.27,
    "salesGrowthYoY" : 14.30,
    "grossProfitMargin" : 13.89,
    "grossProfit" : 21.98,
    "operatingProfitMargin" : -1.49,
    "operatingProfit" : -2.36,
    "netProfitMargin" : 2.30,
    "netProfit" : 3.64
  }, {
    "date" : "2022-12-31",
    "sales" : 144.92,
    "salesGrowthYoY" : -1.57,
    "grossProfitMargin" : 18.19,
    "grossProfit" : 26.36,
    "operatingProfitMargin" : 1.97,
    "operatingProfit" : 2.85,
    "netProfitMargin" : 2.42,
    "netProfit" : 3.51
  }, {
    "date" : "2023-03-31",
    "sales" : 152.32,
    "salesGrowthYoY" : -2.70,
    "grossProfitMargin" : 20.56,
    "grossProfit" : 31.32,
    "operatingProfitMargin" : 0.80,
    "operatingProfit" : 1.22,
    "netProfitMargin" : 2.15,
    "netProfit" : 3.27
  }, {
    "date" : "2023-06-30",
    "sales" : 172.18,
    "salesGrowthYoY" : 19.81,
    "grossProfitMargin" : 23.91,
    "grossProfit" : 41.17,
    "operatingProfitMargin" : 8.47,
    "operatingProfit" : 14.58,
    "netProfitMargin" : 1.94,
    "netProfit" : 3.34
  }, {
    "date" : "2023-09-30",
    "sales" : 161.22,
    "salesGrowthYoY" : 1.86,
    "grossProfitMargin" : 22.44,
    "grossProfit" : 36.18,
    "operatingProfitMargin" : 3.99,
    "operatingProfit" : 6.43,
    "netProfitMargin" : 2.33,
    "netProfit" : 3.76
  }, {
    "date" : "2023-12-31",
    "sales" : 135.90,
    "salesGrowthYoY" : -6.22,
    "grossProfitMargin" : 28.09,
    "grossProfit" : 38.17,
    "operatingProfitMargin" : 8.93,
    "operatingProfit" : 12.14,
    "netProfitMargin" : 3.05,
    "netProfit" : 4.14
  }, {
    "date" : "2024-03-31",
    "sales" : 157.71,
    "salesGrowthYoY" : 3.54,
    "grossProfitMargin" : 23.38,
    "grossProfit" : 36.87,
    "operatingProfitMargin" : 3.69,
    "operatingProfit" : 5.82,
    "netProfitMargin" : 2.43,
    "netProfit" : 3.83
  }, {
    "date" : "2024-06-30",
    "sales" : 168.37,
    "salesGrowthYoY" : -2.21,
    "grossProfitMargin" : 22.25,
    "grossProfit" : 37.46,
    "operatingProfitMargin" : 4.62,
    "operatingProfit" : 7.78,
    "netProfitMargin" : 2.32,
    "netProfit" : 3.91
  }, {
    "date" : "2024-09-30",
    "sales" : 149.47,
    "salesGrowthYoY" : -7.29,
    "grossProfitMargin" : 21.25,
    "grossProfit" : 31.76,
    "operatingProfitMargin" : 2.68,
    "operatingProfit" : 4.01,
    "netProfitMargin" : 2.71,
    "netProfit" : 4.05
  }, {
    "date" : "2024-12-31",
    "sales" : 150.12,
    "salesGrowthYoY" : 10.46,
    "grossProfitMargin" : 23.28,
    "grossProfit" : 34.95,
    "operatingProfitMargin" : 5.40,
    "operatingProfit" : 8.11,
    "netProfitMargin" : 2.15,
    "netProfit" : 3.23
  }, {
    "date" : "2025-03-31",
    "sales" : 131.95,
    "salesGrowthYoY" : -16.33,
    "grossProfitMargin" : 16.61,
    "grossProfit" : 21.92,
    "operatingProfitMargin" : -73.44,
    "operatingProfit" : -96.90,
    "netProfitMargin" : -5.27,
    "netProfit" : -6.95
  }, {
    "date" : "2025-06-30",
    "sales" : 158.39,
    "salesGrowthYoY" : -5.93,
    "grossProfitMargin" : 19.81,
    "grossProfit" : 31.38,
    "operatingProfitMargin" : 3.64,
    "operatingProfit" : 5.77,
    "netProfitMargin" : 1.50,
    "netProfit" : 2.38
  }, {
    "date" : "2025-09-30",
    "sales" : 187.45,
    "salesGrowthYoY" : 25.41,
    "grossProfitMargin" : 15.60,
    "grossProfit" : 29.24,
    "operatingProfitMargin" : 3.62,
    "operatingProfit" : 6.79,
    "netProfitMargin" : 2.01,
    "netProfit" : 3.77
  } ],
  "latestQuarterlyResult" : {
    "date" : "2025-09-30",
    "sales" : 187.45,
    "salesGrowthYoY" : 25.41,
    "grossProfitMargin" : 15.60,
    "grossProfit" : 29.24,
    "operatingProfitMargin" : 3.62,
    "operatingProfit" : 6.79,
    "netProfitMargin" : 2.01,
    "netProfit" : 3.77
  },
  "companyScore" : {
    "priceHigherThanDma50" : 0.00,
    "priceHigherThanDma100" : 0.00,
    "priceHigherThanDma200" : 0.00,
    "dma50HigherThanDma100" : 0.00,
    "dma50HigherThanDma200" : 0.00,
    "dma100HigherThanDma200" : 0.00,
    "pricePercentageAboveDma50" : 5.44,
    "pricePercentageAboveDma100" : 5.68,
    "pricePercentageAboveDma200" : 5.94,
    "weeklyVolumeHigherThanYearlyVolume" : 0.00,
    "salesGrowthPercentile" : 17.72,
    "operatingProfitMarginPercentile" : 15.97,
    "netProfitMarginPercentile" : 3.86,
    "totalTechnicalScore" : 17.05,
    "totalFundamentalScore" : 37.56,
    "totalScore" : 54.61
  }
}