{
  "metadata" : {
    "screenerCompanyId" : "865",
    "companyCode" : "DYNAMATECH",
    "companyName" : "Dynamatic Tech.",
    "screenerCompanyLink" : "https://www.screener.in/company/DYNAMATECH/consolidated/",
    "screenerTechnicalHistoryLink" : "https://www.screener.in/api/company/865/chart/?q=Price-DMA50-DMA200-Volume&days=365",
    "screenerQuarterlyResultsLink" : "https://www.screener.in/api/company/865/chart/?q=GPM-OPM-NPM-Quarter+Sales&days=10000",
    "attributes" : {
      "companyCode" : "DYNAMATECH",
      "companyName" : "Dynamatic Tech.",
      "marketCap" : 6882.00,
      "peRatio" : 147.00,
      "description" : "Incorporated in 1973, DTL is into manufacturing of hydraulic gear pumps and automotive turbochargers. They serve clients across Aerospace, automotive and hydraulic industries. DTL has manufacturing facilities in Europe and India serving customers across 6 continents.[1] [2]"
    },
    "companyScore" : {
      "priceHigherThanDma50" : 5.00,
      "priceHigherThanDma100" : 5.00,
      "priceHigherThanDma200" : 5.00,
      "dma50HigherThanDma100" : 5.00,
      "dma50HigherThanDma200" : 5.00,
      "dma100HigherThanDma200" : 5.00,
      "pricePercentageAboveDma50" : 4.33,
      "pricePercentageAboveDma100" : 4.15,
      "pricePercentageAboveDma200" : 3.74,
      "weeklyVolumeHigherThanYearlyVolume" : 5.00,
      "salesGrowthPercentile" : 18.50,
      "operatingProfitMarginPercentile" : 7.01,
      "netProfitMarginPercentile" : 5.94,
      "totalTechnicalScore" : 47.22,
      "totalFundamentalScore" : 31.45,
      "totalScore" : 78.67
    }
  },
  "attributes" : {
    "companyCode" : "DYNAMATECH",
    "companyName" : "Dynamatic Tech.",
    "marketCap" : 6882.00,
    "peRatio" : 147.00,
    "description" : "Incorporated in 1973, DTL is into manufacturing of hydraulic gear pumps and automotive turbochargers. They serve clients across Aerospace, automotive and hydraulic industries. DTL has manufacturing facilities in Europe and India serving customers across 6 continents.[1] [2]"
  },
  "technicalHistory" : [ {
    "date" : "2025-02-18",
    "price" : 6262.30,
    "dma50" : 7249.00,
    "dma100" : null,
    "dma200" : 7260.52,
    "volume" : 11826.00
  }, {
    "date" : "2025-02-19",
    "price" : 6357.95,
    "dma50" : 7214.06,
    "dma100" : null,
    "dma200" : 7251.54,
    "volume" : 7784.00
  }, {
    "date" : "2025-02-20",
    "price" : 6466.50,
    "dma50" : 7184.74,
    "dma100" : null,
    "dma200" : 7243.73,
    "volume" : 5783.00
  }, {
    "date" : "2025-02-21",
    "price" : 6457.95,
    "dma50" : 7156.24,
    "dma100" : null,
    "dma200" : 7235.91,
    "volume" : 3795.00
  }, {
    "date" : "2025-02-24",
    "price" : 6478.05,
    "dma50" : 7129.64,
    "dma100" : null,
    "dma200" : 7228.37,
    "volume" : 4324.00
  }, {
    "date" : "2025-02-25",
    "price" : 6564.55,
    "dma50" : 7107.48,
    "dma100" : null,
    "dma200" : 7221.76,
    "volume" : 6453.00
  }, {
    "date" : "2025-02-27",
    "price" : 6585.25,
    "dma50" : 7087.00,
    "dma100" : null,
    "dma200" : 7215.43,
    "volume" : 4365.00
  }, {
    "date" : "2025-02-28",
    "price" : 6775.95,
    "dma50" : 7074.80,
    "dma100" : null,
    "dma200" : 7211.06,
    "volume" : 17378.00
  }, {
    "date" : "2025-03-03",
    "price" : 6600.40,
    "dma50" : 7056.20,
    "dma100" : null,
    "dma200" : 7204.98,
    "volume" : 10126.00
  }, {
    "date" : "2025-03-04",
    "price" : 6263.85,
    "dma50" : 7025.13,
    "dma100" : null,
    "dma200" : 7195.61,
    "volume" : 13969.00
  }, {
    "date" : "2025-03-05",
    "price" : 6427.65,
    "dma50" : 7001.70,
    "dma100" : null,
    "dma200" : 7187.97,
    "volume" : 7164.00
  }, {
    "date" : "2025-03-06",
    "price" : 6499.95,
    "dma50" : 6982.02,
    "dma100" : null,
    "dma200" : 7181.13,
    "volume" : 6281.00
  }, {
    "date" : "2025-03-07",
    "price" : 6509.60,
    "dma50" : 6963.49,
    "dma100" : null,
    "dma200" : 7174.45,
    "volume" : 6692.00
  }, {
    "date" : "2025-03-10",
    "price" : 6447.15,
    "dma50" : 6943.25,
    "dma100" : null,
    "dma200" : 7167.21,
    "volume" : 4377.00
  }, {
    "date" : "2025-03-11",
    "price" : 6192.50,
    "dma50" : 6913.80,
    "dma100" : null,
    "dma200" : 7157.51,
    "volume" : 9343.00
  }, {
    "date" : "2025-03-12",
    "price" : 6071.10,
    "dma50" : 6880.76,
    "dma100" : null,
    "dma200" : 7146.70,
    "volume" : 10735.00
  }, {
    "date" : "2025-03-13",
    "price" : 6015.20,
    "dma50" : 6846.81,
    "dma100" : null,
    "dma200" : 7135.44,
    "volume" : 13995.00
  }, {
    "date" : "2025-03-17",
    "price" : 5738.90,
    "dma50" : 6803.37,
    "dma100" : null,
    "dma200" : 7121.55,
    "volume" : 33912.00
  }, {
    "date" : "2025-03-18",
    "price" : 5898.85,
    "dma50" : 6767.90,
    "dma100" : null,
    "dma200" : 7109.38,
    "volume" : 39868.00
  }, {
    "date" : "2025-03-19",
    "price" : 6134.70,
    "dma50" : 6743.06,
    "dma100" : null,
    "dma200" : 7099.68,
    "volume" : 29277.00
  }, {
    "date" : "2025-03-20",
    "price" : 6306.20,
    "dma50" : 6725.93,
    "dma100" : null,
    "dma200" : 7091.79,
    "volume" : 26456.00
  }, {
    "date" : "2025-03-21",
    "price" : 6562.35,
    "dma50" : 6719.52,
    "dma100" : null,
    "dma200" : 7086.52,
    "volume" : 27963.00
  }, {
    "date" : "2025-03-24",
    "price" : 6737.20,
    "dma50" : 6720.21,
    "dma100" : null,
    "dma200" : 7083.04,
    "volume" : 15132.00
  }, {
    "date" : "2025-03-25",
    "price" : 6655.90,
    "dma50" : 6717.69,
    "dma100" : null,
    "dma200" : 7078.79,
    "volume" : 8162.00
  }, {
    "date" : "2025-03-26",
    "price" : 6458.95,
    "dma50" : 6707.54,
    "dma100" : null,
    "dma200" : 7072.62,
    "volume" : 7336.00
  }, {
    "date" : "2025-03-27",
    "price" : 6209.60,
    "dma50" : 6688.01,
    "dma100" : null,
    "dma200" : 7064.04,
    "volume" : 15055.00
  }, {
    "date" : "2025-03-28",
    "price" : 6212.70,
    "dma50" : 6669.37,
    "dma100" : null,
    "dma200" : 7055.57,
    "volume" : 18978.00
  }, {
    "date" : "2025-04-01",
    "price" : 6357.90,
    "dma50" : 6657.16,
    "dma100" : null,
    "dma200" : 7048.62,
    "volume" : 12847.00
  }, {
    "date" : "2025-04-02",
    "price" : 6284.70,
    "dma50" : 6642.55,
    "dma100" : null,
    "dma200" : 7041.02,
    "volume" : 7492.00
  }, {
    "date" : "2025-04-03",
    "price" : 6251.15,
    "dma50" : 6627.20,
    "dma100" : null,
    "dma200" : 7033.16,
    "volume" : 17146.00
  }, {
    "date" : "2025-04-04",
    "price" : 6069.40,
    "dma50" : 6605.33,
    "dma100" : null,
    "dma200" : 7023.57,
    "volume" : 7712.00
  }, {
    "date" : "2025-04-07",
    "price" : 5887.50,
    "dma50" : 6577.18,
    "dma100" : null,
    "dma200" : 7012.27,
    "volume" : 29962.00
  }, {
    "date" : "2025-04-08",
    "price" : 5946.85,
    "dma50" : 6552.46,
    "dma100" : null,
    "dma200" : 7001.67,
    "volume" : 9277.00
  }, {
    "date" : "2025-04-09",
    "price" : 5848.15,
    "dma50" : 6524.84,
    "dma100" : null,
    "dma200" : 6990.19,
    "volume" : 4717.00
  }, {
    "date" : "2025-04-11",
    "price" : 6275.50,
    "dma50" : 6515.06,
    "dma100" : null,
    "dma200" : 6983.08,
    "volume" : 14044.00
  }, {
    "date" : "2025-04-15",
    "price" : 6424.50,
    "dma50" : 6511.51,
    "dma100" : null,
    "dma200" : 6977.52,
    "volume" : 12301.00
  }, {
    "date" : "2025-04-16",
    "price" : 6299.00,
    "dma50" : 6503.18,
    "dma100" : null,
    "dma200" : 6970.77,
    "volume" : 6609.00
  }, {
    "date" : "2025-04-17",
    "price" : 6311.50,
    "dma50" : 6495.66,
    "dma100" : null,
    "dma200" : 6964.21,
    "volume" : 11345.00
  }, {
    "date" : "2025-04-21",
    "price" : 6615.00,
    "dma50" : 6500.34,
    "dma100" : null,
    "dma200" : 6960.73,
    "volume" : 28019.00
  }, {
    "date" : "2025-04-22",
    "price" : 6475.50,
    "dma50" : 6499.37,
    "dma100" : null,
    "dma200" : 6955.91,
    "volume" : 14139.00
  }, {
    "date" : "2025-04-23",
    "price" : 6503.50,
    "dma50" : 6499.53,
    "dma100" : null,
    "dma200" : 6951.41,
    "volume" : 5934.00
  }, {
    "date" : "2025-04-24",
    "price" : 6480.00,
    "dma50" : 6498.76,
    "dma100" : null,
    "dma200" : 6946.71,
    "volume" : 6277.00
  }, {
    "date" : "2025-04-25",
    "price" : 6386.00,
    "dma50" : 6494.34,
    "dma100" : null,
    "dma200" : 6941.14,
    "volume" : 9447.00
  }, {
    "date" : "2025-04-28",
    "price" : 6377.00,
    "dma50" : 6489.74,
    "dma100" : null,
    "dma200" : 6935.52,
    "volume" : 6180.00
  }, {
    "date" : "2025-04-29",
    "price" : 6504.00,
    "dma50" : 6490.30,
    "dma100" : null,
    "dma200" : 6931.23,
    "volume" : 8449.00
  }, {
    "date" : "2025-04-30",
    "price" : 6326.00,
    "dma50" : 6483.86,
    "dma100" : null,
    "dma200" : 6925.21,
    "volume" : 6820.00
  }, {
    "date" : "2025-05-02",
    "price" : 6392.00,
    "dma50" : 6480.25,
    "dma100" : null,
    "dma200" : 6919.90,
    "volume" : 10392.00
  }, {
    "date" : "2025-05-05",
    "price" : 6450.00,
    "dma50" : 6479.07,
    "dma100" : null,
    "dma200" : 6915.22,
    "volume" : 6102.00
  }, {
    "date" : "2025-05-06",
    "price" : 6367.00,
    "dma50" : 6474.67,
    "dma100" : null,
    "dma200" : 6909.77,
    "volume" : 6175.00
  }, {
    "date" : "2025-05-07",
    "price" : 6327.50,
    "dma50" : 6468.90,
    "dma100" : null,
    "dma200" : 6903.98,
    "volume" : 11062.00
  }, {
    "date" : "2025-05-08",
    "price" : 6303.50,
    "dma50" : 6462.41,
    "dma100" : null,
    "dma200" : 6898.00,
    "volume" : 6766.00
  }, {
    "date" : "2025-05-09",
    "price" : 6363.00,
    "dma50" : 6458.52,
    "dma100" : null,
    "dma200" : 6892.68,
    "volume" : 8346.00
  }, {
    "date" : "2025-05-12",
    "price" : 6685.00,
    "dma50" : 6467.40,
    "dma100" : null,
    "dma200" : 6890.61,
    "volume" : 15940.00
  }, {
    "date" : "2025-05-13",
    "price" : 6875.00,
    "dma50" : 6483.38,
    "dma100" : null,
    "dma200" : 6890.46,
    "volume" : 11981.00
  }, {
    "date" : "2025-05-14",
    "price" : 7024.50,
    "dma50" : 6504.60,
    "dma100" : null,
    "dma200" : 6891.79,
    "volume" : 27995.00
  }, {
    "date" : "2025-05-15",
    "price" : 7054.50,
    "dma50" : 6526.17,
    "dma100" : null,
    "dma200" : 6893.41,
    "volume" : 10025.00
  }, {
    "date" : "2025-05-16",
    "price" : 7136.50,
    "dma50" : 6550.10,
    "dma100" : null,
    "dma200" : 6895.83,
    "volume" : 21494.00
  }, {
    "date" : "2025-05-19",
    "price" : 6938.00,
    "dma50" : 6565.31,
    "dma100" : null,
    "dma200" : 6896.25,
    "volume" : 18416.00
  }, {
    "date" : "2025-05-20",
    "price" : 6872.50,
    "dma50" : 6577.36,
    "dma100" : null,
    "dma200" : 6896.01,
    "volume" : 7215.00
  }, {
    "date" : "2025-05-21",
    "price" : 6922.50,
    "dma50" : 6590.89,
    "dma100" : null,
    "dma200" : 6896.27,
    "volume" : 5974.00
  }, {
    "date" : "2025-05-22",
    "price" : 6826.00,
    "dma50" : 6600.11,
    "dma100" : null,
    "dma200" : 6895.58,
    "volume" : 6732.00
  }, {
    "date" : "2025-05-23",
    "price" : 6775.00,
    "dma50" : 6606.97,
    "dma100" : null,
    "dma200" : 6894.38,
    "volume" : 4896.00
  }, {
    "date" : "2025-05-26",
    "price" : 6989.50,
    "dma50" : 6621.97,
    "dma100" : null,
    "dma200" : 6895.32,
    "volume" : 10795.00
  }, {
    "date" : "2025-05-27",
    "price" : 7015.50,
    "dma50" : 6637.41,
    "dma100" : null,
    "dma200" : 6896.52,
    "volume" : 11802.00
  }, {
    "date" : "2025-05-28",
    "price" : 6926.00,
    "dma50" : 6648.72,
    "dma100" : null,
    "dma200" : 6896.81,
    "volume" : 13070.00
  }, {
    "date" : "2025-05-29",
    "price" : 6951.50,
    "dma50" : 6660.60,
    "dma100" : null,
    "dma200" : 6897.36,
    "volume" : 9008.00
  }, {
    "date" : "2025-05-30",
    "price" : 6854.00,
    "dma50" : 6668.18,
    "dma100" : null,
    "dma200" : 6896.92,
    "volume" : 5773.00
  }, {
    "date" : "2025-06-02",
    "price" : 6805.00,
    "dma50" : 6673.55,
    "dma100" : null,
    "dma200" : 6896.01,
    "volume" : 5479.00
  }, {
    "date" : "2025-06-03",
    "price" : 6857.50,
    "dma50" : 6680.76,
    "dma100" : null,
    "dma200" : 6895.63,
    "volume" : 4719.00
  }, {
    "date" : "2025-06-04",
    "price" : 6905.50,
    "dma50" : 6689.57,
    "dma100" : null,
    "dma200" : 6895.72,
    "volume" : 3021.00
  }, {
    "date" : "2025-06-05",
    "price" : 6851.50,
    "dma50" : 6695.92,
    "dma100" : null,
    "dma200" : 6895.28,
    "volume" : 23219.00
  }, {
    "date" : "2025-06-06",
    "price" : 6775.00,
    "dma50" : 6699.03,
    "dma100" : null,
    "dma200" : 6894.09,
    "volume" : 10583.00
  }, {
    "date" : "2025-06-09",
    "price" : 6892.00,
    "dma50" : 6706.59,
    "dma100" : null,
    "dma200" : 6894.07,
    "volume" : 20626.00
  }, {
    "date" : "2025-06-10",
    "price" : 7030.00,
    "dma50" : 6719.28,
    "dma100" : null,
    "dma200" : 6895.42,
    "volume" : 46907.00
  }, {
    "date" : "2025-06-11",
    "price" : 6783.00,
    "dma50" : 6721.77,
    "dma100" : null,
    "dma200" : 6894.30,
    "volume" : 22258.00
  }, {
    "date" : "2025-06-12",
    "price" : 6857.00,
    "dma50" : 6727.08,
    "dma100" : null,
    "dma200" : 6893.93,
    "volume" : 20460.00
  }, {
    "date" : "2025-06-13",
    "price" : 6969.50,
    "dma50" : 6736.58,
    "dma100" : null,
    "dma200" : 6894.68,
    "volume" : 13549.00
  }, {
    "date" : "2025-06-16",
    "price" : 7273.00,
    "dma50" : 6757.62,
    "dma100" : null,
    "dma200" : 6898.45,
    "volume" : 32776.00
  }, {
    "date" : "2025-06-17",
    "price" : 7218.00,
    "dma50" : 6775.67,
    "dma100" : null,
    "dma200" : 6901.63,
    "volume" : 55519.00
  }, {
    "date" : "2025-06-18",
    "price" : 7279.00,
    "dma50" : 6795.41,
    "dma100" : null,
    "dma200" : 6905.38,
    "volume" : 9500.00
  }, {
    "date" : "2025-06-19",
    "price" : 7051.00,
    "dma50" : 6805.44,
    "dma100" : null,
    "dma200" : 6906.83,
    "volume" : 16342.00
  }, {
    "date" : "2025-06-20",
    "price" : 7051.00,
    "dma50" : 6815.07,
    "dma100" : null,
    "dma200" : 6908.26,
    "volume" : 8520.00
  }, {
    "date" : "2025-06-23",
    "price" : 7009.50,
    "dma50" : 6822.69,
    "dma100" : null,
    "dma200" : 6909.27,
    "volume" : 6247.00
  }, {
    "date" : "2025-06-24",
    "price" : 6957.00,
    "dma50" : 6827.96,
    "dma100" : null,
    "dma200" : 6909.75,
    "volume" : 10417.00
  }, {
    "date" : "2025-06-25",
    "price" : 7149.00,
    "dma50" : 6840.55,
    "dma100" : null,
    "dma200" : 6912.13,
    "volume" : 14839.00
  }, {
    "date" : "2025-06-26",
    "price" : 7299.00,
    "dma50" : 6858.53,
    "dma100" : null,
    "dma200" : 6915.98,
    "volume" : 25049.00
  }, {
    "date" : "2025-06-27",
    "price" : 7147.00,
    "dma50" : 6869.84,
    "dma100" : null,
    "dma200" : 6918.28,
    "volume" : 28317.00
  }, {
    "date" : "2025-06-30",
    "price" : 7190.00,
    "dma50" : 6882.39,
    "dma100" : null,
    "dma200" : 6920.98,
    "volume" : 9013.00
  }, {
    "date" : "2025-07-01",
    "price" : 7207.00,
    "dma50" : 6895.12,
    "dma100" : null,
    "dma200" : 6923.82,
    "volume" : 7774.00
  }, {
    "date" : "2025-07-02",
    "price" : 7161.50,
    "dma50" : 6905.57,
    "dma100" : null,
    "dma200" : 6926.19,
    "volume" : 5691.00
  }, {
    "date" : "2025-07-03",
    "price" : 7200.00,
    "dma50" : 6917.12,
    "dma100" : null,
    "dma200" : 6928.91,
    "volume" : 5390.00
  }, {
    "date" : "2025-07-04",
    "price" : 7261.00,
    "dma50" : 6930.60,
    "dma100" : null,
    "dma200" : 6932.22,
    "volume" : 9601.00
  }, {
    "date" : "2025-07-07",
    "price" : 7169.00,
    "dma50" : 6939.95,
    "dma100" : null,
    "dma200" : 6934.57,
    "volume" : 5467.00
  }, {
    "date" : "2025-07-08",
    "price" : 7214.00,
    "dma50" : 6950.70,
    "dma100" : null,
    "dma200" : 6937.35,
    "volume" : 4979.00
  }, {
    "date" : "2025-07-09",
    "price" : 7226.00,
    "dma50" : 6961.49,
    "dma100" : null,
    "dma200" : 6940.23,
    "volume" : 3514.00
  }, {
    "date" : "2025-07-10",
    "price" : 7232.50,
    "dma50" : 6972.12,
    "dma100" : null,
    "dma200" : 6943.14,
    "volume" : 4602.00
  }, {
    "date" : "2025-07-11",
    "price" : 7102.50,
    "dma50" : 6977.23,
    "dma100" : null,
    "dma200" : 6944.72,
    "volume" : 4465.00
  }, {
    "date" : "2025-07-14",
    "price" : 6978.50,
    "dma50" : 6977.28,
    "dma100" : null,
    "dma200" : 6945.06,
    "volume" : 16582.00
  }, {
    "date" : "2025-07-15",
    "price" : 7222.00,
    "dma50" : 6986.88,
    "dma100" : null,
    "dma200" : 6947.81,
    "volume" : 33589.00
  }, {
    "date" : "2025-07-16",
    "price" : 7227.00,
    "dma50" : 6996.30,
    "dma100" : null,
    "dma200" : 6950.59,
    "volume" : 5238.00
  }, {
    "date" : "2025-07-17",
    "price" : 7285.00,
    "dma50" : 7007.62,
    "dma100" : 6681.37,
    "dma200" : 6953.92,
    "volume" : 7821.00
  }, {
    "date" : "2025-07-18",
    "price" : 7266.00,
    "dma50" : 7017.75,
    "dma100" : 6690.45,
    "dma200" : 6957.02,
    "volume" : 7329.00
  }, {
    "date" : "2025-07-21",
    "price" : 7215.50,
    "dma50" : 7025.51,
    "dma100" : 6697.94,
    "dma200" : 6959.60,
    "volume" : 14465.00
  }, {
    "date" : "2025-07-22",
    "price" : 7232.00,
    "dma50" : 7033.60,
    "dma100" : 6705.68,
    "dma200" : 6962.31,
    "volume" : 4082.00
  }, {
    "date" : "2025-07-23",
    "price" : 7187.50,
    "dma50" : 7039.64,
    "dma100" : 6712.77,
    "dma200" : 6964.55,
    "volume" : 4146.00
  }, {
    "date" : "2025-07-24",
    "price" : 7172.50,
    "dma50" : 7044.85,
    "dma100" : 6718.85,
    "dma200" : 6966.62,
    "volume" : 6084.00
  }, {
    "date" : "2025-07-25",
    "price" : 7008.50,
    "dma50" : 7043.42,
    "dma100" : 6723.08,
    "dma200" : 6967.03,
    "volume" : 6708.00
  }, {
    "date" : "2025-07-28",
    "price" : 6659.50,
    "dma50" : 7028.37,
    "dma100" : 6721.92,
    "dma200" : 6963.97,
    "volume" : 22183.00
  }, {
    "date" : "2025-07-29",
    "price" : 6752.50,
    "dma50" : 7017.55,
    "dma100" : 6723.44,
    "dma200" : 6961.87,
    "volume" : 10050.00
  }, {
    "date" : "2025-07-30",
    "price" : 6696.50,
    "dma50" : 7004.96,
    "dma100" : 6727.77,
    "dma200" : 6959.23,
    "volume" : 4981.00
  }, {
    "date" : "2025-07-31",
    "price" : 6620.00,
    "dma50" : 6989.86,
    "dma100" : 6729.69,
    "dma200" : 6955.85,
    "volume" : 5068.00
  }, {
    "date" : "2025-08-01",
    "price" : 6416.00,
    "dma50" : 6967.36,
    "dma100" : 6728.85,
    "dma200" : 6950.48,
    "volume" : 7746.00
  }, {
    "date" : "2025-08-04",
    "price" : 6591.50,
    "dma50" : 6952.62,
    "dma100" : 6729.67,
    "dma200" : 6946.91,
    "volume" : 7318.00
  }, {
    "date" : "2025-08-05",
    "price" : 6641.00,
    "dma50" : 6940.40,
    "dma100" : 6731.61,
    "dma200" : 6943.86,
    "volume" : 4233.00
  }, {
    "date" : "2025-08-06",
    "price" : 6554.00,
    "dma50" : 6925.25,
    "dma100" : 6735.22,
    "dma200" : 6939.99,
    "volume" : 5781.00
  }, {
    "date" : "2025-08-07",
    "price" : 6503.00,
    "dma50" : 6908.69,
    "dma100" : 6739.54,
    "dma200" : 6935.64,
    "volume" : 5907.00
  }, {
    "date" : "2025-08-08",
    "price" : 6694.00,
    "dma50" : 6900.27,
    "dma100" : 6746.33,
    "dma200" : 6933.23,
    "volume" : 8850.00
  }, {
    "date" : "2025-08-11",
    "price" : 6738.00,
    "dma50" : 6893.90,
    "dma100" : 6756.32,
    "dma200" : 6931.29,
    "volume" : 18789.00
  }, {
    "date" : "2025-08-12",
    "price" : 6646.00,
    "dma50" : 6884.18,
    "dma100" : 6763.79,
    "dma200" : 6928.45,
    "volume" : 8802.00
  }, {
    "date" : "2025-08-13",
    "price" : 6560.00,
    "dma50" : 6871.47,
    "dma100" : 6768.05,
    "dma200" : 6924.79,
    "volume" : 5227.00
  }, {
    "date" : "2025-08-14",
    "price" : 6443.00,
    "dma50" : 6854.67,
    "dma100" : 6769.41,
    "dma200" : 6919.99,
    "volume" : 4810.00
  }, {
    "date" : "2025-08-18",
    "price" : 6626.50,
    "dma50" : 6845.72,
    "dma100" : 6770.06,
    "dma200" : 6917.07,
    "volume" : 9527.00
  }, {
    "date" : "2025-08-19",
    "price" : 6581.50,
    "dma50" : 6835.36,
    "dma100" : 6768.50,
    "dma200" : 6913.73,
    "volume" : 4804.00
  }, {
    "date" : "2025-08-20",
    "price" : 6604.50,
    "dma50" : 6826.30,
    "dma100" : 6767.98,
    "dma200" : 6910.66,
    "volume" : 6719.00
  }, {
    "date" : "2025-08-21",
    "price" : 6550.50,
    "dma50" : 6815.49,
    "dma100" : 6768.90,
    "dma200" : 6907.07,
    "volume" : 2767.00
  }, {
    "date" : "2025-08-22",
    "price" : 6533.00,
    "dma50" : 6804.41,
    "dma100" : 6772.13,
    "dma200" : 6903.35,
    "volume" : 2701.00
  }, {
    "date" : "2025-08-25",
    "price" : 6457.50,
    "dma50" : 6790.81,
    "dma100" : 6774.58,
    "dma200" : 6898.91,
    "volume" : 4319.00
  }, {
    "date" : "2025-08-26",
    "price" : 6483.50,
    "dma50" : 6778.76,
    "dma100" : 6775.84,
    "dma200" : 6894.78,
    "volume" : 9486.00
  }, {
    "date" : "2025-08-28",
    "price" : 6418.50,
    "dma50" : 6764.63,
    "dma100" : 6777.18,
    "dma200" : 6890.04,
    "volume" : 3558.00
  }, {
    "date" : "2025-08-29",
    "price" : 6429.50,
    "dma50" : 6751.49,
    "dma100" : 6778.96,
    "dma200" : 6885.46,
    "volume" : 4313.00
  }, {
    "date" : "2025-09-01",
    "price" : 6563.00,
    "dma50" : 6744.09,
    "dma100" : 6783.90,
    "dma200" : 6882.25,
    "volume" : 4228.00
  }, {
    "date" : "2025-09-02",
    "price" : 6619.50,
    "dma50" : 6739.21,
    "dma100" : 6791.22,
    "dma200" : 6879.64,
    "volume" : 3471.00
  }, {
    "date" : "2025-09-03",
    "price" : 6701.00,
    "dma50" : 6737.71,
    "dma100" : 6798.76,
    "dma200" : 6877.86,
    "volume" : 3729.00
  }, {
    "date" : "2025-09-04",
    "price" : 6617.00,
    "dma50" : 6732.98,
    "dma100" : 6806.45,
    "dma200" : 6875.26,
    "volume" : 3783.00
  }, {
    "date" : "2025-09-05",
    "price" : 6614.00,
    "dma50" : 6728.31,
    "dma100" : 6809.83,
    "dma200" : 6872.66,
    "volume" : 7063.00
  }, {
    "date" : "2025-09-08",
    "price" : 6539.00,
    "dma50" : 6720.89,
    "dma100" : 6810.98,
    "dma200" : 6869.34,
    "volume" : 2194.00
  }, {
    "date" : "2025-09-09",
    "price" : 6703.50,
    "dma50" : 6720.20,
    "dma100" : 6815.02,
    "dma200" : 6867.69,
    "volume" : 4320.00
  }, {
    "date" : "2025-09-10",
    "price" : 6706.00,
    "dma50" : 6719.65,
    "dma100" : 6818.97,
    "dma200" : 6866.08,
    "volume" : 3209.00
  }, {
    "date" : "2025-09-11",
    "price" : 6681.50,
    "dma50" : 6718.15,
    "dma100" : 6819.63,
    "dma200" : 6864.25,
    "volume" : 2483.00
  }, {
    "date" : "2025-09-12",
    "price" : 6735.50,
    "dma50" : 6718.83,
    "dma100" : 6822.23,
    "dma200" : 6862.97,
    "volume" : 6170.00
  }, {
    "date" : "2025-09-15",
    "price" : 6780.00,
    "dma50" : 6721.23,
    "dma100" : 6825.00,
    "dma200" : 6862.14,
    "volume" : 1817.00
  }, {
    "date" : "2025-09-16",
    "price" : 7000.50,
    "dma50" : 6732.18,
    "dma100" : 6830.20,
    "dma200" : 6863.52,
    "volume" : 22215.00
  }, {
    "date" : "2025-09-17",
    "price" : 7021.50,
    "dma50" : 6743.53,
    "dma100" : 6836.56,
    "dma200" : 6865.09,
    "volume" : 6883.00
  }, {
    "date" : "2025-09-18",
    "price" : 6980.50,
    "dma50" : 6752.82,
    "dma100" : 6842.59,
    "dma200" : 6866.24,
    "volume" : 8220.00
  }, {
    "date" : "2025-09-19",
    "price" : 7202.50,
    "dma50" : 6770.46,
    "dma100" : 6849.58,
    "dma200" : 6869.58,
    "volume" : 16645.00
  }, {
    "date" : "2025-09-22",
    "price" : 7179.50,
    "dma50" : 6786.50,
    "dma100" : 6858.11,
    "dma200" : 6872.67,
    "volume" : 117332.00
  }, {
    "date" : "2025-09-23",
    "price" : 7082.50,
    "dma50" : 6798.10,
    "dma100" : 6865.02,
    "dma200" : 6874.75,
    "volume" : 11566.00
  }, {
    "date" : "2025-09-24",
    "price" : 6936.50,
    "dma50" : 6803.53,
    "dma100" : 6869.88,
    "dma200" : 6875.37,
    "volume" : 4460.00
  }, {
    "date" : "2025-09-25",
    "price" : 6902.00,
    "dma50" : 6807.39,
    "dma100" : 6875.23,
    "dma200" : 6875.63,
    "volume" : 6066.00
  }, {
    "date" : "2025-09-26",
    "price" : 6927.00,
    "dma50" : 6812.08,
    "dma100" : 6881.23,
    "dma200" : 6876.15,
    "volume" : 6956.00
  }, {
    "date" : "2025-09-29",
    "price" : 6756.50,
    "dma50" : 6809.90,
    "dma100" : 6885.76,
    "dma200" : 6874.95,
    "volume" : 26106.00
  }, {
    "date" : "2025-09-30",
    "price" : 6847.00,
    "dma50" : 6811.36,
    "dma100" : 6890.60,
    "dma200" : 6874.68,
    "volume" : 7010.00
  }, {
    "date" : "2025-10-01",
    "price" : 7101.50,
    "dma50" : 6822.74,
    "dma100" : 6894.76,
    "dma200" : 6876.93,
    "volume" : 46619.00
  }, {
    "date" : "2025-10-03",
    "price" : 7020.50,
    "dma50" : 6830.49,
    "dma100" : 6896.22,
    "dma200" : 6878.36,
    "volume" : 29072.00
  }, {
    "date" : "2025-10-06",
    "price" : 6931.00,
    "dma50" : 6834.43,
    "dma100" : 6895.28,
    "dma200" : 6878.89,
    "volume" : 15167.00
  }, {
    "date" : "2025-10-07",
    "price" : 6897.00,
    "dma50" : 6836.89,
    "dma100" : 6893.71,
    "dma200" : 6879.07,
    "volume" : 47807.00
  }, {
    "date" : "2025-10-08",
    "price" : 6839.00,
    "dma50" : 6836.97,
    "dma100" : 6890.73,
    "dma200" : 6878.67,
    "volume" : 11731.00
  }, {
    "date" : "2025-10-09",
    "price" : 7673.00,
    "dma50" : 6869.76,
    "dma100" : 6898.08,
    "dma200" : 6886.57,
    "volume" : 444858.00
  }, {
    "date" : "2025-10-10",
    "price" : 7797.00,
    "dma50" : 6906.12,
    "dma100" : 6907.33,
    "dma200" : 6895.63,
    "volume" : 99229.00
  }, {
    "date" : "2025-10-13",
    "price" : 7749.00,
    "dma50" : 6939.17,
    "dma100" : 6915.59,
    "dma200" : 6904.12,
    "volume" : 24991.00
  }, {
    "date" : "2025-10-14",
    "price" : 7769.00,
    "dma50" : 6971.71,
    "dma100" : 6925.02,
    "dma200" : 6912.73,
    "volume" : 20763.00
  }, {
    "date" : "2025-10-15",
    "price" : 7814.00,
    "dma50" : 7004.75,
    "dma100" : 6935.41,
    "dma200" : 6921.70,
    "volume" : 15805.00
  }, {
    "date" : "2025-10-16",
    "price" : 7984.00,
    "dma50" : 7043.15,
    "dma100" : 6945.36,
    "dma200" : 6932.27,
    "volume" : 79411.00
  }, {
    "date" : "2025-10-17",
    "price" : 7894.00,
    "dma50" : 7076.51,
    "dma100" : 6954.14,
    "dma200" : 6941.83,
    "volume" : 17756.00
  }, {
    "date" : "2025-10-20",
    "price" : 8073.50,
    "dma50" : 7115.61,
    "dma100" : 6965.62,
    "dma200" : 6953.10,
    "volume" : 23260.00
  }, {
    "date" : "2025-10-21",
    "price" : 8180.00,
    "dma50" : 7157.35,
    "dma100" : 6977.90,
    "dma200" : 6965.30,
    "volume" : 11784.00
  }, {
    "date" : "2025-10-23",
    "price" : 8047.00,
    "dma50" : 7192.24,
    "dma100" : 6989.83,
    "dma200" : 6976.07,
    "volume" : 15649.00
  }, {
    "date" : "2025-10-24",
    "price" : 7959.00,
    "dma50" : 7222.31,
    "dma100" : 7001.37,
    "dma200" : 6985.85,
    "volume" : 9198.00
  }, {
    "date" : "2025-10-27",
    "price" : 7793.00,
    "dma50" : 7244.69,
    "dma100" : 7010.73,
    "dma200" : 6993.88,
    "volume" : 17062.00
  }, {
    "date" : "2025-10-28",
    "price" : 7792.00,
    "dma50" : 7266.15,
    "dma100" : 7019.59,
    "dma200" : 7001.82,
    "volume" : 7078.00
  }, {
    "date" : "2025-10-29",
    "price" : 7745.00,
    "dma50" : 7284.93,
    "dma100" : 7028.53,
    "dma200" : 7009.21,
    "volume" : 78457.00
  }, {
    "date" : "2025-10-30",
    "price" : 7679.00,
    "dma50" : 7300.38,
    "dma100" : 7037.57,
    "dma200" : 7015.88,
    "volume" : 16790.00
  }, {
    "date" : "2025-10-31",
    "price" : 7916.00,
    "dma50" : 7324.53,
    "dma100" : 7047.81,
    "dma200" : 7024.84,
    "volume" : 20450.00
  }, {
    "date" : "2025-11-03",
    "price" : 8050.50,
    "dma50" : 7353.00,
    "dma100" : 7058.01,
    "dma200" : 7035.04,
    "volume" : 14729.00
  }, {
    "date" : "2025-11-04",
    "price" : 8470.00,
    "dma50" : 7396.80,
    "dma100" : 7074.88,
    "dma200" : 7049.32,
    "volume" : 114564.00
  }, {
    "date" : "2025-11-06",
    "price" : 8282.00,
    "dma50" : 7431.51,
    "dma100" : 7089.13,
    "dma200" : 7061.58,
    "volume" : 27113.00
  }, {
    "date" : "2025-11-07",
    "price" : 8526.00,
    "dma50" : 7474.43,
    "dma100" : 7104.70,
    "dma200" : 7076.16,
    "volume" : 33429.00
  }, {
    "date" : "2025-11-10",
    "price" : 9061.00,
    "dma50" : 7536.65,
    "dma100" : 7122.58,
    "dma200" : 7095.91,
    "volume" : 127408.00
  }, {
    "date" : "2025-11-11",
    "price" : 9302.50,
    "dma50" : 7605.90,
    "dma100" : 7143.42,
    "dma200" : 7117.86,
    "volume" : 117176.00
  }, {
    "date" : "2025-11-12",
    "price" : 9118.50,
    "dma50" : 7665.22,
    "dma100" : 7161.82,
    "dma200" : 7137.77,
    "volume" : 27631.00
  }, {
    "date" : "2025-11-13",
    "price" : 9196.00,
    "dma50" : 7725.25,
    "dma100" : 7183.27,
    "dma200" : 7158.25,
    "volume" : 13875.00
  }, {
    "date" : "2025-11-14",
    "price" : 9715.00,
    "dma50" : 7803.28,
    "dma100" : 7209.91,
    "dma200" : 7183.69,
    "volume" : 59653.00
  }, {
    "date" : "2025-11-17",
    "price" : 9593.50,
    "dma50" : 7873.48,
    "dma100" : 7235.75,
    "dma200" : 7207.67,
    "volume" : 30032.00
  }, {
    "date" : "2025-11-18",
    "price" : 9527.50,
    "dma50" : 7938.35,
    "dma100" : 7261.45,
    "dma200" : 7230.75,
    "volume" : 17010.00
  }, {
    "date" : "2025-11-19",
    "price" : 9725.50,
    "dma50" : 8008.43,
    "dma100" : 7287.22,
    "dma200" : 7255.57,
    "volume" : 25225.00
  }, {
    "date" : "2025-11-20",
    "price" : 9753.00,
    "dma50" : 8076.85,
    "dma100" : 7311.76,
    "dma200" : 7280.42,
    "volume" : 12844.00
  }, {
    "date" : "2025-11-21",
    "price" : 9220.00,
    "dma50" : 8121.68,
    "dma100" : 7332.49,
    "dma200" : 7299.72,
    "volume" : 26414.00
  }, {
    "date" : "2025-11-24",
    "price" : 8968.00,
    "dma50" : 8154.87,
    "dma100" : 7350.27,
    "dma200" : 7316.32,
    "volume" : 27535.00
  }, {
    "date" : "2025-11-25",
    "price" : 9010.50,
    "dma50" : 8188.42,
    "dma100" : 7368.30,
    "dma200" : 7333.18,
    "volume" : 15717.00
  }, {
    "date" : "2025-11-26",
    "price" : 9051.00,
    "dma50" : 8222.25,
    "dma100" : 7387.20,
    "dma200" : 7350.27,
    "volume" : 15128.00
  }, {
    "date" : "2025-11-27",
    "price" : 8872.00,
    "dma50" : 8247.73,
    "dma100" : 7403.92,
    "dma200" : 7365.41,
    "volume" : 9206.00
  }, {
    "date" : "2025-11-28",
    "price" : 9247.50,
    "dma50" : 8286.93,
    "dma100" : 7423.78,
    "dma200" : 7384.14,
    "volume" : 28329.00
  }, {
    "date" : "2025-12-01",
    "price" : 9237.00,
    "dma50" : 8324.19,
    "dma100" : 7444.46,
    "dma200" : 7402.58,
    "volume" : 27585.00
  }, {
    "date" : "2025-12-02",
    "price" : 9070.00,
    "dma50" : 8353.44,
    "dma100" : 7463.02,
    "dma200" : 7419.17,
    "volume" : 12684.00
  }, {
    "date" : "2025-12-03",
    "price" : 8843.50,
    "dma50" : 8372.66,
    "dma100" : 7479.20,
    "dma200" : 7433.34,
    "volume" : 22569.00
  }, {
    "date" : "2025-12-04",
    "price" : 8593.50,
    "dma50" : 8381.32,
    "dma100" : 7492.81,
    "dma200" : 7444.89,
    "volume" : 15364.00
  }, {
    "date" : "2025-12-05",
    "price" : 8478.50,
    "dma50" : 8385.13,
    "dma100" : 7506.57,
    "dma200" : 7455.17,
    "volume" : 19163.00
  }, {
    "date" : "2025-12-08",
    "price" : 9094.50,
    "dma50" : 8412.95,
    "dma100" : 7527.73,
    "dma200" : 7471.48,
    "volume" : 182137.00
  }, {
    "date" : "2025-12-09",
    "price" : 9667.50,
    "dma50" : 8462.14,
    "dma100" : 7552.18,
    "dma200" : 7493.33,
    "volume" : 130580.00
  }, {
    "date" : "2025-12-10",
    "price" : 9633.00,
    "dma50" : 8508.06,
    "dma100" : 7576.24,
    "dma200" : 7514.62,
    "volume" : 34658.00
  }, {
    "date" : "2025-12-11",
    "price" : 9264.50,
    "dma50" : 8537.73,
    "dma100" : 7596.04,
    "dma200" : 7532.03,
    "volume" : 19406.00
  }, {
    "date" : "2025-12-12",
    "price" : 9257.00,
    "dma50" : 8565.93,
    "dma100" : 7615.95,
    "dma200" : 7549.20,
    "volume" : 29613.00
  }, {
    "date" : "2025-12-15",
    "price" : 9163.50,
    "dma50" : 8589.37,
    "dma100" : 7635.43,
    "dma200" : 7565.26,
    "volume" : 26091.00
  }, {
    "date" : "2025-12-16",
    "price" : 8824.00,
    "dma50" : 8598.57,
    "dma100" : 7651.35,
    "dma200" : 7577.79,
    "volume" : 33668.00
  }, {
    "date" : "2025-12-17",
    "price" : 9009.50,
    "dma50" : 8614.68,
    "dma100" : 7669.57,
    "dma200" : 7592.03,
    "volume" : 27645.00
  }, {
    "date" : "2025-12-18",
    "price" : 9029.50,
    "dma50" : 8630.95,
    "dma100" : 7688.14,
    "dma200" : 7606.34,
    "volume" : 24008.00
  }, {
    "date" : "2025-12-19",
    "price" : 9515.50,
    "dma50" : 8665.64,
    "dma100" : 7713.21,
    "dma200" : 7625.33,
    "volume" : 41707.00
  }, {
    "date" : "2025-12-22",
    "price" : 9817.50,
    "dma50" : 8710.81,
    "dma100" : 7744.79,
    "dma200" : 7647.14,
    "volume" : 44252.00
  }, {
    "date" : "2025-12-23",
    "price" : 9852.00,
    "dma50" : 8755.56,
    "dma100" : 7775.78,
    "dma200" : 7669.08,
    "volume" : 26818.00
  }, {
    "date" : "2025-12-24",
    "price" : 9671.50,
    "dma50" : 8791.48,
    "dma100" : 7805.53,
    "dma200" : 7689.01,
    "volume" : 18653.00
  }, {
    "date" : "2025-12-26",
    "price" : 9579.00,
    "dma50" : 8822.36,
    "dma100" : 7835.12,
    "dma200" : 7707.81,
    "volume" : 59190.00
  }, {
    "date" : "2025-12-29",
    "price" : 9506.00,
    "dma50" : 8849.17,
    "dma100" : 7866.02,
    "dma200" : 7725.71,
    "volume" : 23275.00
  }, {
    "date" : "2025-12-30",
    "price" : 9415.00,
    "dma50" : 8871.36,
    "dma100" : 7894.26,
    "dma200" : 7742.52,
    "volume" : 34538.00
  }, {
    "date" : "2025-12-31",
    "price" : 9372.00,
    "dma50" : 8891.00,
    "dma100" : 7921.57,
    "dma200" : 7758.73,
    "volume" : 24888.00
  }, {
    "date" : "2026-01-01",
    "price" : 9261.00,
    "dma50" : 8905.51,
    "dma100" : 7948.64,
    "dma200" : 7773.68,
    "volume" : 28109.00
  }, {
    "date" : "2026-01-02",
    "price" : 9503.00,
    "dma50" : 8928.94,
    "dma100" : 7978.64,
    "dma200" : 7790.88,
    "volume" : 19544.00
  }, {
    "date" : "2026-01-05",
    "price" : 9342.50,
    "dma50" : 8945.15,
    "dma100" : 8005.12,
    "dma200" : 7806.32,
    "volume" : 18486.00
  }, {
    "date" : "2026-01-06",
    "price" : 9254.00,
    "dma50" : 8957.27,
    "dma100" : 8030.28,
    "dma200" : 7820.73,
    "volume" : 30536.00
  }, {
    "date" : "2026-01-07",
    "price" : 9062.00,
    "dma50" : 8961.37,
    "dma100" : 8054.44,
    "dma200" : 7833.08,
    "volume" : 17212.00
  }, {
    "date" : "2026-01-08",
    "price" : 8876.50,
    "dma50" : 8958.04,
    "dma100" : 8077.61,
    "dma200" : 7843.46,
    "volume" : 16359.00
  }, {
    "date" : "2026-01-09",
    "price" : 8786.00,
    "dma50" : 8951.30,
    "dma100" : 8101.04,
    "dma200" : 7852.84,
    "volume" : 21265.00
  }, {
    "date" : "2026-01-12",
    "price" : 9119.00,
    "dma50" : 8957.87,
    "dma100" : 8125.96,
    "dma200" : 7865.44,
    "volume" : 26793.00
  }, {
    "date" : "2026-01-13",
    "price" : 9062.50,
    "dma50" : 8961.98,
    "dma100" : 8150.77,
    "dma200" : 7877.35,
    "volume" : 12389.00
  }, {
    "date" : "2026-01-14",
    "price" : 9105.50,
    "dma50" : 8967.61,
    "dma100" : 8175.78,
    "dma200" : 7889.57,
    "volume" : 16528.00
  }, {
    "date" : "2026-01-16",
    "price" : 8953.50,
    "dma50" : 8967.05,
    "dma100" : 8199.81,
    "dma200" : 7900.16,
    "volume" : 9337.00
  }, {
    "date" : "2026-01-19",
    "price" : 8703.00,
    "dma50" : 8956.70,
    "dma100" : 8221.51,
    "dma200" : 7908.14,
    "volume" : 9486.00
  }, {
    "date" : "2026-01-20",
    "price" : 8353.00,
    "dma50" : 8933.02,
    "dma100" : 8240.47,
    "dma200" : 7912.57,
    "volume" : 26012.00
  }, {
    "date" : "2026-01-21",
    "price" : 8010.00,
    "dma50" : 8896.83,
    "dma100" : 8255.73,
    "dma200" : 7913.54,
    "volume" : 57268.00
  }, {
    "date" : "2026-01-22",
    "price" : 8262.00,
    "dma50" : 8871.93,
    "dma100" : 8274.17,
    "dma200" : 7917.01,
    "volume" : 19078.00
  }, {
    "date" : "2026-01-23",
    "price" : 7899.50,
    "dma50" : 8833.80,
    "dma100" : 8288.87,
    "dma200" : 7916.83,
    "volume" : 29189.00
  }, {
    "date" : "2026-01-27",
    "price" : 7931.50,
    "dma50" : 8798.41,
    "dma100" : 8302.55,
    "dma200" : 7916.98,
    "volume" : 23623.00
  }, {
    "date" : "2026-01-28",
    "price" : 8168.50,
    "dma50" : 8773.71,
    "dma100" : 8318.04,
    "dma200" : 7919.48,
    "volume" : 23713.00
  }, {
    "date" : "2026-01-29",
    "price" : 8138.50,
    "dma50" : 8748.80,
    "dma100" : 8332.42,
    "dma200" : 7921.66,
    "volume" : 26342.00
  }, {
    "date" : "2026-01-30",
    "price" : 8798.00,
    "dma50" : 8750.73,
    "dma100" : 8354.23,
    "dma200" : 7930.38,
    "volume" : 46839.00
  }, {
    "date" : "2026-02-01",
    "price" : 8341.00,
    "dma50" : 8734.66,
    "dma100" : 8371.50,
    "dma200" : 7934.47,
    "volume" : 30728.00
  }, {
    "date" : "2026-02-02",
    "price" : 8287.00,
    "dma50" : 8717.11,
    "dma100" : 8388.98,
    "dma200" : 7937.97,
    "volume" : 17050.00
  }, {
    "date" : "2026-02-03",
    "price" : 8721.50,
    "dma50" : 8717.28,
    "dma100" : 8409.16,
    "dma200" : 7945.77,
    "volume" : 24432.00
  }, {
    "date" : "2026-02-04",
    "price" : 8848.00,
    "dma50" : 8722.40,
    "dma100" : 8430.58,
    "dma200" : 7954.75,
    "volume" : 18299.00
  }, {
    "date" : "2026-02-05",
    "price" : 8611.50,
    "dma50" : 8718.06,
    "dma100" : 8449.88,
    "dma200" : 7961.28,
    "volume" : 11161.00
  }, {
    "date" : "2026-02-06",
    "price" : 8550.00,
    "dma50" : 8711.47,
    "dma100" : 8468.02,
    "dma200" : 7967.14,
    "volume" : 10363.00
  }, {
    "date" : "2026-02-09",
    "price" : 9374.00,
    "dma50" : 8737.45,
    "dma100" : 8493.96,
    "dma200" : 7981.14,
    "volume" : 108305.00
  }, {
    "date" : "2026-02-10",
    "price" : 9517.00,
    "dma50" : 8768.02,
    "dma100" : 8519.13,
    "dma200" : 7996.42,
    "volume" : 50117.00
  }, {
    "date" : "2026-02-11",
    "price" : 9479.00,
    "dma50" : 8795.90,
    "dma100" : 8543.70,
    "dma200" : 8011.17,
    "volume" : 15856.00
  }, {
    "date" : "2026-02-12",
    "price" : 9703.00,
    "dma50" : 8831.47,
    "dma100" : 8570.93,
    "dma200" : 8028.01,
    "volume" : 27539.00
  }, {
    "date" : "2026-02-13",
    "price" : 9446.50,
    "dma50" : 8855.59,
    "dma100" : 8593.37,
    "dma200" : 8042.12,
    "volume" : 15483.00
  }, {
    "date" : "2026-02-16",
    "price" : 9468.00,
    "dma50" : 8879.61,
    "dma100" : 8616.25,
    "dma200" : 8056.31,
    "volume" : 14054.00
  }, {
    "date" : "2026-02-17",
    "price" : 10117.00,
    "dma50" : 8928.13,
    "dma100" : 8646.60,
    "dma200" : 8076.81,
    "volume" : 75095.00
  } ],
  "latestTechnicalAttributes" : {
    "date" : "2026-02-17",
    "price" : 10117.00,
    "dma50" : 8928.13,
    "dma100" : 8646.60,
    "dma200" : 8076.81,
    "volume" : 75095.00
  },
  "quarterlyResults" : [ {
    "date" : "2005-03-31",
    "sales" : 21.61,
    "salesGrowthYoY" : null,
    "grossProfitMargin" : 54.79,
    "grossProfit" : 11.84,
    "operatingProfitMargin" : 18.46,
    "operatingProfit" : 3.99,
    "netProfitMargin" : 11.38,
    "netProfit" : 2.46
  }, {
    "date" : "2005-06-30",
    "sales" : 20.88,
    "salesGrowthYoY" : null,
    "grossProfitMargin" : 53.45,
    "grossProfit" : 11.16,
    "operatingProfitMargin" : 15.33,
    "operatingProfit" : 3.20,
    "netProfitMargin" : 5.51,
    "netProfit" : 1.15
  }, {
    "date" : "2005-09-30",
    "sales" : 22.02,
    "salesGrowthYoY" : null,
    "grossProfitMargin" : 53.59,
    "grossProfit" : 11.80,
    "operatingProfitMargin" : 16.98,
    "operatingProfit" : 3.74,
    "netProfitMargin" : 8.49,
    "netProfit" : 1.87
  }, {
    "date" : "2005-12-31",
    "sales" : 23.67,
    "salesGrowthYoY" : null,
    "grossProfitMargin" : 51.08,
    "grossProfit" : 12.09,
    "operatingProfitMargin" : 18.97,
    "operatingProfit" : 4.49,
    "netProfitMargin" : 12.25,
    "netProfit" : 2.90
  }, {
    "date" : "2006-03-31",
    "sales" : 26.71,
    "salesGrowthYoY" : 23.60,
    "grossProfitMargin" : 49.31,
    "grossProfit" : 13.17,
    "operatingProfitMargin" : 17.90,
    "operatingProfit" : 4.78,
    "netProfitMargin" : 7.68,
    "netProfit" : 2.05
  }, {
    "date" : "2006-06-30",
    "sales" : 24.49,
    "salesGrowthYoY" : 17.29,
    "grossProfitMargin" : 48.84,
    "grossProfit" : 11.96,
    "operatingProfitMargin" : 14.86,
    "operatingProfit" : 3.64,
    "netProfitMargin" : 5.76,
    "netProfit" : 1.41
  }, {
    "date" : "2006-09-30",
    "sales" : 27.86,
    "salesGrowthYoY" : 26.52,
    "grossProfitMargin" : 48.31,
    "grossProfit" : 13.46,
    "operatingProfitMargin" : 15.18,
    "operatingProfit" : 4.23,
    "netProfitMargin" : 7.14,
    "netProfit" : 1.99
  }, {
    "date" : "2006-12-31",
    "sales" : 26.58,
    "salesGrowthYoY" : 12.29,
    "grossProfitMargin" : 47.22,
    "grossProfit" : 12.55,
    "operatingProfitMargin" : 18.21,
    "operatingProfit" : 4.84,
    "netProfitMargin" : 9.26,
    "netProfit" : 2.46
  }, {
    "date" : "2007-03-31",
    "sales" : 31.64,
    "salesGrowthYoY" : 18.46,
    "grossProfitMargin" : 42.76,
    "grossProfit" : 13.53,
    "operatingProfitMargin" : 15.33,
    "operatingProfit" : 4.85,
    "netProfitMargin" : 8.69,
    "netProfit" : 2.75
  }, {
    "date" : "2007-06-30",
    "sales" : 28.49,
    "salesGrowthYoY" : 16.33,
    "grossProfitMargin" : 41.03,
    "grossProfit" : 11.69,
    "operatingProfitMargin" : 13.37,
    "operatingProfit" : 3.81,
    "netProfitMargin" : 5.48,
    "netProfit" : 1.56
  }, {
    "date" : "2007-09-30",
    "sales" : 31.16,
    "salesGrowthYoY" : 11.84,
    "grossProfitMargin" : 51.12,
    "grossProfit" : 15.93,
    "operatingProfitMargin" : 16.53,
    "operatingProfit" : 5.15,
    "netProfitMargin" : 7.99,
    "netProfit" : 2.49
  }, {
    "date" : "2007-12-31",
    "sales" : 30.54,
    "salesGrowthYoY" : 14.90,
    "grossProfitMargin" : 47.51,
    "grossProfit" : 14.51,
    "operatingProfitMargin" : 17.75,
    "operatingProfit" : 5.42,
    "netProfitMargin" : 7.37,
    "netProfit" : 2.25
  }, {
    "date" : "2008-03-31",
    "sales" : 78.70,
    "salesGrowthYoY" : 148.74,
    "grossProfitMargin" : 46.93,
    "grossProfit" : 36.93,
    "operatingProfitMargin" : 18.28,
    "operatingProfit" : 14.39,
    "netProfitMargin" : 7.79,
    "netProfit" : 6.13
  }, {
    "date" : "2008-06-30",
    "sales" : 85.38,
    "salesGrowthYoY" : 199.68,
    "grossProfitMargin" : 46.84,
    "grossProfit" : 39.99,
    "operatingProfitMargin" : 17.50,
    "operatingProfit" : 14.94,
    "netProfitMargin" : 5.99,
    "netProfit" : 5.11
  }, {
    "date" : "2008-09-30",
    "sales" : 89.42,
    "salesGrowthYoY" : 186.97,
    "grossProfitMargin" : 42.53,
    "grossProfit" : 38.03,
    "operatingProfitMargin" : 15.87,
    "operatingProfit" : 14.19,
    "netProfitMargin" : 5.92,
    "netProfit" : 5.29
  }, {
    "date" : "2008-12-31",
    "sales" : 59.98,
    "salesGrowthYoY" : 96.40,
    "grossProfitMargin" : 44.48,
    "grossProfit" : 26.68,
    "operatingProfitMargin" : 12.97,
    "operatingProfit" : 7.78,
    "netProfitMargin" : 0.15,
    "netProfit" : 0.09
  }, {
    "date" : "2009-03-31",
    "sales" : 66.42,
    "salesGrowthYoY" : -15.60,
    "grossProfitMargin" : 41.63,
    "grossProfit" : 27.65,
    "operatingProfitMargin" : 7.44,
    "operatingProfit" : 4.94,
    "netProfitMargin" : -5.66,
    "netProfit" : -3.76
  }, {
    "date" : "2009-06-30",
    "sales" : 64.25,
    "salesGrowthYoY" : -24.75,
    "grossProfitMargin" : 44.86,
    "grossProfit" : 28.82,
    "operatingProfitMargin" : 17.28,
    "operatingProfit" : 11.10,
    "netProfitMargin" : 3.55,
    "netProfit" : 2.28
  }, {
    "date" : "2009-09-30",
    "sales" : 68.61,
    "salesGrowthYoY" : -23.27,
    "grossProfitMargin" : 46.79,
    "grossProfit" : 32.10,
    "operatingProfitMargin" : 16.85,
    "operatingProfit" : 11.56,
    "netProfitMargin" : 2.71,
    "netProfit" : 1.86
  }, {
    "date" : "2009-12-31",
    "sales" : 85.36,
    "salesGrowthYoY" : 42.31,
    "grossProfitMargin" : 44.88,
    "grossProfit" : 38.31,
    "operatingProfitMargin" : 18.65,
    "operatingProfit" : 15.92,
    "netProfitMargin" : 4.46,
    "netProfit" : 3.81
  }, {
    "date" : "2010-03-31",
    "sales" : 81.64,
    "salesGrowthYoY" : 22.91,
    "grossProfitMargin" : 44.90,
    "grossProfit" : 36.66,
    "operatingProfitMargin" : 15.70,
    "operatingProfit" : 12.82,
    "netProfitMargin" : 4.01,
    "netProfit" : 3.27
  }, {
    "date" : "2010-06-30",
    "sales" : 82.31,
    "salesGrowthYoY" : 28.11,
    "grossProfitMargin" : 47.90,
    "grossProfit" : 39.43,
    "operatingProfitMargin" : 16.51,
    "operatingProfit" : 13.59,
    "netProfitMargin" : 2.39,
    "netProfit" : 1.97
  }, {
    "date" : "2010-09-30",
    "sales" : 89.69,
    "salesGrowthYoY" : 30.72,
    "grossProfitMargin" : 46.14,
    "grossProfit" : 41.38,
    "operatingProfitMargin" : 18.62,
    "operatingProfit" : 16.70,
    "netProfitMargin" : 4.82,
    "netProfit" : 4.32
  }, {
    "date" : "2010-12-31",
    "sales" : 88.77,
    "salesGrowthYoY" : 3.99,
    "grossProfitMargin" : 47.73,
    "grossProfit" : 42.37,
    "operatingProfitMargin" : 19.38,
    "operatingProfit" : 17.20,
    "netProfitMargin" : 4.93,
    "netProfit" : 4.38
  }, {
    "date" : "2011-03-31",
    "sales" : 98.41,
    "salesGrowthYoY" : 20.54,
    "grossProfitMargin" : 46.22,
    "grossProfit" : 45.49,
    "operatingProfitMargin" : 17.71,
    "operatingProfit" : 17.43,
    "netProfitMargin" : 4.25,
    "netProfit" : 4.18
  }, {
    "date" : "2011-06-30",
    "sales" : 93.87,
    "salesGrowthYoY" : 14.04,
    "grossProfitMargin" : 39.85,
    "grossProfit" : 37.41,
    "operatingProfitMargin" : 7.04,
    "operatingProfit" : 6.61,
    "netProfitMargin" : -5.07,
    "netProfit" : -4.76
  }, {
    "date" : "2011-09-30",
    "sales" : 111.99,
    "salesGrowthYoY" : 24.86,
    "grossProfitMargin" : 45.83,
    "grossProfit" : 51.33,
    "operatingProfitMargin" : 14.48,
    "operatingProfit" : 16.22,
    "netProfitMargin" : 0.70,
    "netProfit" : 0.78
  }, {
    "date" : "2011-12-31",
    "sales" : 120.03,
    "salesGrowthYoY" : 35.21,
    "grossProfitMargin" : 46.43,
    "grossProfit" : 55.73,
    "operatingProfitMargin" : 14.02,
    "operatingProfit" : 16.83,
    "netProfitMargin" : 0.15,
    "netProfit" : 0.18
  }, {
    "date" : "2012-03-31",
    "sales" : 126.60,
    "salesGrowthYoY" : 28.65,
    "grossProfitMargin" : 47.89,
    "grossProfit" : 60.63,
    "operatingProfitMargin" : 15.61,
    "operatingProfit" : 19.76,
    "netProfitMargin" : 5.25,
    "netProfit" : 6.65
  }, {
    "date" : "2012-06-30",
    "sales" : 113.74,
    "salesGrowthYoY" : 21.17,
    "grossProfitMargin" : 48.70,
    "grossProfit" : 55.39,
    "operatingProfitMargin" : 13.92,
    "operatingProfit" : 15.83,
    "netProfitMargin" : 0.23,
    "netProfit" : 0.26
  }, {
    "date" : "2012-09-30",
    "sales" : 99.25,
    "salesGrowthYoY" : -11.38,
    "grossProfitMargin" : 50.65,
    "grossProfit" : 50.27,
    "operatingProfitMargin" : 15.03,
    "operatingProfit" : 14.92,
    "netProfitMargin" : -0.52,
    "netProfit" : -0.52
  }, {
    "date" : "2012-12-31",
    "sales" : 102.05,
    "salesGrowthYoY" : -14.98,
    "grossProfitMargin" : 50.52,
    "grossProfit" : 51.56,
    "operatingProfitMargin" : 14.78,
    "operatingProfit" : 15.08,
    "netProfitMargin" : 2.52,
    "netProfit" : 2.57
  }, {
    "date" : "2013-03-31",
    "sales" : 101.94,
    "salesGrowthYoY" : -19.48,
    "grossProfitMargin" : 53.17,
    "grossProfit" : 54.20,
    "operatingProfitMargin" : 15.74,
    "operatingProfit" : 16.05,
    "netProfitMargin" : -1.97,
    "netProfit" : -2.01
  }, {
    "date" : "2013-06-30",
    "sales" : 97.41,
    "salesGrowthYoY" : -14.36,
    "grossProfitMargin" : 48.21,
    "grossProfit" : 46.96,
    "operatingProfitMargin" : 12.99,
    "operatingProfit" : 12.65,
    "netProfitMargin" : -5.46,
    "netProfit" : -5.32
  }, {
    "date" : "2013-09-30",
    "sales" : 110.78,
    "salesGrowthYoY" : 11.62,
    "grossProfitMargin" : 51.82,
    "grossProfit" : 57.41,
    "operatingProfitMargin" : 19.25,
    "operatingProfit" : 21.33,
    "netProfitMargin" : 0.35,
    "netProfit" : 0.39
  }, {
    "date" : "2013-12-31",
    "sales" : 110.12,
    "salesGrowthYoY" : 7.91,
    "grossProfitMargin" : 54.32,
    "grossProfit" : 59.82,
    "operatingProfitMargin" : 22.44,
    "operatingProfit" : 24.71,
    "netProfitMargin" : 2.12,
    "netProfit" : 2.33
  }, {
    "date" : "2014-03-31",
    "sales" : 110.61,
    "salesGrowthYoY" : 8.51,
    "grossProfitMargin" : 50.01,
    "grossProfit" : 55.32,
    "operatingProfitMargin" : 14.20,
    "operatingProfit" : 15.71,
    "netProfitMargin" : -6.72,
    "netProfit" : -7.43
  }, {
    "date" : "2014-06-30",
    "sales" : 111.29,
    "salesGrowthYoY" : 14.25,
    "grossProfitMargin" : 50.18,
    "grossProfit" : 55.85,
    "operatingProfitMargin" : 15.51,
    "operatingProfit" : 17.26,
    "netProfitMargin" : -1.76,
    "netProfit" : -1.96
  }, {
    "date" : "2014-09-30",
    "sales" : 125.77,
    "salesGrowthYoY" : 13.53,
    "grossProfitMargin" : 50.74,
    "grossProfit" : 63.82,
    "operatingProfitMargin" : 15.99,
    "operatingProfit" : 20.11,
    "netProfitMargin" : 0.10,
    "netProfit" : 0.13
  }, {
    "date" : "2014-12-31",
    "sales" : 112.79,
    "salesGrowthYoY" : 2.42,
    "grossProfitMargin" : 52.79,
    "grossProfit" : 59.54,
    "operatingProfitMargin" : 13.35,
    "operatingProfit" : 15.06,
    "netProfitMargin" : -2.26,
    "netProfit" : -2.55
  }, {
    "date" : "2015-03-31",
    "sales" : 106.68,
    "salesGrowthYoY" : -3.55,
    "grossProfitMargin" : 56.39,
    "grossProfit" : 60.16,
    "operatingProfitMargin" : 13.67,
    "operatingProfit" : 14.58,
    "netProfitMargin" : -2.95,
    "netProfit" : -3.15
  }, {
    "date" : "2015-06-30",
    "sales" : 101.68,
    "salesGrowthYoY" : -8.64,
    "grossProfitMargin" : 54.52,
    "grossProfit" : 55.44,
    "operatingProfitMargin" : 9.81,
    "operatingProfit" : 9.97,
    "netProfitMargin" : -10.02,
    "netProfit" : -10.19
  }, {
    "date" : "2015-09-30",
    "sales" : 106.72,
    "salesGrowthYoY" : -15.15,
    "grossProfitMargin" : 57.51,
    "grossProfit" : 61.37,
    "operatingProfitMargin" : 15.95,
    "operatingProfit" : 17.02,
    "netProfitMargin" : -2.42,
    "netProfit" : -2.58
  }, {
    "date" : "2015-12-31",
    "sales" : 102.07,
    "salesGrowthYoY" : -9.50,
    "grossProfitMargin" : 57.18,
    "grossProfit" : 58.36,
    "operatingProfitMargin" : 17.07,
    "operatingProfit" : 17.42,
    "netProfitMargin" : 2.52,
    "netProfit" : 2.57
  }, {
    "date" : "2016-03-31",
    "sales" : 120.89,
    "salesGrowthYoY" : 13.32,
    "grossProfitMargin" : 58.07,
    "grossProfit" : 70.20,
    "operatingProfitMargin" : 24.73,
    "operatingProfit" : 29.90,
    "netProfitMargin" : 9.50,
    "netProfit" : 11.48
  }, {
    "date" : "2016-06-30",
    "sales" : 117.86,
    "salesGrowthYoY" : 15.91,
    "grossProfitMargin" : 57.81,
    "grossProfit" : 68.13,
    "operatingProfitMargin" : 21.90,
    "operatingProfit" : 25.81,
    "netProfitMargin" : 4.85,
    "netProfit" : 5.72
  }, {
    "date" : "2016-09-30",
    "sales" : 122.97,
    "salesGrowthYoY" : 15.23,
    "grossProfitMargin" : 58.92,
    "grossProfit" : 72.45,
    "operatingProfitMargin" : 24.30,
    "operatingProfit" : 29.88,
    "netProfitMargin" : 9.05,
    "netProfit" : 11.13
  }, {
    "date" : "2016-12-31",
    "sales" : 128.30,
    "salesGrowthYoY" : 25.70,
    "grossProfitMargin" : 52.53,
    "grossProfit" : 67.40,
    "operatingProfitMargin" : 17.46,
    "operatingProfit" : 22.40,
    "netProfitMargin" : 2.76,
    "netProfit" : 3.54
  }, {
    "date" : "2017-03-31",
    "sales" : 135.99,
    "salesGrowthYoY" : 12.49,
    "grossProfitMargin" : 49.83,
    "grossProfit" : 67.76,
    "operatingProfitMargin" : 15.60,
    "operatingProfit" : 21.21,
    "netProfitMargin" : 0.49,
    "netProfit" : 0.67
  }, {
    "date" : "2017-06-30",
    "sales" : 93.15,
    "salesGrowthYoY" : -20.97,
    "grossProfitMargin" : 57.40,
    "grossProfit" : 53.47,
    "operatingProfitMargin" : 11.19,
    "operatingProfit" : 10.42,
    "netProfitMargin" : -9.20,
    "netProfit" : -8.57
  }, {
    "date" : "2017-09-30",
    "sales" : 119.69,
    "salesGrowthYoY" : -2.67,
    "grossProfitMargin" : 52.64,
    "grossProfit" : 63.00,
    "operatingProfitMargin" : 18.05,
    "operatingProfit" : 21.60,
    "netProfitMargin" : 2.38,
    "netProfit" : 2.85
  }, {
    "date" : "2017-12-31",
    "sales" : 129.14,
    "salesGrowthYoY" : 0.65,
    "grossProfitMargin" : 53.69,
    "grossProfit" : 69.34,
    "operatingProfitMargin" : 19.44,
    "operatingProfit" : 25.10,
    "netProfitMargin" : 2.69,
    "netProfit" : 3.47
  }, {
    "date" : "2018-03-31",
    "sales" : 141.94,
    "salesGrowthYoY" : 4.38,
    "grossProfitMargin" : 53.92,
    "grossProfit" : 76.53,
    "operatingProfitMargin" : 21.01,
    "operatingProfit" : 29.82,
    "netProfitMargin" : 4.30,
    "netProfit" : 6.10
  }, {
    "date" : "2018-06-30",
    "sales" : 139.87,
    "salesGrowthYoY" : 50.16,
    "grossProfitMargin" : 51.18,
    "grossProfit" : 71.59,
    "operatingProfitMargin" : 21.86,
    "operatingProfit" : 30.58,
    "netProfitMargin" : 5.81,
    "netProfit" : 8.13
  }, {
    "date" : "2018-09-30",
    "sales" : 146.58,
    "salesGrowthYoY" : 22.47,
    "grossProfitMargin" : 52.54,
    "grossProfit" : 77.01,
    "operatingProfitMargin" : 22.99,
    "operatingProfit" : 33.70,
    "netProfitMargin" : 7.33,
    "netProfit" : 10.74
  }, {
    "date" : "2018-12-31",
    "sales" : 152.10,
    "salesGrowthYoY" : 17.78,
    "grossProfitMargin" : 54.63,
    "grossProfit" : 83.09,
    "operatingProfitMargin" : 22.16,
    "operatingProfit" : 33.71,
    "netProfitMargin" : 4.19,
    "netProfit" : 6.37
  }, {
    "date" : "2019-03-31",
    "sales" : 153.60,
    "salesGrowthYoY" : 8.21,
    "grossProfitMargin" : 53.65,
    "grossProfit" : 82.41,
    "operatingProfitMargin" : 20.38,
    "operatingProfit" : 31.30,
    "netProfitMargin" : 4.60,
    "netProfit" : 7.07
  }, {
    "date" : "2019-06-30",
    "sales" : 153.37,
    "salesGrowthYoY" : 9.65,
    "grossProfitMargin" : 55.37,
    "grossProfit" : 84.92,
    "operatingProfitMargin" : 25.32,
    "operatingProfit" : 38.83,
    "netProfitMargin" : 6.96,
    "netProfit" : 10.67
  }, {
    "date" : "2019-09-30",
    "sales" : 149.67,
    "salesGrowthYoY" : 2.11,
    "grossProfitMargin" : 56.83,
    "grossProfit" : 85.06,
    "operatingProfitMargin" : 25.76,
    "operatingProfit" : 38.55,
    "netProfitMargin" : 10.48,
    "netProfit" : 15.69
  }, {
    "date" : "2019-12-31",
    "sales" : 141.02,
    "salesGrowthYoY" : -7.28,
    "grossProfitMargin" : 57.03,
    "grossProfit" : 80.42,
    "operatingProfitMargin" : 23.01,
    "operatingProfit" : 32.45,
    "netProfitMargin" : 13.43,
    "netProfit" : 18.94
  }, {
    "date" : "2020-03-31",
    "sales" : 125.57,
    "salesGrowthYoY" : -18.25,
    "grossProfitMargin" : 59.17,
    "grossProfit" : 74.30,
    "operatingProfitMargin" : 13.32,
    "operatingProfit" : 16.73,
    "netProfitMargin" : 14.36,
    "netProfit" : 18.03
  }, {
    "date" : "2020-06-30",
    "sales" : 89.37,
    "salesGrowthYoY" : -41.73,
    "grossProfitMargin" : 63.53,
    "grossProfit" : 56.78,
    "operatingProfitMargin" : 25.94,
    "operatingProfit" : 23.18,
    "netProfitMargin" : -0.18,
    "netProfit" : -0.16
  }, {
    "date" : "2020-09-30",
    "sales" : 134.45,
    "salesGrowthYoY" : -10.17,
    "grossProfitMargin" : 56.81,
    "grossProfit" : 76.38,
    "operatingProfitMargin" : 26.78,
    "operatingProfit" : 36.01,
    "netProfitMargin" : 8.44,
    "netProfit" : 11.35
  }, {
    "date" : "2020-12-31",
    "sales" : 140.41,
    "salesGrowthYoY" : -0.43,
    "grossProfitMargin" : 55.18,
    "grossProfit" : 77.48,
    "operatingProfitMargin" : 23.20,
    "operatingProfit" : 32.58,
    "netProfitMargin" : 8.22,
    "netProfit" : 11.54
  }, {
    "date" : "2021-03-31",
    "sales" : 149.51,
    "salesGrowthYoY" : 19.07,
    "grossProfitMargin" : 49.90,
    "grossProfit" : 74.61,
    "operatingProfitMargin" : 20.60,
    "operatingProfit" : 30.80,
    "netProfitMargin" : 3.69,
    "netProfit" : 5.52
  }, {
    "date" : "2021-06-30",
    "sales" : 132.61,
    "salesGrowthYoY" : 48.38,
    "grossProfitMargin" : 52.42,
    "grossProfit" : 69.51,
    "operatingProfitMargin" : 22.28,
    "operatingProfit" : 29.55,
    "netProfitMargin" : 6.41,
    "netProfit" : 8.50
  }, {
    "date" : "2021-09-30",
    "sales" : 131.76,
    "salesGrowthYoY" : -2.00,
    "grossProfitMargin" : 51.71,
    "grossProfit" : 68.13,
    "operatingProfitMargin" : 18.25,
    "operatingProfit" : 24.05,
    "netProfitMargin" : 6.53,
    "netProfit" : 8.60
  }, {
    "date" : "2021-12-31",
    "sales" : 144.15,
    "salesGrowthYoY" : 2.66,
    "grossProfitMargin" : 55.03,
    "grossProfit" : 79.33,
    "operatingProfitMargin" : 22.70,
    "operatingProfit" : 32.72,
    "netProfitMargin" : 8.17,
    "netProfit" : 11.78
  }, {
    "date" : "2022-03-31",
    "sales" : 140.45,
    "salesGrowthYoY" : -6.06,
    "grossProfitMargin" : 58.08,
    "grossProfit" : 81.57,
    "operatingProfitMargin" : 23.55,
    "operatingProfit" : 33.08,
    "netProfitMargin" : 7.67,
    "netProfit" : 10.77
  }, {
    "date" : "2022-06-30",
    "sales" : 136.27,
    "salesGrowthYoY" : 2.76,
    "grossProfitMargin" : 53.11,
    "grossProfit" : 72.37,
    "operatingProfitMargin" : 18.73,
    "operatingProfit" : 25.52,
    "netProfitMargin" : 3.85,
    "netProfit" : 5.25
  }, {
    "date" : "2022-09-30",
    "sales" : 153.20,
    "salesGrowthYoY" : 16.27,
    "grossProfitMargin" : 52.70,
    "grossProfit" : 80.74,
    "operatingProfitMargin" : 18.84,
    "operatingProfit" : 28.86,
    "netProfitMargin" : 4.44,
    "netProfit" : 6.80
  }, {
    "date" : "2022-12-31",
    "sales" : 141.60,
    "salesGrowthYoY" : -1.77,
    "grossProfitMargin" : 54.34,
    "grossProfit" : 76.95,
    "operatingProfitMargin" : 20.28,
    "operatingProfit" : 28.72,
    "netProfitMargin" : 4.75,
    "netProfit" : 6.73
  }, {
    "date" : "2023-03-31",
    "sales" : 150.05,
    "salesGrowthYoY" : 6.84,
    "grossProfitMargin" : 53.90,
    "grossProfit" : 80.88,
    "operatingProfitMargin" : 20.74,
    "operatingProfit" : 31.12,
    "netProfitMargin" : 6.91,
    "netProfit" : 10.37
  }, {
    "date" : "2023-06-30",
    "sales" : 128.46,
    "salesGrowthYoY" : -5.73,
    "grossProfitMargin" : 50.82,
    "grossProfit" : 65.28,
    "operatingProfitMargin" : 15.72,
    "operatingProfit" : 20.19,
    "netProfitMargin" : 4.77,
    "netProfit" : 6.13
  }, {
    "date" : "2023-09-30",
    "sales" : 158.20,
    "salesGrowthYoY" : 3.26,
    "grossProfitMargin" : 49.59,
    "grossProfit" : 78.45,
    "operatingProfitMargin" : 18.73,
    "operatingProfit" : 29.63,
    "netProfitMargin" : 6.54,
    "netProfit" : 10.35
  }, {
    "date" : "2023-12-31",
    "sales" : 149.69,
    "salesGrowthYoY" : 5.71,
    "grossProfitMargin" : 51.87,
    "grossProfit" : 77.64,
    "operatingProfitMargin" : 20.05,
    "operatingProfit" : 30.01,
    "netProfitMargin" : 9.50,
    "netProfit" : 14.22
  }, {
    "date" : "2024-03-31",
    "sales" : 145.51,
    "salesGrowthYoY" : -3.03,
    "grossProfitMargin" : 56.79,
    "grossProfit" : 82.64,
    "operatingProfitMargin" : 21.45,
    "operatingProfit" : 31.21,
    "netProfitMargin" : 11.24,
    "netProfit" : 16.36
  }, {
    "date" : "2024-06-30",
    "sales" : 148.29,
    "salesGrowthYoY" : 15.44,
    "grossProfitMargin" : 51.81,
    "grossProfit" : 76.83,
    "operatingProfitMargin" : 18.38,
    "operatingProfit" : 27.26,
    "netProfitMargin" : 6.26,
    "netProfit" : 9.28
  }, {
    "date" : "2024-09-30",
    "sales" : 166.88,
    "salesGrowthYoY" : 5.49,
    "grossProfitMargin" : 49.15,
    "grossProfit" : 82.02,
    "operatingProfitMargin" : 17.23,
    "operatingProfit" : 28.75,
    "netProfitMargin" : 12.58,
    "netProfit" : 20.99
  }, {
    "date" : "2024-12-31",
    "sales" : 150.80,
    "salesGrowthYoY" : 0.74,
    "grossProfitMargin" : 54.40,
    "grossProfit" : 82.04,
    "operatingProfitMargin" : 19.80,
    "operatingProfit" : 29.86,
    "netProfitMargin" : 6.77,
    "netProfit" : 10.21
  }, {
    "date" : "2025-03-31",
    "sales" : 173.21,
    "salesGrowthYoY" : 19.04,
    "grossProfitMargin" : 46.29,
    "grossProfit" : 80.18,
    "operatingProfitMargin" : 11.55,
    "operatingProfit" : 20.01,
    "netProfitMargin" : 5.88,
    "netProfit" : 10.18
  }, {
    "date" : "2025-06-30",
    "sales" : 177.60,
    "salesGrowthYoY" : 19.77,
    "grossProfitMargin" : 46.01,
    "grossProfit" : 81.71,
    "operatingProfitMargin" : 16.60,
    "operatingProfit" : 29.48,
    "netProfitMargin" : 8.64,
    "netProfit" : 15.34
  }, {
    "date" : "2025-09-30",
    "sales" : 182.55,
    "salesGrowthYoY" : 9.39,
    "grossProfitMargin" : 46.45,
    "grossProfit" : 84.79,
    "operatingProfitMargin" : 16.23,
    "operatingProfit" : 29.63,
    "netProfitMargin" : 8.08,
    "netProfit" : 14.75
  }, {
    "date" : "2025-12-31",
    "sales" : 218.26,
    "salesGrowthYoY" : 44.73,
    "grossProfitMargin" : 42.70,
    "grossProfit" : 93.20,
    "operatingProfitMargin" : 13.96,
    "operatingProfit" : 30.47,
    "netProfitMargin" : 4.45,
    "netProfit" : 9.71
  } ],
  "latestQuarterlyResult" : {
    "date" : "2025-12-31",
    "sales" : 218.26,
    "salesGrowthYoY" : 44.73,
    "grossProfitMargin" : 42.70,
    "grossProfit" : 93.20,
    "operatingProfitMargin" : 13.96,
    "operatingProfit" : 30.47,
    "netProfitMargin" : 4.45,
    "netProfit" : 9.71
  },
  "companyScore" : {
    "priceHigherThanDma50" : 5.00,
    "priceHigherThanDma100" : 5.00,
    "priceHigherThanDma200" : 5.00,
    "dma50HigherThanDma100" : 5.00,
    "dma50HigherThanDma200" : 5.00,
    "dma100HigherThanDma200" : 5.00,
    "pricePercentageAboveDma50" : 4.33,
    "pricePercentageAboveDma100" : 4.15,
    "pricePercentageAboveDma200" : 3.74,
    "weeklyVolumeHigherThanYearlyVolume" : 5.00,
    "salesGrowthPercentile" : 18.50,
    "operatingProfitMarginPercentile" : 7.01,
    "netProfitMarginPercentile" : 5.94,
    "totalTechnicalScore" : 47.22,
    "totalFundamentalScore" : 31.45,
    "totalScore" : 78.67
  }
}