{
  "metadata" : {
    "screenerCompanyId" : "880",
    "companyCode" : "ECLERX",
    "companyName" : "eClerx Services",
    "screenerCompanyLink" : "https://www.screener.in/company/ECLERX",
    "screenerTechnicalHistoryLink" : "https://www.screener.in/api/company/880/chart/?q=Price-DMA50-DMA200-Volume&days=365",
    "screenerQuarterlyResultsLink" : "https://www.screener.in/api/company/880/chart/?q=GPM-OPM-NPM-Quarter+Sales&days=10000",
    "attributes" : {
      "companyCode" : "ECLERX",
      "companyName" : "eClerx Services",
      "marketCap" : 23026.00,
      "peRatio" : 58.40,
      "description" : "EClerx Services Ltd incorporated in 2000, provides business process management, automation and analytics services to a number of Fortune 2000 enterprises, including some of the world's leading financial services, communications, retail, fashion, media & entertainment, manufacturing, travel & leisure and technology companies[1]"
    },
    "companyScore" : {
      "priceHigherThanDma50" : 5.00,
      "priceHigherThanDma100" : 5.00,
      "priceHigherThanDma200" : 5.00,
      "dma50HigherThanDma100" : 5.00,
      "dma50HigherThanDma200" : 5.00,
      "dma100HigherThanDma200" : 5.00,
      "pricePercentageAboveDma50" : 4.57,
      "pricePercentageAboveDma100" : 4.29,
      "pricePercentageAboveDma200" : 3.71,
      "weeklyVolumeHigherThanYearlyVolume" : 5.00,
      "salesGrowthPercentile" : 7.14,
      "operatingProfitMarginPercentile" : 3.39,
      "netProfitMarginPercentile" : 5.44,
      "totalTechnicalScore" : 47.57,
      "totalFundamentalScore" : 15.97,
      "totalScore" : 63.54
    }
  },
  "attributes" : {
    "companyCode" : "ECLERX",
    "companyName" : "eClerx Services",
    "marketCap" : 23026.00,
    "peRatio" : 58.40,
    "description" : "EClerx Services Ltd incorporated in 2000, provides business process management, automation and analytics services to a number of Fortune 2000 enterprises, including some of the world's leading financial services, communications, retail, fashion, media & entertainment, manufacturing, travel & leisure and technology companies[1]"
  },
  "technicalHistory" : [ {
    "date" : "2024-12-09",
    "price" : 3678.80,
    "dma50" : 3201.23,
    "dma100" : null,
    "dma200" : 2733.14,
    "volume" : 66654.00
  }, {
    "date" : "2024-12-10",
    "price" : 3725.45,
    "dma50" : 3221.79,
    "dma100" : null,
    "dma200" : 2743.01,
    "volume" : 64890.00
  }, {
    "date" : "2024-12-11",
    "price" : 3796.80,
    "dma50" : 3244.34,
    "dma100" : null,
    "dma200" : 2753.50,
    "volume" : 226845.00
  }, {
    "date" : "2024-12-12",
    "price" : 3834.85,
    "dma50" : 3267.50,
    "dma100" : null,
    "dma200" : 2764.26,
    "volume" : 96605.00
  }, {
    "date" : "2024-12-13",
    "price" : 3815.55,
    "dma50" : 3288.99,
    "dma100" : null,
    "dma200" : 2774.72,
    "volume" : 84879.00
  }, {
    "date" : "2024-12-16",
    "price" : 3833.45,
    "dma50" : 3310.34,
    "dma100" : null,
    "dma200" : 2785.25,
    "volume" : 129329.00
  }, {
    "date" : "2024-12-17",
    "price" : 3757.15,
    "dma50" : 3327.86,
    "dma100" : null,
    "dma200" : 2794.92,
    "volume" : 115456.00
  }, {
    "date" : "2024-12-18",
    "price" : 3739.95,
    "dma50" : 3344.02,
    "dma100" : null,
    "dma200" : 2804.33,
    "volume" : 86602.00
  }, {
    "date" : "2024-12-19",
    "price" : 3738.80,
    "dma50" : 3359.51,
    "dma100" : null,
    "dma200" : 2813.62,
    "volume" : 129811.00
  }, {
    "date" : "2024-12-20",
    "price" : 3608.95,
    "dma50" : 3369.29,
    "dma100" : null,
    "dma200" : 2821.54,
    "volume" : 63229.00
  }, {
    "date" : "2024-12-23",
    "price" : 3611.90,
    "dma50" : 3378.80,
    "dma100" : null,
    "dma200" : 2829.40,
    "volume" : 111878.00
  }, {
    "date" : "2024-12-24",
    "price" : 3625.75,
    "dma50" : 3388.49,
    "dma100" : null,
    "dma200" : 2837.33,
    "volume" : 79171.00
  }, {
    "date" : "2024-12-26",
    "price" : 3552.00,
    "dma50" : 3394.90,
    "dma100" : null,
    "dma200" : 2844.44,
    "volume" : 62407.00
  }, {
    "date" : "2024-12-27",
    "price" : 3650.10,
    "dma50" : 3404.91,
    "dma100" : null,
    "dma200" : 2852.45,
    "volume" : 72047.00
  }, {
    "date" : "2024-12-30",
    "price" : 3502.40,
    "dma50" : 3408.73,
    "dma100" : null,
    "dma200" : 2858.92,
    "volume" : 162515.00
  }, {
    "date" : "2024-12-31",
    "price" : 3483.40,
    "dma50" : 3411.66,
    "dma100" : null,
    "dma200" : 2865.13,
    "volume" : 128688.00
  }, {
    "date" : "2025-01-01",
    "price" : 3467.05,
    "dma50" : 3413.83,
    "dma100" : null,
    "dma200" : 2871.12,
    "volume" : 277760.00
  }, {
    "date" : "2025-01-02",
    "price" : 3517.30,
    "dma50" : 3417.89,
    "dma100" : null,
    "dma200" : 2877.55,
    "volume" : 141118.00
  }, {
    "date" : "2025-01-03",
    "price" : 3507.65,
    "dma50" : 3421.41,
    "dma100" : null,
    "dma200" : 2883.82,
    "volume" : 64100.00
  }, {
    "date" : "2025-01-06",
    "price" : 3389.00,
    "dma50" : 3420.14,
    "dma100" : null,
    "dma200" : 2888.85,
    "volume" : 68813.00
  }, {
    "date" : "2025-01-07",
    "price" : 3390.60,
    "dma50" : 3418.98,
    "dma100" : null,
    "dma200" : 2893.84,
    "volume" : 85936.00
  }, {
    "date" : "2025-01-08",
    "price" : 3335.50,
    "dma50" : 3415.70,
    "dma100" : null,
    "dma200" : 2898.24,
    "volume" : 63085.00
  }, {
    "date" : "2025-01-09",
    "price" : 3269.30,
    "dma50" : 3409.96,
    "dma100" : null,
    "dma200" : 2901.93,
    "volume" : 49638.00
  }, {
    "date" : "2025-01-10",
    "price" : 3269.95,
    "dma50" : 3404.47,
    "dma100" : null,
    "dma200" : 2905.59,
    "volume" : 72105.00
  }, {
    "date" : "2025-01-13",
    "price" : 3203.25,
    "dma50" : 3396.58,
    "dma100" : null,
    "dma200" : 2908.55,
    "volume" : 85541.00
  }, {
    "date" : "2025-01-14",
    "price" : 3188.40,
    "dma50" : 3388.42,
    "dma100" : null,
    "dma200" : 2911.34,
    "volume" : 99198.00
  }, {
    "date" : "2025-01-15",
    "price" : 3214.85,
    "dma50" : 3381.61,
    "dma100" : null,
    "dma200" : 2914.36,
    "volume" : 180214.00
  }, {
    "date" : "2025-01-16",
    "price" : 3267.00,
    "dma50" : 3377.12,
    "dma100" : null,
    "dma200" : 2917.87,
    "volume" : 34800.00
  }, {
    "date" : "2025-01-17",
    "price" : 3202.75,
    "dma50" : 3370.28,
    "dma100" : null,
    "dma200" : 2920.70,
    "volume" : 31131.00
  }, {
    "date" : "2025-01-20",
    "price" : 3243.40,
    "dma50" : 3365.30,
    "dma100" : null,
    "dma200" : 2923.91,
    "volume" : 32035.00
  }, {
    "date" : "2025-01-21",
    "price" : 3243.35,
    "dma50" : 3360.52,
    "dma100" : null,
    "dma200" : 2927.09,
    "volume" : 60156.00
  }, {
    "date" : "2025-01-22",
    "price" : 3155.25,
    "dma50" : 3352.47,
    "dma100" : null,
    "dma200" : 2929.36,
    "volume" : 78797.00
  }, {
    "date" : "2025-01-23",
    "price" : 3177.20,
    "dma50" : 3345.60,
    "dma100" : null,
    "dma200" : 2931.83,
    "volume" : 105220.00
  }, {
    "date" : "2025-01-24",
    "price" : 3068.05,
    "dma50" : 3334.71,
    "dma100" : null,
    "dma200" : 2933.18,
    "volume" : 139087.00
  }, {
    "date" : "2025-01-27",
    "price" : 2995.80,
    "dma50" : 3321.42,
    "dma100" : null,
    "dma200" : 2933.80,
    "volume" : 76833.00
  }, {
    "date" : "2025-01-28",
    "price" : 2980.85,
    "dma50" : 3308.07,
    "dma100" : null,
    "dma200" : 2934.27,
    "volume" : 51308.00
  }, {
    "date" : "2025-01-29",
    "price" : 3133.05,
    "dma50" : 3301.20,
    "dma100" : null,
    "dma200" : 2936.25,
    "volume" : 49910.00
  }, {
    "date" : "2025-01-30",
    "price" : 3004.00,
    "dma50" : 3289.55,
    "dma100" : null,
    "dma200" : 2936.92,
    "volume" : 194708.00
  }, {
    "date" : "2025-01-31",
    "price" : 3058.15,
    "dma50" : 3280.47,
    "dma100" : null,
    "dma200" : 2938.13,
    "volume" : 80528.00
  }, {
    "date" : "2025-02-01",
    "price" : 3201.30,
    "dma50" : 3277.37,
    "dma100" : null,
    "dma200" : 2940.75,
    "volume" : 40560.00
  }, {
    "date" : "2025-02-03",
    "price" : 3212.35,
    "dma50" : 3274.82,
    "dma100" : null,
    "dma200" : 2943.45,
    "volume" : 121344.00
  }, {
    "date" : "2025-02-04",
    "price" : 3196.05,
    "dma50" : 3271.73,
    "dma100" : null,
    "dma200" : 2945.97,
    "volume" : 59309.00
  }, {
    "date" : "2025-02-05",
    "price" : 3299.00,
    "dma50" : 3272.80,
    "dma100" : null,
    "dma200" : 2949.48,
    "volume" : 51463.00
  }, {
    "date" : "2025-02-06",
    "price" : 3180.50,
    "dma50" : 3269.18,
    "dma100" : null,
    "dma200" : 2951.78,
    "volume" : 140364.00
  }, {
    "date" : "2025-02-07",
    "price" : 3194.95,
    "dma50" : 3266.27,
    "dma100" : null,
    "dma200" : 2954.20,
    "volume" : 56918.00
  }, {
    "date" : "2025-02-10",
    "price" : 3147.85,
    "dma50" : 3261.63,
    "dma100" : null,
    "dma200" : 2956.12,
    "volume" : 42114.00
  }, {
    "date" : "2025-02-11",
    "price" : 3038.40,
    "dma50" : 3252.87,
    "dma100" : null,
    "dma200" : 2956.94,
    "volume" : 40534.00
  }, {
    "date" : "2025-02-12",
    "price" : 3093.40,
    "dma50" : 3246.62,
    "dma100" : null,
    "dma200" : 2958.30,
    "volume" : 39713.00
  }, {
    "date" : "2025-02-13",
    "price" : 3079.55,
    "dma50" : 3240.07,
    "dma100" : null,
    "dma200" : 2959.51,
    "volume" : 56857.00
  }, {
    "date" : "2025-02-14",
    "price" : 3100.10,
    "dma50" : 3234.58,
    "dma100" : null,
    "dma200" : 2960.91,
    "volume" : 59201.00
  }, {
    "date" : "2025-02-17",
    "price" : 2999.70,
    "dma50" : 3225.37,
    "dma100" : null,
    "dma200" : 2961.29,
    "volume" : 86993.00
  }, {
    "date" : "2025-02-18",
    "price" : 3027.90,
    "dma50" : 3217.62,
    "dma100" : null,
    "dma200" : 2961.95,
    "volume" : 56537.00
  }, {
    "date" : "2025-02-19",
    "price" : 3112.45,
    "dma50" : 3213.50,
    "dma100" : null,
    "dma200" : 2963.45,
    "volume" : 32985.00
  }, {
    "date" : "2025-02-20",
    "price" : 3120.60,
    "dma50" : 3209.85,
    "dma100" : null,
    "dma200" : 2965.02,
    "volume" : 27172.00
  }, {
    "date" : "2025-02-21",
    "price" : 3118.95,
    "dma50" : 3206.29,
    "dma100" : null,
    "dma200" : 2966.55,
    "volume" : 89305.00
  }, {
    "date" : "2025-02-24",
    "price" : 3075.35,
    "dma50" : 3201.15,
    "dma100" : null,
    "dma200" : 2967.63,
    "volume" : 52632.00
  }, {
    "date" : "2025-02-25",
    "price" : 3019.25,
    "dma50" : 3194.02,
    "dma100" : null,
    "dma200" : 2968.14,
    "volume" : 39420.00
  }, {
    "date" : "2025-02-27",
    "price" : 2950.95,
    "dma50" : 3184.49,
    "dma100" : null,
    "dma200" : 2967.97,
    "volume" : 41053.00
  }, {
    "date" : "2025-02-28",
    "price" : 2833.90,
    "dma50" : 3170.74,
    "dma100" : null,
    "dma200" : 2966.64,
    "volume" : 70807.00
  }, {
    "date" : "2025-03-03",
    "price" : 2622.55,
    "dma50" : 3149.24,
    "dma100" : null,
    "dma200" : 2963.21,
    "volume" : 123500.00
  }, {
    "date" : "2025-03-04",
    "price" : 2667.65,
    "dma50" : 3130.36,
    "dma100" : null,
    "dma200" : 2960.27,
    "volume" : 208320.00
  }, {
    "date" : "2025-03-05",
    "price" : 2692.70,
    "dma50" : 3113.19,
    "dma100" : null,
    "dma200" : 2957.61,
    "volume" : 160763.00
  }, {
    "date" : "2025-03-06",
    "price" : 2787.45,
    "dma50" : 3100.42,
    "dma100" : null,
    "dma200" : 2955.92,
    "volume" : 80399.00
  }, {
    "date" : "2025-03-07",
    "price" : 2793.10,
    "dma50" : 3088.37,
    "dma100" : null,
    "dma200" : 2954.30,
    "volume" : 41866.00
  }, {
    "date" : "2025-03-10",
    "price" : 2696.80,
    "dma50" : 3073.01,
    "dma100" : null,
    "dma200" : 2951.74,
    "volume" : 52152.00
  }, {
    "date" : "2025-03-11",
    "price" : 2592.20,
    "dma50" : 3054.16,
    "dma100" : null,
    "dma200" : 2948.16,
    "volume" : 67005.00
  }, {
    "date" : "2025-03-12",
    "price" : 2615.25,
    "dma50" : 3036.94,
    "dma100" : null,
    "dma200" : 2944.85,
    "volume" : 110915.00
  }, {
    "date" : "2025-03-13",
    "price" : 2521.15,
    "dma50" : 3016.72,
    "dma100" : null,
    "dma200" : 2940.63,
    "volume" : 99767.00
  }, {
    "date" : "2025-03-17",
    "price" : 2511.95,
    "dma50" : 2996.92,
    "dma100" : null,
    "dma200" : 2936.36,
    "volume" : 55146.00
  }, {
    "date" : "2025-03-18",
    "price" : 2571.25,
    "dma50" : 2980.23,
    "dma100" : null,
    "dma200" : 2932.73,
    "volume" : 59273.00
  }, {
    "date" : "2025-03-19",
    "price" : 2584.50,
    "dma50" : 2964.71,
    "dma100" : null,
    "dma200" : 2929.27,
    "volume" : 50833.00
  }, {
    "date" : "2025-03-20",
    "price" : 2620.80,
    "dma50" : 2951.22,
    "dma100" : null,
    "dma200" : 2926.20,
    "volume" : 39502.00
  }, {
    "date" : "2025-03-21",
    "price" : 2749.30,
    "dma50" : 2943.31,
    "dma100" : null,
    "dma200" : 2924.44,
    "volume" : 121343.00
  }, {
    "date" : "2025-03-24",
    "price" : 2758.20,
    "dma50" : 2936.05,
    "dma100" : null,
    "dma200" : 2922.78,
    "volume" : 43965.00
  }, {
    "date" : "2025-03-25",
    "price" : 2769.60,
    "dma50" : 2929.52,
    "dma100" : null,
    "dma200" : 2921.26,
    "volume" : 147807.00
  }, {
    "date" : "2025-03-26",
    "price" : 2742.65,
    "dma50" : 2922.19,
    "dma100" : null,
    "dma200" : 2919.48,
    "volume" : 54301.00
  }, {
    "date" : "2025-03-27",
    "price" : 2763.15,
    "dma50" : 2915.95,
    "dma100" : null,
    "dma200" : 2917.93,
    "volume" : 47186.00
  }, {
    "date" : "2025-03-28",
    "price" : 2777.00,
    "dma50" : 2910.51,
    "dma100" : null,
    "dma200" : 2916.52,
    "volume" : 55151.00
  }, {
    "date" : "2025-04-01",
    "price" : 2737.60,
    "dma50" : 2903.72,
    "dma100" : null,
    "dma200" : 2914.74,
    "volume" : 23023.00
  }, {
    "date" : "2025-04-02",
    "price" : 2745.40,
    "dma50" : 2897.52,
    "dma100" : null,
    "dma200" : 2913.06,
    "volume" : 28954.00
  }, {
    "date" : "2025-04-03",
    "price" : 2781.35,
    "dma50" : 2892.96,
    "dma100" : null,
    "dma200" : 2911.75,
    "volume" : 29330.00
  }, {
    "date" : "2025-04-04",
    "price" : 2643.65,
    "dma50" : 2883.18,
    "dma100" : null,
    "dma200" : 2909.08,
    "volume" : 50744.00
  }, {
    "date" : "2025-04-07",
    "price" : 2496.75,
    "dma50" : 2868.03,
    "dma100" : null,
    "dma200" : 2904.98,
    "volume" : 94893.00
  }, {
    "date" : "2025-04-08",
    "price" : 2502.15,
    "dma50" : 2853.68,
    "dma100" : null,
    "dma200" : 2900.97,
    "volume" : 51867.00
  }, {
    "date" : "2025-04-09",
    "price" : 2414.05,
    "dma50" : 2836.44,
    "dma100" : null,
    "dma200" : 2896.12,
    "volume" : 60112.00
  }, {
    "date" : "2025-04-11",
    "price" : 2402.20,
    "dma50" : 2819.41,
    "dma100" : null,
    "dma200" : 2891.21,
    "volume" : 130356.00
  }, {
    "date" : "2025-04-15",
    "price" : 2506.10,
    "dma50" : 2807.12,
    "dma100" : null,
    "dma200" : 2887.38,
    "volume" : 61257.00
  }, {
    "date" : "2025-04-16",
    "price" : 2517.20,
    "dma50" : 2795.76,
    "dma100" : null,
    "dma200" : 2883.69,
    "volume" : 22246.00
  }, {
    "date" : "2025-04-17",
    "price" : 2503.20,
    "dma50" : 2784.28,
    "dma100" : null,
    "dma200" : 2879.91,
    "volume" : 24849.00
  }, {
    "date" : "2025-04-21",
    "price" : 2580.40,
    "dma50" : 2776.29,
    "dma100" : null,
    "dma200" : 2876.93,
    "volume" : 35198.00
  }, {
    "date" : "2025-04-22",
    "price" : 2563.40,
    "dma50" : 2767.94,
    "dma100" : null,
    "dma200" : 2873.81,
    "volume" : 20371.00
  }, {
    "date" : "2025-04-23",
    "price" : 2644.20,
    "dma50" : 2763.09,
    "dma100" : null,
    "dma200" : 2871.52,
    "volume" : 93810.00
  }, {
    "date" : "2025-04-24",
    "price" : 2655.00,
    "dma50" : 2758.85,
    "dma100" : null,
    "dma200" : 2869.37,
    "volume" : 43851.00
  }, {
    "date" : "2025-04-25",
    "price" : 2563.60,
    "dma50" : 2751.19,
    "dma100" : null,
    "dma200" : 2866.33,
    "volume" : 30751.00
  }, {
    "date" : "2025-04-28",
    "price" : 2543.10,
    "dma50" : 2743.03,
    "dma100" : null,
    "dma200" : 2863.11,
    "volume" : 26799.00
  }, {
    "date" : "2025-04-29",
    "price" : 2601.10,
    "dma50" : 2737.46,
    "dma100" : null,
    "dma200" : 2860.50,
    "volume" : 21394.00
  }, {
    "date" : "2025-04-30",
    "price" : 2515.10,
    "dma50" : 2728.74,
    "dma100" : null,
    "dma200" : 2857.07,
    "volume" : 55800.00
  }, {
    "date" : "2025-05-02",
    "price" : 2498.60,
    "dma50" : 2719.72,
    "dma100" : null,
    "dma200" : 2853.50,
    "volume" : 41865.00
  }, {
    "date" : "2025-05-05",
    "price" : 2491.20,
    "dma50" : 2710.76,
    "dma100" : null,
    "dma200" : 2849.89,
    "volume" : 23244.00
  }, {
    "date" : "2025-05-06",
    "price" : 2407.10,
    "dma50" : 2698.85,
    "dma100" : null,
    "dma200" : 2845.49,
    "volume" : 41829.00
  }, {
    "date" : "2025-05-07",
    "price" : 2428.80,
    "dma50" : 2688.26,
    "dma100" : 3011.39,
    "dma200" : 2841.34,
    "volume" : 42039.00
  }, {
    "date" : "2025-05-08",
    "price" : 2453.60,
    "dma50" : 2679.06,
    "dma100" : 2998.67,
    "dma200" : 2837.48,
    "volume" : 24151.00
  }, {
    "date" : "2025-05-09",
    "price" : 2449.40,
    "dma50" : 2670.05,
    "dma100" : 2985.20,
    "dma200" : 2833.62,
    "volume" : 30910.00
  }, {
    "date" : "2025-05-12",
    "price" : 2591.20,
    "dma50" : 2666.96,
    "dma100" : 2972.76,
    "dma200" : 2831.21,
    "volume" : 40816.00
  }, {
    "date" : "2025-05-13",
    "price" : 2704.40,
    "dma50" : 2668.43,
    "dma100" : 2961.65,
    "dma200" : 2829.95,
    "volume" : 59060.00
  }, {
    "date" : "2025-05-14",
    "price" : 2748.70,
    "dma50" : 2671.57,
    "dma100" : 2950.80,
    "dma200" : 2829.14,
    "volume" : 47535.00
  }, {
    "date" : "2025-05-15",
    "price" : 3156.00,
    "dma50" : 2690.57,
    "dma100" : 2944.79,
    "dma200" : 2832.39,
    "volume" : 1879668.00
  }, {
    "date" : "2025-05-16",
    "price" : 3301.80,
    "dma50" : 2714.54,
    "dma100" : 2940.41,
    "dma200" : 2837.06,
    "volume" : 324831.00
  }, {
    "date" : "2025-05-19",
    "price" : 3283.40,
    "dma50" : 2736.85,
    "dma100" : 2935.86,
    "dma200" : 2841.50,
    "volume" : 63009.00
  }, {
    "date" : "2025-05-20",
    "price" : 3363.20,
    "dma50" : 2761.41,
    "dma100" : 2933.40,
    "dma200" : 2846.70,
    "volume" : 101203.00
  }, {
    "date" : "2025-05-21",
    "price" : 3409.90,
    "dma50" : 2786.84,
    "dma100" : 2931.38,
    "dma200" : 2852.30,
    "volume" : 117818.00
  }, {
    "date" : "2025-05-22",
    "price" : 3379.00,
    "dma50" : 2810.07,
    "dma100" : 2928.91,
    "dma200" : 2857.54,
    "volume" : 29147.00
  }, {
    "date" : "2025-05-23",
    "price" : 3356.80,
    "dma50" : 2831.51,
    "dma100" : 2926.96,
    "dma200" : 2862.51,
    "volume" : 29050.00
  }, {
    "date" : "2025-05-26",
    "price" : 3363.20,
    "dma50" : 2852.36,
    "dma100" : 2924.09,
    "dma200" : 2867.49,
    "volume" : 35814.00
  }, {
    "date" : "2025-05-27",
    "price" : 3407.40,
    "dma50" : 2874.12,
    "dma100" : 2923.14,
    "dma200" : 2872.86,
    "volume" : 32567.00
  }, {
    "date" : "2025-05-28",
    "price" : 3363.00,
    "dma50" : 2893.29,
    "dma100" : 2921.94,
    "dma200" : 2877.74,
    "volume" : 113362.00
  }, {
    "date" : "2025-05-29",
    "price" : 3509.60,
    "dma50" : 2917.46,
    "dma100" : 2922.36,
    "dma200" : 2884.03,
    "volume" : 82579.00
  }, {
    "date" : "2025-05-30",
    "price" : 3542.10,
    "dma50" : 2941.96,
    "dma100" : 2922.61,
    "dma200" : 2890.57,
    "volume" : 196879.00
  }, {
    "date" : "2025-06-02",
    "price" : 3465.40,
    "dma50" : 2962.49,
    "dma100" : 2922.19,
    "dma200" : 2896.29,
    "volume" : 38341.00
  }, {
    "date" : "2025-06-03",
    "price" : 3527.50,
    "dma50" : 2984.64,
    "dma100" : 2923.57,
    "dma200" : 2902.58,
    "volume" : 27130.00
  }, {
    "date" : "2025-06-04",
    "price" : 3502.20,
    "dma50" : 3004.94,
    "dma100" : 2924.69,
    "dma200" : 2908.54,
    "volume" : 35515.00
  }, {
    "date" : "2025-06-05",
    "price" : 3572.60,
    "dma50" : 3027.20,
    "dma100" : 2927.06,
    "dma200" : 2915.15,
    "volume" : 90525.00
  }, {
    "date" : "2025-06-06",
    "price" : 3606.30,
    "dma50" : 3049.91,
    "dma100" : 2930.43,
    "dma200" : 2922.03,
    "volume" : 17531.00
  }, {
    "date" : "2025-06-09",
    "price" : 3647.80,
    "dma50" : 3073.36,
    "dma100" : 2934.21,
    "dma200" : 2929.25,
    "volume" : 37182.00
  }, {
    "date" : "2025-06-10",
    "price" : 3688.70,
    "dma50" : 3097.49,
    "dma100" : 2939.06,
    "dma200" : 2936.80,
    "volume" : 27743.00
  }, {
    "date" : "2025-06-11",
    "price" : 3676.10,
    "dma50" : 3120.18,
    "dma100" : 2943.94,
    "dma200" : 2944.16,
    "volume" : 46485.00
  }, {
    "date" : "2025-06-12",
    "price" : 3678.70,
    "dma50" : 3142.08,
    "dma100" : 2948.58,
    "dma200" : 2951.47,
    "volume" : 127812.00
  }, {
    "date" : "2025-06-13",
    "price" : 3576.80,
    "dma50" : 3159.13,
    "dma100" : 2951.68,
    "dma200" : 2957.69,
    "volume" : 44311.00
  }, {
    "date" : "2025-06-16",
    "price" : 3608.50,
    "dma50" : 3176.75,
    "dma100" : 2955.73,
    "dma200" : 2964.17,
    "volume" : 22324.00
  }, {
    "date" : "2025-06-17",
    "price" : 3625.70,
    "dma50" : 3194.36,
    "dma100" : 2959.56,
    "dma200" : 2970.75,
    "volume" : 33461.00
  }, {
    "date" : "2025-06-18",
    "price" : 3616.80,
    "dma50" : 3210.92,
    "dma100" : 2963.29,
    "dma200" : 2977.18,
    "volume" : 40940.00
  }, {
    "date" : "2025-06-19",
    "price" : 3472.60,
    "dma50" : 3221.19,
    "dma100" : 2966.47,
    "dma200" : 2982.11,
    "volume" : 38337.00
  }, {
    "date" : "2025-06-20",
    "price" : 3390.20,
    "dma50" : 3227.81,
    "dma100" : 2968.59,
    "dma200" : 2986.17,
    "volume" : 45553.00
  }, {
    "date" : "2025-06-23",
    "price" : 3481.70,
    "dma50" : 3237.77,
    "dma100" : 2972.73,
    "dma200" : 2991.10,
    "volume" : 39590.00
  }, {
    "date" : "2025-06-24",
    "price" : 3508.20,
    "dma50" : 3248.38,
    "dma100" : 2977.86,
    "dma200" : 2996.24,
    "volume" : 32467.00
  }, {
    "date" : "2025-06-25",
    "price" : 3509.90,
    "dma50" : 3258.63,
    "dma100" : 2983.15,
    "dma200" : 3001.36,
    "volume" : 71524.00
  }, {
    "date" : "2025-06-26",
    "price" : 3513.60,
    "dma50" : 3268.63,
    "dma100" : 2986.95,
    "dma200" : 3006.45,
    "volume" : 28307.00
  }, {
    "date" : "2025-06-27",
    "price" : 3509.60,
    "dma50" : 3278.08,
    "dma100" : 2992.01,
    "dma200" : 3011.46,
    "volume" : 81814.00
  }, {
    "date" : "2025-06-30",
    "price" : 3501.20,
    "dma50" : 3286.83,
    "dma100" : 2996.44,
    "dma200" : 3016.33,
    "volume" : 42626.00
  }, {
    "date" : "2025-07-01",
    "price" : 3472.60,
    "dma50" : 3294.11,
    "dma100" : 2999.15,
    "dma200" : 3020.87,
    "volume" : 30932.00
  }, {
    "date" : "2025-07-02",
    "price" : 3439.10,
    "dma50" : 3299.80,
    "dma100" : 3001.42,
    "dma200" : 3025.03,
    "volume" : 25693.00
  }, {
    "date" : "2025-07-03",
    "price" : 3414.40,
    "dma50" : 3304.29,
    "dma100" : 3003.60,
    "dma200" : 3028.91,
    "volume" : 43468.00
  }, {
    "date" : "2025-07-04",
    "price" : 3406.50,
    "dma50" : 3308.30,
    "dma100" : 3004.68,
    "dma200" : 3032.66,
    "volume" : 27685.00
  }, {
    "date" : "2025-07-07",
    "price" : 3413.70,
    "dma50" : 3312.44,
    "dma100" : 3007.01,
    "dma200" : 3036.46,
    "volume" : 35076.00
  }, {
    "date" : "2025-07-08",
    "price" : 3368.80,
    "dma50" : 3314.65,
    "dma100" : 3008.75,
    "dma200" : 3039.76,
    "volume" : 28463.00
  }, {
    "date" : "2025-07-09",
    "price" : 3372.00,
    "dma50" : 3316.90,
    "dma100" : 3010.99,
    "dma200" : 3043.07,
    "volume" : 35806.00
  }, {
    "date" : "2025-07-10",
    "price" : 3410.30,
    "dma50" : 3320.56,
    "dma100" : 3014.71,
    "dma200" : 3046.72,
    "volume" : 29928.00
  }, {
    "date" : "2025-07-11",
    "price" : 3481.20,
    "dma50" : 3326.86,
    "dma100" : 3018.59,
    "dma200" : 3051.05,
    "volume" : 136598.00
  }, {
    "date" : "2025-07-14",
    "price" : 3592.00,
    "dma50" : 3337.26,
    "dma100" : 3023.71,
    "dma200" : 3056.43,
    "volume" : 63853.00
  }, {
    "date" : "2025-07-15",
    "price" : 3563.20,
    "dma50" : 3346.12,
    "dma100" : 3028.34,
    "dma200" : 3061.47,
    "volume" : 48109.00
  }, {
    "date" : "2025-07-16",
    "price" : 3572.00,
    "dma50" : 3354.97,
    "dma100" : 3034.06,
    "dma200" : 3066.55,
    "volume" : 34938.00
  }, {
    "date" : "2025-07-17",
    "price" : 3669.10,
    "dma50" : 3367.29,
    "dma100" : 3040.48,
    "dma200" : 3072.55,
    "volume" : 178774.00
  }, {
    "date" : "2025-07-18",
    "price" : 3715.70,
    "dma50" : 3380.96,
    "dma100" : 3046.51,
    "dma200" : 3078.95,
    "volume" : 86422.00
  }, {
    "date" : "2025-07-21",
    "price" : 3712.20,
    "dma50" : 3393.95,
    "dma100" : 3052.43,
    "dma200" : 3085.25,
    "volume" : 28297.00
  }, {
    "date" : "2025-07-22",
    "price" : 3736.00,
    "dma50" : 3407.36,
    "dma100" : 3058.60,
    "dma200" : 3091.72,
    "volume" : 35632.00
  }, {
    "date" : "2025-07-23",
    "price" : 3681.80,
    "dma50" : 3418.12,
    "dma100" : 3064.66,
    "dma200" : 3097.59,
    "volume" : 39313.00
  }, {
    "date" : "2025-07-24",
    "price" : 3659.00,
    "dma50" : 3427.57,
    "dma100" : 3071.06,
    "dma200" : 3103.18,
    "volume" : 28694.00
  }, {
    "date" : "2025-07-25",
    "price" : 3646.80,
    "dma50" : 3436.17,
    "dma100" : 3078.02,
    "dma200" : 3108.59,
    "volume" : 636913.00
  }, {
    "date" : "2025-07-28",
    "price" : 3774.10,
    "dma50" : 3449.42,
    "dma100" : 3087.42,
    "dma200" : 3115.21,
    "volume" : 281362.00
  }, {
    "date" : "2025-07-29",
    "price" : 3722.00,
    "dma50" : 3460.11,
    "dma100" : 3098.41,
    "dma200" : 3121.25,
    "volume" : 87686.00
  }, {
    "date" : "2025-07-30",
    "price" : 3784.10,
    "dma50" : 3472.81,
    "dma100" : 3109.58,
    "dma200" : 3127.84,
    "volume" : 156655.00
  }, {
    "date" : "2025-07-31",
    "price" : 3767.20,
    "dma50" : 3484.36,
    "dma100" : 3120.32,
    "dma200" : 3134.21,
    "volume" : 65049.00
  }, {
    "date" : "2025-08-01",
    "price" : 3799.20,
    "dma50" : 3496.70,
    "dma100" : 3130.44,
    "dma200" : 3140.82,
    "volume" : 252127.00
  }, {
    "date" : "2025-08-04",
    "price" : 4087.30,
    "dma50" : 3519.87,
    "dma100" : 3143.38,
    "dma200" : 3150.24,
    "volume" : 459112.00
  }, {
    "date" : "2025-08-05",
    "price" : 3977.10,
    "dma50" : 3537.80,
    "dma100" : 3156.18,
    "dma200" : 3158.47,
    "volume" : 121735.00
  }, {
    "date" : "2025-08-06",
    "price" : 3951.60,
    "dma50" : 3554.02,
    "dma100" : 3169.78,
    "dma200" : 3166.36,
    "volume" : 81036.00
  }, {
    "date" : "2025-08-07",
    "price" : 4114.50,
    "dma50" : 3576.00,
    "dma100" : 3184.77,
    "dma200" : 3175.79,
    "volume" : 220892.00
  }, {
    "date" : "2025-08-08",
    "price" : 4109.30,
    "dma50" : 3596.92,
    "dma100" : 3200.65,
    "dma200" : 3185.08,
    "volume" : 171230.00
  }, {
    "date" : "2025-08-11",
    "price" : 4108.90,
    "dma50" : 3616.99,
    "dma100" : 3216.62,
    "dma200" : 3194.27,
    "volume" : 130445.00
  }, {
    "date" : "2025-08-12",
    "price" : 4094.30,
    "dma50" : 3635.71,
    "dma100" : 3231.85,
    "dma200" : 3203.23,
    "volume" : 49639.00
  }, {
    "date" : "2025-08-13",
    "price" : 3989.30,
    "dma50" : 3649.58,
    "dma100" : 3245.90,
    "dma200" : 3211.05,
    "volume" : 95706.00
  }, {
    "date" : "2025-08-14",
    "price" : 3997.20,
    "dma50" : 3663.21,
    "dma100" : 3259.66,
    "dma200" : 3218.87,
    "volume" : 68235.00
  }, {
    "date" : "2025-08-18",
    "price" : 3912.50,
    "dma50" : 3672.99,
    "dma100" : 3271.30,
    "dma200" : 3225.78,
    "volume" : 66934.00
  }, {
    "date" : "2025-08-19",
    "price" : 4041.20,
    "dma50" : 3687.43,
    "dma100" : 3284.13,
    "dma200" : 3233.89,
    "volume" : 71335.00
  }, {
    "date" : "2025-08-20",
    "price" : 3989.90,
    "dma50" : 3699.29,
    "dma100" : 3296.33,
    "dma200" : 3241.41,
    "volume" : 42451.00
  }, {
    "date" : "2025-08-21",
    "price" : 3998.50,
    "dma50" : 3711.02,
    "dma100" : 3308.89,
    "dma200" : 3248.95,
    "volume" : 23546.00
  }, {
    "date" : "2025-08-22",
    "price" : 3897.50,
    "dma50" : 3718.33,
    "dma100" : 3320.23,
    "dma200" : 3255.40,
    "volume" : 43209.00
  }, {
    "date" : "2025-08-25",
    "price" : 4238.80,
    "dma50" : 3738.75,
    "dma100" : 3334.85,
    "dma200" : 3265.18,
    "volume" : 1199974.00
  }, {
    "date" : "2025-08-26",
    "price" : 4454.90,
    "dma50" : 3766.83,
    "dma100" : 3352.02,
    "dma200" : 3277.02,
    "volume" : 752478.00
  }, {
    "date" : "2025-08-28",
    "price" : 4245.10,
    "dma50" : 3785.59,
    "dma100" : 3367.02,
    "dma200" : 3286.65,
    "volume" : 187803.00
  }, {
    "date" : "2025-08-29",
    "price" : 4221.30,
    "dma50" : 3802.67,
    "dma100" : 3381.42,
    "dma200" : 3295.95,
    "volume" : 143427.00
  }, {
    "date" : "2025-09-01",
    "price" : 4496.80,
    "dma50" : 3829.89,
    "dma100" : 3399.95,
    "dma200" : 3307.90,
    "volume" : 367485.00
  }, {
    "date" : "2025-09-02",
    "price" : 4534.50,
    "dma50" : 3857.52,
    "dma100" : 3420.33,
    "dma200" : 3320.11,
    "volume" : 180276.00
  }, {
    "date" : "2025-09-03",
    "price" : 4408.00,
    "dma50" : 3879.11,
    "dma100" : 3439.39,
    "dma200" : 3330.93,
    "volume" : 99894.00
  }, {
    "date" : "2025-09-04",
    "price" : 4439.00,
    "dma50" : 3901.07,
    "dma100" : 3459.64,
    "dma200" : 3341.96,
    "volume" : 74974.00
  }, {
    "date" : "2025-09-05",
    "price" : 4290.60,
    "dma50" : 3916.34,
    "dma100" : 3478.52,
    "dma200" : 3351.40,
    "volume" : 61510.00
  }, {
    "date" : "2025-09-08",
    "price" : 4234.50,
    "dma50" : 3928.82,
    "dma100" : 3495.80,
    "dma200" : 3360.18,
    "volume" : 50631.00
  }, {
    "date" : "2025-09-09",
    "price" : 4338.20,
    "dma50" : 3944.87,
    "dma100" : 3514.01,
    "dma200" : 3369.92,
    "volume" : 150786.00
  }, {
    "date" : "2025-09-10",
    "price" : 4475.00,
    "dma50" : 3965.66,
    "dma100" : 3533.73,
    "dma200" : 3380.91,
    "volume" : 264687.00
  }, {
    "date" : "2025-09-11",
    "price" : 4509.10,
    "dma50" : 3986.98,
    "dma100" : 3553.02,
    "dma200" : 3392.14,
    "volume" : 149423.00
  }, {
    "date" : "2025-09-12",
    "price" : 4429.30,
    "dma50" : 4004.32,
    "dma100" : 3571.68,
    "dma200" : 3402.46,
    "volume" : 56591.00
  }, {
    "date" : "2025-09-15",
    "price" : 4370.20,
    "dma50" : 4018.67,
    "dma100" : 3588.94,
    "dma200" : 3412.09,
    "volume" : 41519.00
  }, {
    "date" : "2025-09-16",
    "price" : 4374.80,
    "dma50" : 4032.64,
    "dma100" : 3606.14,
    "dma200" : 3421.67,
    "volume" : 57950.00
  }, {
    "date" : "2025-09-17",
    "price" : 4394.40,
    "dma50" : 4046.82,
    "dma100" : 3624.44,
    "dma200" : 3431.35,
    "volume" : 27201.00
  }, {
    "date" : "2025-09-18",
    "price" : 4409.00,
    "dma50" : 4061.03,
    "dma100" : 3643.10,
    "dma200" : 3441.07,
    "volume" : 95355.00
  }, {
    "date" : "2025-09-19",
    "price" : 4270.30,
    "dma50" : 4069.23,
    "dma100" : 3659.79,
    "dma200" : 3449.32,
    "volume" : 126922.00
  }, {
    "date" : "2025-09-22",
    "price" : 4264.10,
    "dma50" : 4076.87,
    "dma100" : 3677.28,
    "dma200" : 3457.43,
    "volume" : 51768.00
  }, {
    "date" : "2025-09-23",
    "price" : 4250.90,
    "dma50" : 4083.70,
    "dma100" : 3694.81,
    "dma200" : 3465.33,
    "volume" : 33237.00
  }, {
    "date" : "2025-09-24",
    "price" : 4099.50,
    "dma50" : 4084.32,
    "dma100" : 3710.89,
    "dma200" : 3471.64,
    "volume" : 115436.00
  }, {
    "date" : "2025-09-25",
    "price" : 4247.00,
    "dma50" : 4090.70,
    "dma100" : 3729.29,
    "dma200" : 3479.35,
    "volume" : 312720.00
  }, {
    "date" : "2025-09-26",
    "price" : 4156.90,
    "dma50" : 4093.29,
    "dma100" : 3746.57,
    "dma200" : 3486.09,
    "volume" : 163209.00
  }, {
    "date" : "2025-09-29",
    "price" : 4049.20,
    "dma50" : 4091.56,
    "dma100" : 3762.53,
    "dma200" : 3491.70,
    "volume" : 86730.00
  }, {
    "date" : "2025-09-30",
    "price" : 4015.70,
    "dma50" : 4088.59,
    "dma100" : 3778.19,
    "dma200" : 3496.91,
    "volume" : 74643.00
  }, {
    "date" : "2025-10-01",
    "price" : 3973.50,
    "dma50" : 4084.08,
    "dma100" : 3792.01,
    "dma200" : 3501.65,
    "volume" : 48103.00
  }, {
    "date" : "2025-10-03",
    "price" : 3928.00,
    "dma50" : 4077.96,
    "dma100" : 3804.25,
    "dma200" : 3505.90,
    "volume" : 75096.00
  }, {
    "date" : "2025-10-06",
    "price" : 4018.80,
    "dma50" : 4075.64,
    "dma100" : 3816.95,
    "dma200" : 3511.00,
    "volume" : 65464.00
  }, {
    "date" : "2025-10-07",
    "price" : 4009.90,
    "dma50" : 4073.06,
    "dma100" : 3825.49,
    "dma200" : 3515.96,
    "volume" : 23026.00
  }, {
    "date" : "2025-10-08",
    "price" : 4061.00,
    "dma50" : 4072.59,
    "dma100" : 3833.08,
    "dma200" : 3521.39,
    "volume" : 43244.00
  }, {
    "date" : "2025-10-09",
    "price" : 3969.00,
    "dma50" : 4068.52,
    "dma100" : 3839.94,
    "dma200" : 3525.84,
    "volume" : 29986.00
  }, {
    "date" : "2025-10-10",
    "price" : 4084.10,
    "dma50" : 4069.13,
    "dma100" : 3847.15,
    "dma200" : 3531.39,
    "volume" : 50741.00
  }, {
    "date" : "2025-10-13",
    "price" : 4144.40,
    "dma50" : 4072.09,
    "dma100" : 3854.49,
    "dma200" : 3537.49,
    "volume" : 53036.00
  }, {
    "date" : "2025-10-14",
    "price" : 4031.00,
    "dma50" : 4070.47,
    "dma100" : 3861.01,
    "dma200" : 3542.40,
    "volume" : 40446.00
  }, {
    "date" : "2025-10-15",
    "price" : 4085.40,
    "dma50" : 4071.06,
    "dma100" : 3868.30,
    "dma200" : 3547.81,
    "volume" : 33572.00
  }, {
    "date" : "2025-10-16",
    "price" : 4112.00,
    "dma50" : 4072.67,
    "dma100" : 3875.78,
    "dma200" : 3553.42,
    "volume" : 29288.00
  }, {
    "date" : "2025-10-17",
    "price" : 4069.70,
    "dma50" : 4072.55,
    "dma100" : 3882.41,
    "dma200" : 3558.56,
    "volume" : 27817.00
  }, {
    "date" : "2025-10-20",
    "price" : 4314.40,
    "dma50" : 4082.03,
    "dma100" : 3891.92,
    "dma200" : 3566.08,
    "volume" : 445640.00
  }, {
    "date" : "2025-10-21",
    "price" : 4439.80,
    "dma50" : 4096.06,
    "dma100" : 3901.22,
    "dma200" : 3574.77,
    "volume" : 56859.00
  }, {
    "date" : "2025-10-23",
    "price" : 4343.80,
    "dma50" : 4105.78,
    "dma100" : 3909.24,
    "dma200" : 3582.43,
    "volume" : 130836.00
  }, {
    "date" : "2025-10-24",
    "price" : 4446.60,
    "dma50" : 4119.14,
    "dma100" : 3919.05,
    "dma200" : 3591.02,
    "volume" : 110647.00
  }, {
    "date" : "2025-10-27",
    "price" : 4787.30,
    "dma50" : 4145.35,
    "dma100" : 3931.65,
    "dma200" : 3602.93,
    "volume" : 2375583.00
  }, {
    "date" : "2025-10-28",
    "price" : 4717.40,
    "dma50" : 4167.78,
    "dma100" : 3943.80,
    "dma200" : 3614.02,
    "volume" : 138560.00
  }, {
    "date" : "2025-10-29",
    "price" : 4639.60,
    "dma50" : 4186.28,
    "dma100" : 3954.47,
    "dma200" : 3624.22,
    "volume" : 186977.00
  }, {
    "date" : "2025-10-30",
    "price" : 4721.30,
    "dma50" : 4207.26,
    "dma100" : 3965.62,
    "dma200" : 3635.14,
    "volume" : 132372.00
  }, {
    "date" : "2025-10-31",
    "price" : 4727.60,
    "dma50" : 4227.67,
    "dma100" : 3976.42,
    "dma200" : 3646.01,
    "volume" : 153422.00
  }, {
    "date" : "2025-11-03",
    "price" : 4733.00,
    "dma50" : 4247.49,
    "dma100" : 3986.86,
    "dma200" : 3656.82,
    "volume" : 118085.00
  }, {
    "date" : "2025-11-04",
    "price" : 4738.40,
    "dma50" : 4266.74,
    "dma100" : 3997.49,
    "dma200" : 3667.59,
    "volume" : 236234.00
  }, {
    "date" : "2025-11-06",
    "price" : 4569.90,
    "dma50" : 4278.63,
    "dma100" : 4006.40,
    "dma200" : 3676.56,
    "volume" : 84518.00
  }, {
    "date" : "2025-11-07",
    "price" : 4279.50,
    "dma50" : 4278.66,
    "dma100" : 4013.43,
    "dma200" : 3682.56,
    "volume" : 167585.00
  }, {
    "date" : "2025-11-10",
    "price" : 4363.40,
    "dma50" : 4281.98,
    "dma100" : 4020.97,
    "dma200" : 3689.34,
    "volume" : 93695.00
  }, {
    "date" : "2025-11-11",
    "price" : 4341.70,
    "dma50" : 4284.33,
    "dma100" : 4028.13,
    "dma200" : 3695.83,
    "volume" : 112898.00
  }, {
    "date" : "2025-11-12",
    "price" : 4487.50,
    "dma50" : 4292.29,
    "dma100" : 4036.84,
    "dma200" : 3703.71,
    "volume" : 201778.00
  }, {
    "date" : "2025-11-13",
    "price" : 4446.80,
    "dma50" : 4298.35,
    "dma100" : 4046.58,
    "dma200" : 3711.10,
    "volume" : 83886.00
  }, {
    "date" : "2025-11-14",
    "price" : 4400.60,
    "dma50" : 4302.36,
    "dma100" : 4056.69,
    "dma200" : 3717.96,
    "volume" : 45800.00
  }, {
    "date" : "2025-11-17",
    "price" : 4565.10,
    "dma50" : 4312.67,
    "dma100" : 4067.52,
    "dma200" : 3726.39,
    "volume" : 99281.00
  }, {
    "date" : "2025-11-18",
    "price" : 4451.90,
    "dma50" : 4318.13,
    "dma100" : 4076.96,
    "dma200" : 3733.61,
    "volume" : 43291.00
  }, {
    "date" : "2025-11-19",
    "price" : 4425.40,
    "dma50" : 4322.33,
    "dma100" : 4086.11,
    "dma200" : 3740.49,
    "volume" : 72683.00
  }, {
    "date" : "2025-11-20",
    "price" : 4595.70,
    "dma50" : 4333.05,
    "dma100" : 4096.93,
    "dma200" : 3749.00,
    "volume" : 88228.00
  }, {
    "date" : "2025-11-21",
    "price" : 4457.10,
    "dma50" : 4337.92,
    "dma100" : 4106.41,
    "dma200" : 3756.05,
    "volume" : 210995.00
  }, {
    "date" : "2025-11-24",
    "price" : 4519.00,
    "dma50" : 4345.02,
    "dma100" : 4116.59,
    "dma200" : 3763.64,
    "volume" : 160077.00
  }, {
    "date" : "2025-11-25",
    "price" : 4428.20,
    "dma50" : 4348.28,
    "dma100" : 4126.14,
    "dma200" : 3770.25,
    "volume" : 41949.00
  }, {
    "date" : "2025-11-26",
    "price" : 4428.80,
    "dma50" : 4351.44,
    "dma100" : 4136.04,
    "dma200" : 3776.80,
    "volume" : 46963.00
  }, {
    "date" : "2025-11-27",
    "price" : 4490.40,
    "dma50" : 4356.89,
    "dma100" : 4146.80,
    "dma200" : 3783.91,
    "volume" : 32728.00
  }, {
    "date" : "2025-11-28",
    "price" : 4550.70,
    "dma50" : 4364.49,
    "dma100" : 4158.24,
    "dma200" : 3791.53,
    "volume" : 256635.00
  }, {
    "date" : "2025-12-01",
    "price" : 4689.80,
    "dma50" : 4377.25,
    "dma100" : 4171.00,
    "dma200" : 3800.47,
    "volume" : 152866.00
  }, {
    "date" : "2025-12-02",
    "price" : 4794.80,
    "dma50" : 4393.62,
    "dma100" : 4185.26,
    "dma200" : 3810.37,
    "volume" : 223318.00
  }, {
    "date" : "2025-12-03",
    "price" : 4911.40,
    "dma50" : 4413.93,
    "dma100" : 4200.66,
    "dma200" : 3821.32,
    "volume" : 386505.00
  }, {
    "date" : "2025-12-04",
    "price" : 4896.60,
    "dma50" : 4432.85,
    "dma100" : 4215.52,
    "dma200" : 3832.02,
    "volume" : 88779.00
  }, {
    "date" : "2025-12-05",
    "price" : 4832.20,
    "dma50" : 4448.51,
    "dma100" : 4229.03,
    "dma200" : 3841.97,
    "volume" : 45929.00
  } ],
  "latestTechnicalAttributes" : {
    "date" : "2025-12-05",
    "price" : 4832.20,
    "dma50" : 4448.51,
    "dma100" : 4229.03,
    "dma200" : 3841.97,
    "volume" : 45929.00
  },
  "quarterlyResults" : [ {
    "date" : "2007-06-30",
    "sales" : 25.96,
    "salesGrowthYoY" : null,
    "grossProfitMargin" : 100.00,
    "grossProfit" : 25.96,
    "operatingProfitMargin" : 45.42,
    "operatingProfit" : 11.79,
    "netProfitMargin" : 39.18,
    "netProfit" : 10.17
  }, {
    "date" : "2007-09-30",
    "sales" : 24.19,
    "salesGrowthYoY" : null,
    "grossProfitMargin" : 100.00,
    "grossProfit" : 24.19,
    "operatingProfitMargin" : 32.62,
    "operatingProfit" : 7.89,
    "netProfitMargin" : 26.04,
    "netProfit" : 6.30
  }, {
    "date" : "2007-12-31",
    "sales" : 31.24,
    "salesGrowthYoY" : null,
    "grossProfitMargin" : 100.00,
    "grossProfit" : 31.24,
    "operatingProfitMargin" : 41.93,
    "operatingProfit" : 13.10,
    "netProfitMargin" : 37.52,
    "netProfit" : 11.72
  }, {
    "date" : "2008-03-31",
    "sales" : 35.59,
    "salesGrowthYoY" : null,
    "grossProfitMargin" : 100.00,
    "grossProfit" : 35.59,
    "operatingProfitMargin" : 42.06,
    "operatingProfit" : 14.97,
    "netProfitMargin" : 44.14,
    "netProfit" : 15.71
  }, {
    "date" : "2008-06-30",
    "sales" : 42.15,
    "salesGrowthYoY" : 62.37,
    "grossProfitMargin" : 100.00,
    "grossProfit" : 42.15,
    "operatingProfitMargin" : 37.77,
    "operatingProfit" : 15.92,
    "netProfitMargin" : 37.65,
    "netProfit" : 15.87
  }, {
    "date" : "2008-09-30",
    "sales" : 49.10,
    "salesGrowthYoY" : 102.98,
    "grossProfitMargin" : 100.00,
    "grossProfit" : 49.10,
    "operatingProfitMargin" : 30.41,
    "operatingProfit" : 14.93,
    "netProfitMargin" : 28.21,
    "netProfit" : 13.85
  }, {
    "date" : "2008-12-31",
    "sales" : 51.56,
    "salesGrowthYoY" : 65.04,
    "grossProfitMargin" : 100.00,
    "grossProfit" : 51.56,
    "operatingProfitMargin" : 34.85,
    "operatingProfit" : 17.97,
    "netProfitMargin" : 31.46,
    "netProfit" : 16.22
  }, {
    "date" : "2009-03-31",
    "sales" : 54.28,
    "salesGrowthYoY" : 52.51,
    "grossProfitMargin" : 100.00,
    "grossProfit" : 54.28,
    "operatingProfitMargin" : 46.43,
    "operatingProfit" : 25.20,
    "netProfitMargin" : 27.08,
    "netProfit" : 14.70
  }, {
    "date" : "2009-06-30",
    "sales" : 54.36,
    "salesGrowthYoY" : 28.97,
    "grossProfitMargin" : 100.00,
    "grossProfit" : 54.36,
    "operatingProfitMargin" : 38.04,
    "operatingProfit" : 20.68,
    "netProfitMargin" : 21.47,
    "netProfit" : 11.67
  }, {
    "date" : "2009-09-30",
    "sales" : 62.32,
    "salesGrowthYoY" : 26.92,
    "grossProfitMargin" : 100.00,
    "grossProfit" : 62.32,
    "operatingProfitMargin" : 29.36,
    "operatingProfit" : 18.30,
    "netProfitMargin" : 25.43,
    "netProfit" : 15.85
  }, {
    "date" : "2009-12-31",
    "sales" : 69.05,
    "salesGrowthYoY" : 33.92,
    "grossProfitMargin" : 100.00,
    "grossProfit" : 69.05,
    "operatingProfitMargin" : 35.31,
    "operatingProfit" : 24.38,
    "netProfitMargin" : 30.64,
    "netProfit" : 21.16
  }, {
    "date" : "2010-03-31",
    "sales" : 71.29,
    "salesGrowthYoY" : 31.34,
    "grossProfitMargin" : 100.00,
    "grossProfit" : 71.29,
    "operatingProfitMargin" : 37.90,
    "operatingProfit" : 27.02,
    "netProfitMargin" : 33.54,
    "netProfit" : 23.91
  }, {
    "date" : "2010-06-30",
    "sales" : 77.08,
    "salesGrowthYoY" : 41.80,
    "grossProfitMargin" : 100.00,
    "grossProfit" : 77.08,
    "operatingProfitMargin" : 43.09,
    "operatingProfit" : 33.21,
    "netProfitMargin" : 37.66,
    "netProfit" : 29.03
  }, {
    "date" : "2010-09-30",
    "sales" : 82.17,
    "salesGrowthYoY" : 31.85,
    "grossProfitMargin" : 100.00,
    "grossProfit" : 82.17,
    "operatingProfitMargin" : 38.15,
    "operatingProfit" : 31.35,
    "netProfitMargin" : 33.14,
    "netProfit" : 27.23
  }, {
    "date" : "2010-12-31",
    "sales" : 87.13,
    "salesGrowthYoY" : 26.18,
    "grossProfitMargin" : 100.00,
    "grossProfit" : 87.13,
    "operatingProfitMargin" : 46.16,
    "operatingProfit" : 40.22,
    "netProfitMargin" : 40.97,
    "netProfit" : 35.70
  }, {
    "date" : "2011-03-31",
    "sales" : 95.54,
    "salesGrowthYoY" : 34.02,
    "grossProfitMargin" : 100.00,
    "grossProfit" : 95.54,
    "operatingProfitMargin" : 41.18,
    "operatingProfit" : 39.34,
    "netProfitMargin" : 39.08,
    "netProfit" : 37.34
  }, {
    "date" : "2011-06-30",
    "sales" : 99.43,
    "salesGrowthYoY" : 29.00,
    "grossProfitMargin" : 100.00,
    "grossProfit" : 99.43,
    "operatingProfitMargin" : 38.73,
    "operatingProfit" : 38.51,
    "netProfitMargin" : 35.20,
    "netProfit" : 35.00
  }, {
    "date" : "2011-09-30",
    "sales" : 113.70,
    "salesGrowthYoY" : 38.37,
    "grossProfitMargin" : 100.00,
    "grossProfit" : 113.70,
    "operatingProfitMargin" : 38.33,
    "operatingProfit" : 43.58,
    "netProfitMargin" : 38.46,
    "netProfit" : 43.73
  }, {
    "date" : "2011-12-31",
    "sales" : 131.84,
    "salesGrowthYoY" : 51.31,
    "grossProfitMargin" : 100.00,
    "grossProfit" : 131.84,
    "operatingProfitMargin" : 44.55,
    "operatingProfit" : 58.73,
    "netProfitMargin" : 37.53,
    "netProfit" : 49.48
  }, {
    "date" : "2012-03-31",
    "sales" : 127.49,
    "salesGrowthYoY" : 33.44,
    "grossProfitMargin" : 82.34,
    "grossProfit" : 104.98,
    "operatingProfitMargin" : 35.19,
    "operatingProfit" : 44.86,
    "netProfitMargin" : 22.84,
    "netProfit" : 29.12
  }, {
    "date" : "2012-06-30",
    "sales" : 140.22,
    "salesGrowthYoY" : 41.02,
    "grossProfitMargin" : 100.00,
    "grossProfit" : 140.22,
    "operatingProfitMargin" : 38.00,
    "operatingProfit" : 53.28,
    "netProfitMargin" : 31.00,
    "netProfit" : 43.47
  }, {
    "date" : "2012-09-30",
    "sales" : 138.99,
    "salesGrowthYoY" : 22.24,
    "grossProfitMargin" : 100.00,
    "grossProfit" : 138.99,
    "operatingProfitMargin" : 36.74,
    "operatingProfit" : 51.06,
    "netProfitMargin" : 17.75,
    "netProfit" : 24.67
  }, {
    "date" : "2012-12-31",
    "sales" : 145.84,
    "salesGrowthYoY" : 10.62,
    "grossProfitMargin" : 100.00,
    "grossProfit" : 145.84,
    "operatingProfitMargin" : 42.94,
    "operatingProfit" : 62.62,
    "netProfitMargin" : 32.73,
    "netProfit" : 47.73
  }, {
    "date" : "2013-03-31",
    "sales" : 145.87,
    "salesGrowthYoY" : 14.42,
    "grossProfitMargin" : 100.00,
    "grossProfit" : 145.87,
    "operatingProfitMargin" : 42.55,
    "operatingProfit" : 62.07,
    "netProfitMargin" : 28.57,
    "netProfit" : 41.68
  }, {
    "date" : "2013-06-30",
    "sales" : 158.01,
    "salesGrowthYoY" : 12.69,
    "grossProfitMargin" : 86.09,
    "grossProfit" : 136.03,
    "operatingProfitMargin" : 43.55,
    "operatingProfit" : 68.81,
    "netProfitMargin" : 37.95,
    "netProfit" : 59.96
  }, {
    "date" : "2013-09-30",
    "sales" : 183.48,
    "salesGrowthYoY" : 32.01,
    "grossProfitMargin" : 85.39,
    "grossProfit" : 156.67,
    "operatingProfitMargin" : 44.93,
    "operatingProfit" : 82.44,
    "netProfitMargin" : 34.88,
    "netProfit" : 64.00
  }, {
    "date" : "2013-12-31",
    "sales" : 186.32,
    "salesGrowthYoY" : 27.76,
    "grossProfitMargin" : 100.00,
    "grossProfit" : 186.32,
    "operatingProfitMargin" : 40.69,
    "operatingProfit" : 75.81,
    "netProfitMargin" : 32.91,
    "netProfit" : 61.32
  }, {
    "date" : "2014-03-31",
    "sales" : 185.58,
    "salesGrowthYoY" : 27.22,
    "grossProfitMargin" : 100.00,
    "grossProfit" : 185.58,
    "operatingProfitMargin" : 43.39,
    "operatingProfit" : 80.52,
    "netProfitMargin" : 32.99,
    "netProfit" : 61.22
  }, {
    "date" : "2014-06-30",
    "sales" : 189.02,
    "salesGrowthYoY" : 19.63,
    "grossProfitMargin" : 100.00,
    "grossProfit" : 189.02,
    "operatingProfitMargin" : 36.19,
    "operatingProfit" : 68.41,
    "netProfitMargin" : 26.99,
    "netProfit" : 51.02
  }, {
    "date" : "2014-09-30",
    "sales" : 201.78,
    "salesGrowthYoY" : 9.97,
    "grossProfitMargin" : 100.00,
    "grossProfit" : 201.78,
    "operatingProfitMargin" : 35.06,
    "operatingProfit" : 70.74,
    "netProfitMargin" : 29.10,
    "netProfit" : 58.72
  }, {
    "date" : "2014-12-31",
    "sales" : 211.92,
    "salesGrowthYoY" : 13.74,
    "grossProfitMargin" : 100.00,
    "grossProfit" : 211.92,
    "operatingProfitMargin" : 32.46,
    "operatingProfit" : 68.79,
    "netProfitMargin" : 27.08,
    "netProfit" : 57.39
  }, {
    "date" : "2015-03-31",
    "sales" : 215.62,
    "salesGrowthYoY" : 16.19,
    "grossProfitMargin" : 100.00,
    "grossProfit" : 215.62,
    "operatingProfitMargin" : 27.29,
    "operatingProfit" : 58.84,
    "netProfitMargin" : 22.56,
    "netProfit" : 48.64
  }, {
    "date" : "2015-06-30",
    "sales" : 247.28,
    "salesGrowthYoY" : 30.82,
    "grossProfitMargin" : 100.00,
    "grossProfit" : 247.28,
    "operatingProfitMargin" : 32.57,
    "operatingProfit" : 80.54,
    "netProfitMargin" : 26.88,
    "netProfit" : 66.47
  }, {
    "date" : "2015-09-30",
    "sales" : 269.52,
    "salesGrowthYoY" : 33.57,
    "grossProfitMargin" : 100.00,
    "grossProfit" : 269.52,
    "operatingProfitMargin" : 37.23,
    "operatingProfit" : 100.34,
    "netProfitMargin" : 29.19,
    "netProfit" : 78.67
  }, {
    "date" : "2015-12-31",
    "sales" : 290.24,
    "salesGrowthYoY" : 36.96,
    "grossProfitMargin" : 100.00,
    "grossProfit" : 290.24,
    "operatingProfitMargin" : 37.48,
    "operatingProfit" : 108.78,
    "netProfitMargin" : 27.66,
    "netProfit" : 80.28
  }, {
    "date" : "2016-03-31",
    "sales" : 298.85,
    "salesGrowthYoY" : 38.60,
    "grossProfitMargin" : 100.00,
    "grossProfit" : 298.85,
    "operatingProfitMargin" : 42.69,
    "operatingProfit" : 127.58,
    "netProfitMargin" : 31.91,
    "netProfit" : 95.36
  }, {
    "date" : "2016-06-30",
    "sales" : 298.36,
    "salesGrowthYoY" : 20.66,
    "grossProfitMargin" : 100.00,
    "grossProfit" : 298.36,
    "operatingProfitMargin" : 38.55,
    "operatingProfit" : 115.02,
    "netProfitMargin" : 30.65,
    "netProfit" : 91.45
  }, {
    "date" : "2016-09-30",
    "sales" : 291.48,
    "salesGrowthYoY" : 8.15,
    "grossProfitMargin" : 100.00,
    "grossProfit" : 291.48,
    "operatingProfitMargin" : 40.49,
    "operatingProfit" : 118.02,
    "netProfitMargin" : 31.87,
    "netProfit" : 92.89
  }, {
    "date" : "2016-12-31",
    "sales" : 284.78,
    "salesGrowthYoY" : -1.88,
    "grossProfitMargin" : 100.00,
    "grossProfit" : 284.78,
    "operatingProfitMargin" : 34.97,
    "operatingProfit" : 99.59,
    "netProfitMargin" : 29.88,
    "netProfit" : 85.09
  }, {
    "date" : "2017-03-31",
    "sales" : 287.40,
    "salesGrowthYoY" : -3.83,
    "grossProfitMargin" : 100.00,
    "grossProfit" : 287.40,
    "operatingProfitMargin" : 30.87,
    "operatingProfit" : 88.72,
    "netProfitMargin" : 23.69,
    "netProfit" : 68.09
  }, {
    "date" : "2017-06-30",
    "sales" : 288.95,
    "salesGrowthYoY" : -3.15,
    "grossProfitMargin" : 100.00,
    "grossProfit" : 288.95,
    "operatingProfitMargin" : 30.29,
    "operatingProfit" : 87.52,
    "netProfitMargin" : 25.13,
    "netProfit" : 72.61
  }, {
    "date" : "2017-09-30",
    "sales" : 279.47,
    "salesGrowthYoY" : -4.12,
    "grossProfitMargin" : 100.00,
    "grossProfit" : 279.47,
    "operatingProfitMargin" : 31.41,
    "operatingProfit" : 87.78,
    "netProfitMargin" : 25.51,
    "netProfit" : 71.29
  }, {
    "date" : "2017-12-31",
    "sales" : 286.83,
    "salesGrowthYoY" : 0.72,
    "grossProfitMargin" : 100.00,
    "grossProfit" : 286.83,
    "operatingProfitMargin" : 31.57,
    "operatingProfit" : 90.55,
    "netProfitMargin" : 22.48,
    "netProfit" : 64.48
  }, {
    "date" : "2018-03-31",
    "sales" : 288.77,
    "salesGrowthYoY" : 0.48,
    "grossProfitMargin" : 100.00,
    "grossProfit" : 288.77,
    "operatingProfitMargin" : 20.81,
    "operatingProfit" : 60.09,
    "netProfitMargin" : 18.67,
    "netProfit" : 53.91
  }, {
    "date" : "2018-06-30",
    "sales" : 281.87,
    "salesGrowthYoY" : -2.45,
    "grossProfitMargin" : 100.00,
    "grossProfit" : 281.87,
    "operatingProfitMargin" : 21.30,
    "operatingProfit" : 60.04,
    "netProfitMargin" : 18.51,
    "netProfit" : 52.17
  }, {
    "date" : "2018-09-30",
    "sales" : 284.85,
    "salesGrowthYoY" : 1.93,
    "grossProfitMargin" : 100.00,
    "grossProfit" : 284.85,
    "operatingProfitMargin" : 22.82,
    "operatingProfit" : 65.00,
    "netProfitMargin" : 21.72,
    "netProfit" : 61.87
  }, {
    "date" : "2018-12-31",
    "sales" : 280.39,
    "salesGrowthYoY" : -2.25,
    "grossProfitMargin" : 100.00,
    "grossProfit" : 280.39,
    "operatingProfitMargin" : 21.57,
    "operatingProfit" : 60.48,
    "netProfitMargin" : 13.96,
    "netProfit" : 39.14
  }, {
    "date" : "2019-03-31",
    "sales" : 292.70,
    "salesGrowthYoY" : 1.36,
    "grossProfitMargin" : 100.00,
    "grossProfit" : 292.70,
    "operatingProfitMargin" : 23.63,
    "operatingProfit" : 69.17,
    "netProfitMargin" : 19.28,
    "netProfit" : 56.43
  }, {
    "date" : "2019-06-30",
    "sales" : 277.67,
    "salesGrowthYoY" : -1.49,
    "grossProfitMargin" : 100.00,
    "grossProfit" : 277.67,
    "operatingProfitMargin" : 17.17,
    "operatingProfit" : 47.68,
    "netProfitMargin" : 12.18,
    "netProfit" : 33.82
  }, {
    "date" : "2019-09-30",
    "sales" : 275.89,
    "salesGrowthYoY" : -3.15,
    "grossProfitMargin" : 100.00,
    "grossProfit" : 275.89,
    "operatingProfitMargin" : 21.26,
    "operatingProfit" : 58.65,
    "netProfitMargin" : -17.74,
    "netProfit" : -48.94
  }, {
    "date" : "2019-12-31",
    "sales" : 288.37,
    "salesGrowthYoY" : 2.85,
    "grossProfitMargin" : 100.00,
    "grossProfit" : 288.37,
    "operatingProfitMargin" : 25.99,
    "operatingProfit" : 74.95,
    "netProfitMargin" : 18.74,
    "netProfit" : 54.04
  }, {
    "date" : "2020-03-31",
    "sales" : 278.24,
    "salesGrowthYoY" : -4.94,
    "grossProfitMargin" : 100.00,
    "grossProfit" : 278.24,
    "operatingProfitMargin" : 21.25,
    "operatingProfit" : 59.13,
    "netProfitMargin" : 16.88,
    "netProfit" : 46.97
  }, {
    "date" : "2020-06-30",
    "sales" : 271.66,
    "salesGrowthYoY" : -2.16,
    "grossProfitMargin" : 100.00,
    "grossProfit" : 271.66,
    "operatingProfitMargin" : 26.37,
    "operatingProfit" : 71.64,
    "netProfitMargin" : 18.43,
    "netProfit" : 50.07
  }, {
    "date" : "2020-09-30",
    "sales" : 287.09,
    "salesGrowthYoY" : 4.06,
    "grossProfitMargin" : 100.00,
    "grossProfit" : 287.09,
    "operatingProfitMargin" : 29.23,
    "operatingProfit" : 83.92,
    "netProfitMargin" : 18.58,
    "netProfit" : 53.34
  }, {
    "date" : "2020-12-31",
    "sales" : 309.13,
    "salesGrowthYoY" : 7.20,
    "grossProfitMargin" : 100.00,
    "grossProfit" : 309.13,
    "operatingProfitMargin" : 27.69,
    "operatingProfit" : 85.60,
    "netProfitMargin" : 18.47,
    "netProfit" : 57.10
  }, {
    "date" : "2021-03-31",
    "sales" : 329.52,
    "salesGrowthYoY" : 18.43,
    "grossProfitMargin" : 100.00,
    "grossProfit" : 329.52,
    "operatingProfitMargin" : 35.53,
    "operatingProfit" : 117.08,
    "netProfitMargin" : 23.76,
    "netProfit" : 78.29
  }, {
    "date" : "2021-06-30",
    "sales" : 343.71,
    "salesGrowthYoY" : 26.52,
    "grossProfitMargin" : 100.00,
    "grossProfit" : 343.71,
    "operatingProfitMargin" : 34.26,
    "operatingProfit" : 117.76,
    "netProfitMargin" : 23.89,
    "netProfit" : 82.11
  }, {
    "date" : "2021-09-30",
    "sales" : 373.89,
    "salesGrowthYoY" : 30.23,
    "grossProfitMargin" : 100.00,
    "grossProfit" : 373.89,
    "operatingProfitMargin" : 34.70,
    "operatingProfit" : 129.74,
    "netProfitMargin" : 22.91,
    "netProfit" : 85.66
  }, {
    "date" : "2021-12-31",
    "sales" : 405.63,
    "salesGrowthYoY" : 31.22,
    "grossProfitMargin" : 100.00,
    "grossProfit" : 405.63,
    "operatingProfitMargin" : 34.17,
    "operatingProfit" : 138.60,
    "netProfitMargin" : 22.60,
    "netProfit" : 91.67
  }, {
    "date" : "2022-03-31",
    "sales" : 428.08,
    "salesGrowthYoY" : 29.91,
    "grossProfitMargin" : 100.00,
    "grossProfit" : 428.08,
    "operatingProfitMargin" : 32.30,
    "operatingProfit" : 138.27,
    "netProfitMargin" : 22.30,
    "netProfit" : 95.46
  }, {
    "date" : "2022-06-30",
    "sales" : 434.72,
    "salesGrowthYoY" : 26.48,
    "grossProfitMargin" : 100.00,
    "grossProfit" : 434.72,
    "operatingProfitMargin" : 22.47,
    "operatingProfit" : 97.68,
    "netProfitMargin" : 16.57,
    "netProfit" : 72.03
  }, {
    "date" : "2022-09-30",
    "sales" : 464.77,
    "salesGrowthYoY" : 24.31,
    "grossProfitMargin" : 100.00,
    "grossProfit" : 464.77,
    "operatingProfitMargin" : 28.01,
    "operatingProfit" : 130.18,
    "netProfitMargin" : 20.20,
    "netProfit" : 93.88
  }, {
    "date" : "2022-12-31",
    "sales" : 488.11,
    "salesGrowthYoY" : 20.33,
    "grossProfitMargin" : 100.00,
    "grossProfit" : 488.11,
    "operatingProfitMargin" : 28.45,
    "operatingProfit" : 138.87,
    "netProfitMargin" : 21.63,
    "netProfit" : 105.58
  }, {
    "date" : "2023-03-31",
    "sales" : 500.57,
    "salesGrowthYoY" : 16.93,
    "grossProfitMargin" : 100.00,
    "grossProfit" : 500.57,
    "operatingProfitMargin" : 31.07,
    "operatingProfit" : 155.53,
    "netProfitMargin" : 21.36,
    "netProfit" : 106.92
  }, {
    "date" : "2023-06-30",
    "sales" : 495.18,
    "salesGrowthYoY" : 13.91,
    "grossProfitMargin" : 100.00,
    "grossProfit" : 495.18,
    "operatingProfitMargin" : 23.94,
    "operatingProfit" : 118.55,
    "netProfitMargin" : 16.12,
    "netProfit" : 79.82
  }, {
    "date" : "2023-09-30",
    "sales" : 508.83,
    "salesGrowthYoY" : 9.48,
    "grossProfitMargin" : 100.00,
    "grossProfit" : 508.83,
    "operatingProfitMargin" : 25.05,
    "operatingProfit" : 127.46,
    "netProfitMargin" : 17.01,
    "netProfit" : 86.55
  }, {
    "date" : "2023-12-31",
    "sales" : 530.22,
    "salesGrowthYoY" : 8.63,
    "grossProfitMargin" : 100.00,
    "grossProfit" : 530.22,
    "operatingProfitMargin" : 25.57,
    "operatingProfit" : 135.58,
    "netProfitMargin" : 18.06,
    "netProfit" : 95.76
  }, {
    "date" : "2024-03-31",
    "sales" : 560.60,
    "salesGrowthYoY" : 11.99,
    "grossProfitMargin" : 100.00,
    "grossProfit" : 560.60,
    "operatingProfitMargin" : 24.23,
    "operatingProfit" : 135.83,
    "netProfitMargin" : 16.93,
    "netProfit" : 94.91
  }, {
    "date" : "2024-06-30",
    "sales" : 568.67,
    "salesGrowthYoY" : 14.84,
    "grossProfitMargin" : 100.00,
    "grossProfit" : 568.67,
    "operatingProfitMargin" : 18.30,
    "operatingProfit" : 104.07,
    "netProfitMargin" : 12.37,
    "netProfit" : 70.34
  }, {
    "date" : "2024-09-30",
    "sales" : 612.44,
    "salesGrowthYoY" : 20.36,
    "grossProfitMargin" : 100.00,
    "grossProfit" : 612.44,
    "operatingProfitMargin" : 24.10,
    "operatingProfit" : 147.60,
    "netProfitMargin" : 15.94,
    "netProfit" : 97.62
  }, {
    "date" : "2024-12-31",
    "sales" : 608.63,
    "salesGrowthYoY" : 14.79,
    "grossProfitMargin" : 100.00,
    "grossProfit" : 608.63,
    "operatingProfitMargin" : 20.92,
    "operatingProfit" : 127.33,
    "netProfitMargin" : 13.67,
    "netProfit" : 83.20
  }, {
    "date" : "2025-03-31",
    "sales" : 641.78,
    "salesGrowthYoY" : 14.48,
    "grossProfitMargin" : 100.00,
    "grossProfit" : 641.78,
    "operatingProfitMargin" : 22.73,
    "operatingProfit" : 145.88,
    "netProfitMargin" : 16.87,
    "netProfit" : 108.27
  }, {
    "date" : "2025-06-30",
    "sales" : 665.08,
    "salesGrowthYoY" : 16.95,
    "grossProfitMargin" : 100.00,
    "grossProfit" : 665.08,
    "operatingProfitMargin" : 21.47,
    "operatingProfit" : 142.79,
    "netProfitMargin" : 13.97,
    "netProfit" : 92.91
  }, {
    "date" : "2025-09-30",
    "sales" : 691.29,
    "salesGrowthYoY" : 12.87,
    "grossProfitMargin" : 100.00,
    "grossProfit" : 691.29,
    "operatingProfitMargin" : 22.13,
    "operatingProfit" : 152.98,
    "netProfitMargin" : 15.93,
    "netProfit" : 110.12
  } ],
  "latestQuarterlyResult" : {
    "date" : "2025-09-30",
    "sales" : 691.29,
    "salesGrowthYoY" : 12.87,
    "grossProfitMargin" : 100.00,
    "grossProfit" : 691.29,
    "operatingProfitMargin" : 22.13,
    "operatingProfit" : 152.98,
    "netProfitMargin" : 15.93,
    "netProfit" : 110.12
  },
  "companyScore" : {
    "priceHigherThanDma50" : 5.00,
    "priceHigherThanDma100" : 5.00,
    "priceHigherThanDma200" : 5.00,
    "dma50HigherThanDma100" : 5.00,
    "dma50HigherThanDma200" : 5.00,
    "dma100HigherThanDma200" : 5.00,
    "pricePercentageAboveDma50" : 4.57,
    "pricePercentageAboveDma100" : 4.29,
    "pricePercentageAboveDma200" : 3.71,
    "weeklyVolumeHigherThanYearlyVolume" : 5.00,
    "salesGrowthPercentile" : 7.14,
    "operatingProfitMarginPercentile" : 3.39,
    "netProfitMarginPercentile" : 5.44,
    "totalTechnicalScore" : 47.57,
    "totalFundamentalScore" : 15.97,
    "totalScore" : 63.54
  }
}