{
  "metadata" : {
    "screenerCompanyId" : "888",
    "companyCode" : "EICHERMOT",
    "companyName" : "Eicher Motors",
    "screenerCompanyLink" : "https://www.screener.in/company/EICHERMOT/consolidated/",
    "screenerTechnicalHistoryLink" : "https://www.screener.in/api/company/888/chart/?q=Price-DMA50-DMA200-Volume&days=365",
    "screenerQuarterlyResultsLink" : "https://www.screener.in/api/company/888/chart/?q=GPM-OPM-NPM-Quarter+Sales&days=10000",
    "attributes" : {
      "companyCode" : "EICHERMOT",
      "companyName" : "Eicher Motors",
      "marketCap" : 200887.00,
      "peRatio" : 39.30,
      "description" : "Eicher Motors Limited, incorporated in 1982, is the listed company of the Eicher Group in India and a leading player in the Indian automobile industry and the global leader in middleweight motorcycles. Eicher has a joint venture with Sweden’s AB Volvo to create Volvo Eicher Commercial Vehicles Limited (VECV). VECV is engaged in truck and bus operations, auto components business, and technical consulting services business [1]"
    },
    "companyScore" : {
      "priceHigherThanDma50" : 5.00,
      "priceHigherThanDma100" : 5.00,
      "priceHigherThanDma200" : 5.00,
      "dma50HigherThanDma100" : 5.00,
      "dma50HigherThanDma200" : 5.00,
      "dma100HigherThanDma200" : 5.00,
      "pricePercentageAboveDma50" : 4.91,
      "pricePercentageAboveDma100" : 4.77,
      "pricePercentageAboveDma200" : 4.29,
      "weeklyVolumeHigherThanYearlyVolume" : 0.00,
      "salesGrowthPercentile" : 13.67,
      "operatingProfitMarginPercentile" : 16.45,
      "netProfitMarginPercentile" : 6.51,
      "totalTechnicalScore" : 43.97,
      "totalFundamentalScore" : 36.63,
      "totalScore" : 80.60
    }
  },
  "attributes" : {
    "companyCode" : "EICHERMOT",
    "companyName" : "Eicher Motors",
    "marketCap" : 200887.00,
    "peRatio" : 39.30,
    "description" : "Eicher Motors Limited, incorporated in 1982, is the listed company of the Eicher Group in India and a leading player in the Indian automobile industry and the global leader in middleweight motorcycles. Eicher has a joint venture with Sweden’s AB Volvo to create Volvo Eicher Commercial Vehicles Limited (VECV). VECV is engaged in truck and bus operations, auto components business, and technical consulting services business [1]"
  },
  "technicalHistory" : [ {
    "date" : "2025-01-20",
    "price" : 5016.75,
    "dma50" : 4936.24,
    "dma100" : null,
    "dma200" : 4683.49,
    "volume" : 262069.00
  }, {
    "date" : "2025-01-21",
    "price" : 4969.95,
    "dma50" : 4937.56,
    "dma100" : null,
    "dma200" : 4686.34,
    "volume" : 418870.00
  }, {
    "date" : "2025-01-22",
    "price" : 5009.70,
    "dma50" : 4940.39,
    "dma100" : null,
    "dma200" : 4689.56,
    "volume" : 497866.00
  }, {
    "date" : "2025-01-23",
    "price" : 5116.20,
    "dma50" : 4947.28,
    "dma100" : null,
    "dma200" : 4693.81,
    "volume" : 445507.00
  }, {
    "date" : "2025-01-24",
    "price" : 5206.30,
    "dma50" : 4957.44,
    "dma100" : null,
    "dma200" : 4698.90,
    "volume" : 738346.00
  }, {
    "date" : "2025-01-27",
    "price" : 5144.50,
    "dma50" : 4964.78,
    "dma100" : null,
    "dma200" : 4703.34,
    "volume" : 434730.00
  }, {
    "date" : "2025-01-28",
    "price" : 5105.40,
    "dma50" : 4970.29,
    "dma100" : null,
    "dma200" : 4707.34,
    "volume" : 615426.00
  }, {
    "date" : "2025-01-29",
    "price" : 5182.90,
    "dma50" : 4978.63,
    "dma100" : null,
    "dma200" : 4712.07,
    "volume" : 366228.00
  }, {
    "date" : "2025-01-30",
    "price" : 5164.35,
    "dma50" : 4985.91,
    "dma100" : null,
    "dma200" : 4716.57,
    "volume" : 486327.00
  }, {
    "date" : "2025-01-31",
    "price" : 5194.30,
    "dma50" : 4994.08,
    "dma100" : null,
    "dma200" : 4721.32,
    "volume" : 399199.00
  }, {
    "date" : "2025-02-01",
    "price" : 5390.15,
    "dma50" : 5009.62,
    "dma100" : null,
    "dma200" : 4727.98,
    "volume" : 629166.00
  }, {
    "date" : "2025-02-03",
    "price" : 5485.25,
    "dma50" : 5028.27,
    "dma100" : null,
    "dma200" : 4735.51,
    "volume" : 1355286.00
  }, {
    "date" : "2025-02-04",
    "price" : 5450.10,
    "dma50" : 5044.81,
    "dma100" : null,
    "dma200" : 4742.63,
    "volume" : 597735.00
  }, {
    "date" : "2025-02-05",
    "price" : 5417.20,
    "dma50" : 5059.41,
    "dma100" : null,
    "dma200" : 4749.34,
    "volume" : 450157.00
  }, {
    "date" : "2025-02-06",
    "price" : 5342.00,
    "dma50" : 5070.50,
    "dma100" : null,
    "dma200" : 4755.23,
    "volume" : 366254.00
  }, {
    "date" : "2025-02-07",
    "price" : 5372.55,
    "dma50" : 5082.34,
    "dma100" : null,
    "dma200" : 4761.38,
    "volume" : 622236.00
  }, {
    "date" : "2025-02-10",
    "price" : 5335.35,
    "dma50" : 5092.26,
    "dma100" : null,
    "dma200" : 4767.09,
    "volume" : 645788.00
  }, {
    "date" : "2025-02-11",
    "price" : 4972.35,
    "dma50" : 5087.56,
    "dma100" : null,
    "dma200" : 4769.13,
    "volume" : 2299005.00
  }, {
    "date" : "2025-02-12",
    "price" : 4849.45,
    "dma50" : 5078.22,
    "dma100" : null,
    "dma200" : 4769.93,
    "volume" : 822528.00
  }, {
    "date" : "2025-02-13",
    "price" : 4820.40,
    "dma50" : 5068.11,
    "dma100" : null,
    "dma200" : 4770.43,
    "volume" : 579141.00
  }, {
    "date" : "2025-02-14",
    "price" : 4703.35,
    "dma50" : 5053.81,
    "dma100" : null,
    "dma200" : 4769.76,
    "volume" : 490201.00
  }, {
    "date" : "2025-02-17",
    "price" : 4745.20,
    "dma50" : 5041.71,
    "dma100" : null,
    "dma200" : 4769.52,
    "volume" : 242673.00
  }, {
    "date" : "2025-02-18",
    "price" : 4719.40,
    "dma50" : 5029.07,
    "dma100" : null,
    "dma200" : 4769.02,
    "volume" : 257193.00
  }, {
    "date" : "2025-02-19",
    "price" : 4810.60,
    "dma50" : 5020.50,
    "dma100" : null,
    "dma200" : 4769.44,
    "volume" : 279711.00
  }, {
    "date" : "2025-02-20",
    "price" : 4888.40,
    "dma50" : 5015.32,
    "dma100" : null,
    "dma200" : 4770.62,
    "volume" : 332095.00
  }, {
    "date" : "2025-02-21",
    "price" : 4962.45,
    "dma50" : 5013.25,
    "dma100" : null,
    "dma200" : 4772.53,
    "volume" : 329908.00
  }, {
    "date" : "2025-02-24",
    "price" : 5010.80,
    "dma50" : 5013.15,
    "dma100" : null,
    "dma200" : 4774.90,
    "volume" : 418129.00
  }, {
    "date" : "2025-02-25",
    "price" : 4989.80,
    "dma50" : 5012.23,
    "dma100" : null,
    "dma200" : 4777.04,
    "volume" : 407409.00
  }, {
    "date" : "2025-02-27",
    "price" : 4935.50,
    "dma50" : 5009.22,
    "dma100" : null,
    "dma200" : 4778.61,
    "volume" : 565482.00
  }, {
    "date" : "2025-02-28",
    "price" : 4773.60,
    "dma50" : 4999.98,
    "dma100" : null,
    "dma200" : 4778.56,
    "volume" : 1088852.00
  }, {
    "date" : "2025-03-03",
    "price" : 4906.60,
    "dma50" : 4996.32,
    "dma100" : null,
    "dma200" : 4779.84,
    "volume" : 512721.00
  }, {
    "date" : "2025-03-04",
    "price" : 4815.10,
    "dma50" : 4989.22,
    "dma100" : null,
    "dma200" : 4780.19,
    "volume" : 642351.00
  }, {
    "date" : "2025-03-05",
    "price" : 4988.30,
    "dma50" : 4989.18,
    "dma100" : null,
    "dma200" : 4782.26,
    "volume" : 557703.00
  }, {
    "date" : "2025-03-06",
    "price" : 5094.40,
    "dma50" : 4993.31,
    "dma100" : null,
    "dma200" : 4785.37,
    "volume" : 653459.00
  }, {
    "date" : "2025-03-07",
    "price" : 5100.70,
    "dma50" : 4997.52,
    "dma100" : null,
    "dma200" : 4788.50,
    "volume" : 592949.00
  }, {
    "date" : "2025-03-10",
    "price" : 4990.55,
    "dma50" : 4997.24,
    "dma100" : null,
    "dma200" : 4790.51,
    "volume" : 320113.00
  }, {
    "date" : "2025-03-11",
    "price" : 4985.55,
    "dma50" : 4996.79,
    "dma100" : null,
    "dma200" : 4792.45,
    "volume" : 274860.00
  }, {
    "date" : "2025-03-12",
    "price" : 5017.45,
    "dma50" : 4997.60,
    "dma100" : null,
    "dma200" : 4794.69,
    "volume" : 240180.00
  }, {
    "date" : "2025-03-13",
    "price" : 5015.25,
    "dma50" : 4998.29,
    "dma100" : null,
    "dma200" : 4796.89,
    "volume" : 269223.00
  }, {
    "date" : "2025-03-17",
    "price" : 5050.25,
    "dma50" : 5000.33,
    "dma100" : null,
    "dma200" : 4799.41,
    "volume" : 289686.00
  }, {
    "date" : "2025-03-18",
    "price" : 5127.40,
    "dma50" : 5005.31,
    "dma100" : null,
    "dma200" : 4802.67,
    "volume" : 330837.00
  }, {
    "date" : "2025-03-19",
    "price" : 5100.90,
    "dma50" : 5009.06,
    "dma100" : null,
    "dma200" : 4805.64,
    "volume" : 419509.00
  }, {
    "date" : "2025-03-20",
    "price" : 5229.35,
    "dma50" : 5017.70,
    "dma100" : null,
    "dma200" : 4809.86,
    "volume" : 503324.00
  }, {
    "date" : "2025-03-21",
    "price" : 5305.95,
    "dma50" : 5029.00,
    "dma100" : null,
    "dma200" : 4814.79,
    "volume" : 423353.00
  }, {
    "date" : "2025-03-24",
    "price" : 5424.20,
    "dma50" : 5044.50,
    "dma100" : null,
    "dma200" : 4820.86,
    "volume" : 320001.00
  }, {
    "date" : "2025-03-25",
    "price" : 5431.25,
    "dma50" : 5059.67,
    "dma100" : null,
    "dma200" : 4826.93,
    "volume" : 331343.00
  }, {
    "date" : "2025-03-26",
    "price" : 5403.30,
    "dma50" : 5073.14,
    "dma100" : null,
    "dma200" : 4832.66,
    "volume" : 388422.00
  }, {
    "date" : "2025-03-27",
    "price" : 5345.75,
    "dma50" : 5083.83,
    "dma100" : null,
    "dma200" : 4837.77,
    "volume" : 608579.00
  }, {
    "date" : "2025-03-28",
    "price" : 5347.70,
    "dma50" : 5094.18,
    "dma100" : null,
    "dma200" : 4842.84,
    "volume" : 292613.00
  }, {
    "date" : "2025-04-01",
    "price" : 5307.20,
    "dma50" : 5102.53,
    "dma100" : null,
    "dma200" : 4847.46,
    "volume" : 570768.00
  }, {
    "date" : "2025-04-02",
    "price" : 5355.50,
    "dma50" : 5112.45,
    "dma100" : null,
    "dma200" : 4852.52,
    "volume" : 370227.00
  }, {
    "date" : "2025-04-03",
    "price" : 5379.15,
    "dma50" : 5122.91,
    "dma100" : null,
    "dma200" : 4857.76,
    "volume" : 226328.00
  }, {
    "date" : "2025-04-04",
    "price" : 5247.90,
    "dma50" : 5127.81,
    "dma100" : null,
    "dma200" : 4861.64,
    "volume" : 263427.00
  }, {
    "date" : "2025-04-07",
    "price" : 5065.25,
    "dma50" : 5125.36,
    "dma100" : null,
    "dma200" : 4863.67,
    "volume" : 524904.00
  }, {
    "date" : "2025-04-08",
    "price" : 5231.35,
    "dma50" : 5129.52,
    "dma100" : null,
    "dma200" : 4867.33,
    "volume" : 358567.00
  }, {
    "date" : "2025-04-09",
    "price" : 5258.30,
    "dma50" : 5134.57,
    "dma100" : null,
    "dma200" : 4871.22,
    "volume" : 483344.00
  }, {
    "date" : "2025-04-11",
    "price" : 5350.90,
    "dma50" : 5143.05,
    "dma100" : null,
    "dma200" : 4875.99,
    "volume" : 504673.00
  }, {
    "date" : "2025-04-15",
    "price" : 5529.00,
    "dma50" : 5158.19,
    "dma100" : null,
    "dma200" : 4882.49,
    "volume" : 607383.00
  }, {
    "date" : "2025-04-16",
    "price" : 5615.50,
    "dma50" : 5176.12,
    "dma100" : null,
    "dma200" : 4889.78,
    "volume" : 745105.00
  }, {
    "date" : "2025-04-17",
    "price" : 5678.50,
    "dma50" : 5195.82,
    "dma100" : null,
    "dma200" : 4897.63,
    "volume" : 601165.00
  }, {
    "date" : "2025-04-21",
    "price" : 5810.50,
    "dma50" : 5219.93,
    "dma100" : null,
    "dma200" : 4906.71,
    "volume" : 558969.00
  }, {
    "date" : "2025-04-22",
    "price" : 5784.00,
    "dma50" : 5242.05,
    "dma100" : null,
    "dma200" : 4915.44,
    "volume" : 464296.00
  }, {
    "date" : "2025-04-23",
    "price" : 5740.00,
    "dma50" : 5261.57,
    "dma100" : null,
    "dma200" : 4923.65,
    "volume" : 597337.00
  }, {
    "date" : "2025-04-24",
    "price" : 5650.50,
    "dma50" : 5276.83,
    "dma100" : null,
    "dma200" : 4930.88,
    "volume" : 513862.00
  }, {
    "date" : "2025-04-25",
    "price" : 5575.50,
    "dma50" : 5288.54,
    "dma100" : null,
    "dma200" : 4937.29,
    "volume" : 461584.00
  }, {
    "date" : "2025-04-28",
    "price" : 5622.00,
    "dma50" : 5301.62,
    "dma100" : null,
    "dma200" : 4944.10,
    "volume" : 408277.00
  }, {
    "date" : "2025-04-29",
    "price" : 5579.00,
    "dma50" : 5312.49,
    "dma100" : null,
    "dma200" : 4950.42,
    "volume" : 316294.00
  }, {
    "date" : "2025-04-30",
    "price" : 5567.00,
    "dma50" : 5322.47,
    "dma100" : null,
    "dma200" : 4956.56,
    "volume" : 531932.00
  }, {
    "date" : "2025-05-02",
    "price" : 5437.50,
    "dma50" : 5326.99,
    "dma100" : null,
    "dma200" : 4961.34,
    "volume" : 706663.00
  }, {
    "date" : "2025-05-05",
    "price" : 5460.50,
    "dma50" : 5332.22,
    "dma100" : null,
    "dma200" : 4966.31,
    "volume" : 362040.00
  }, {
    "date" : "2025-05-06",
    "price" : 5515.00,
    "dma50" : 5339.39,
    "dma100" : null,
    "dma200" : 4971.77,
    "volume" : 554914.00
  }, {
    "date" : "2025-05-07",
    "price" : 5489.00,
    "dma50" : 5345.26,
    "dma100" : null,
    "dma200" : 4976.92,
    "volume" : 404507.00
  }, {
    "date" : "2025-05-08",
    "price" : 5372.50,
    "dma50" : 5346.32,
    "dma100" : null,
    "dma200" : 4980.85,
    "volume" : 615521.00
  }, {
    "date" : "2025-05-09",
    "price" : 5324.00,
    "dma50" : 5345.45,
    "dma100" : null,
    "dma200" : 4984.27,
    "volume" : 421348.00
  }, {
    "date" : "2025-05-12",
    "price" : 5520.00,
    "dma50" : 5352.29,
    "dma100" : null,
    "dma200" : 4989.60,
    "volume" : 338531.00
  }, {
    "date" : "2025-05-13",
    "price" : 5419.00,
    "dma50" : 5354.91,
    "dma100" : null,
    "dma200" : 4993.87,
    "volume" : 423106.00
  }, {
    "date" : "2025-05-14",
    "price" : 5446.50,
    "dma50" : 5358.50,
    "dma100" : null,
    "dma200" : 4998.37,
    "volume" : 330459.00
  }, {
    "date" : "2025-05-15",
    "price" : 5466.00,
    "dma50" : 5362.72,
    "dma100" : null,
    "dma200" : 5003.03,
    "volume" : 1979713.00
  }, {
    "date" : "2025-05-16",
    "price" : 5509.50,
    "dma50" : 5368.47,
    "dma100" : null,
    "dma200" : 5008.07,
    "volume" : 669402.00
  }, {
    "date" : "2025-05-19",
    "price" : 5530.00,
    "dma50" : 5374.81,
    "dma100" : null,
    "dma200" : 5013.26,
    "volume" : 669892.00
  }, {
    "date" : "2025-05-20",
    "price" : 5387.50,
    "dma50" : 5375.31,
    "dma100" : null,
    "dma200" : 5016.98,
    "volume" : 416491.00
  }, {
    "date" : "2025-05-21",
    "price" : 5409.00,
    "dma50" : 5376.63,
    "dma100" : null,
    "dma200" : 5020.88,
    "volume" : 324077.00
  }, {
    "date" : "2025-05-22",
    "price" : 5387.00,
    "dma50" : 5377.03,
    "dma100" : null,
    "dma200" : 5024.53,
    "volume" : 470481.00
  }, {
    "date" : "2025-05-23",
    "price" : 5400.00,
    "dma50" : 5377.93,
    "dma100" : null,
    "dma200" : 5028.26,
    "volume" : 319945.00
  }, {
    "date" : "2025-05-26",
    "price" : 5427.50,
    "dma50" : 5379.88,
    "dma100" : null,
    "dma200" : 5032.24,
    "volume" : 349855.00
  }, {
    "date" : "2025-05-27",
    "price" : 5389.50,
    "dma50" : 5380.26,
    "dma100" : null,
    "dma200" : 5035.79,
    "volume" : 458246.00
  }, {
    "date" : "2025-05-28",
    "price" : 5326.50,
    "dma50" : 5378.15,
    "dma100" : null,
    "dma200" : 5038.68,
    "volume" : 387117.00
  }, {
    "date" : "2025-05-29",
    "price" : 5379.00,
    "dma50" : 5378.18,
    "dma100" : null,
    "dma200" : 5042.07,
    "volume" : 769059.00
  }, {
    "date" : "2025-05-30",
    "price" : 5333.50,
    "dma50" : 5376.43,
    "dma100" : null,
    "dma200" : 5044.97,
    "volume" : 919893.00
  }, {
    "date" : "2025-06-02",
    "price" : 5361.00,
    "dma50" : 5375.82,
    "dma100" : null,
    "dma200" : 5048.11,
    "volume" : 500442.00
  }, {
    "date" : "2025-06-03",
    "price" : 5354.00,
    "dma50" : 5374.97,
    "dma100" : null,
    "dma200" : 5051.16,
    "volume" : 483658.00
  }, {
    "date" : "2025-06-04",
    "price" : 5319.50,
    "dma50" : 5372.79,
    "dma100" : null,
    "dma200" : 5053.83,
    "volume" : 362161.00
  }, {
    "date" : "2025-06-05",
    "price" : 5308.50,
    "dma50" : 5370.27,
    "dma100" : null,
    "dma200" : 5056.36,
    "volume" : 463051.00
  }, {
    "date" : "2025-06-06",
    "price" : 5394.00,
    "dma50" : 5371.20,
    "dma100" : null,
    "dma200" : 5059.72,
    "volume" : 561769.00
  }, {
    "date" : "2025-06-09",
    "price" : 5391.00,
    "dma50" : 5371.98,
    "dma100" : null,
    "dma200" : 5063.02,
    "volume" : 282869.00
  }, {
    "date" : "2025-06-10",
    "price" : 5377.50,
    "dma50" : 5372.19,
    "dma100" : null,
    "dma200" : 5066.15,
    "volume" : 336060.00
  }, {
    "date" : "2025-06-11",
    "price" : 5352.00,
    "dma50" : 5371.40,
    "dma100" : null,
    "dma200" : 5068.99,
    "volume" : 369841.00
  }, {
    "date" : "2025-06-12",
    "price" : 5315.50,
    "dma50" : 5369.21,
    "dma100" : null,
    "dma200" : 5071.44,
    "volume" : 343013.00
  }, {
    "date" : "2025-06-13",
    "price" : 5319.00,
    "dma50" : 5367.24,
    "dma100" : null,
    "dma200" : 5073.91,
    "volume" : 421374.00
  }, {
    "date" : "2025-06-16",
    "price" : 5365.00,
    "dma50" : 5367.15,
    "dma100" : null,
    "dma200" : 5076.80,
    "volume" : 359160.00
  }, {
    "date" : "2025-06-17",
    "price" : 5341.00,
    "dma50" : 5366.13,
    "dma100" : 5272.22,
    "dma200" : 5079.43,
    "volume" : 731743.00
  }, {
    "date" : "2025-06-18",
    "price" : 5393.00,
    "dma50" : 5367.18,
    "dma100" : 5276.45,
    "dma200" : 5082.55,
    "volume" : 784056.00
  }, {
    "date" : "2025-06-19",
    "price" : 5493.50,
    "dma50" : 5372.14,
    "dma100" : 5281.28,
    "dma200" : 5086.64,
    "volume" : 1014605.00
  }, {
    "date" : "2025-06-20",
    "price" : 5525.00,
    "dma50" : 5378.13,
    "dma100" : 5285.37,
    "dma200" : 5091.00,
    "volume" : 793200.00
  }, {
    "date" : "2025-06-23",
    "price" : 5552.50,
    "dma50" : 5384.97,
    "dma100" : 5288.83,
    "dma200" : 5095.59,
    "volume" : 252385.00
  }, {
    "date" : "2025-06-24",
    "price" : 5629.00,
    "dma50" : 5394.54,
    "dma100" : 5293.68,
    "dma200" : 5100.90,
    "volume" : 595269.00
  }, {
    "date" : "2025-06-25",
    "price" : 5576.00,
    "dma50" : 5401.65,
    "dma100" : 5298.38,
    "dma200" : 5105.63,
    "volume" : 454670.00
  }, {
    "date" : "2025-06-26",
    "price" : 5611.50,
    "dma50" : 5409.88,
    "dma100" : 5302.67,
    "dma200" : 5110.66,
    "volume" : 800911.00
  }, {
    "date" : "2025-06-27",
    "price" : 5660.00,
    "dma50" : 5419.69,
    "dma100" : 5307.63,
    "dma200" : 5116.13,
    "volume" : 423193.00
  }, {
    "date" : "2025-06-30",
    "price" : 5656.50,
    "dma50" : 5428.98,
    "dma100" : 5312.25,
    "dma200" : 5121.51,
    "volume" : 343672.00
  }, {
    "date" : "2025-07-01",
    "price" : 5715.50,
    "dma50" : 5440.21,
    "dma100" : 5315.50,
    "dma200" : 5127.42,
    "volume" : 547358.00
  }, {
    "date" : "2025-07-02",
    "price" : 5722.50,
    "dma50" : 5451.28,
    "dma100" : 5317.88,
    "dma200" : 5133.34,
    "volume" : 305937.00
  }, {
    "date" : "2025-07-03",
    "price" : 5716.00,
    "dma50" : 5461.67,
    "dma100" : 5320.53,
    "dma200" : 5139.14,
    "volume" : 346812.00
  }, {
    "date" : "2025-07-04",
    "price" : 5629.00,
    "dma50" : 5468.23,
    "dma100" : 5322.65,
    "dma200" : 5144.01,
    "volume" : 192617.00
  }, {
    "date" : "2025-07-07",
    "price" : 5682.50,
    "dma50" : 5476.63,
    "dma100" : 5326.06,
    "dma200" : 5149.37,
    "volume" : 244257.00
  }, {
    "date" : "2025-07-08",
    "price" : 5679.50,
    "dma50" : 5484.59,
    "dma100" : 5329.13,
    "dma200" : 5154.64,
    "volume" : 184353.00
  }, {
    "date" : "2025-07-09",
    "price" : 5695.00,
    "dma50" : 5492.84,
    "dma100" : 5332.72,
    "dma200" : 5160.02,
    "volume" : 179972.00
  }, {
    "date" : "2025-07-10",
    "price" : 5652.00,
    "dma50" : 5499.08,
    "dma100" : 5339.52,
    "dma200" : 5164.91,
    "volume" : 192165.00
  }, {
    "date" : "2025-07-11",
    "price" : 5612.50,
    "dma50" : 5503.53,
    "dma100" : 5347.15,
    "dma200" : 5169.37,
    "volume" : 526144.00
  }, {
    "date" : "2025-07-14",
    "price" : 5540.50,
    "dma50" : 5504.98,
    "dma100" : 5354.35,
    "dma200" : 5173.06,
    "volume" : 508308.00
  }, {
    "date" : "2025-07-15",
    "price" : 5591.00,
    "dma50" : 5508.35,
    "dma100" : 5363.23,
    "dma200" : 5177.22,
    "volume" : 722917.00
  }, {
    "date" : "2025-07-16",
    "price" : 5626.50,
    "dma50" : 5512.98,
    "dma100" : 5372.04,
    "dma200" : 5181.69,
    "volume" : 230928.00
  }, {
    "date" : "2025-07-17",
    "price" : 5650.00,
    "dma50" : 5518.36,
    "dma100" : 5381.35,
    "dma200" : 5186.35,
    "volume" : 395553.00
  }, {
    "date" : "2025-07-18",
    "price" : 5627.50,
    "dma50" : 5522.64,
    "dma100" : 5389.52,
    "dma200" : 5190.74,
    "volume" : 255883.00
  }, {
    "date" : "2025-07-21",
    "price" : 5558.00,
    "dma50" : 5524.02,
    "dma100" : 5396.21,
    "dma200" : 5194.39,
    "volume" : 216435.00
  }, {
    "date" : "2025-07-22",
    "price" : 5439.50,
    "dma50" : 5520.71,
    "dma100" : 5400.98,
    "dma200" : 5196.83,
    "volume" : 609927.00
  }, {
    "date" : "2025-07-23",
    "price" : 5441.50,
    "dma50" : 5517.60,
    "dma100" : 5405.29,
    "dma200" : 5199.27,
    "volume" : 366558.00
  }, {
    "date" : "2025-07-24",
    "price" : 5469.00,
    "dma50" : 5515.70,
    "dma100" : 5410.08,
    "dma200" : 5201.95,
    "volume" : 289101.00
  }, {
    "date" : "2025-07-25",
    "price" : 5433.00,
    "dma50" : 5512.45,
    "dma100" : 5415.06,
    "dma200" : 5204.25,
    "volume" : 298992.00
  }, {
    "date" : "2025-07-28",
    "price" : 5386.00,
    "dma50" : 5507.50,
    "dma100" : 5421.18,
    "dma200" : 5206.06,
    "volume" : 324736.00
  }, {
    "date" : "2025-07-29",
    "price" : 5470.50,
    "dma50" : 5506.04,
    "dma100" : 5426.82,
    "dma200" : 5208.69,
    "volume" : 218874.00
  }, {
    "date" : "2025-07-30",
    "price" : 5481.00,
    "dma50" : 5505.06,
    "dma100" : 5433.48,
    "dma200" : 5211.40,
    "volume" : 274872.00
  }, {
    "date" : "2025-07-31",
    "price" : 5468.50,
    "dma50" : 5503.63,
    "dma100" : 5438.28,
    "dma200" : 5213.96,
    "volume" : 316649.00
  }, {
    "date" : "2025-08-01",
    "price" : 5528.00,
    "dma50" : 5504.58,
    "dma100" : 5442.62,
    "dma200" : 5217.08,
    "volume" : 1517770.00
  }, {
    "date" : "2025-08-04",
    "price" : 5621.00,
    "dma50" : 5509.15,
    "dma100" : 5447.82,
    "dma200" : 5221.10,
    "volume" : 514630.00
  }, {
    "date" : "2025-08-05",
    "price" : 5681.00,
    "dma50" : 5515.89,
    "dma100" : 5454.72,
    "dma200" : 5225.68,
    "volume" : 474618.00
  }, {
    "date" : "2025-08-06",
    "price" : 5668.00,
    "dma50" : 5521.85,
    "dma100" : 5461.55,
    "dma200" : 5230.08,
    "volume" : 210918.00
  }, {
    "date" : "2025-08-07",
    "price" : 5681.50,
    "dma50" : 5528.11,
    "dma100" : 5468.19,
    "dma200" : 5234.57,
    "volume" : 272217.00
  }, {
    "date" : "2025-08-08",
    "price" : 5663.00,
    "dma50" : 5533.40,
    "dma100" : 5474.67,
    "dma200" : 5238.83,
    "volume" : 378839.00
  }, {
    "date" : "2025-08-11",
    "price" : 5671.50,
    "dma50" : 5538.82,
    "dma100" : 5480.88,
    "dma200" : 5243.14,
    "volume" : 510570.00
  }, {
    "date" : "2025-08-12",
    "price" : 5658.00,
    "dma50" : 5543.49,
    "dma100" : 5486.18,
    "dma200" : 5247.27,
    "volume" : 453236.00
  }, {
    "date" : "2025-08-13",
    "price" : 5714.50,
    "dma50" : 5550.20,
    "dma100" : 5492.32,
    "dma200" : 5251.92,
    "volume" : 444989.00
  }, {
    "date" : "2025-08-14",
    "price" : 5764.00,
    "dma50" : 5558.58,
    "dma100" : 5497.67,
    "dma200" : 5257.01,
    "volume" : 457992.00
  }, {
    "date" : "2025-08-18",
    "price" : 5912.00,
    "dma50" : 5572.44,
    "dma100" : 5503.73,
    "dma200" : 5263.53,
    "volume" : 1323096.00
  }, {
    "date" : "2025-08-19",
    "price" : 5938.50,
    "dma50" : 5586.80,
    "dma100" : 5508.87,
    "dma200" : 5270.24,
    "volume" : 857243.00
  }, {
    "date" : "2025-08-20",
    "price" : 5937.50,
    "dma50" : 5600.55,
    "dma100" : 5513.93,
    "dma200" : 5276.88,
    "volume" : 518522.00
  }, {
    "date" : "2025-08-21",
    "price" : 5975.00,
    "dma50" : 5615.24,
    "dma100" : 5519.65,
    "dma200" : 5283.83,
    "volume" : 508185.00
  }, {
    "date" : "2025-08-22",
    "price" : 5924.50,
    "dma50" : 5627.36,
    "dma100" : 5525.44,
    "dma200" : 5290.21,
    "volume" : 277344.00
  }, {
    "date" : "2025-08-25",
    "price" : 5990.50,
    "dma50" : 5641.60,
    "dma100" : 5531.87,
    "dma200" : 5297.17,
    "volume" : 848957.00
  }, {
    "date" : "2025-08-26",
    "price" : 6151.00,
    "dma50" : 5661.58,
    "dma100" : 5540.30,
    "dma200" : 5305.67,
    "volume" : 1523853.00
  }, {
    "date" : "2025-08-28",
    "price" : 6133.00,
    "dma50" : 5680.07,
    "dma100" : 5548.08,
    "dma200" : 5313.90,
    "volume" : 736248.00
  }, {
    "date" : "2025-08-29",
    "price" : 6103.00,
    "dma50" : 5696.65,
    "dma100" : 5555.32,
    "dma200" : 5321.75,
    "volume" : 503102.00
  }, {
    "date" : "2025-09-01",
    "price" : 6280.00,
    "dma50" : 5719.53,
    "dma100" : 5565.64,
    "dma200" : 5331.29,
    "volume" : 850658.00
  }, {
    "date" : "2025-09-02",
    "price" : 6349.00,
    "dma50" : 5744.21,
    "dma100" : 5578.48,
    "dma200" : 5341.41,
    "volume" : 723156.00
  }, {
    "date" : "2025-09-03",
    "price" : 6371.50,
    "dma50" : 5768.81,
    "dma100" : 5589.88,
    "dma200" : 5351.66,
    "volume" : 558916.00
  }, {
    "date" : "2025-09-04",
    "price" : 6425.00,
    "dma50" : 5794.55,
    "dma100" : 5601.54,
    "dma200" : 5362.34,
    "volume" : 1206857.00
  }, {
    "date" : "2025-09-05",
    "price" : 6580.50,
    "dma50" : 5825.37,
    "dma100" : 5613.84,
    "dma200" : 5374.46,
    "volume" : 625211.00
  }, {
    "date" : "2025-09-08",
    "price" : 6815.00,
    "dma50" : 5864.18,
    "dma100" : 5626.70,
    "dma200" : 5388.80,
    "volume" : 992801.00
  }, {
    "date" : "2025-09-09",
    "price" : 6874.50,
    "dma50" : 5903.80,
    "dma100" : 5639.29,
    "dma200" : 5403.58,
    "volume" : 1010217.00
  }, {
    "date" : "2025-09-10",
    "price" : 6836.50,
    "dma50" : 5940.37,
    "dma100" : 5650.87,
    "dma200" : 5417.84,
    "volume" : 752890.00
  }, {
    "date" : "2025-09-11",
    "price" : 6758.00,
    "dma50" : 5972.44,
    "dma100" : 5660.35,
    "dma200" : 5431.17,
    "volume" : 727545.00
  }, {
    "date" : "2025-09-12",
    "price" : 6875.00,
    "dma50" : 6007.83,
    "dma100" : 5671.26,
    "dma200" : 5445.54,
    "volume" : 743546.00
  }, {
    "date" : "2025-09-15",
    "price" : 6801.00,
    "dma50" : 6038.94,
    "dma100" : 5681.87,
    "dma200" : 5459.03,
    "volume" : 392326.00
  }, {
    "date" : "2025-09-16",
    "price" : 6927.50,
    "dma50" : 6073.78,
    "dma100" : 5694.64,
    "dma200" : 5473.64,
    "volume" : 728917.00
  }, {
    "date" : "2025-09-17",
    "price" : 6890.50,
    "dma50" : 6105.81,
    "dma100" : 5707.79,
    "dma200" : 5487.74,
    "volume" : 316142.00
  }, {
    "date" : "2025-09-18",
    "price" : 6924.50,
    "dma50" : 6137.92,
    "dma100" : 5720.81,
    "dma200" : 5502.03,
    "volume" : 229164.00
  }, {
    "date" : "2025-09-19",
    "price" : 6973.50,
    "dma50" : 6170.68,
    "dma100" : 5734.76,
    "dma200" : 5516.68,
    "volume" : 559271.00
  }, {
    "date" : "2025-09-22",
    "price" : 6946.00,
    "dma50" : 6201.09,
    "dma100" : 5748.55,
    "dma200" : 5530.90,
    "volume" : 337698.00
  }, {
    "date" : "2025-09-23",
    "price" : 6990.50,
    "dma50" : 6232.05,
    "dma100" : 5764.08,
    "dma200" : 5545.42,
    "volume" : 693261.00
  }, {
    "date" : "2025-09-24",
    "price" : 7011.50,
    "dma50" : 6262.61,
    "dma100" : 5779.59,
    "dma200" : 5560.01,
    "volume" : 328742.00
  }, {
    "date" : "2025-09-25",
    "price" : 6986.00,
    "dma50" : 6290.98,
    "dma100" : 5794.30,
    "dma200" : 5574.20,
    "volume" : 390150.00
  }, {
    "date" : "2025-09-26",
    "price" : 7047.00,
    "dma50" : 6320.63,
    "dma100" : 5809.88,
    "dma200" : 5588.85,
    "volume" : 696818.00
  }, {
    "date" : "2025-09-29",
    "price" : 6985.00,
    "dma50" : 6346.68,
    "dma100" : 5826.00,
    "dma200" : 5602.74,
    "volume" : 624985.00
  }, {
    "date" : "2025-09-30",
    "price" : 7005.50,
    "dma50" : 6372.52,
    "dma100" : 5842.82,
    "dma200" : 5616.70,
    "volume" : 371437.00
  }, {
    "date" : "2025-10-01",
    "price" : 7021.50,
    "dma50" : 6397.97,
    "dma100" : 5857.83,
    "dma200" : 5630.68,
    "volume" : 321469.00
  }, {
    "date" : "2025-10-03",
    "price" : 6941.00,
    "dma50" : 6419.26,
    "dma100" : 5873.05,
    "dma200" : 5643.72,
    "volume" : 678051.00
  }, {
    "date" : "2025-10-06",
    "price" : 6880.00,
    "dma50" : 6437.33,
    "dma100" : 5887.39,
    "dma200" : 5656.02,
    "volume" : 226037.00
  }, {
    "date" : "2025-10-07",
    "price" : 6957.00,
    "dma50" : 6457.71,
    "dma100" : 5902.30,
    "dma200" : 5668.96,
    "volume" : 290740.00
  }, {
    "date" : "2025-10-08",
    "price" : 6902.50,
    "dma50" : 6475.15,
    "dma100" : 5916.23,
    "dma200" : 5681.24,
    "volume" : 480341.00
  }, {
    "date" : "2025-10-09",
    "price" : 6896.50,
    "dma50" : 6491.68,
    "dma100" : 5929.89,
    "dma200" : 5693.33,
    "volume" : 410169.00
  }, {
    "date" : "2025-10-10",
    "price" : 6965.00,
    "dma50" : 6510.24,
    "dma100" : 5945.67,
    "dma200" : 5705.98,
    "volume" : 288207.00
  }, {
    "date" : "2025-10-13",
    "price" : 6912.00,
    "dma50" : 6525.99,
    "dma100" : 5960.70,
    "dma200" : 5717.98,
    "volume" : 353966.00
  }, {
    "date" : "2025-10-14",
    "price" : 6887.00,
    "dma50" : 6540.15,
    "dma100" : 5975.70,
    "dma200" : 5729.62,
    "volume" : 315965.00
  }, {
    "date" : "2025-10-15",
    "price" : 6895.00,
    "dma50" : 6554.07,
    "dma100" : 5990.65,
    "dma200" : 5741.21,
    "volume" : 239149.00
  }, {
    "date" : "2025-10-16",
    "price" : 6988.00,
    "dma50" : 6571.08,
    "dma100" : 6006.25,
    "dma200" : 5753.62,
    "volume" : 325805.00
  }, {
    "date" : "2025-10-17",
    "price" : 7042.50,
    "dma50" : 6589.57,
    "dma100" : 6022.78,
    "dma200" : 5766.44,
    "volume" : 410170.00
  }, {
    "date" : "2025-10-20",
    "price" : 7013.50,
    "dma50" : 6606.20,
    "dma100" : 6039.65,
    "dma200" : 5778.85,
    "volume" : 329220.00
  }, {
    "date" : "2025-10-21",
    "price" : 7018.50,
    "dma50" : 6622.36,
    "dma100" : 6056.05,
    "dma200" : 5791.19,
    "volume" : 15263.00
  }, {
    "date" : "2025-10-23",
    "price" : 6884.50,
    "dma50" : 6632.64,
    "dma100" : 6071.56,
    "dma200" : 5802.06,
    "volume" : 436585.00
  }, {
    "date" : "2025-10-24",
    "price" : 6840.00,
    "dma50" : 6640.78,
    "dma100" : 6086.35,
    "dma200" : 5812.39,
    "volume" : 302682.00
  }, {
    "date" : "2025-10-27",
    "price" : 6906.50,
    "dma50" : 6651.20,
    "dma100" : 6101.87,
    "dma200" : 5823.28,
    "volume" : 231646.00
  }, {
    "date" : "2025-10-28",
    "price" : 7002.50,
    "dma50" : 6664.97,
    "dma100" : 6118.70,
    "dma200" : 5835.01,
    "volume" : 494071.00
  }, {
    "date" : "2025-10-29",
    "price" : 6952.00,
    "dma50" : 6676.23,
    "dma100" : 6135.14,
    "dma200" : 5846.13,
    "volume" : 351829.00
  }, {
    "date" : "2025-10-30",
    "price" : 6889.00,
    "dma50" : 6684.57,
    "dma100" : 6150.09,
    "dma200" : 5856.50,
    "volume" : 419892.00
  }, {
    "date" : "2025-10-31",
    "price" : 7007.00,
    "dma50" : 6697.22,
    "dma100" : 6166.25,
    "dma200" : 5867.95,
    "volume" : 717945.00
  }, {
    "date" : "2025-11-03",
    "price" : 7023.50,
    "dma50" : 6710.01,
    "dma100" : 6182.71,
    "dma200" : 5879.45,
    "volume" : 340418.00
  }, {
    "date" : "2025-11-04",
    "price" : 6930.00,
    "dma50" : 6718.64,
    "dma100" : 6198.49,
    "dma200" : 5889.90,
    "volume" : 502945.00
  }, {
    "date" : "2025-11-06",
    "price" : 6806.50,
    "dma50" : 6722.09,
    "dma100" : 6213.40,
    "dma200" : 5899.02,
    "volume" : 441312.00
  }, {
    "date" : "2025-11-07",
    "price" : 6886.00,
    "dma50" : 6728.51,
    "dma100" : 6229.07,
    "dma200" : 5908.84,
    "volume" : 471226.00
  }, {
    "date" : "2025-11-10",
    "price" : 6866.50,
    "dma50" : 6733.92,
    "dma100" : 6244.08,
    "dma200" : 5918.37,
    "volume" : 522538.00
  }, {
    "date" : "2025-11-11",
    "price" : 6873.00,
    "dma50" : 6739.38,
    "dma100" : 6259.40,
    "dma200" : 5927.87,
    "volume" : 415710.00
  }, {
    "date" : "2025-11-12",
    "price" : 6879.00,
    "dma50" : 6744.85,
    "dma100" : 6274.26,
    "dma200" : 5937.34,
    "volume" : 308321.00
  }, {
    "date" : "2025-11-13",
    "price" : 6855.00,
    "dma50" : 6749.17,
    "dma100" : 6287.88,
    "dma200" : 5946.47,
    "volume" : 853420.00
  }, {
    "date" : "2025-11-14",
    "price" : 6695.00,
    "dma50" : 6747.05,
    "dma100" : 6299.58,
    "dma200" : 5953.91,
    "volume" : 759116.00
  }, {
    "date" : "2025-11-17",
    "price" : 6799.00,
    "dma50" : 6749.09,
    "dma100" : 6312.04,
    "dma200" : 5962.32,
    "volume" : 797092.00
  }, {
    "date" : "2025-11-18",
    "price" : 6814.50,
    "dma50" : 6751.65,
    "dma100" : 6323.90,
    "dma200" : 5970.80,
    "volume" : 524017.00
  }, {
    "date" : "2025-11-19",
    "price" : 6896.50,
    "dma50" : 6757.33,
    "dma100" : 6337.10,
    "dma200" : 5980.01,
    "volume" : 420102.00
  }, {
    "date" : "2025-11-20",
    "price" : 7125.50,
    "dma50" : 6771.77,
    "dma100" : 6352.24,
    "dma200" : 5991.41,
    "volume" : 876233.00
  }, {
    "date" : "2025-11-21",
    "price" : 7134.50,
    "dma50" : 6785.99,
    "dma100" : 6366.99,
    "dma200" : 6002.79,
    "volume" : 676947.00
  }, {
    "date" : "2025-11-24",
    "price" : 7258.50,
    "dma50" : 6804.52,
    "dma100" : 6383.01,
    "dma200" : 6015.28,
    "volume" : 1245684.00
  }, {
    "date" : "2025-11-25",
    "price" : 7218.50,
    "dma50" : 6820.76,
    "dma100" : 6398.04,
    "dma200" : 6027.25,
    "volume" : 528972.00
  }, {
    "date" : "2025-11-26",
    "price" : 7198.50,
    "dma50" : 6835.57,
    "dma100" : 6412.80,
    "dma200" : 6038.91,
    "volume" : 318576.00
  }, {
    "date" : "2025-11-27",
    "price" : 6999.00,
    "dma50" : 6841.98,
    "dma100" : 6425.63,
    "dma200" : 6048.46,
    "volume" : 493671.00
  }, {
    "date" : "2025-11-28",
    "price" : 7053.50,
    "dma50" : 6850.28,
    "dma100" : 6439.87,
    "dma200" : 6058.46,
    "volume" : 456549.00
  }, {
    "date" : "2025-12-01",
    "price" : 7125.50,
    "dma50" : 6861.07,
    "dma100" : 6454.30,
    "dma200" : 6069.08,
    "volume" : 997337.00
  }, {
    "date" : "2025-12-02",
    "price" : 7112.50,
    "dma50" : 6870.93,
    "dma100" : 6468.63,
    "dma200" : 6079.46,
    "volume" : 453106.00
  }, {
    "date" : "2025-12-03",
    "price" : 7081.50,
    "dma50" : 6879.19,
    "dma100" : 6482.50,
    "dma200" : 6089.43,
    "volume" : 338345.00
  }, {
    "date" : "2025-12-04",
    "price" : 7100.00,
    "dma50" : 6887.85,
    "dma100" : 6496.98,
    "dma200" : 6099.49,
    "volume" : 370905.00
  }, {
    "date" : "2025-12-05",
    "price" : 7208.00,
    "dma50" : 6900.40,
    "dma100" : 6512.93,
    "dma200" : 6110.52,
    "volume" : 508122.00
  }, {
    "date" : "2025-12-08",
    "price" : 7142.00,
    "dma50" : 6909.88,
    "dma100" : 6528.95,
    "dma200" : 6120.78,
    "volume" : 284543.00
  }, {
    "date" : "2025-12-09",
    "price" : 7123.00,
    "dma50" : 6918.23,
    "dma100" : 6544.27,
    "dma200" : 6130.75,
    "volume" : 441517.00
  }, {
    "date" : "2025-12-10",
    "price" : 7228.50,
    "dma50" : 6930.40,
    "dma100" : 6560.29,
    "dma200" : 6141.67,
    "volume" : 639966.00
  }, {
    "date" : "2025-12-11",
    "price" : 7256.00,
    "dma50" : 6943.17,
    "dma100" : 6576.35,
    "dma200" : 6152.76,
    "volume" : 510818.00
  }, {
    "date" : "2025-12-12",
    "price" : 7229.00,
    "dma50" : 6954.38,
    "dma100" : 6592.36,
    "dma200" : 6163.47,
    "volume" : 329195.00
  }, {
    "date" : "2025-12-15",
    "price" : 7121.50,
    "dma50" : 6960.93,
    "dma100" : 6608.00,
    "dma200" : 6173.00,
    "volume" : 397053.00
  }, {
    "date" : "2025-12-16",
    "price" : 7061.50,
    "dma50" : 6964.88,
    "dma100" : 6624.22,
    "dma200" : 6181.84,
    "volume" : 509202.00
  }, {
    "date" : "2025-12-17",
    "price" : 7134.50,
    "dma50" : 6971.53,
    "dma100" : 6641.15,
    "dma200" : 6191.32,
    "volume" : 910440.00
  }, {
    "date" : "2025-12-18",
    "price" : 7106.50,
    "dma50" : 6976.82,
    "dma100" : 6657.52,
    "dma200" : 6200.43,
    "volume" : 337716.00
  }, {
    "date" : "2025-12-19",
    "price" : 7217.00,
    "dma50" : 6986.24,
    "dma100" : 6675.36,
    "dma200" : 6210.55,
    "volume" : 429551.00
  }, {
    "date" : "2025-12-22",
    "price" : 7291.50,
    "dma50" : 6998.21,
    "dma100" : 6694.42,
    "dma200" : 6221.30,
    "volume" : 242508.00
  }, {
    "date" : "2025-12-23",
    "price" : 7303.00,
    "dma50" : 7010.16,
    "dma100" : 6712.74,
    "dma200" : 6232.06,
    "volume" : 256203.00
  }, {
    "date" : "2025-12-24",
    "price" : 7312.50,
    "dma50" : 7022.02,
    "dma100" : 6731.06,
    "dma200" : 6242.81,
    "volume" : 208686.00
  }, {
    "date" : "2025-12-26",
    "price" : 7324.00,
    "dma50" : 7033.86,
    "dma100" : 6749.61,
    "dma200" : 6253.57,
    "volume" : 165323.00
  }, {
    "date" : "2025-12-29",
    "price" : 7272.00,
    "dma50" : 7043.20,
    "dma100" : 6767.05,
    "dma200" : 6263.71,
    "volume" : 303421.00
  }, {
    "date" : "2025-12-30",
    "price" : 7192.50,
    "dma50" : 7049.06,
    "dma100" : 6782.77,
    "dma200" : 6272.95,
    "volume" : 1982416.00
  }, {
    "date" : "2025-12-31",
    "price" : 7312.50,
    "dma50" : 7059.39,
    "dma100" : 6799.08,
    "dma200" : 6283.29,
    "volume" : 365896.00
  }, {
    "date" : "2026-01-01",
    "price" : 7348.00,
    "dma50" : 7070.70,
    "dma100" : 6815.88,
    "dma200" : 6293.89,
    "volume" : 160097.00
  }, {
    "date" : "2026-01-02",
    "price" : 7334.50,
    "dma50" : 7081.05,
    "dma100" : 6832.41,
    "dma200" : 6304.24,
    "volume" : 231451.00
  }, {
    "date" : "2026-01-05",
    "price" : 7482.50,
    "dma50" : 7096.79,
    "dma100" : 6850.61,
    "dma200" : 6315.96,
    "volume" : 442697.00
  }, {
    "date" : "2026-01-06",
    "price" : 7522.50,
    "dma50" : 7113.49,
    "dma100" : 6869.12,
    "dma200" : 6327.97,
    "volume" : 404727.00
  }, {
    "date" : "2026-01-07",
    "price" : 7582.50,
    "dma50" : 7131.88,
    "dma100" : 6888.36,
    "dma200" : 6340.45,
    "volume" : 417705.00
  }, {
    "date" : "2026-01-08",
    "price" : 7551.00,
    "dma50" : 7148.32,
    "dma100" : 6906.73,
    "dma200" : 6352.50,
    "volume" : 469078.00
  }, {
    "date" : "2026-01-09",
    "price" : 7507.00,
    "dma50" : 7162.38,
    "dma100" : 6924.16,
    "dma200" : 6363.99,
    "volume" : 491393.00
  }, {
    "date" : "2026-01-12",
    "price" : 7436.00,
    "dma50" : 7173.11,
    "dma100" : 6939.40,
    "dma200" : 6374.65,
    "volume" : 325465.00
  }, {
    "date" : "2026-01-13",
    "price" : 7404.00,
    "dma50" : 7182.17,
    "dma100" : 6954.05,
    "dma200" : 6384.89,
    "volume" : 266676.00
  }, {
    "date" : "2026-01-14",
    "price" : 7358.00,
    "dma50" : 7189.06,
    "dma100" : 6968.26,
    "dma200" : 6394.58,
    "volume" : 440085.00
  }, {
    "date" : "2026-01-16",
    "price" : 7315.00,
    "dma50" : 7194.00,
    "dma100" : 6981.66,
    "dma200" : 6403.74,
    "volume" : 448438.00
  }, {
    "date" : "2026-01-19",
    "price" : 7323.50,
    "dma50" : 7199.08,
    "dma100" : 6995.65,
    "dma200" : 6412.89,
    "volume" : 213509.00
  } ],
  "latestTechnicalAttributes" : {
    "date" : "2026-01-19",
    "price" : 7323.50,
    "dma50" : 7199.08,
    "dma100" : 6995.65,
    "dma200" : 6412.89,
    "volume" : 213509.00
  },
  "quarterlyResults" : [ {
    "date" : "2005-03-31",
    "sales" : 657.01,
    "salesGrowthYoY" : null,
    "grossProfitMargin" : 24.07,
    "grossProfit" : 158.14,
    "operatingProfitMargin" : 4.89,
    "operatingProfit" : 32.13,
    "netProfitMargin" : 3.44,
    "netProfit" : 22.60
  }, {
    "date" : "2005-06-30",
    "sales" : 387.71,
    "salesGrowthYoY" : null,
    "grossProfitMargin" : 24.56,
    "grossProfit" : 95.22,
    "operatingProfitMargin" : 2.56,
    "operatingProfit" : 9.93,
    "netProfitMargin" : 0.15,
    "netProfit" : 0.58
  }, {
    "date" : "2005-09-30",
    "sales" : 353.37,
    "salesGrowthYoY" : null,
    "grossProfitMargin" : 24.49,
    "grossProfit" : 86.54,
    "operatingProfitMargin" : 0.65,
    "operatingProfit" : 2.30,
    "netProfitMargin" : -2.15,
    "netProfit" : -7.60
  }, {
    "date" : "2005-12-31",
    "sales" : 390.49,
    "salesGrowthYoY" : null,
    "grossProfitMargin" : 25.56,
    "grossProfit" : 99.81,
    "operatingProfitMargin" : 4.60,
    "operatingProfit" : 17.96,
    "netProfitMargin" : 7.54,
    "netProfit" : 29.44
  }, {
    "date" : "2006-03-31",
    "sales" : 513.32,
    "salesGrowthYoY" : -21.87,
    "grossProfitMargin" : 26.68,
    "grossProfit" : 136.95,
    "operatingProfitMargin" : 6.79,
    "operatingProfit" : 34.85,
    "netProfitMargin" : 5.46,
    "netProfit" : 28.03
  }, {
    "date" : "2006-06-30",
    "sales" : 383.13,
    "salesGrowthYoY" : -1.18,
    "grossProfitMargin" : 27.47,
    "grossProfit" : 105.25,
    "operatingProfitMargin" : 4.77,
    "operatingProfit" : 18.28,
    "netProfitMargin" : 2.20,
    "netProfit" : 8.43
  }, {
    "date" : "2006-09-30",
    "sales" : 456.47,
    "salesGrowthYoY" : 29.18,
    "grossProfitMargin" : 28.09,
    "grossProfit" : 128.22,
    "operatingProfitMargin" : 5.77,
    "operatingProfit" : 26.34,
    "netProfitMargin" : 3.11,
    "netProfit" : 14.20
  }, {
    "date" : "2006-12-31",
    "sales" : 493.82,
    "salesGrowthYoY" : 26.46,
    "grossProfitMargin" : 27.19,
    "grossProfit" : 134.27,
    "operatingProfitMargin" : 6.61,
    "operatingProfit" : 32.64,
    "netProfitMargin" : 3.60,
    "netProfit" : 17.78
  }, {
    "date" : "2007-03-31",
    "sales" : 619.08,
    "salesGrowthYoY" : 20.60,
    "grossProfitMargin" : 25.78,
    "grossProfit" : 159.60,
    "operatingProfitMargin" : 6.20,
    "operatingProfit" : 38.38,
    "netProfitMargin" : 3.37,
    "netProfit" : 20.86
  }, {
    "date" : "2007-06-30",
    "sales" : 464.35,
    "salesGrowthYoY" : 21.20,
    "grossProfitMargin" : 28.40,
    "grossProfit" : 131.88,
    "operatingProfitMargin" : 5.47,
    "operatingProfit" : 25.40,
    "netProfitMargin" : 2.40,
    "netProfit" : 11.14
  }, {
    "date" : "2007-09-30",
    "sales" : 536.94,
    "salesGrowthYoY" : 17.63,
    "grossProfitMargin" : 27.69,
    "grossProfit" : 148.68,
    "operatingProfitMargin" : 5.70,
    "operatingProfit" : 30.61,
    "netProfitMargin" : 3.11,
    "netProfit" : 16.70
  }, {
    "date" : "2007-12-31",
    "sales" : 547.75,
    "salesGrowthYoY" : 10.92,
    "grossProfitMargin" : 26.66,
    "grossProfit" : 146.03,
    "operatingProfitMargin" : 5.50,
    "operatingProfit" : 30.13,
    "netProfitMargin" : 2.88,
    "netProfit" : 15.78
  }, {
    "date" : "2008-03-31",
    "sales" : 659.42,
    "salesGrowthYoY" : 6.52,
    "grossProfitMargin" : 26.48,
    "grossProfit" : 174.61,
    "operatingProfitMargin" : 5.47,
    "operatingProfit" : 36.07,
    "netProfitMargin" : 2.95,
    "netProfit" : 19.45
  }, {
    "date" : "2008-06-30",
    "sales" : 537.98,
    "salesGrowthYoY" : 15.86,
    "grossProfitMargin" : 23.83,
    "grossProfit" : 128.20,
    "operatingProfitMargin" : 3.41,
    "operatingProfit" : 18.35,
    "netProfitMargin" : 1.55,
    "netProfit" : 8.34
  }, {
    "date" : "2008-09-30",
    "sales" : 71.99,
    "salesGrowthYoY" : -86.59,
    "grossProfitMargin" : 31.05,
    "grossProfit" : 22.35,
    "operatingProfitMargin" : -9.54,
    "operatingProfit" : -6.87,
    "netProfitMargin" : -0.01,
    "netProfit" : -0.01
  }, {
    "date" : "2008-12-31",
    "sales" : 79.45,
    "salesGrowthYoY" : -85.50,
    "grossProfitMargin" : 31.11,
    "grossProfit" : 24.72,
    "operatingProfitMargin" : -0.87,
    "operatingProfit" : -0.69,
    "netProfitMargin" : 14.66,
    "netProfit" : 11.65
  }, {
    "date" : "2009-03-31",
    "sales" : 89.84,
    "salesGrowthYoY" : -86.38,
    "grossProfitMargin" : 37.49,
    "grossProfit" : 33.68,
    "operatingProfitMargin" : 12.91,
    "operatingProfit" : 11.60,
    "netProfitMargin" : 15.71,
    "netProfit" : 14.11
  }, {
    "date" : "2009-06-30",
    "sales" : 90.99,
    "salesGrowthYoY" : -83.09,
    "grossProfitMargin" : 39.29,
    "grossProfit" : 35.75,
    "operatingProfitMargin" : 10.66,
    "operatingProfit" : 9.70,
    "netProfitMargin" : 7.85,
    "netProfit" : 7.14
  }, {
    "date" : "2009-09-30",
    "sales" : 99.19,
    "salesGrowthYoY" : 37.78,
    "grossProfitMargin" : 39.39,
    "grossProfit" : 39.07,
    "operatingProfitMargin" : 10.81,
    "operatingProfit" : 10.72,
    "netProfitMargin" : 7.59,
    "netProfit" : 7.53
  }, {
    "date" : "2009-12-31",
    "sales" : 97.99,
    "salesGrowthYoY" : 23.34,
    "grossProfitMargin" : 35.35,
    "grossProfit" : 34.64,
    "operatingProfitMargin" : 7.70,
    "operatingProfit" : 7.55,
    "netProfitMargin" : 19.18,
    "netProfit" : 18.79
  }, {
    "date" : "2010-03-31",
    "sales" : 100.48,
    "salesGrowthYoY" : 11.84,
    "grossProfitMargin" : 36.79,
    "grossProfit" : 36.97,
    "operatingProfitMargin" : 12.98,
    "operatingProfit" : 13.04,
    "netProfitMargin" : 9.19,
    "netProfit" : 9.23
  }, {
    "date" : "2010-06-30",
    "sales" : 107.97,
    "salesGrowthYoY" : 18.66,
    "grossProfitMargin" : 35.54,
    "grossProfit" : 38.37,
    "operatingProfitMargin" : 11.14,
    "operatingProfit" : 12.03,
    "netProfitMargin" : 20.41,
    "netProfit" : 22.04
  }, {
    "date" : "2010-09-30",
    "sales" : 111.12,
    "salesGrowthYoY" : 12.03,
    "grossProfitMargin" : 34.37,
    "grossProfit" : 38.19,
    "operatingProfitMargin" : 9.49,
    "operatingProfit" : 10.55,
    "netProfitMargin" : 7.60,
    "netProfit" : 8.45
  }, {
    "date" : "2010-12-31",
    "sales" : 123.10,
    "salesGrowthYoY" : 25.63,
    "grossProfitMargin" : 31.91,
    "grossProfit" : 39.28,
    "operatingProfitMargin" : 8.26,
    "operatingProfit" : 10.17,
    "netProfitMargin" : 29.03,
    "netProfit" : 35.74
  }, {
    "date" : "2011-03-31",
    "sales" : 151.17,
    "salesGrowthYoY" : 50.45,
    "grossProfitMargin" : 33.90,
    "grossProfit" : 51.25,
    "operatingProfitMargin" : 13.03,
    "operatingProfit" : 19.70,
    "netProfitMargin" : 9.58,
    "netProfit" : 14.48
  }, {
    "date" : "2011-06-30",
    "sales" : 167.67,
    "salesGrowthYoY" : 55.29,
    "grossProfitMargin" : 34.24,
    "grossProfit" : 57.41,
    "operatingProfitMargin" : 13.02,
    "operatingProfit" : 21.83,
    "netProfitMargin" : 17.24,
    "netProfit" : 28.91
  }, {
    "date" : "2011-09-30",
    "sales" : 181.04,
    "salesGrowthYoY" : 62.92,
    "grossProfitMargin" : 33.14,
    "grossProfit" : 60.00,
    "operatingProfitMargin" : 12.50,
    "operatingProfit" : 22.63,
    "netProfitMargin" : 10.08,
    "netProfit" : 18.25
  }, {
    "date" : "2011-12-31",
    "sales" : 171.36,
    "salesGrowthYoY" : 39.20,
    "grossProfitMargin" : 32.66,
    "grossProfit" : 55.97,
    "operatingProfitMargin" : 9.18,
    "operatingProfit" : 15.73,
    "netProfitMargin" : 36.72,
    "netProfit" : 62.92
  }, {
    "date" : "2012-03-31",
    "sales" : 221.36,
    "salesGrowthYoY" : 46.43,
    "grossProfitMargin" : 35.04,
    "grossProfit" : 77.56,
    "operatingProfitMargin" : 13.85,
    "operatingProfit" : 30.66,
    "netProfitMargin" : 20.48,
    "netProfit" : 45.33
  }, {
    "date" : "2012-06-30",
    "sales" : 255.09,
    "salesGrowthYoY" : 52.14,
    "grossProfitMargin" : 35.51,
    "grossProfit" : 90.58,
    "operatingProfitMargin" : 15.26,
    "operatingProfit" : 38.93,
    "netProfitMargin" : 12.66,
    "netProfit" : 32.29
  }, {
    "date" : "2012-09-30",
    "sales" : 276.11,
    "salesGrowthYoY" : 52.51,
    "grossProfitMargin" : 36.05,
    "grossProfit" : 99.54,
    "operatingProfitMargin" : 15.07,
    "operatingProfit" : 41.61,
    "netProfitMargin" : 11.94,
    "netProfit" : 32.97
  }, {
    "date" : "2012-12-31",
    "sales" : 296.70,
    "salesGrowthYoY" : 73.14,
    "grossProfitMargin" : 35.55,
    "grossProfit" : 105.48,
    "operatingProfitMargin" : 11.54,
    "operatingProfit" : 34.24,
    "netProfitMargin" : 11.51,
    "netProfit" : 34.15
  }, {
    "date" : "2013-03-31",
    "sales" : 333.80,
    "salesGrowthYoY" : 50.80,
    "grossProfitMargin" : 36.71,
    "grossProfit" : 122.54,
    "operatingProfitMargin" : 17.70,
    "operatingProfit" : 59.08,
    "netProfitMargin" : 29.12,
    "netProfit" : 97.20
  }, {
    "date" : "2013-06-30",
    "sales" : 381.82,
    "salesGrowthYoY" : 49.68,
    "grossProfitMargin" : 35.87,
    "grossProfit" : 136.96,
    "operatingProfitMargin" : 17.83,
    "operatingProfit" : 68.08,
    "netProfitMargin" : 13.78,
    "netProfit" : 52.61
  }, {
    "date" : "2013-09-30",
    "sales" : 458.97,
    "salesGrowthYoY" : 66.23,
    "grossProfitMargin" : 38.60,
    "grossProfit" : 177.16,
    "operatingProfitMargin" : 19.28,
    "operatingProfit" : 88.49,
    "netProfitMargin" : 13.46,
    "netProfit" : 61.78
  }, {
    "date" : "2013-12-31",
    "sales" : 527.88,
    "salesGrowthYoY" : 77.92,
    "grossProfitMargin" : 39.02,
    "grossProfit" : 205.98,
    "operatingProfitMargin" : 18.58,
    "operatingProfit" : 98.08,
    "netProfitMargin" : 12.69,
    "netProfit" : 66.99
  }, {
    "date" : "2014-03-31",
    "sales" : 635.73,
    "salesGrowthYoY" : 90.45,
    "grossProfitMargin" : 38.72,
    "grossProfit" : 246.15,
    "operatingProfitMargin" : 23.09,
    "operatingProfit" : 146.79,
    "netProfitMargin" : 25.27,
    "netProfit" : 160.65
  }, {
    "date" : "2014-06-30",
    "sales" : 746.19,
    "salesGrowthYoY" : 95.43,
    "grossProfitMargin" : 40.56,
    "grossProfit" : 302.65,
    "operatingProfitMargin" : 24.94,
    "operatingProfit" : 186.10,
    "netProfitMargin" : 17.86,
    "netProfit" : 133.27
  }, {
    "date" : "2014-09-30",
    "sales" : 821.15,
    "salesGrowthYoY" : 78.91,
    "grossProfitMargin" : 40.94,
    "grossProfit" : 336.18,
    "operatingProfitMargin" : 24.99,
    "operatingProfit" : 205.21,
    "netProfitMargin" : 17.17,
    "netProfit" : 140.99
  }, {
    "date" : "2014-12-31",
    "sales" : 828.15,
    "salesGrowthYoY" : 56.88,
    "grossProfitMargin" : 40.89,
    "grossProfit" : 338.63,
    "operatingProfitMargin" : 23.60,
    "operatingProfit" : 195.44,
    "netProfitMargin" : 14.98,
    "netProfit" : 124.06
  }, {
    "date" : "2015-03-31",
    "sales" : 961.16,
    "salesGrowthYoY" : 51.19,
    "grossProfitMargin" : 42.95,
    "grossProfit" : 412.82,
    "operatingProfitMargin" : 26.14,
    "operatingProfit" : 251.25,
    "netProfitMargin" : 22.21,
    "netProfit" : 213.47
  }, {
    "date" : "2015-06-30",
    "sales" : 1095.89,
    "salesGrowthYoY" : 46.86,
    "grossProfitMargin" : 42.79,
    "grossProfit" : 468.93,
    "operatingProfitMargin" : 26.07,
    "operatingProfit" : 285.70,
    "netProfitMargin" : 18.14,
    "netProfit" : 198.79
  }, {
    "date" : "2015-09-30",
    "sales" : 1299.74,
    "salesGrowthYoY" : 58.28,
    "grossProfitMargin" : 43.48,
    "grossProfit" : 565.13,
    "operatingProfitMargin" : 27.19,
    "operatingProfit" : 353.40,
    "netProfitMargin" : 19.77,
    "netProfit" : 256.96
  }, {
    "date" : "2015-12-31",
    "sales" : 1284.34,
    "salesGrowthYoY" : 55.09,
    "grossProfitMargin" : 46.08,
    "grossProfit" : 591.82,
    "operatingProfitMargin" : 28.26,
    "operatingProfit" : 362.95,
    "netProfitMargin" : 19.65,
    "netProfit" : 252.37
  }, {
    "date" : "2016-03-31",
    "sales" : 1544.93,
    "salesGrowthYoY" : 60.74,
    "grossProfitMargin" : 45.51,
    "grossProfit" : 703.10,
    "operatingProfitMargin" : 29.65,
    "operatingProfit" : 458.07,
    "netProfitMargin" : 24.66,
    "netProfit" : 380.98
  }, {
    "date" : "2016-06-30",
    "sales" : 1557.47,
    "salesGrowthYoY" : 42.12,
    "grossProfitMargin" : 46.67,
    "grossProfit" : 726.87,
    "operatingProfitMargin" : 30.79,
    "operatingProfit" : 479.55,
    "netProfitMargin" : 21.64,
    "netProfit" : 337.04
  }, {
    "date" : "2016-09-30",
    "sales" : 1762.49,
    "salesGrowthYoY" : 35.60,
    "grossProfitMargin" : 48.02,
    "grossProfit" : 846.35,
    "operatingProfitMargin" : 31.34,
    "operatingProfit" : 552.36,
    "netProfitMargin" : 22.48,
    "netProfit" : 396.21
  }, {
    "date" : "2016-12-31",
    "sales" : 1833.59,
    "salesGrowthYoY" : 42.77,
    "grossProfitMargin" : 47.15,
    "grossProfit" : 864.54,
    "operatingProfitMargin" : 31.79,
    "operatingProfit" : 582.90,
    "netProfitMargin" : 22.64,
    "netProfit" : 415.12
  }, {
    "date" : "2017-03-31",
    "sales" : 1884.42,
    "salesGrowthYoY" : 21.97,
    "grossProfitMargin" : 47.42,
    "grossProfit" : 893.59,
    "operatingProfitMargin" : 31.36,
    "operatingProfit" : 590.95,
    "netProfitMargin" : 21.84,
    "netProfit" : 411.56
  }, {
    "date" : "2017-06-30",
    "sales" : 1999.90,
    "salesGrowthYoY" : 28.41,
    "grossProfitMargin" : 47.04,
    "grossProfit" : 940.75,
    "operatingProfitMargin" : 31.39,
    "operatingProfit" : 627.77,
    "netProfitMargin" : 24.72,
    "netProfit" : 494.38
  }, {
    "date" : "2017-09-30",
    "sales" : 2163.60,
    "salesGrowthYoY" : 22.76,
    "grossProfitMargin" : 47.91,
    "grossProfit" : 1036.58,
    "operatingProfitMargin" : 31.89,
    "operatingProfit" : 689.97,
    "netProfitMargin" : 22.48,
    "netProfit" : 486.38
  }, {
    "date" : "2017-12-31",
    "sales" : 2264.24,
    "salesGrowthYoY" : 23.49,
    "grossProfitMargin" : 49.03,
    "grossProfit" : 1110.16,
    "operatingProfitMargin" : 31.73,
    "operatingProfit" : 718.44,
    "netProfitMargin" : 20.85,
    "netProfit" : 472.09
  }, {
    "date" : "2018-03-31",
    "sales" : 2529.77,
    "salesGrowthYoY" : 34.25,
    "grossProfitMargin" : 48.66,
    "grossProfit" : 1230.99,
    "operatingProfitMargin" : 32.30,
    "operatingProfit" : 817.12,
    "netProfitMargin" : 16.39,
    "netProfit" : 414.63
  }, {
    "date" : "2018-06-30",
    "sales" : 2544.91,
    "salesGrowthYoY" : 27.25,
    "grossProfitMargin" : 48.53,
    "grossProfit" : 1235.04,
    "operatingProfitMargin" : 32.31,
    "operatingProfit" : 822.26,
    "netProfitMargin" : 23.23,
    "netProfit" : 591.18
  }, {
    "date" : "2018-09-30",
    "sales" : 2404.05,
    "salesGrowthYoY" : 11.11,
    "grossProfitMargin" : 49.35,
    "grossProfit" : 1186.40,
    "operatingProfitMargin" : 30.62,
    "operatingProfit" : 736.12,
    "netProfitMargin" : 20.50,
    "netProfit" : 492.83
  }, {
    "date" : "2018-12-31",
    "sales" : 2345.92,
    "salesGrowthYoY" : 3.61,
    "grossProfitMargin" : 48.97,
    "grossProfit" : 1148.80,
    "operatingProfitMargin" : 29.49,
    "operatingProfit" : 691.81,
    "netProfitMargin" : 21.37,
    "netProfit" : 501.32
  }, {
    "date" : "2019-03-31",
    "sales" : 2499.60,
    "salesGrowthYoY" : -1.19,
    "grossProfitMargin" : 46.46,
    "grossProfit" : 1161.31,
    "operatingProfitMargin" : 27.77,
    "operatingProfit" : 694.14,
    "netProfitMargin" : 19.22,
    "netProfit" : 480.42
  }, {
    "date" : "2019-06-30",
    "sales" : 2352.58,
    "salesGrowthYoY" : -7.56,
    "grossProfitMargin" : 45.91,
    "grossProfit" : 1080.07,
    "operatingProfitMargin" : 25.90,
    "operatingProfit" : 609.32,
    "netProfitMargin" : 21.18,
    "netProfit" : 498.28
  }, {
    "date" : "2019-09-30",
    "sales" : 2181.86,
    "salesGrowthYoY" : -9.24,
    "grossProfitMargin" : 45.48,
    "grossProfit" : 992.31,
    "operatingProfitMargin" : 25.02,
    "operatingProfit" : 545.90,
    "netProfitMargin" : 26.15,
    "netProfit" : 570.56
  }, {
    "date" : "2019-12-31",
    "sales" : 2363.53,
    "salesGrowthYoY" : 0.75,
    "grossProfitMargin" : 45.31,
    "grossProfit" : 1070.92,
    "operatingProfitMargin" : 25.18,
    "operatingProfit" : 595.14,
    "netProfitMargin" : 20.69,
    "netProfit" : 489.01
  }, {
    "date" : "2020-03-31",
    "sales" : 2179.50,
    "salesGrowthYoY" : -12.81,
    "grossProfitMargin" : 43.52,
    "grossProfit" : 948.52,
    "operatingProfitMargin" : 20.80,
    "operatingProfit" : 453.34,
    "netProfitMargin" : 15.88,
    "netProfit" : 346.10
  }, {
    "date" : "2020-06-30",
    "sales" : 769.21,
    "salesGrowthYoY" : -67.30,
    "grossProfitMargin" : 38.13,
    "grossProfit" : 293.30,
    "operatingProfitMargin" : 0.15,
    "operatingProfit" : 1.15,
    "netProfitMargin" : 1.60,
    "netProfit" : 12.31
  }, {
    "date" : "2020-09-30",
    "sales" : 2123.27,
    "salesGrowthYoY" : -2.69,
    "grossProfitMargin" : 42.30,
    "grossProfit" : 898.14,
    "operatingProfitMargin" : 22.78,
    "operatingProfit" : 483.68,
    "netProfitMargin" : 17.00,
    "netProfit" : 360.96
  }, {
    "date" : "2020-12-31",
    "sales" : 2804.12,
    "salesGrowthYoY" : 18.64,
    "grossProfitMargin" : 40.91,
    "grossProfit" : 1147.17,
    "operatingProfitMargin" : 23.47,
    "operatingProfit" : 658.13,
    "netProfitMargin" : 17.42,
    "netProfit" : 488.48
  }, {
    "date" : "2021-03-31",
    "sales" : 2922.44,
    "salesGrowthYoY" : 34.09,
    "grossProfitMargin" : 40.30,
    "grossProfit" : 1177.74,
    "operatingProfitMargin" : 22.02,
    "operatingProfit" : 643.52,
    "netProfitMargin" : 16.02,
    "netProfit" : 468.17
  }, {
    "date" : "2021-06-30",
    "sales" : 1907.80,
    "salesGrowthYoY" : 148.02,
    "grossProfitMargin" : 40.60,
    "grossProfit" : 774.57,
    "operatingProfitMargin" : 17.53,
    "operatingProfit" : 334.44,
    "netProfitMargin" : 14.01,
    "netProfit" : 267.28
  }, {
    "date" : "2021-09-30",
    "sales" : 2181.91,
    "salesGrowthYoY" : 2.76,
    "grossProfitMargin" : 40.97,
    "grossProfit" : 893.93,
    "operatingProfitMargin" : 20.29,
    "operatingProfit" : 442.71,
    "netProfitMargin" : 15.74,
    "netProfit" : 343.43
  }, {
    "date" : "2021-12-31",
    "sales" : 2838.46,
    "salesGrowthYoY" : 1.22,
    "grossProfitMargin" : 39.79,
    "grossProfit" : 1129.42,
    "operatingProfitMargin" : 20.48,
    "operatingProfit" : 581.32,
    "netProfitMargin" : 14.88,
    "netProfit" : 422.36
  }, {
    "date" : "2022-03-31",
    "sales" : 3194.69,
    "salesGrowthYoY" : 9.32,
    "grossProfitMargin" : 42.67,
    "grossProfit" : 1363.17,
    "operatingProfitMargin" : 23.63,
    "operatingProfit" : 754.91,
    "netProfitMargin" : 17.32,
    "netProfit" : 553.32
  }, {
    "date" : "2022-06-30",
    "sales" : 3247.94,
    "salesGrowthYoY" : 70.25,
    "grossProfitMargin" : 42.69,
    "grossProfit" : 1386.55,
    "operatingProfitMargin" : 24.27,
    "operatingProfit" : 788.28,
    "netProfitMargin" : 17.86,
    "netProfit" : 580.08
  }, {
    "date" : "2022-09-30",
    "sales" : 3397.19,
    "salesGrowthYoY" : 55.70,
    "grossProfitMargin" : 41.50,
    "grossProfit" : 1409.83,
    "operatingProfitMargin" : 23.66,
    "operatingProfit" : 803.78,
    "netProfitMargin" : 18.10,
    "netProfit" : 614.89
  }, {
    "date" : "2022-12-31",
    "sales" : 3590.16,
    "salesGrowthYoY" : 26.48,
    "grossProfitMargin" : 41.70,
    "grossProfit" : 1497.10,
    "operatingProfitMargin" : 23.87,
    "operatingProfit" : 856.97,
    "netProfitMargin" : 18.96,
    "netProfit" : 680.69
  }, {
    "date" : "2023-03-31",
    "sales" : 3831.35,
    "salesGrowthYoY" : 19.93,
    "grossProfitMargin" : 42.90,
    "grossProfit" : 1643.65,
    "operatingProfitMargin" : 24.66,
    "operatingProfit" : 944.81,
    "netProfitMargin" : 19.49,
    "netProfit" : 746.73
  }, {
    "date" : "2023-06-30",
    "sales" : 3901.18,
    "salesGrowthYoY" : 20.11,
    "grossProfitMargin" : 43.32,
    "grossProfit" : 1689.99,
    "operatingProfitMargin" : 25.96,
    "operatingProfit" : 1012.75,
    "netProfitMargin" : 23.43,
    "netProfit" : 914.05
  }, {
    "date" : "2023-09-30",
    "sales" : 3930.71,
    "salesGrowthYoY" : 15.70,
    "grossProfitMargin" : 46.80,
    "grossProfit" : 1839.57,
    "operatingProfitMargin" : 27.92,
    "operatingProfit" : 1097.45,
    "netProfitMargin" : 23.88,
    "netProfit" : 938.65
  }, {
    "date" : "2023-12-31",
    "sales" : 4054.19,
    "salesGrowthYoY" : 12.93,
    "grossProfitMargin" : 46.13,
    "grossProfit" : 1870.20,
    "operatingProfitMargin" : 27.50,
    "operatingProfit" : 1114.90,
    "netProfitMargin" : 22.54,
    "netProfit" : 913.81
  }, {
    "date" : "2024-03-31",
    "sales" : 4192.08,
    "salesGrowthYoY" : 9.42,
    "grossProfitMargin" : 46.26,
    "grossProfit" : 1939.26,
    "operatingProfitMargin" : 27.56,
    "operatingProfit" : 1155.34,
    "netProfitMargin" : 23.46,
    "netProfit" : 983.46
  }, {
    "date" : "2024-06-30",
    "sales" : 4231.28,
    "salesGrowthYoY" : 8.46,
    "grossProfitMargin" : 46.79,
    "grossProfit" : 1979.82,
    "operatingProfitMargin" : 27.85,
    "operatingProfit" : 1178.41,
    "netProfitMargin" : 25.71,
    "netProfit" : 1087.86
  }, {
    "date" : "2024-09-30",
    "sales" : 4205.44,
    "salesGrowthYoY" : 6.99,
    "grossProfitMargin" : 45.71,
    "grossProfit" : 1922.31,
    "operatingProfitMargin" : 26.27,
    "operatingProfit" : 1104.77,
    "netProfitMargin" : 24.01,
    "netProfit" : 1009.73
  }, {
    "date" : "2024-12-31",
    "sales" : 4908.14,
    "salesGrowthYoY" : 21.06,
    "grossProfitMargin" : 44.45,
    "grossProfit" : 2181.67,
    "operatingProfitMargin" : 24.93,
    "operatingProfit" : 1223.60,
    "netProfitMargin" : 21.52,
    "netProfit" : 1056.23
  }, {
    "date" : "2025-03-31",
    "sales" : 5106.60,
    "salesGrowthYoY" : 21.82,
    "grossProfitMargin" : 43.98,
    "grossProfit" : 2245.88,
    "operatingProfitMargin" : 24.69,
    "operatingProfit" : 1260.82,
    "netProfitMargin" : 22.03,
    "netProfit" : 1124.98
  }, {
    "date" : "2025-06-30",
    "sales" : 4908.41,
    "salesGrowthYoY" : 16.00,
    "grossProfitMargin" : 44.47,
    "grossProfit" : 2182.77,
    "operatingProfitMargin" : 25.08,
    "operatingProfit" : 1231.03,
    "netProfitMargin" : 26.62,
    "netProfit" : 1306.62
  }, {
    "date" : "2025-09-30",
    "sales" : 5902.07,
    "salesGrowthYoY" : 40.34,
    "grossProfitMargin" : 43.40,
    "grossProfit" : 2561.50,
    "operatingProfitMargin" : 24.88,
    "operatingProfit" : 1468.44,
    "netProfitMargin" : 20.47,
    "netProfit" : 1208.15
  } ],
  "latestQuarterlyResult" : {
    "date" : "2025-09-30",
    "sales" : 5902.07,
    "salesGrowthYoY" : 40.34,
    "grossProfitMargin" : 43.40,
    "grossProfit" : 2561.50,
    "operatingProfitMargin" : 24.88,
    "operatingProfit" : 1468.44,
    "netProfitMargin" : 20.47,
    "netProfit" : 1208.15
  },
  "companyScore" : {
    "priceHigherThanDma50" : 5.00,
    "priceHigherThanDma100" : 5.00,
    "priceHigherThanDma200" : 5.00,
    "dma50HigherThanDma100" : 5.00,
    "dma50HigherThanDma200" : 5.00,
    "dma100HigherThanDma200" : 5.00,
    "pricePercentageAboveDma50" : 4.91,
    "pricePercentageAboveDma100" : 4.77,
    "pricePercentageAboveDma200" : 4.29,
    "weeklyVolumeHigherThanYearlyVolume" : 0.00,
    "salesGrowthPercentile" : 13.67,
    "operatingProfitMarginPercentile" : 16.45,
    "netProfitMarginPercentile" : 6.51,
    "totalTechnicalScore" : 43.97,
    "totalFundamentalScore" : 36.63,
    "totalScore" : 80.60
  }
}