{
  "metadata" : {
    "screenerCompanyId" : "973",
    "companyCode" : "EKC",
    "companyName" : "Everest Kanto",
    "screenerCompanyLink" : "https://www.screener.in/company/EKC/consolidated/",
    "screenerTechnicalHistoryLink" : "https://www.screener.in/api/company/973/chart/?q=Price-DMA50-DMA200-Volume&days=365",
    "screenerQuarterlyResultsLink" : "https://www.screener.in/api/company/973/chart/?q=GPM-OPM-NPM-Quarter+Sales&days=10000",
    "attributes" : {
      "companyCode" : "EKC",
      "companyName" : "Everest Kanto",
      "marketCap" : 1350.00,
      "peRatio" : 11.40,
      "description" : "Everest Kanto Cylinder Ltd (EKC) is engaged in the manufacture of high-pressure seamless gas cylinders along with other cylinders and equipments used for containing and storage of natural gas, liquids and air. [1]"
    },
    "companyScore" : {
      "priceHigherThanDma50" : 5.00,
      "priceHigherThanDma100" : 0.00,
      "priceHigherThanDma200" : 0.00,
      "dma50HigherThanDma100" : 0.00,
      "dma50HigherThanDma200" : 0.00,
      "dma100HigherThanDma200" : 0.00,
      "pricePercentageAboveDma50" : 4.88,
      "pricePercentageAboveDma100" : 5.23,
      "pricePercentageAboveDma200" : 5.37,
      "weeklyVolumeHigherThanYearlyVolume" : 0.00,
      "salesGrowthPercentile" : 7.85,
      "operatingProfitMarginPercentile" : 16.54,
      "netProfitMarginPercentile" : 8.55,
      "totalTechnicalScore" : 20.48,
      "totalFundamentalScore" : 32.95,
      "totalScore" : 53.43
    }
  },
  "attributes" : {
    "companyCode" : "EKC",
    "companyName" : "Everest Kanto",
    "marketCap" : 1350.00,
    "peRatio" : 11.40,
    "description" : "Everest Kanto Cylinder Ltd (EKC) is engaged in the manufacture of high-pressure seamless gas cylinders along with other cylinders and equipments used for containing and storage of natural gas, liquids and air. [1]"
  },
  "technicalHistory" : [ {
    "date" : "2025-02-17",
    "price" : 129.10,
    "dma50" : 165.91,
    "dma100" : null,
    "dma200" : 169.73,
    "volume" : 573731.00
  }, {
    "date" : "2025-02-18",
    "price" : 125.81,
    "dma50" : 164.33,
    "dma100" : null,
    "dma200" : 169.29,
    "volume" : 456656.00
  }, {
    "date" : "2025-02-19",
    "price" : 133.00,
    "dma50" : 163.11,
    "dma100" : null,
    "dma200" : 168.93,
    "volume" : 411516.00
  }, {
    "date" : "2025-02-20",
    "price" : 137.45,
    "dma50" : 162.10,
    "dma100" : null,
    "dma200" : 168.62,
    "volume" : 448838.00
  }, {
    "date" : "2025-02-21",
    "price" : 132.60,
    "dma50" : 160.94,
    "dma100" : null,
    "dma200" : 168.26,
    "volume" : 436094.00
  }, {
    "date" : "2025-02-24",
    "price" : 132.16,
    "dma50" : 159.81,
    "dma100" : null,
    "dma200" : 167.90,
    "volume" : 287201.00
  }, {
    "date" : "2025-02-25",
    "price" : 129.96,
    "dma50" : 158.64,
    "dma100" : null,
    "dma200" : 167.52,
    "volume" : 234917.00
  }, {
    "date" : "2025-02-27",
    "price" : 124.50,
    "dma50" : 157.30,
    "dma100" : null,
    "dma200" : 167.09,
    "volume" : 351519.00
  }, {
    "date" : "2025-02-28",
    "price" : 118.84,
    "dma50" : 155.80,
    "dma100" : null,
    "dma200" : 166.61,
    "volume" : 478015.00
  }, {
    "date" : "2025-03-03",
    "price" : 116.76,
    "dma50" : 154.27,
    "dma100" : null,
    "dma200" : 166.12,
    "volume" : 945078.00
  }, {
    "date" : "2025-03-04",
    "price" : 115.83,
    "dma50" : 152.76,
    "dma100" : null,
    "dma200" : 165.62,
    "volume" : 588195.00
  }, {
    "date" : "2025-03-05",
    "price" : 122.54,
    "dma50" : 151.57,
    "dma100" : null,
    "dma200" : 165.19,
    "volume" : 574596.00
  }, {
    "date" : "2025-03-06",
    "price" : 126.77,
    "dma50" : 150.60,
    "dma100" : null,
    "dma200" : 164.81,
    "volume" : 502100.00
  }, {
    "date" : "2025-03-07",
    "price" : 128.12,
    "dma50" : 149.72,
    "dma100" : null,
    "dma200" : 164.44,
    "volume" : 504045.00
  }, {
    "date" : "2025-03-10",
    "price" : 120.56,
    "dma50" : 148.58,
    "dma100" : null,
    "dma200" : 164.00,
    "volume" : 452610.00
  }, {
    "date" : "2025-03-11",
    "price" : 118.22,
    "dma50" : 147.38,
    "dma100" : null,
    "dma200" : 163.55,
    "volume" : 412139.00
  }, {
    "date" : "2025-03-12",
    "price" : 117.23,
    "dma50" : 146.20,
    "dma100" : null,
    "dma200" : 163.09,
    "volume" : 344521.00
  }, {
    "date" : "2025-03-13",
    "price" : 114.72,
    "dma50" : 144.97,
    "dma100" : null,
    "dma200" : 162.61,
    "volume" : 348905.00
  }, {
    "date" : "2025-03-17",
    "price" : 113.85,
    "dma50" : 143.75,
    "dma100" : null,
    "dma200" : 162.12,
    "volume" : 335481.00
  }, {
    "date" : "2025-03-18",
    "price" : 120.20,
    "dma50" : 142.82,
    "dma100" : null,
    "dma200" : 161.70,
    "volume" : 604935.00
  }, {
    "date" : "2025-03-19",
    "price" : 124.14,
    "dma50" : 142.09,
    "dma100" : null,
    "dma200" : 161.33,
    "volume" : 531604.00
  }, {
    "date" : "2025-03-20",
    "price" : 124.73,
    "dma50" : 141.41,
    "dma100" : null,
    "dma200" : 160.97,
    "volume" : 532758.00
  }, {
    "date" : "2025-03-21",
    "price" : 127.54,
    "dma50" : 140.87,
    "dma100" : null,
    "dma200" : 160.63,
    "volume" : 492685.00
  }, {
    "date" : "2025-03-24",
    "price" : 128.23,
    "dma50" : 140.37,
    "dma100" : null,
    "dma200" : 160.31,
    "volume" : 530744.00
  }, {
    "date" : "2025-03-25",
    "price" : 123.20,
    "dma50" : 139.70,
    "dma100" : null,
    "dma200" : 159.94,
    "volume" : 558896.00
  }, {
    "date" : "2025-03-26",
    "price" : 118.67,
    "dma50" : 138.87,
    "dma100" : null,
    "dma200" : 159.53,
    "volume" : 629314.00
  }, {
    "date" : "2025-03-27",
    "price" : 121.36,
    "dma50" : 138.19,
    "dma100" : null,
    "dma200" : 159.15,
    "volume" : 740094.00
  }, {
    "date" : "2025-03-28",
    "price" : 118.48,
    "dma50" : 137.41,
    "dma100" : null,
    "dma200" : 158.75,
    "volume" : 664679.00
  }, {
    "date" : "2025-04-01",
    "price" : 124.21,
    "dma50" : 136.90,
    "dma100" : null,
    "dma200" : 158.40,
    "volume" : 586679.00
  }, {
    "date" : "2025-04-02",
    "price" : 123.62,
    "dma50" : 136.38,
    "dma100" : null,
    "dma200" : 158.06,
    "volume" : 411996.00
  }, {
    "date" : "2025-04-03",
    "price" : 126.66,
    "dma50" : 135.99,
    "dma100" : null,
    "dma200" : 157.75,
    "volume" : 377892.00
  }, {
    "date" : "2025-04-04",
    "price" : 119.59,
    "dma50" : 135.35,
    "dma100" : null,
    "dma200" : 157.37,
    "volume" : 630847.00
  }, {
    "date" : "2025-04-07",
    "price" : 114.90,
    "dma50" : 134.55,
    "dma100" : null,
    "dma200" : 156.94,
    "volume" : 849319.00
  }, {
    "date" : "2025-04-08",
    "price" : 117.63,
    "dma50" : 133.89,
    "dma100" : null,
    "dma200" : 156.55,
    "volume" : 339442.00
  }, {
    "date" : "2025-04-09",
    "price" : 114.48,
    "dma50" : 133.12,
    "dma100" : null,
    "dma200" : 156.13,
    "volume" : 231124.00
  }, {
    "date" : "2025-04-11",
    "price" : 115.98,
    "dma50" : 132.45,
    "dma100" : null,
    "dma200" : 155.73,
    "volume" : 223827.00
  }, {
    "date" : "2025-04-15",
    "price" : 122.44,
    "dma50" : 132.06,
    "dma100" : null,
    "dma200" : 155.40,
    "volume" : 366238.00
  }, {
    "date" : "2025-04-16",
    "price" : 123.79,
    "dma50" : 131.74,
    "dma100" : null,
    "dma200" : 155.09,
    "volume" : 288065.00
  }, {
    "date" : "2025-04-17",
    "price" : 125.63,
    "dma50" : 131.50,
    "dma100" : null,
    "dma200" : 154.79,
    "volume" : 461832.00
  }, {
    "date" : "2025-04-21",
    "price" : 129.07,
    "dma50" : 131.40,
    "dma100" : null,
    "dma200" : 154.54,
    "volume" : 457502.00
  }, {
    "date" : "2025-04-22",
    "price" : 128.52,
    "dma50" : 131.29,
    "dma100" : null,
    "dma200" : 154.28,
    "volume" : 593395.00
  }, {
    "date" : "2025-04-23",
    "price" : 128.04,
    "dma50" : 131.16,
    "dma100" : null,
    "dma200" : 154.02,
    "volume" : 466512.00
  }, {
    "date" : "2025-04-24",
    "price" : 128.73,
    "dma50" : 131.06,
    "dma100" : null,
    "dma200" : 153.77,
    "volume" : 655649.00
  }, {
    "date" : "2025-04-25",
    "price" : 122.69,
    "dma50" : 130.74,
    "dma100" : null,
    "dma200" : 153.46,
    "volume" : 613914.00
  }, {
    "date" : "2025-04-28",
    "price" : 122.42,
    "dma50" : 130.41,
    "dma100" : null,
    "dma200" : 153.15,
    "volume" : 259287.00
  }, {
    "date" : "2025-04-29",
    "price" : 122.21,
    "dma50" : 130.09,
    "dma100" : null,
    "dma200" : 152.84,
    "volume" : 249670.00
  }, {
    "date" : "2025-04-30",
    "price" : 119.62,
    "dma50" : 129.68,
    "dma100" : null,
    "dma200" : 152.51,
    "volume" : 287466.00
  }, {
    "date" : "2025-05-02",
    "price" : 117.40,
    "dma50" : 129.20,
    "dma100" : null,
    "dma200" : 152.16,
    "volume" : 306454.00
  }, {
    "date" : "2025-05-05",
    "price" : 118.95,
    "dma50" : 128.79,
    "dma100" : null,
    "dma200" : 151.83,
    "volume" : 251587.00
  }, {
    "date" : "2025-05-06",
    "price" : 114.68,
    "dma50" : 128.24,
    "dma100" : null,
    "dma200" : 151.46,
    "volume" : 253578.00
  }, {
    "date" : "2025-05-07",
    "price" : 114.88,
    "dma50" : 127.72,
    "dma100" : null,
    "dma200" : 151.10,
    "volume" : 332153.00
  }, {
    "date" : "2025-05-08",
    "price" : 114.42,
    "dma50" : 127.20,
    "dma100" : null,
    "dma200" : 150.73,
    "volume" : 349588.00
  }, {
    "date" : "2025-05-09",
    "price" : 113.01,
    "dma50" : 126.64,
    "dma100" : null,
    "dma200" : 150.36,
    "volume" : 331651.00
  }, {
    "date" : "2025-05-12",
    "price" : 122.84,
    "dma50" : 126.49,
    "dma100" : null,
    "dma200" : 150.08,
    "volume" : 631375.00
  }, {
    "date" : "2025-05-13",
    "price" : 126.34,
    "dma50" : 126.48,
    "dma100" : null,
    "dma200" : 149.85,
    "volume" : 738349.00
  }, {
    "date" : "2025-05-14",
    "price" : 127.16,
    "dma50" : 126.51,
    "dma100" : null,
    "dma200" : 149.62,
    "volume" : 302699.00
  }, {
    "date" : "2025-05-15",
    "price" : 129.07,
    "dma50" : 126.61,
    "dma100" : null,
    "dma200" : 149.42,
    "volume" : 348671.00
  }, {
    "date" : "2025-05-16",
    "price" : 131.40,
    "dma50" : 126.80,
    "dma100" : null,
    "dma200" : 149.24,
    "volume" : 463333.00
  }, {
    "date" : "2025-05-19",
    "price" : 131.55,
    "dma50" : 126.99,
    "dma100" : null,
    "dma200" : 149.06,
    "volume" : 474480.00
  }, {
    "date" : "2025-05-20",
    "price" : 129.28,
    "dma50" : 127.08,
    "dma100" : null,
    "dma200" : 148.86,
    "volume" : 517834.00
  }, {
    "date" : "2025-05-21",
    "price" : 130.65,
    "dma50" : 127.22,
    "dma100" : null,
    "dma200" : 148.68,
    "volume" : 325473.00
  }, {
    "date" : "2025-05-22",
    "price" : 130.85,
    "dma50" : 127.36,
    "dma100" : null,
    "dma200" : 148.51,
    "volume" : 377651.00
  }, {
    "date" : "2025-05-23",
    "price" : 137.78,
    "dma50" : 127.77,
    "dma100" : null,
    "dma200" : 148.40,
    "volume" : 1859470.00
  }, {
    "date" : "2025-05-26",
    "price" : 131.56,
    "dma50" : 127.92,
    "dma100" : null,
    "dma200" : 148.23,
    "volume" : 1214952.00
  }, {
    "date" : "2025-05-27",
    "price" : 133.50,
    "dma50" : 128.13,
    "dma100" : null,
    "dma200" : 148.08,
    "volume" : 666161.00
  }, {
    "date" : "2025-05-28",
    "price" : 131.36,
    "dma50" : 128.26,
    "dma100" : null,
    "dma200" : 147.92,
    "volume" : 403563.00
  }, {
    "date" : "2025-05-29",
    "price" : 131.73,
    "dma50" : 128.40,
    "dma100" : null,
    "dma200" : 147.76,
    "volume" : 330413.00
  }, {
    "date" : "2025-05-30",
    "price" : 131.38,
    "dma50" : 128.51,
    "dma100" : null,
    "dma200" : 147.59,
    "volume" : 331353.00
  }, {
    "date" : "2025-06-02",
    "price" : 132.07,
    "dma50" : 128.65,
    "dma100" : null,
    "dma200" : 147.44,
    "volume" : 429953.00
  }, {
    "date" : "2025-06-03",
    "price" : 129.83,
    "dma50" : 128.70,
    "dma100" : null,
    "dma200" : 147.26,
    "volume" : 339858.00
  }, {
    "date" : "2025-06-04",
    "price" : 133.90,
    "dma50" : 128.90,
    "dma100" : null,
    "dma200" : 147.13,
    "volume" : 999104.00
  }, {
    "date" : "2025-06-05",
    "price" : 132.98,
    "dma50" : 129.06,
    "dma100" : null,
    "dma200" : 146.99,
    "volume" : 493713.00
  }, {
    "date" : "2025-06-06",
    "price" : 135.35,
    "dma50" : 129.31,
    "dma100" : null,
    "dma200" : 146.88,
    "volume" : 558935.00
  }, {
    "date" : "2025-06-09",
    "price" : 136.00,
    "dma50" : 129.57,
    "dma100" : null,
    "dma200" : 146.77,
    "volume" : 533925.00
  }, {
    "date" : "2025-06-10",
    "price" : 138.59,
    "dma50" : 129.93,
    "dma100" : null,
    "dma200" : 146.69,
    "volume" : 910312.00
  }, {
    "date" : "2025-06-11",
    "price" : 138.89,
    "dma50" : 130.28,
    "dma100" : null,
    "dma200" : 146.61,
    "volume" : 834696.00
  }, {
    "date" : "2025-06-12",
    "price" : 134.31,
    "dma50" : 130.44,
    "dma100" : null,
    "dma200" : 146.49,
    "volume" : 583322.00
  }, {
    "date" : "2025-06-13",
    "price" : 131.84,
    "dma50" : 130.49,
    "dma100" : null,
    "dma200" : 146.34,
    "volume" : 396395.00
  }, {
    "date" : "2025-06-16",
    "price" : 130.21,
    "dma50" : 130.48,
    "dma100" : null,
    "dma200" : 146.18,
    "volume" : 383136.00
  }, {
    "date" : "2025-06-17",
    "price" : 128.94,
    "dma50" : 130.42,
    "dma100" : null,
    "dma200" : 146.01,
    "volume" : 487458.00
  }, {
    "date" : "2025-06-18",
    "price" : 130.26,
    "dma50" : 130.41,
    "dma100" : null,
    "dma200" : 145.85,
    "volume" : 705905.00
  }, {
    "date" : "2025-06-19",
    "price" : 128.43,
    "dma50" : 130.34,
    "dma100" : null,
    "dma200" : 145.68,
    "volume" : 414513.00
  }, {
    "date" : "2025-06-20",
    "price" : 129.10,
    "dma50" : 130.29,
    "dma100" : null,
    "dma200" : 145.51,
    "volume" : 191978.00
  }, {
    "date" : "2025-06-23",
    "price" : 128.20,
    "dma50" : 130.21,
    "dma100" : null,
    "dma200" : 145.34,
    "volume" : 289232.00
  }, {
    "date" : "2025-06-24",
    "price" : 130.40,
    "dma50" : 130.21,
    "dma100" : null,
    "dma200" : 145.19,
    "volume" : 442679.00
  }, {
    "date" : "2025-06-25",
    "price" : 138.29,
    "dma50" : 130.53,
    "dma100" : null,
    "dma200" : 145.12,
    "volume" : 1213978.00
  }, {
    "date" : "2025-06-26",
    "price" : 135.74,
    "dma50" : 130.73,
    "dma100" : null,
    "dma200" : 145.03,
    "volume" : 386601.00
  }, {
    "date" : "2025-06-27",
    "price" : 140.06,
    "dma50" : 131.10,
    "dma100" : null,
    "dma200" : 144.98,
    "volume" : 1118167.00
  }, {
    "date" : "2025-06-30",
    "price" : 138.99,
    "dma50" : 131.41,
    "dma100" : null,
    "dma200" : 144.92,
    "volume" : 565941.00
  }, {
    "date" : "2025-07-01",
    "price" : 139.16,
    "dma50" : 131.71,
    "dma100" : null,
    "dma200" : 144.86,
    "volume" : 373783.00
  }, {
    "date" : "2025-07-02",
    "price" : 137.60,
    "dma50" : 131.94,
    "dma100" : null,
    "dma200" : 144.79,
    "volume" : 258878.00
  }, {
    "date" : "2025-07-03",
    "price" : 137.06,
    "dma50" : 132.14,
    "dma100" : null,
    "dma200" : 144.71,
    "volume" : 156697.00
  }, {
    "date" : "2025-07-04",
    "price" : 136.79,
    "dma50" : 132.33,
    "dma100" : null,
    "dma200" : 144.64,
    "volume" : 217822.00
  }, {
    "date" : "2025-07-07",
    "price" : 141.45,
    "dma50" : 132.68,
    "dma100" : null,
    "dma200" : 144.60,
    "volume" : 901469.00
  }, {
    "date" : "2025-07-08",
    "price" : 143.15,
    "dma50" : 133.09,
    "dma100" : null,
    "dma200" : 144.59,
    "volume" : 950961.00
  }, {
    "date" : "2025-07-09",
    "price" : 141.14,
    "dma50" : 133.41,
    "dma100" : null,
    "dma200" : 144.55,
    "volume" : 357188.00
  }, {
    "date" : "2025-07-10",
    "price" : 139.18,
    "dma50" : 133.64,
    "dma100" : null,
    "dma200" : 144.50,
    "volume" : 257441.00
  }, {
    "date" : "2025-07-11",
    "price" : 135.95,
    "dma50" : 133.73,
    "dma100" : null,
    "dma200" : 144.42,
    "volume" : 258889.00
  }, {
    "date" : "2025-07-14",
    "price" : 136.56,
    "dma50" : 133.84,
    "dma100" : null,
    "dma200" : 144.34,
    "volume" : 215752.00
  }, {
    "date" : "2025-07-15",
    "price" : 139.95,
    "dma50" : 134.08,
    "dma100" : null,
    "dma200" : 144.29,
    "volume" : 361935.00
  }, {
    "date" : "2025-07-16",
    "price" : 140.57,
    "dma50" : 134.33,
    "dma100" : 127.86,
    "dma200" : 144.26,
    "volume" : 366441.00
  }, {
    "date" : "2025-07-17",
    "price" : 138.31,
    "dma50" : 134.49,
    "dma100" : 127.99,
    "dma200" : 144.20,
    "volume" : 247903.00
  }, {
    "date" : "2025-07-18",
    "price" : 136.81,
    "dma50" : 134.58,
    "dma100" : 128.03,
    "dma200" : 144.12,
    "volume" : 190020.00
  }, {
    "date" : "2025-07-21",
    "price" : 137.45,
    "dma50" : 134.69,
    "dma100" : 128.03,
    "dma200" : 144.06,
    "volume" : 213490.00
  }, {
    "date" : "2025-07-22",
    "price" : 136.17,
    "dma50" : 134.75,
    "dma100" : 128.06,
    "dma200" : 143.98,
    "volume" : 167000.00
  }, {
    "date" : "2025-07-23",
    "price" : 138.06,
    "dma50" : 134.88,
    "dma100" : 128.12,
    "dma200" : 143.92,
    "volume" : 260765.00
  }, {
    "date" : "2025-07-24",
    "price" : 131.23,
    "dma50" : 134.74,
    "dma100" : 128.13,
    "dma200" : 143.79,
    "volume" : 1068132.00
  }, {
    "date" : "2025-07-25",
    "price" : 129.97,
    "dma50" : 134.55,
    "dma100" : 128.19,
    "dma200" : 143.66,
    "volume" : 274478.00
  }, {
    "date" : "2025-07-28",
    "price" : 128.13,
    "dma50" : 134.30,
    "dma100" : 128.28,
    "dma200" : 143.50,
    "volume" : 342250.00
  }, {
    "date" : "2025-07-29",
    "price" : 131.72,
    "dma50" : 134.20,
    "dma100" : 128.43,
    "dma200" : 143.39,
    "volume" : 213833.00
  }, {
    "date" : "2025-07-30",
    "price" : 129.38,
    "dma50" : 134.01,
    "dma100" : 128.57,
    "dma200" : 143.25,
    "volume" : 266297.00
  }, {
    "date" : "2025-07-31",
    "price" : 128.78,
    "dma50" : 133.80,
    "dma100" : 128.63,
    "dma200" : 143.10,
    "volume" : 227391.00
  }, {
    "date" : "2025-08-01",
    "price" : 126.51,
    "dma50" : 133.52,
    "dma100" : 128.63,
    "dma200" : 142.94,
    "volume" : 200358.00
  }, {
    "date" : "2025-08-04",
    "price" : 130.82,
    "dma50" : 133.41,
    "dma100" : 128.65,
    "dma200" : 142.82,
    "volume" : 304673.00
  }, {
    "date" : "2025-08-05",
    "price" : 133.96,
    "dma50" : 133.43,
    "dma100" : 128.79,
    "dma200" : 142.73,
    "volume" : 413727.00
  }, {
    "date" : "2025-08-06",
    "price" : 130.75,
    "dma50" : 133.33,
    "dma100" : 128.91,
    "dma200" : 142.61,
    "volume" : 298699.00
  }, {
    "date" : "2025-08-07",
    "price" : 130.87,
    "dma50" : 133.23,
    "dma100" : 129.05,
    "dma200" : 142.49,
    "volume" : 191288.00
  }, {
    "date" : "2025-08-08",
    "price" : 130.90,
    "dma50" : 133.14,
    "dma100" : 129.21,
    "dma200" : 142.38,
    "volume" : 251049.00
  }, {
    "date" : "2025-08-11",
    "price" : 132.02,
    "dma50" : 133.10,
    "dma100" : 129.39,
    "dma200" : 142.27,
    "volume" : 361757.00
  }, {
    "date" : "2025-08-12",
    "price" : 133.02,
    "dma50" : 133.09,
    "dma100" : 129.52,
    "dma200" : 142.18,
    "volume" : 258546.00
  }, {
    "date" : "2025-08-13",
    "price" : 131.36,
    "dma50" : 133.02,
    "dma100" : 129.59,
    "dma200" : 142.07,
    "volume" : 326147.00
  }, {
    "date" : "2025-08-14",
    "price" : 152.97,
    "dma50" : 133.81,
    "dma100" : 129.88,
    "dma200" : 142.18,
    "volume" : 35297976.00
  }, {
    "date" : "2025-08-18",
    "price" : 143.78,
    "dma50" : 134.20,
    "dma100" : 130.04,
    "dma200" : 142.20,
    "volume" : 4927232.00
  }, {
    "date" : "2025-08-19",
    "price" : 143.51,
    "dma50" : 134.56,
    "dma100" : 130.19,
    "dma200" : 142.21,
    "volume" : 4687979.00
  }, {
    "date" : "2025-08-20",
    "price" : 141.57,
    "dma50" : 134.84,
    "dma100" : 130.38,
    "dma200" : 142.21,
    "volume" : 1233214.00
  }, {
    "date" : "2025-08-21",
    "price" : 142.89,
    "dma50" : 135.15,
    "dma100" : 130.62,
    "dma200" : 142.21,
    "volume" : 1571626.00
  }, {
    "date" : "2025-08-22",
    "price" : 144.39,
    "dma50" : 135.52,
    "dma100" : 130.85,
    "dma200" : 142.23,
    "volume" : 1370532.00
  }, {
    "date" : "2025-08-25",
    "price" : 141.60,
    "dma50" : 135.75,
    "dma100" : 131.08,
    "dma200" : 142.23,
    "volume" : 664455.00
  }, {
    "date" : "2025-08-26",
    "price" : 135.89,
    "dma50" : 135.76,
    "dma100" : 131.20,
    "dma200" : 142.16,
    "volume" : 841689.00
  }, {
    "date" : "2025-08-28",
    "price" : 136.41,
    "dma50" : 135.79,
    "dma100" : 131.32,
    "dma200" : 142.11,
    "volume" : 439627.00
  }, {
    "date" : "2025-08-29",
    "price" : 136.94,
    "dma50" : 135.83,
    "dma100" : 131.43,
    "dma200" : 142.06,
    "volume" : 313583.00
  }, {
    "date" : "2025-09-01",
    "price" : 139.95,
    "dma50" : 135.99,
    "dma100" : 131.63,
    "dma200" : 142.03,
    "volume" : 768117.00
  }, {
    "date" : "2025-09-02",
    "price" : 139.88,
    "dma50" : 136.14,
    "dma100" : 131.88,
    "dma200" : 142.01,
    "volume" : 621028.00
  }, {
    "date" : "2025-09-03",
    "price" : 142.08,
    "dma50" : 136.38,
    "dma100" : 132.12,
    "dma200" : 142.01,
    "volume" : 400790.00
  }, {
    "date" : "2025-09-04",
    "price" : 140.33,
    "dma50" : 136.53,
    "dma100" : 132.38,
    "dma200" : 142.00,
    "volume" : 321257.00
  }, {
    "date" : "2025-09-05",
    "price" : 140.76,
    "dma50" : 136.70,
    "dma100" : 132.63,
    "dma200" : 141.98,
    "volume" : 408416.00
  }, {
    "date" : "2025-09-08",
    "price" : 139.72,
    "dma50" : 136.82,
    "dma100" : 132.80,
    "dma200" : 141.96,
    "volume" : 283083.00
  }, {
    "date" : "2025-09-09",
    "price" : 138.47,
    "dma50" : 136.88,
    "dma100" : 132.95,
    "dma200" : 141.93,
    "volume" : 428133.00
  }, {
    "date" : "2025-09-10",
    "price" : 140.99,
    "dma50" : 137.04,
    "dma100" : 133.10,
    "dma200" : 141.92,
    "volume" : 465742.00
  }, {
    "date" : "2025-09-11",
    "price" : 140.64,
    "dma50" : 137.18,
    "dma100" : 133.22,
    "dma200" : 141.91,
    "volume" : 301109.00
  }, {
    "date" : "2025-09-12",
    "price" : 139.06,
    "dma50" : 137.26,
    "dma100" : 133.32,
    "dma200" : 141.88,
    "volume" : 430051.00
  }, {
    "date" : "2025-09-15",
    "price" : 141.40,
    "dma50" : 137.42,
    "dma100" : 133.46,
    "dma200" : 141.87,
    "volume" : 513495.00
  }, {
    "date" : "2025-09-16",
    "price" : 140.60,
    "dma50" : 137.54,
    "dma100" : 133.58,
    "dma200" : 141.86,
    "volume" : 331417.00
  }, {
    "date" : "2025-09-17",
    "price" : 141.19,
    "dma50" : 137.69,
    "dma100" : 133.76,
    "dma200" : 141.85,
    "volume" : 261095.00
  }, {
    "date" : "2025-09-18",
    "price" : 139.91,
    "dma50" : 137.77,
    "dma100" : 133.94,
    "dma200" : 141.83,
    "volume" : 379845.00
  }, {
    "date" : "2025-09-19",
    "price" : 139.96,
    "dma50" : 137.86,
    "dma100" : 134.11,
    "dma200" : 141.82,
    "volume" : 349518.00
  }, {
    "date" : "2025-09-22",
    "price" : 141.59,
    "dma50" : 138.01,
    "dma100" : 134.33,
    "dma200" : 141.81,
    "volume" : 773449.00
  }, {
    "date" : "2025-09-23",
    "price" : 145.59,
    "dma50" : 138.30,
    "dma100" : 134.62,
    "dma200" : 141.85,
    "volume" : 1887265.00
  }, {
    "date" : "2025-09-24",
    "price" : 146.67,
    "dma50" : 138.63,
    "dma100" : 134.89,
    "dma200" : 141.90,
    "volume" : 960946.00
  }, {
    "date" : "2025-09-25",
    "price" : 149.55,
    "dma50" : 139.06,
    "dma100" : 135.24,
    "dma200" : 141.97,
    "volume" : 1553671.00
  }, {
    "date" : "2025-09-26",
    "price" : 145.25,
    "dma50" : 139.30,
    "dma100" : 135.55,
    "dma200" : 142.01,
    "volume" : 696032.00
  }, {
    "date" : "2025-09-29",
    "price" : 142.94,
    "dma50" : 139.45,
    "dma100" : 135.83,
    "dma200" : 142.02,
    "volume" : 432444.00
  }, {
    "date" : "2025-09-30",
    "price" : 145.52,
    "dma50" : 139.68,
    "dma100" : 136.16,
    "dma200" : 142.05,
    "volume" : 593533.00
  }, {
    "date" : "2025-10-01",
    "price" : 146.61,
    "dma50" : 139.96,
    "dma100" : 136.39,
    "dma200" : 142.10,
    "volume" : 435841.00
  }, {
    "date" : "2025-10-03",
    "price" : 144.62,
    "dma50" : 140.14,
    "dma100" : 136.58,
    "dma200" : 142.12,
    "volume" : 333282.00
  }, {
    "date" : "2025-10-06",
    "price" : 142.11,
    "dma50" : 140.22,
    "dma100" : 136.73,
    "dma200" : 142.12,
    "volume" : 295872.00
  }, {
    "date" : "2025-10-07",
    "price" : 141.46,
    "dma50" : 140.26,
    "dma100" : 136.85,
    "dma200" : 142.12,
    "volume" : 274520.00
  }, {
    "date" : "2025-10-08",
    "price" : 140.94,
    "dma50" : 140.29,
    "dma100" : 136.95,
    "dma200" : 142.10,
    "volume" : 256787.00
  }, {
    "date" : "2025-10-09",
    "price" : 142.29,
    "dma50" : 140.37,
    "dma100" : 137.05,
    "dma200" : 142.11,
    "volume" : 222701.00
  }, {
    "date" : "2025-10-10",
    "price" : 140.77,
    "dma50" : 140.39,
    "dma100" : 137.17,
    "dma200" : 142.09,
    "volume" : 215115.00
  }, {
    "date" : "2025-10-13",
    "price" : 139.34,
    "dma50" : 140.34,
    "dma100" : 137.25,
    "dma200" : 142.06,
    "volume" : 182398.00
  }, {
    "date" : "2025-10-14",
    "price" : 141.34,
    "dma50" : 140.38,
    "dma100" : 137.36,
    "dma200" : 142.06,
    "volume" : 489797.00
  }, {
    "date" : "2025-10-15",
    "price" : 142.91,
    "dma50" : 140.48,
    "dma100" : 137.41,
    "dma200" : 142.07,
    "volume" : 521388.00
  }, {
    "date" : "2025-10-16",
    "price" : 143.32,
    "dma50" : 140.59,
    "dma100" : 137.53,
    "dma200" : 142.08,
    "volume" : 240480.00
  }, {
    "date" : "2025-10-17",
    "price" : 140.04,
    "dma50" : 140.57,
    "dma100" : 137.59,
    "dma200" : 142.06,
    "volume" : 365557.00
  }, {
    "date" : "2025-10-20",
    "price" : 141.77,
    "dma50" : 140.62,
    "dma100" : 137.70,
    "dma200" : 142.06,
    "volume" : 206560.00
  }, {
    "date" : "2025-10-21",
    "price" : 143.26,
    "dma50" : 140.72,
    "dma100" : 137.81,
    "dma200" : 142.07,
    "volume" : 104384.00
  }, {
    "date" : "2025-10-23",
    "price" : 148.18,
    "dma50" : 141.01,
    "dma100" : 137.98,
    "dma200" : 142.13,
    "volume" : 1152910.00
  }, {
    "date" : "2025-10-24",
    "price" : 151.72,
    "dma50" : 141.43,
    "dma100" : 138.18,
    "dma200" : 142.22,
    "volume" : 1427952.00
  }, {
    "date" : "2025-10-27",
    "price" : 151.54,
    "dma50" : 141.83,
    "dma100" : 138.39,
    "dma200" : 142.32,
    "volume" : 504474.00
  }, {
    "date" : "2025-10-28",
    "price" : 148.09,
    "dma50" : 142.08,
    "dma100" : 138.54,
    "dma200" : 142.37,
    "volume" : 305051.00
  }, {
    "date" : "2025-10-29",
    "price" : 149.13,
    "dma50" : 142.35,
    "dma100" : 138.70,
    "dma200" : 142.44,
    "volume" : 321525.00
  }, {
    "date" : "2025-10-30",
    "price" : 146.29,
    "dma50" : 142.51,
    "dma100" : 138.81,
    "dma200" : 142.48,
    "volume" : 287309.00
  }, {
    "date" : "2025-10-31",
    "price" : 146.36,
    "dma50" : 142.66,
    "dma100" : 138.91,
    "dma200" : 142.52,
    "volume" : 388469.00
  }, {
    "date" : "2025-11-03",
    "price" : 144.49,
    "dma50" : 142.73,
    "dma100" : 138.97,
    "dma200" : 142.54,
    "volume" : 168156.00
  }, {
    "date" : "2025-11-04",
    "price" : 141.56,
    "dma50" : 142.68,
    "dma100" : 139.00,
    "dma200" : 142.53,
    "volume" : 284831.00
  }, {
    "date" : "2025-11-06",
    "price" : 139.96,
    "dma50" : 142.58,
    "dma100" : 139.05,
    "dma200" : 142.50,
    "volume" : 237920.00
  }, {
    "date" : "2025-11-07",
    "price" : 137.90,
    "dma50" : 142.39,
    "dma100" : 139.11,
    "dma200" : 142.46,
    "volume" : 205422.00
  }, {
    "date" : "2025-11-10",
    "price" : 138.44,
    "dma50" : 142.24,
    "dma100" : 139.20,
    "dma200" : 142.42,
    "volume" : 174371.00
  }, {
    "date" : "2025-11-11",
    "price" : 139.78,
    "dma50" : 142.14,
    "dma100" : 139.30,
    "dma200" : 142.39,
    "volume" : 184901.00
  }, {
    "date" : "2025-11-12",
    "price" : 141.95,
    "dma50" : 142.14,
    "dma100" : 139.42,
    "dma200" : 142.39,
    "volume" : 227375.00
  }, {
    "date" : "2025-11-13",
    "price" : 139.66,
    "dma50" : 142.04,
    "dma100" : 139.53,
    "dma200" : 142.36,
    "volume" : 271752.00
  }, {
    "date" : "2025-11-14",
    "price" : 141.70,
    "dma50" : 142.02,
    "dma100" : 139.66,
    "dma200" : 142.35,
    "volume" : 210726.00
  }, {
    "date" : "2025-11-17",
    "price" : 132.47,
    "dma50" : 141.65,
    "dma100" : 139.70,
    "dma200" : 142.25,
    "volume" : 650062.00
  }, {
    "date" : "2025-11-18",
    "price" : 131.34,
    "dma50" : 141.25,
    "dma100" : 139.71,
    "dma200" : 142.15,
    "volume" : 252539.00
  }, {
    "date" : "2025-11-19",
    "price" : 127.50,
    "dma50" : 140.71,
    "dma100" : 139.60,
    "dma200" : 142.00,
    "volume" : 347220.00
  }, {
    "date" : "2025-11-20",
    "price" : 126.24,
    "dma50" : 140.14,
    "dma100" : 139.51,
    "dma200" : 141.84,
    "volume" : 352787.00
  }, {
    "date" : "2025-11-21",
    "price" : 124.36,
    "dma50" : 139.52,
    "dma100" : 139.35,
    "dma200" : 141.67,
    "volume" : 290015.00
  }, {
    "date" : "2025-11-24",
    "price" : 118.65,
    "dma50" : 138.70,
    "dma100" : 139.15,
    "dma200" : 141.44,
    "volume" : 361291.00
  }, {
    "date" : "2025-11-25",
    "price" : 121.64,
    "dma50" : 138.03,
    "dma100" : 138.97,
    "dma200" : 141.24,
    "volume" : 292603.00
  }, {
    "date" : "2025-11-26",
    "price" : 122.37,
    "dma50" : 137.42,
    "dma100" : 138.82,
    "dma200" : 141.05,
    "volume" : 247694.00
  }, {
    "date" : "2025-11-27",
    "price" : 121.00,
    "dma50" : 136.77,
    "dma100" : 138.66,
    "dma200" : 140.86,
    "volume" : 161542.00
  }, {
    "date" : "2025-11-28",
    "price" : 120.33,
    "dma50" : 136.13,
    "dma100" : 138.50,
    "dma200" : 140.65,
    "volume" : 121214.00
  }, {
    "date" : "2025-12-01",
    "price" : 120.32,
    "dma50" : 135.51,
    "dma100" : 138.28,
    "dma200" : 140.45,
    "volume" : 154027.00
  }, {
    "date" : "2025-12-02",
    "price" : 118.79,
    "dma50" : 134.85,
    "dma100" : 138.04,
    "dma200" : 140.23,
    "volume" : 155328.00
  }, {
    "date" : "2025-12-03",
    "price" : 118.13,
    "dma50" : 134.20,
    "dma100" : 137.81,
    "dma200" : 140.01,
    "volume" : 145526.00
  }, {
    "date" : "2025-12-04",
    "price" : 117.78,
    "dma50" : 133.55,
    "dma100" : 137.60,
    "dma200" : 139.79,
    "volume" : 245276.00
  }, {
    "date" : "2025-12-05",
    "price" : 115.04,
    "dma50" : 132.83,
    "dma100" : 137.39,
    "dma200" : 139.55,
    "volume" : 187221.00
  }, {
    "date" : "2025-12-08",
    "price" : 111.17,
    "dma50" : 131.98,
    "dma100" : 137.13,
    "dma200" : 139.26,
    "volume" : 240705.00
  }, {
    "date" : "2025-12-09",
    "price" : 117.78,
    "dma50" : 131.42,
    "dma100" : 136.91,
    "dma200" : 139.05,
    "volume" : 338851.00
  }, {
    "date" : "2025-12-10",
    "price" : 118.24,
    "dma50" : 130.91,
    "dma100" : 136.69,
    "dma200" : 138.84,
    "volume" : 180980.00
  }, {
    "date" : "2025-12-11",
    "price" : 118.79,
    "dma50" : 130.43,
    "dma100" : 136.49,
    "dma200" : 138.64,
    "volume" : 178047.00
  }, {
    "date" : "2025-12-12",
    "price" : 118.97,
    "dma50" : 129.98,
    "dma100" : 136.32,
    "dma200" : 138.45,
    "volume" : 175569.00
  }, {
    "date" : "2025-12-15",
    "price" : 117.44,
    "dma50" : 129.49,
    "dma100" : 136.12,
    "dma200" : 138.24,
    "volume" : 145627.00
  }, {
    "date" : "2025-12-16",
    "price" : 115.27,
    "dma50" : 128.93,
    "dma100" : 135.91,
    "dma200" : 138.01,
    "volume" : 145529.00
  }, {
    "date" : "2025-12-17",
    "price" : 115.08,
    "dma50" : 128.39,
    "dma100" : 135.68,
    "dma200" : 137.78,
    "volume" : 191350.00
  }, {
    "date" : "2025-12-18",
    "price" : 116.26,
    "dma50" : 127.91,
    "dma100" : 135.53,
    "dma200" : 137.57,
    "volume" : 149470.00
  }, {
    "date" : "2025-12-19",
    "price" : 115.41,
    "dma50" : 127.42,
    "dma100" : 135.38,
    "dma200" : 137.35,
    "volume" : 162452.00
  }, {
    "date" : "2025-12-22",
    "price" : 116.36,
    "dma50" : 126.99,
    "dma100" : 135.26,
    "dma200" : 137.14,
    "volume" : 224630.00
  }, {
    "date" : "2025-12-23",
    "price" : 117.65,
    "dma50" : 126.62,
    "dma100" : 135.12,
    "dma200" : 136.94,
    "volume" : 182478.00
  }, {
    "date" : "2025-12-24",
    "price" : 115.50,
    "dma50" : 126.19,
    "dma100" : 134.98,
    "dma200" : 136.73,
    "volume" : 144541.00
  }, {
    "date" : "2025-12-26",
    "price" : 116.75,
    "dma50" : 125.82,
    "dma100" : 134.86,
    "dma200" : 136.53,
    "volume" : 124456.00
  }, {
    "date" : "2025-12-29",
    "price" : 114.78,
    "dma50" : 125.38,
    "dma100" : 134.75,
    "dma200" : 136.32,
    "volume" : 411731.00
  }, {
    "date" : "2025-12-30",
    "price" : 114.60,
    "dma50" : 124.96,
    "dma100" : 134.58,
    "dma200" : 136.10,
    "volume" : 293231.00
  }, {
    "date" : "2025-12-31",
    "price" : 116.29,
    "dma50" : 124.62,
    "dma100" : 134.41,
    "dma200" : 135.90,
    "volume" : 300334.00
  }, {
    "date" : "2026-01-01",
    "price" : 115.88,
    "dma50" : 124.28,
    "dma100" : 134.26,
    "dma200" : 135.70,
    "volume" : 101098.00
  }, {
    "date" : "2026-01-02",
    "price" : 117.19,
    "dma50" : 124.00,
    "dma100" : 134.12,
    "dma200" : 135.52,
    "volume" : 219097.00
  }, {
    "date" : "2026-01-05",
    "price" : 115.52,
    "dma50" : 123.67,
    "dma100" : 133.97,
    "dma200" : 135.32,
    "volume" : 178520.00
  }, {
    "date" : "2026-01-06",
    "price" : 115.95,
    "dma50" : 123.36,
    "dma100" : 133.81,
    "dma200" : 135.13,
    "volume" : 175874.00
  }, {
    "date" : "2026-01-07",
    "price" : 115.82,
    "dma50" : 123.07,
    "dma100" : 133.64,
    "dma200" : 134.94,
    "volume" : 99071.00
  }, {
    "date" : "2026-01-08",
    "price" : 114.29,
    "dma50" : 122.72,
    "dma100" : 133.46,
    "dma200" : 134.73,
    "volume" : 142409.00
  }, {
    "date" : "2026-01-09",
    "price" : 112.31,
    "dma50" : 122.32,
    "dma100" : 133.06,
    "dma200" : 134.51,
    "volume" : 119022.00
  }, {
    "date" : "2026-01-12",
    "price" : 110.55,
    "dma50" : 121.85,
    "dma100" : 132.73,
    "dma200" : 134.27,
    "volume" : 202728.00
  }, {
    "date" : "2026-01-13",
    "price" : 109.46,
    "dma50" : 121.37,
    "dma100" : 132.39,
    "dma200" : 134.02,
    "volume" : 129652.00
  }, {
    "date" : "2026-01-14",
    "price" : 108.26,
    "dma50" : 120.85,
    "dma100" : 132.05,
    "dma200" : 133.77,
    "volume" : 155106.00
  }, {
    "date" : "2026-01-16",
    "price" : 108.72,
    "dma50" : 120.38,
    "dma100" : 131.71,
    "dma200" : 133.52,
    "volume" : 181356.00
  }, {
    "date" : "2026-01-19",
    "price" : 107.07,
    "dma50" : 119.86,
    "dma100" : 131.34,
    "dma200" : 133.25,
    "volume" : 166251.00
  }, {
    "date" : "2026-01-20",
    "price" : 103.28,
    "dma50" : 119.21,
    "dma100" : 130.95,
    "dma200" : 132.95,
    "volume" : 239048.00
  }, {
    "date" : "2026-01-21",
    "price" : 101.09,
    "dma50" : 118.50,
    "dma100" : 130.61,
    "dma200" : 132.64,
    "volume" : 238791.00
  }, {
    "date" : "2026-01-22",
    "price" : 101.13,
    "dma50" : 117.82,
    "dma100" : 130.25,
    "dma200" : 132.32,
    "volume" : 235718.00
  }, {
    "date" : "2026-01-23",
    "price" : 114.53,
    "dma50" : 117.69,
    "dma100" : 130.03,
    "dma200" : 132.15,
    "volume" : 50373973.00
  }, {
    "date" : "2026-01-27",
    "price" : 117.27,
    "dma50" : 117.67,
    "dma100" : 129.80,
    "dma200" : 132.00,
    "volume" : 22473646.00
  }, {
    "date" : "2026-01-28",
    "price" : 113.68,
    "dma50" : 117.51,
    "dma100" : 129.54,
    "dma200" : 131.82,
    "volume" : 3382565.00
  }, {
    "date" : "2026-01-29",
    "price" : 108.75,
    "dma50" : 117.17,
    "dma100" : 129.21,
    "dma200" : 131.59,
    "volume" : 1330688.00
  }, {
    "date" : "2026-01-30",
    "price" : 109.15,
    "dma50" : 116.86,
    "dma100" : 128.90,
    "dma200" : 131.36,
    "volume" : 823934.00
  }, {
    "date" : "2026-02-01",
    "price" : 106.28,
    "dma50" : 116.44,
    "dma100" : 128.55,
    "dma200" : 131.11,
    "volume" : 313690.00
  }, {
    "date" : "2026-02-02",
    "price" : 105.65,
    "dma50" : 116.02,
    "dma100" : 128.21,
    "dma200" : 130.86,
    "volume" : 418540.00
  }, {
    "date" : "2026-02-03",
    "price" : 112.77,
    "dma50" : 115.89,
    "dma100" : 127.95,
    "dma200" : 130.68,
    "volume" : 801440.00
  }, {
    "date" : "2026-02-04",
    "price" : 114.85,
    "dma50" : 115.85,
    "dma100" : 127.69,
    "dma200" : 130.52,
    "volume" : 442854.00
  }, {
    "date" : "2026-02-05",
    "price" : 113.53,
    "dma50" : 115.76,
    "dma100" : 127.42,
    "dma200" : 130.35,
    "volume" : 218791.00
  }, {
    "date" : "2026-02-06",
    "price" : 118.25,
    "dma50" : 115.86,
    "dma100" : 127.21,
    "dma200" : 130.23,
    "volume" : 629856.00
  }, {
    "date" : "2026-02-09",
    "price" : 126.83,
    "dma50" : 116.29,
    "dma100" : 127.07,
    "dma200" : 130.20,
    "volume" : 1284985.00
  }, {
    "date" : "2026-02-10",
    "price" : 128.89,
    "dma50" : 116.78,
    "dma100" : 126.95,
    "dma200" : 130.19,
    "volume" : 745480.00
  }, {
    "date" : "2026-02-11",
    "price" : 124.65,
    "dma50" : 117.09,
    "dma100" : 126.78,
    "dma200" : 130.13,
    "volume" : 436058.00
  }, {
    "date" : "2026-02-12",
    "price" : 124.11,
    "dma50" : 117.36,
    "dma100" : 126.63,
    "dma200" : 130.07,
    "volume" : 583108.00
  }, {
    "date" : "2026-02-13",
    "price" : 121.90,
    "dma50" : 117.54,
    "dma100" : 126.45,
    "dma200" : 129.99,
    "volume" : 691290.00
  }, {
    "date" : "2026-02-16",
    "price" : 120.39,
    "dma50" : 117.65,
    "dma100" : 126.23,
    "dma200" : 129.90,
    "volume" : 202602.00
  } ],
  "latestTechnicalAttributes" : {
    "date" : "2026-02-16",
    "price" : 120.39,
    "dma50" : 117.65,
    "dma100" : 126.23,
    "dma200" : 129.90,
    "volume" : 202602.00
  },
  "quarterlyResults" : [ {
    "date" : "2005-06-30",
    "sales" : 40.26,
    "salesGrowthYoY" : null,
    "grossProfitMargin" : 47.02,
    "grossProfit" : 18.93,
    "operatingProfitMargin" : 25.38,
    "operatingProfit" : 10.22,
    "netProfitMargin" : 12.99,
    "netProfit" : 5.23
  }, {
    "date" : "2005-09-30",
    "sales" : 57.39,
    "salesGrowthYoY" : null,
    "grossProfitMargin" : 46.19,
    "grossProfit" : 26.51,
    "operatingProfitMargin" : 28.52,
    "operatingProfit" : 16.37,
    "netProfitMargin" : 16.24,
    "netProfit" : 9.32
  }, {
    "date" : "2005-12-31",
    "sales" : 57.69,
    "salesGrowthYoY" : null,
    "grossProfitMargin" : 48.83,
    "grossProfit" : 28.17,
    "operatingProfitMargin" : 27.73,
    "operatingProfit" : 16.00,
    "netProfitMargin" : 15.13,
    "netProfit" : 8.73
  }, {
    "date" : "2006-03-31",
    "sales" : 80.16,
    "salesGrowthYoY" : null,
    "grossProfitMargin" : 97.07,
    "grossProfit" : 77.81,
    "operatingProfitMargin" : 19.65,
    "operatingProfit" : 15.75,
    "netProfitMargin" : 12.74,
    "netProfit" : 10.21
  }, {
    "date" : "2006-06-30",
    "sales" : 79.57,
    "salesGrowthYoY" : 97.64,
    "grossProfitMargin" : 48.51,
    "grossProfit" : 38.60,
    "operatingProfitMargin" : 27.77,
    "operatingProfit" : 22.10,
    "netProfitMargin" : 14.41,
    "netProfit" : 11.47
  }, {
    "date" : "2006-09-30",
    "sales" : 100.11,
    "salesGrowthYoY" : 74.44,
    "grossProfitMargin" : 42.65,
    "grossProfit" : 42.70,
    "operatingProfitMargin" : 26.38,
    "operatingProfit" : 26.41,
    "netProfitMargin" : 13.60,
    "netProfit" : 13.61
  }, {
    "date" : "2006-12-31",
    "sales" : 70.83,
    "salesGrowthYoY" : 22.78,
    "grossProfitMargin" : 43.31,
    "grossProfit" : 30.68,
    "operatingProfitMargin" : 22.35,
    "operatingProfit" : 15.83,
    "netProfitMargin" : 23.82,
    "netProfit" : 16.87
  }, {
    "date" : "2007-03-31",
    "sales" : 80.08,
    "salesGrowthYoY" : -0.10,
    "grossProfitMargin" : 88.14,
    "grossProfit" : 70.58,
    "operatingProfitMargin" : 17.23,
    "operatingProfit" : 13.80,
    "netProfitMargin" : 6.39,
    "netProfit" : 5.12
  }, {
    "date" : "2007-06-30",
    "sales" : 65.48,
    "salesGrowthYoY" : -17.71,
    "grossProfitMargin" : 40.64,
    "grossProfit" : 26.61,
    "operatingProfitMargin" : 21.41,
    "operatingProfit" : 14.02,
    "netProfitMargin" : 9.84,
    "netProfit" : 6.44
  }, {
    "date" : "2007-09-30",
    "sales" : 78.50,
    "salesGrowthYoY" : -21.59,
    "grossProfitMargin" : 49.26,
    "grossProfit" : 38.67,
    "operatingProfitMargin" : 28.60,
    "operatingProfit" : 22.45,
    "netProfitMargin" : 16.19,
    "netProfit" : 12.71
  }, {
    "date" : "2007-12-31",
    "sales" : 81.57,
    "salesGrowthYoY" : 15.16,
    "grossProfitMargin" : 55.24,
    "grossProfit" : 45.06,
    "operatingProfitMargin" : 35.59,
    "operatingProfit" : 29.03,
    "netProfitMargin" : 19.36,
    "netProfit" : 15.79
  }, {
    "date" : "2008-03-31",
    "sales" : 108.05,
    "salesGrowthYoY" : 34.93,
    "grossProfitMargin" : 38.93,
    "grossProfit" : 42.06,
    "operatingProfitMargin" : 12.51,
    "operatingProfit" : 13.52,
    "netProfitMargin" : 10.65,
    "netProfit" : 11.51
  }, {
    "date" : "2008-06-30",
    "sales" : 92.17,
    "salesGrowthYoY" : 40.76,
    "grossProfitMargin" : 47.55,
    "grossProfit" : 43.83,
    "operatingProfitMargin" : 22.97,
    "operatingProfit" : 21.17,
    "netProfitMargin" : 10.24,
    "netProfit" : 9.44
  }, {
    "date" : "2008-09-30",
    "sales" : 107.84,
    "salesGrowthYoY" : 37.38,
    "grossProfitMargin" : 54.94,
    "grossProfit" : 59.25,
    "operatingProfitMargin" : 31.12,
    "operatingProfit" : 33.56,
    "netProfitMargin" : 19.65,
    "netProfit" : 21.19
  }, {
    "date" : "2008-12-31",
    "sales" : 82.86,
    "salesGrowthYoY" : 1.58,
    "grossProfitMargin" : 50.07,
    "grossProfit" : 41.49,
    "operatingProfitMargin" : 21.60,
    "operatingProfit" : 17.90,
    "netProfitMargin" : 9.93,
    "netProfit" : 8.23
  }, {
    "date" : "2009-03-31",
    "sales" : 77.38,
    "salesGrowthYoY" : -28.39,
    "grossProfitMargin" : 34.31,
    "grossProfit" : 26.55,
    "operatingProfitMargin" : 32.23,
    "operatingProfit" : 24.94,
    "netProfitMargin" : 29.05,
    "netProfit" : 22.48
  }, {
    "date" : "2009-06-30",
    "sales" : 65.96,
    "salesGrowthYoY" : -28.44,
    "grossProfitMargin" : 38.37,
    "grossProfit" : 25.31,
    "operatingProfitMargin" : 18.28,
    "operatingProfit" : 12.06,
    "netProfitMargin" : 6.25,
    "netProfit" : 4.12
  }, {
    "date" : "2009-09-30",
    "sales" : 94.07,
    "salesGrowthYoY" : -12.77,
    "grossProfitMargin" : 28.12,
    "grossProfit" : 26.45,
    "operatingProfitMargin" : 7.88,
    "operatingProfit" : 7.41,
    "netProfitMargin" : 1.15,
    "netProfit" : 1.08
  }, {
    "date" : "2009-12-31",
    "sales" : 102.13,
    "salesGrowthYoY" : 23.26,
    "grossProfitMargin" : 27.40,
    "grossProfit" : 27.98,
    "operatingProfitMargin" : 8.70,
    "operatingProfit" : 8.89,
    "netProfitMargin" : 3.70,
    "netProfit" : 3.78
  }, {
    "date" : "2010-03-31",
    "sales" : 92.28,
    "salesGrowthYoY" : 19.26,
    "grossProfitMargin" : 16.43,
    "grossProfit" : 15.16,
    "operatingProfitMargin" : -8.60,
    "operatingProfit" : -7.94,
    "netProfitMargin" : 27.49,
    "netProfit" : 25.37
  }, {
    "date" : "2010-06-30",
    "sales" : 77.69,
    "salesGrowthYoY" : 17.78,
    "grossProfitMargin" : 26.46,
    "grossProfit" : 20.56,
    "operatingProfitMargin" : -15.92,
    "operatingProfit" : -12.37,
    "netProfitMargin" : -15.01,
    "netProfit" : -11.66
  }, {
    "date" : "2010-09-30",
    "sales" : 118.52,
    "salesGrowthYoY" : 25.99,
    "grossProfitMargin" : 39.01,
    "grossProfit" : 46.23,
    "operatingProfitMargin" : 20.92,
    "operatingProfit" : 24.79,
    "netProfitMargin" : 13.62,
    "netProfit" : 16.14
  }, {
    "date" : "2010-12-31",
    "sales" : 81.81,
    "salesGrowthYoY" : -19.90,
    "grossProfitMargin" : 47.11,
    "grossProfit" : 38.54,
    "operatingProfitMargin" : 18.53,
    "operatingProfit" : 15.16,
    "netProfitMargin" : 10.35,
    "netProfit" : 8.47
  }, {
    "date" : "2011-03-31",
    "sales" : 101.10,
    "salesGrowthYoY" : 9.56,
    "grossProfitMargin" : 39.85,
    "grossProfit" : 40.29,
    "operatingProfitMargin" : 15.32,
    "operatingProfit" : 15.49,
    "netProfitMargin" : 11.38,
    "netProfit" : 11.51
  }, {
    "date" : "2011-06-30",
    "sales" : 93.62,
    "salesGrowthYoY" : 20.50,
    "grossProfitMargin" : 33.53,
    "grossProfit" : 31.39,
    "operatingProfitMargin" : 15.18,
    "operatingProfit" : 14.21,
    "netProfitMargin" : 8.92,
    "netProfit" : 8.35
  }, {
    "date" : "2011-09-30",
    "sales" : 82.51,
    "salesGrowthYoY" : -30.38,
    "grossProfitMargin" : 31.39,
    "grossProfit" : 25.90,
    "operatingProfitMargin" : -11.15,
    "operatingProfit" : -9.20,
    "netProfitMargin" : -16.05,
    "netProfit" : -13.24
  }, {
    "date" : "2011-12-31",
    "sales" : 60.22,
    "salesGrowthYoY" : -26.39,
    "grossProfitMargin" : 31.55,
    "grossProfit" : 19.00,
    "operatingProfitMargin" : -32.12,
    "operatingProfit" : -19.34,
    "netProfitMargin" : -35.14,
    "netProfit" : -21.16
  }, {
    "date" : "2012-03-31",
    "sales" : 74.98,
    "salesGrowthYoY" : -25.84,
    "grossProfitMargin" : 25.77,
    "grossProfit" : 19.32,
    "operatingProfitMargin" : 5.76,
    "operatingProfit" : 4.32,
    "netProfitMargin" : 5.79,
    "netProfit" : 4.34
  }, {
    "date" : "2012-06-30",
    "sales" : 50.98,
    "salesGrowthYoY" : -45.55,
    "grossProfitMargin" : 31.37,
    "grossProfit" : 15.99,
    "operatingProfitMargin" : -36.98,
    "operatingProfit" : -18.85,
    "netProfitMargin" : -40.09,
    "netProfit" : -20.44
  }, {
    "date" : "2012-09-30",
    "sales" : 69.23,
    "salesGrowthYoY" : -16.10,
    "grossProfitMargin" : 28.38,
    "grossProfit" : 19.65,
    "operatingProfitMargin" : 9.85,
    "operatingProfit" : 6.82,
    "netProfitMargin" : 13.49,
    "netProfit" : 9.34
  }, {
    "date" : "2012-12-31",
    "sales" : 55.60,
    "salesGrowthYoY" : -7.67,
    "grossProfitMargin" : 8.40,
    "grossProfit" : 4.67,
    "operatingProfitMargin" : -18.58,
    "operatingProfit" : -10.33,
    "netProfitMargin" : -38.78,
    "netProfit" : -21.56
  }, {
    "date" : "2013-03-31",
    "sales" : 71.21,
    "salesGrowthYoY" : -5.03,
    "grossProfitMargin" : 18.00,
    "grossProfit" : 12.82,
    "operatingProfitMargin" : -5.08,
    "operatingProfit" : -3.62,
    "netProfitMargin" : -24.41,
    "netProfit" : -17.38
  }, {
    "date" : "2013-06-30",
    "sales" : 53.24,
    "salesGrowthYoY" : 4.43,
    "grossProfitMargin" : 9.79,
    "grossProfit" : 5.21,
    "operatingProfitMargin" : -21.07,
    "operatingProfit" : -11.22,
    "netProfitMargin" : -46.84,
    "netProfit" : -24.94
  }, {
    "date" : "2013-09-30",
    "sales" : 56.13,
    "salesGrowthYoY" : -18.92,
    "grossProfitMargin" : 18.42,
    "grossProfit" : 10.34,
    "operatingProfitMargin" : -14.61,
    "operatingProfit" : -8.20,
    "netProfitMargin" : -40.17,
    "netProfit" : -22.55
  }, {
    "date" : "2013-12-31",
    "sales" : 46.77,
    "salesGrowthYoY" : -15.88,
    "grossProfitMargin" : 32.22,
    "grossProfit" : 15.07,
    "operatingProfitMargin" : -0.41,
    "operatingProfit" : -0.19,
    "netProfitMargin" : -31.43,
    "netProfit" : -14.70
  }, {
    "date" : "2014-03-31",
    "sales" : 48.20,
    "salesGrowthYoY" : -32.31,
    "grossProfitMargin" : 1.47,
    "grossProfit" : 0.71,
    "operatingProfitMargin" : -26.08,
    "operatingProfit" : -12.57,
    "netProfitMargin" : -54.25,
    "netProfit" : -26.15
  }, {
    "date" : "2014-06-30",
    "sales" : 39.34,
    "salesGrowthYoY" : -26.11,
    "grossProfitMargin" : 19.88,
    "grossProfit" : 7.82,
    "operatingProfitMargin" : -8.62,
    "operatingProfit" : -3.39,
    "netProfitMargin" : -41.43,
    "netProfit" : -16.30
  }, {
    "date" : "2014-09-30",
    "sales" : 55.98,
    "salesGrowthYoY" : -0.27,
    "grossProfitMargin" : 11.33,
    "grossProfit" : 6.34,
    "operatingProfitMargin" : -10.49,
    "operatingProfit" : -5.87,
    "netProfitMargin" : -35.83,
    "netProfit" : -20.06
  }, {
    "date" : "2014-12-31",
    "sales" : 39.43,
    "salesGrowthYoY" : -15.69,
    "grossProfitMargin" : 21.94,
    "grossProfit" : 8.65,
    "operatingProfitMargin" : -8.37,
    "operatingProfit" : -3.30,
    "netProfitMargin" : -45.57,
    "netProfit" : -17.97
  }, {
    "date" : "2015-03-31",
    "sales" : 45.44,
    "salesGrowthYoY" : -5.73,
    "grossProfitMargin" : 12.96,
    "grossProfit" : 5.89,
    "operatingProfitMargin" : -25.33,
    "operatingProfit" : -11.51,
    "netProfitMargin" : -55.02,
    "netProfit" : -25.00
  }, {
    "date" : "2015-06-30",
    "sales" : 39.53,
    "salesGrowthYoY" : 0.48,
    "grossProfitMargin" : 9.87,
    "grossProfit" : 3.90,
    "operatingProfitMargin" : -23.20,
    "operatingProfit" : -9.17,
    "netProfitMargin" : -61.52,
    "netProfit" : -24.32
  }, {
    "date" : "2015-09-30",
    "sales" : 38.82,
    "salesGrowthYoY" : -30.65,
    "grossProfitMargin" : 20.53,
    "grossProfit" : 7.97,
    "operatingProfitMargin" : -12.03,
    "operatingProfit" : -4.67,
    "netProfitMargin" : -53.61,
    "netProfit" : -20.81
  }, {
    "date" : "2015-12-31",
    "sales" : 37.58,
    "salesGrowthYoY" : -4.69,
    "grossProfitMargin" : 25.68,
    "grossProfit" : 9.65,
    "operatingProfitMargin" : -0.29,
    "operatingProfit" : -0.11,
    "netProfitMargin" : -44.92,
    "netProfit" : -16.88
  }, {
    "date" : "2016-03-31",
    "sales" : 56.04,
    "salesGrowthYoY" : 23.33,
    "grossProfitMargin" : 5.91,
    "grossProfit" : 3.31,
    "operatingProfitMargin" : -23.79,
    "operatingProfit" : -13.33,
    "netProfitMargin" : -46.15,
    "netProfit" : -25.86
  }, {
    "date" : "2016-06-30",
    "sales" : 58.34,
    "salesGrowthYoY" : 47.58,
    "grossProfitMargin" : 39.82,
    "grossProfit" : 23.23,
    "operatingProfitMargin" : 17.90,
    "operatingProfit" : 10.44,
    "netProfitMargin" : -4.20,
    "netProfit" : -2.45
  }, {
    "date" : "2016-09-30",
    "sales" : 64.07,
    "salesGrowthYoY" : 65.04,
    "grossProfitMargin" : 43.09,
    "grossProfit" : 27.61,
    "operatingProfitMargin" : 24.11,
    "operatingProfit" : 15.45,
    "netProfitMargin" : 7.85,
    "netProfit" : 5.03
  }, {
    "date" : "2016-12-31",
    "sales" : 55.36,
    "salesGrowthYoY" : 47.31,
    "grossProfitMargin" : 36.38,
    "grossProfit" : 20.14,
    "operatingProfitMargin" : 13.11,
    "operatingProfit" : 7.26,
    "netProfitMargin" : -8.65,
    "netProfit" : -4.79
  }, {
    "date" : "2017-03-31",
    "sales" : 66.24,
    "salesGrowthYoY" : 18.20,
    "grossProfitMargin" : 25.09,
    "grossProfit" : 16.62,
    "operatingProfitMargin" : 1.62,
    "operatingProfit" : 1.07,
    "netProfitMargin" : -2.36,
    "netProfit" : -1.56
  }, {
    "date" : "2017-06-30",
    "sales" : 63.32,
    "salesGrowthYoY" : 8.54,
    "grossProfitMargin" : 36.81,
    "grossProfit" : 23.31,
    "operatingProfitMargin" : 9.82,
    "operatingProfit" : 6.22,
    "netProfitMargin" : -6.10,
    "netProfit" : -3.86
  }, {
    "date" : "2017-09-30",
    "sales" : 73.23,
    "salesGrowthYoY" : 14.30,
    "grossProfitMargin" : 41.02,
    "grossProfit" : 30.04,
    "operatingProfitMargin" : 15.21,
    "operatingProfit" : 11.14,
    "netProfitMargin" : 3.61,
    "netProfit" : 2.64
  }, {
    "date" : "2017-12-31",
    "sales" : 78.18,
    "salesGrowthYoY" : 41.22,
    "grossProfitMargin" : 33.37,
    "grossProfit" : 26.09,
    "operatingProfitMargin" : 12.59,
    "operatingProfit" : 9.84,
    "netProfitMargin" : 16.10,
    "netProfit" : 12.59
  }, {
    "date" : "2018-03-31",
    "sales" : 108.06,
    "salesGrowthYoY" : 63.13,
    "grossProfitMargin" : 33.12,
    "grossProfit" : 35.79,
    "operatingProfitMargin" : 17.64,
    "operatingProfit" : 19.06,
    "netProfitMargin" : 10.51,
    "netProfit" : 11.36
  }, {
    "date" : "2018-06-30",
    "sales" : 101.87,
    "salesGrowthYoY" : 60.88,
    "grossProfitMargin" : 36.76,
    "grossProfit" : 37.45,
    "operatingProfitMargin" : 13.66,
    "operatingProfit" : 13.92,
    "netProfitMargin" : 5.26,
    "netProfit" : 5.36
  }, {
    "date" : "2018-09-30",
    "sales" : 109.00,
    "salesGrowthYoY" : 48.85,
    "grossProfitMargin" : 36.82,
    "grossProfit" : 40.13,
    "operatingProfitMargin" : 11.32,
    "operatingProfit" : 12.34,
    "netProfitMargin" : 6.34,
    "netProfit" : 6.91
  }, {
    "date" : "2018-12-31",
    "sales" : 115.65,
    "salesGrowthYoY" : 47.93,
    "grossProfitMargin" : 30.52,
    "grossProfit" : 35.30,
    "operatingProfitMargin" : 13.32,
    "operatingProfit" : 15.40,
    "netProfitMargin" : 10.70,
    "netProfit" : 12.37
  }, {
    "date" : "2019-03-31",
    "sales" : 125.97,
    "salesGrowthYoY" : 16.57,
    "grossProfitMargin" : 39.43,
    "grossProfit" : 49.67,
    "operatingProfitMargin" : 22.81,
    "operatingProfit" : 28.73,
    "netProfitMargin" : 54.96,
    "netProfit" : 69.23
  }, {
    "date" : "2019-06-30",
    "sales" : 104.75,
    "salesGrowthYoY" : 2.83,
    "grossProfitMargin" : 33.66,
    "grossProfit" : 35.26,
    "operatingProfitMargin" : 13.94,
    "operatingProfit" : 14.60,
    "netProfitMargin" : 3.76,
    "netProfit" : 3.94
  }, {
    "date" : "2019-09-30",
    "sales" : 117.64,
    "salesGrowthYoY" : 7.93,
    "grossProfitMargin" : 36.59,
    "grossProfit" : 43.04,
    "operatingProfitMargin" : 16.12,
    "operatingProfit" : 18.96,
    "netProfitMargin" : 3.86,
    "netProfit" : 4.54
  }, {
    "date" : "2019-12-31",
    "sales" : 121.23,
    "salesGrowthYoY" : 4.82,
    "grossProfitMargin" : 36.88,
    "grossProfit" : 44.71,
    "operatingProfitMargin" : 17.23,
    "operatingProfit" : 20.89,
    "netProfitMargin" : 4.38,
    "netProfit" : 5.31
  }, {
    "date" : "2020-03-31",
    "sales" : 145.93,
    "salesGrowthYoY" : 15.85,
    "grossProfitMargin" : 33.02,
    "grossProfit" : 48.19,
    "operatingProfitMargin" : 10.68,
    "operatingProfit" : 15.59,
    "netProfitMargin" : 1.51,
    "netProfit" : 2.20
  }, {
    "date" : "2020-06-30",
    "sales" : 126.17,
    "salesGrowthYoY" : 20.45,
    "grossProfitMargin" : 44.96,
    "grossProfit" : 56.73,
    "operatingProfitMargin" : 25.96,
    "operatingProfit" : 32.75,
    "netProfitMargin" : 11.94,
    "netProfit" : 15.06
  }, {
    "date" : "2020-09-30",
    "sales" : 191.94,
    "salesGrowthYoY" : 63.16,
    "grossProfitMargin" : 37.32,
    "grossProfit" : 71.63,
    "operatingProfitMargin" : 21.53,
    "operatingProfit" : 41.32,
    "netProfitMargin" : 12.13,
    "netProfit" : 23.28
  }, {
    "date" : "2020-12-31",
    "sales" : 200.27,
    "salesGrowthYoY" : 65.20,
    "grossProfitMargin" : 39.86,
    "grossProfit" : 79.83,
    "operatingProfitMargin" : 24.78,
    "operatingProfit" : 49.63,
    "netProfitMargin" : 13.92,
    "netProfit" : 27.88
  }, {
    "date" : "2021-03-31",
    "sales" : 232.25,
    "salesGrowthYoY" : 59.15,
    "grossProfitMargin" : 45.05,
    "grossProfit" : 104.63,
    "operatingProfitMargin" : 25.63,
    "operatingProfit" : 59.53,
    "netProfitMargin" : 12.89,
    "netProfit" : 29.94
  }, {
    "date" : "2021-06-30",
    "sales" : 245.24,
    "salesGrowthYoY" : 94.37,
    "grossProfitMargin" : 46.89,
    "grossProfit" : 114.99,
    "operatingProfitMargin" : 33.80,
    "operatingProfit" : 82.89,
    "netProfitMargin" : 21.12,
    "netProfit" : 51.79
  }, {
    "date" : "2021-09-30",
    "sales" : 302.63,
    "salesGrowthYoY" : 57.67,
    "grossProfitMargin" : 42.49,
    "grossProfit" : 128.59,
    "operatingProfitMargin" : 31.48,
    "operatingProfit" : 95.27,
    "netProfitMargin" : 19.95,
    "netProfit" : 60.37
  }, {
    "date" : "2021-12-31",
    "sales" : 348.11,
    "salesGrowthYoY" : 73.82,
    "grossProfitMargin" : 36.70,
    "grossProfit" : 127.76,
    "operatingProfitMargin" : 22.90,
    "operatingProfit" : 79.72,
    "netProfitMargin" : 14.15,
    "netProfit" : 49.26
  }, {
    "date" : "2022-03-31",
    "sales" : 371.84,
    "salesGrowthYoY" : 60.10,
    "grossProfitMargin" : 40.20,
    "grossProfit" : 149.48,
    "operatingProfitMargin" : 25.03,
    "operatingProfit" : 93.07,
    "netProfitMargin" : 19.08,
    "netProfit" : 70.95
  }, {
    "date" : "2022-06-30",
    "sales" : 270.43,
    "salesGrowthYoY" : 10.27,
    "grossProfitMargin" : 34.44,
    "grossProfit" : 93.14,
    "operatingProfitMargin" : 18.37,
    "operatingProfit" : 49.68,
    "netProfitMargin" : 12.96,
    "netProfit" : 35.05
  }, {
    "date" : "2022-09-30",
    "sales" : 195.67,
    "salesGrowthYoY" : -35.34,
    "grossProfitMargin" : 32.29,
    "grossProfit" : 63.18,
    "operatingProfitMargin" : 12.45,
    "operatingProfit" : 24.36,
    "netProfitMargin" : 7.83,
    "netProfit" : 15.32
  }, {
    "date" : "2022-12-31",
    "sales" : 143.23,
    "salesGrowthYoY" : -58.85,
    "grossProfitMargin" : 31.42,
    "grossProfit" : 45.00,
    "operatingProfitMargin" : 8.37,
    "operatingProfit" : 11.99,
    "netProfitMargin" : 5.15,
    "netProfit" : 7.38
  }, {
    "date" : "2023-03-31",
    "sales" : 180.32,
    "salesGrowthYoY" : -51.51,
    "grossProfitMargin" : 34.98,
    "grossProfit" : 63.08,
    "operatingProfitMargin" : 11.97,
    "operatingProfit" : 21.58,
    "netProfitMargin" : 6.92,
    "netProfit" : 12.48
  }, {
    "date" : "2023-06-30",
    "sales" : 165.69,
    "salesGrowthYoY" : -38.73,
    "grossProfitMargin" : 33.82,
    "grossProfit" : 56.04,
    "operatingProfitMargin" : 10.97,
    "operatingProfit" : 18.18,
    "netProfitMargin" : 5.80,
    "netProfit" : 9.61
  }, {
    "date" : "2023-09-30",
    "sales" : 182.26,
    "salesGrowthYoY" : -6.85,
    "grossProfitMargin" : 34.46,
    "grossProfit" : 62.81,
    "operatingProfitMargin" : 12.49,
    "operatingProfit" : 22.76,
    "netProfitMargin" : 7.75,
    "netProfit" : 14.13
  }, {
    "date" : "2023-12-31",
    "sales" : 206.57,
    "salesGrowthYoY" : 44.22,
    "grossProfitMargin" : 33.03,
    "grossProfit" : 68.23,
    "operatingProfitMargin" : 14.66,
    "operatingProfit" : 30.28,
    "netProfitMargin" : 10.53,
    "netProfit" : 21.75
  }, {
    "date" : "2024-03-31",
    "sales" : 217.00,
    "salesGrowthYoY" : 20.34,
    "grossProfitMargin" : 29.74,
    "grossProfit" : 64.54,
    "operatingProfitMargin" : 9.03,
    "operatingProfit" : 19.60,
    "netProfitMargin" : 4.63,
    "netProfit" : 10.05
  }, {
    "date" : "2024-06-30",
    "sales" : 196.01,
    "salesGrowthYoY" : 18.30,
    "grossProfitMargin" : 32.19,
    "grossProfit" : 63.10,
    "operatingProfitMargin" : 9.36,
    "operatingProfit" : 18.35,
    "netProfitMargin" : 5.97,
    "netProfit" : 11.70
  }, {
    "date" : "2024-09-30",
    "sales" : 238.77,
    "salesGrowthYoY" : 31.01,
    "grossProfitMargin" : 28.91,
    "grossProfit" : 69.03,
    "operatingProfitMargin" : 9.30,
    "operatingProfit" : 22.21,
    "netProfitMargin" : 5.61,
    "netProfit" : 13.39
  }, {
    "date" : "2024-12-31",
    "sales" : 244.25,
    "salesGrowthYoY" : 18.24,
    "grossProfitMargin" : 36.96,
    "grossProfit" : 90.27,
    "operatingProfitMargin" : 14.93,
    "operatingProfit" : 36.47,
    "netProfitMargin" : 9.35,
    "netProfit" : 22.84
  }, {
    "date" : "2025-03-31",
    "sales" : 267.19,
    "salesGrowthYoY" : 23.13,
    "grossProfitMargin" : 31.77,
    "grossProfit" : 84.89,
    "operatingProfitMargin" : 8.84,
    "operatingProfit" : 23.62,
    "netProfitMargin" : 3.32,
    "netProfit" : 8.87
  }, {
    "date" : "2025-06-30",
    "sales" : 236.98,
    "salesGrowthYoY" : 20.90,
    "grossProfitMargin" : 37.84,
    "grossProfit" : 89.67,
    "operatingProfitMargin" : 17.18,
    "operatingProfit" : 40.71,
    "netProfitMargin" : 11.01,
    "netProfit" : 26.09
  }, {
    "date" : "2025-09-30",
    "sales" : 232.35,
    "salesGrowthYoY" : -2.69,
    "grossProfitMargin" : 32.70,
    "grossProfit" : 75.98,
    "operatingProfitMargin" : 11.24,
    "operatingProfit" : 26.12,
    "netProfitMargin" : 3.86,
    "netProfit" : 8.97
  }, {
    "date" : "2025-12-31",
    "sales" : 247.04,
    "salesGrowthYoY" : 1.14,
    "grossProfitMargin" : 43.56,
    "grossProfit" : 107.61,
    "operatingProfitMargin" : 23.05,
    "operatingProfit" : 56.94,
    "netProfitMargin" : 15.50,
    "netProfit" : 38.29
  } ],
  "latestQuarterlyResult" : {
    "date" : "2025-12-31",
    "sales" : 247.04,
    "salesGrowthYoY" : 1.14,
    "grossProfitMargin" : 43.56,
    "grossProfit" : 107.61,
    "operatingProfitMargin" : 23.05,
    "operatingProfit" : 56.94,
    "netProfitMargin" : 15.50,
    "netProfit" : 38.29
  },
  "companyScore" : {
    "priceHigherThanDma50" : 5.00,
    "priceHigherThanDma100" : 0.00,
    "priceHigherThanDma200" : 0.00,
    "dma50HigherThanDma100" : 0.00,
    "dma50HigherThanDma200" : 0.00,
    "dma100HigherThanDma200" : 0.00,
    "pricePercentageAboveDma50" : 4.88,
    "pricePercentageAboveDma100" : 5.23,
    "pricePercentageAboveDma200" : 5.37,
    "weeklyVolumeHigherThanYearlyVolume" : 0.00,
    "salesGrowthPercentile" : 7.85,
    "operatingProfitMarginPercentile" : 16.54,
    "netProfitMarginPercentile" : 8.55,
    "totalTechnicalScore" : 20.48,
    "totalFundamentalScore" : 32.95,
    "totalScore" : 53.43
  }
}