{
  "metadata" : {
    "screenerCompanyId" : "935",
    "companyCode" : "ENGINERSIN",
    "companyName" : "Engineers India",
    "screenerCompanyLink" : "https://www.screener.in/company/ENGINERSIN/consolidated/",
    "screenerTechnicalHistoryLink" : "https://www.screener.in/api/company/935/chart/?q=Price-DMA50-DMA200-Volume&days=365",
    "screenerQuarterlyResultsLink" : "https://www.screener.in/api/company/935/chart/?q=GPM-OPM-NPM-Quarter+Sales&days=10000",
    "attributes" : {
      "companyCode" : "ENGINERSIN",
      "companyName" : "Engineers India",
      "marketCap" : 11179.00,
      "peRatio" : 20.80,
      "description" : "EIL is a CPSU with majority ownership of the GoI operating under the administrative control of MoPNG. EIL provides consultancy and engineering services and undertakes turnkey contracts, which includes complete range of project services right from project conceptualization, planning, design, engineering, procurement, construction and commissioning as per client’s requirement and specifications and providing post-execution services for maintenance and monitoring the operation of plant in various industries. [1]"
    },
    "companyScore" : {
      "priceHigherThanDma50" : 5.00,
      "priceHigherThanDma100" : 0.00,
      "priceHigherThanDma200" : 0.00,
      "dma50HigherThanDma100" : 0.00,
      "dma50HigherThanDma200" : 0.00,
      "dma100HigherThanDma200" : 0.00,
      "pricePercentageAboveDma50" : 4.99,
      "pricePercentageAboveDma100" : 5.03,
      "pricePercentageAboveDma200" : 5.04,
      "weeklyVolumeHigherThanYearlyVolume" : 0.00,
      "salesGrowthPercentile" : 14.43,
      "operatingProfitMarginPercentile" : 6.02,
      "netProfitMarginPercentile" : 3.30,
      "totalTechnicalScore" : 20.06,
      "totalFundamentalScore" : 23.75,
      "totalScore" : 43.81
    }
  },
  "attributes" : {
    "companyCode" : "ENGINERSIN",
    "companyName" : "Engineers India",
    "marketCap" : 11179.00,
    "peRatio" : 20.80,
    "description" : "EIL is a CPSU with majority ownership of the GoI operating under the administrative control of MoPNG. EIL provides consultancy and engineering services and undertakes turnkey contracts, which includes complete range of project services right from project conceptualization, planning, design, engineering, procurement, construction and commissioning as per client’s requirement and specifications and providing post-execution services for maintenance and monitoring the operation of plant in various industries. [1]"
  },
  "technicalHistory" : [ {
    "date" : "2024-12-23",
    "price" : 183.72,
    "dma50" : 197.19,
    "dma100" : null,
    "dma200" : 206.21,
    "volume" : 2078872.00
  }, {
    "date" : "2024-12-24",
    "price" : 186.12,
    "dma50" : 196.76,
    "dma100" : null,
    "dma200" : 206.01,
    "volume" : 1503262.00
  }, {
    "date" : "2024-12-26",
    "price" : 186.11,
    "dma50" : 196.34,
    "dma100" : null,
    "dma200" : 205.81,
    "volume" : 1174261.00
  }, {
    "date" : "2024-12-27",
    "price" : 188.46,
    "dma50" : 196.03,
    "dma100" : null,
    "dma200" : 205.64,
    "volume" : 1851379.00
  }, {
    "date" : "2024-12-30",
    "price" : 177.51,
    "dma50" : 195.30,
    "dma100" : null,
    "dma200" : 205.36,
    "volume" : 3745074.00
  }, {
    "date" : "2024-12-31",
    "price" : 182.01,
    "dma50" : 194.78,
    "dma100" : null,
    "dma200" : 205.13,
    "volume" : 2122722.00
  }, {
    "date" : "2025-01-01",
    "price" : 184.29,
    "dma50" : 194.37,
    "dma100" : null,
    "dma200" : 204.92,
    "volume" : 1249855.00
  }, {
    "date" : "2025-01-02",
    "price" : 182.72,
    "dma50" : 193.91,
    "dma100" : null,
    "dma200" : 204.70,
    "volume" : 2172741.00
  }, {
    "date" : "2025-01-03",
    "price" : 187.65,
    "dma50" : 193.67,
    "dma100" : null,
    "dma200" : 204.53,
    "volume" : 4530141.00
  }, {
    "date" : "2025-01-06",
    "price" : 181.43,
    "dma50" : 193.19,
    "dma100" : null,
    "dma200" : 204.30,
    "volume" : 2701261.00
  }, {
    "date" : "2025-01-07",
    "price" : 181.69,
    "dma50" : 192.74,
    "dma100" : null,
    "dma200" : 204.08,
    "volume" : 1348766.00
  }, {
    "date" : "2025-01-08",
    "price" : 181.86,
    "dma50" : 192.31,
    "dma100" : null,
    "dma200" : 203.85,
    "volume" : 1637540.00
  }, {
    "date" : "2025-01-09",
    "price" : 176.78,
    "dma50" : 191.70,
    "dma100" : null,
    "dma200" : 203.59,
    "volume" : 1521652.00
  }, {
    "date" : "2025-01-10",
    "price" : 173.08,
    "dma50" : 190.97,
    "dma100" : null,
    "dma200" : 203.28,
    "volume" : 2490409.00
  }, {
    "date" : "2025-01-13",
    "price" : 162.18,
    "dma50" : 189.84,
    "dma100" : null,
    "dma200" : 202.87,
    "volume" : 2847764.00
  }, {
    "date" : "2025-01-14",
    "price" : 168.14,
    "dma50" : 188.99,
    "dma100" : null,
    "dma200" : 202.53,
    "volume" : 2494790.00
  }, {
    "date" : "2025-01-15",
    "price" : 176.82,
    "dma50" : 188.51,
    "dma100" : null,
    "dma200" : 202.27,
    "volume" : 4407074.00
  }, {
    "date" : "2025-01-16",
    "price" : 176.38,
    "dma50" : 188.04,
    "dma100" : null,
    "dma200" : 202.01,
    "volume" : 2145939.00
  }, {
    "date" : "2025-01-17",
    "price" : 179.27,
    "dma50" : 187.69,
    "dma100" : null,
    "dma200" : 201.79,
    "volume" : 3246445.00
  }, {
    "date" : "2025-01-20",
    "price" : 181.14,
    "dma50" : 187.44,
    "dma100" : null,
    "dma200" : 201.58,
    "volume" : 1613499.00
  }, {
    "date" : "2025-01-21",
    "price" : 176.49,
    "dma50" : 187.01,
    "dma100" : null,
    "dma200" : 201.33,
    "volume" : 1504041.00
  }, {
    "date" : "2025-01-22",
    "price" : 173.23,
    "dma50" : 186.47,
    "dma100" : null,
    "dma200" : 201.05,
    "volume" : 1740846.00
  }, {
    "date" : "2025-01-23",
    "price" : 172.31,
    "dma50" : 185.91,
    "dma100" : null,
    "dma200" : 200.77,
    "volume" : 1055091.00
  }, {
    "date" : "2025-01-24",
    "price" : 167.22,
    "dma50" : 185.18,
    "dma100" : null,
    "dma200" : 200.43,
    "volume" : 1687422.00
  }, {
    "date" : "2025-01-27",
    "price" : 160.64,
    "dma50" : 184.22,
    "dma100" : null,
    "dma200" : 200.04,
    "volume" : 2060410.00
  }, {
    "date" : "2025-01-28",
    "price" : 157.81,
    "dma50" : 183.18,
    "dma100" : null,
    "dma200" : 199.62,
    "volume" : 2696117.00
  }, {
    "date" : "2025-01-29",
    "price" : 163.08,
    "dma50" : 182.39,
    "dma100" : null,
    "dma200" : 199.25,
    "volume" : 2345689.00
  }, {
    "date" : "2025-01-30",
    "price" : 166.85,
    "dma50" : 181.78,
    "dma100" : null,
    "dma200" : 198.93,
    "volume" : 2387521.00
  }, {
    "date" : "2025-01-31",
    "price" : 171.05,
    "dma50" : 181.36,
    "dma100" : null,
    "dma200" : 198.65,
    "volume" : 4160505.00
  }, {
    "date" : "2025-02-01",
    "price" : 168.47,
    "dma50" : 180.86,
    "dma100" : null,
    "dma200" : 198.35,
    "volume" : 4079230.00
  }, {
    "date" : "2025-02-03",
    "price" : 162.86,
    "dma50" : 180.15,
    "dma100" : null,
    "dma200" : 198.00,
    "volume" : 3693389.00
  }, {
    "date" : "2025-02-04",
    "price" : 166.92,
    "dma50" : 179.63,
    "dma100" : null,
    "dma200" : 197.69,
    "volume" : 2037588.00
  }, {
    "date" : "2025-02-05",
    "price" : 168.87,
    "dma50" : 179.21,
    "dma100" : null,
    "dma200" : 197.40,
    "volume" : 1470581.00
  }, {
    "date" : "2025-02-06",
    "price" : 167.89,
    "dma50" : 178.77,
    "dma100" : null,
    "dma200" : 197.11,
    "volume" : 1109547.00
  }, {
    "date" : "2025-02-07",
    "price" : 164.38,
    "dma50" : 178.20,
    "dma100" : null,
    "dma200" : 196.78,
    "volume" : 1362334.00
  }, {
    "date" : "2025-02-10",
    "price" : 169.51,
    "dma50" : 177.86,
    "dma100" : null,
    "dma200" : 196.51,
    "volume" : 8787871.00
  }, {
    "date" : "2025-02-11",
    "price" : 161.00,
    "dma50" : 177.20,
    "dma100" : null,
    "dma200" : 196.16,
    "volume" : 2643412.00
  }, {
    "date" : "2025-02-12",
    "price" : 168.87,
    "dma50" : 176.87,
    "dma100" : null,
    "dma200" : 195.89,
    "volume" : 8040132.00
  }, {
    "date" : "2025-02-13",
    "price" : 165.01,
    "dma50" : 176.41,
    "dma100" : null,
    "dma200" : 195.58,
    "volume" : 4455705.00
  }, {
    "date" : "2025-02-14",
    "price" : 160.48,
    "dma50" : 175.78,
    "dma100" : null,
    "dma200" : 195.23,
    "volume" : 2477534.00
  }, {
    "date" : "2025-02-17",
    "price" : 156.37,
    "dma50" : 175.02,
    "dma100" : null,
    "dma200" : 194.84,
    "volume" : 3541755.00
  }, {
    "date" : "2025-02-18",
    "price" : 157.65,
    "dma50" : 174.34,
    "dma100" : null,
    "dma200" : 194.47,
    "volume" : 2452321.00
  }, {
    "date" : "2025-02-19",
    "price" : 168.29,
    "dma50" : 174.10,
    "dma100" : null,
    "dma200" : 194.21,
    "volume" : 5153689.00
  }, {
    "date" : "2025-02-20",
    "price" : 175.03,
    "dma50" : 174.14,
    "dma100" : null,
    "dma200" : 194.02,
    "volume" : 4526022.00
  }, {
    "date" : "2025-02-21",
    "price" : 169.36,
    "dma50" : 173.95,
    "dma100" : null,
    "dma200" : 193.78,
    "volume" : 3028307.00
  }, {
    "date" : "2025-02-24",
    "price" : 164.79,
    "dma50" : 173.59,
    "dma100" : null,
    "dma200" : 193.49,
    "volume" : 1690553.00
  }, {
    "date" : "2025-02-25",
    "price" : 165.76,
    "dma50" : 173.29,
    "dma100" : null,
    "dma200" : 193.21,
    "volume" : 3455563.00
  }, {
    "date" : "2025-02-27",
    "price" : 161.69,
    "dma50" : 172.83,
    "dma100" : null,
    "dma200" : 192.90,
    "volume" : 1807813.00
  }, {
    "date" : "2025-02-28",
    "price" : 150.18,
    "dma50" : 171.94,
    "dma100" : null,
    "dma200" : 192.47,
    "volume" : 3896272.00
  }, {
    "date" : "2025-03-03",
    "price" : 146.85,
    "dma50" : 170.96,
    "dma100" : null,
    "dma200" : 192.02,
    "volume" : 4498999.00
  }, {
    "date" : "2025-03-04",
    "price" : 147.95,
    "dma50" : 170.06,
    "dma100" : null,
    "dma200" : 191.58,
    "volume" : 3726397.00
  }, {
    "date" : "2025-03-05",
    "price" : 158.59,
    "dma50" : 169.61,
    "dma100" : null,
    "dma200" : 191.25,
    "volume" : 6929808.00
  }, {
    "date" : "2025-03-06",
    "price" : 158.62,
    "dma50" : 169.18,
    "dma100" : null,
    "dma200" : 190.93,
    "volume" : 2749720.00
  }, {
    "date" : "2025-03-07",
    "price" : 161.37,
    "dma50" : 168.87,
    "dma100" : null,
    "dma200" : 190.64,
    "volume" : 4346155.00
  }, {
    "date" : "2025-03-10",
    "price" : 156.60,
    "dma50" : 168.39,
    "dma100" : null,
    "dma200" : 190.30,
    "volume" : 3522234.00
  }, {
    "date" : "2025-03-11",
    "price" : 161.01,
    "dma50" : 168.10,
    "dma100" : null,
    "dma200" : 190.01,
    "volume" : 5066285.00
  }, {
    "date" : "2025-03-12",
    "price" : 156.09,
    "dma50" : 167.63,
    "dma100" : null,
    "dma200" : 189.67,
    "volume" : 2271188.00
  }, {
    "date" : "2025-03-13",
    "price" : 161.48,
    "dma50" : 167.39,
    "dma100" : null,
    "dma200" : 189.39,
    "volume" : 11442762.00
  }, {
    "date" : "2025-03-17",
    "price" : 159.02,
    "dma50" : 167.06,
    "dma100" : null,
    "dma200" : 189.09,
    "volume" : 2383515.00
  }, {
    "date" : "2025-03-18",
    "price" : 159.86,
    "dma50" : 166.78,
    "dma100" : null,
    "dma200" : 188.79,
    "volume" : 3425489.00
  }, {
    "date" : "2025-03-19",
    "price" : 164.50,
    "dma50" : 166.69,
    "dma100" : null,
    "dma200" : 188.55,
    "volume" : 4565112.00
  }, {
    "date" : "2025-03-20",
    "price" : 161.83,
    "dma50" : 166.50,
    "dma100" : null,
    "dma200" : 188.29,
    "volume" : 3847670.00
  }, {
    "date" : "2025-03-21",
    "price" : 163.81,
    "dma50" : 166.39,
    "dma100" : null,
    "dma200" : 188.04,
    "volume" : 5847476.00
  }, {
    "date" : "2025-03-24",
    "price" : 166.39,
    "dma50" : 166.39,
    "dma100" : null,
    "dma200" : 187.83,
    "volume" : 8400056.00
  }, {
    "date" : "2025-03-25",
    "price" : 163.28,
    "dma50" : 166.27,
    "dma100" : null,
    "dma200" : 187.58,
    "volume" : 8916128.00
  }, {
    "date" : "2025-03-26",
    "price" : 156.35,
    "dma50" : 165.88,
    "dma100" : null,
    "dma200" : 187.27,
    "volume" : 6795042.00
  }, {
    "date" : "2025-03-27",
    "price" : 157.83,
    "dma50" : 165.56,
    "dma100" : null,
    "dma200" : 186.98,
    "volume" : 5639717.00
  }, {
    "date" : "2025-03-28",
    "price" : 160.58,
    "dma50" : 165.37,
    "dma100" : null,
    "dma200" : 186.72,
    "volume" : 8014239.00
  }, {
    "date" : "2025-04-01",
    "price" : 162.37,
    "dma50" : 165.25,
    "dma100" : null,
    "dma200" : 186.47,
    "volume" : 2946175.00
  }, {
    "date" : "2025-04-02",
    "price" : 162.43,
    "dma50" : 165.14,
    "dma100" : null,
    "dma200" : 186.24,
    "volume" : 1846587.00
  }, {
    "date" : "2025-04-03",
    "price" : 166.68,
    "dma50" : 165.20,
    "dma100" : null,
    "dma200" : 186.04,
    "volume" : 3422267.00
  }, {
    "date" : "2025-04-04",
    "price" : 162.70,
    "dma50" : 165.10,
    "dma100" : null,
    "dma200" : 185.81,
    "volume" : 4127661.00
  }, {
    "date" : "2025-04-07",
    "price" : 157.01,
    "dma50" : 164.79,
    "dma100" : null,
    "dma200" : 185.52,
    "volume" : 4343788.00
  }, {
    "date" : "2025-04-08",
    "price" : 164.05,
    "dma50" : 164.76,
    "dma100" : null,
    "dma200" : 185.31,
    "volume" : 2654073.00
  }, {
    "date" : "2025-04-09",
    "price" : 158.88,
    "dma50" : 164.53,
    "dma100" : null,
    "dma200" : 185.05,
    "volume" : 2707976.00
  }, {
    "date" : "2025-04-11",
    "price" : 159.93,
    "dma50" : 164.35,
    "dma100" : null,
    "dma200" : 184.80,
    "volume" : 1902087.00
  }, {
    "date" : "2025-04-15",
    "price" : 169.30,
    "dma50" : 164.54,
    "dma100" : null,
    "dma200" : 184.64,
    "volume" : 3978209.00
  }, {
    "date" : "2025-04-16",
    "price" : 183.72,
    "dma50" : 165.29,
    "dma100" : null,
    "dma200" : 184.63,
    "volume" : 18887473.00
  }, {
    "date" : "2025-04-17",
    "price" : 181.22,
    "dma50" : 165.92,
    "dma100" : null,
    "dma200" : 184.60,
    "volume" : 6127034.00
  }, {
    "date" : "2025-04-21",
    "price" : 179.19,
    "dma50" : 166.44,
    "dma100" : null,
    "dma200" : 184.54,
    "volume" : 3552577.00
  }, {
    "date" : "2025-04-22",
    "price" : 184.13,
    "dma50" : 167.13,
    "dma100" : null,
    "dma200" : 184.54,
    "volume" : 6896411.00
  }, {
    "date" : "2025-04-23",
    "price" : 185.25,
    "dma50" : 167.84,
    "dma100" : null,
    "dma200" : 184.55,
    "volume" : 6216675.00
  }, {
    "date" : "2025-04-24",
    "price" : 182.89,
    "dma50" : 168.43,
    "dma100" : null,
    "dma200" : 184.53,
    "volume" : 3292302.00
  }, {
    "date" : "2025-04-25",
    "price" : 179.37,
    "dma50" : 168.86,
    "dma100" : null,
    "dma200" : 184.48,
    "volume" : 3885333.00
  }, {
    "date" : "2025-04-28",
    "price" : 177.90,
    "dma50" : 169.22,
    "dma100" : null,
    "dma200" : 184.41,
    "volume" : 2233080.00
  }, {
    "date" : "2025-04-29",
    "price" : 184.79,
    "dma50" : 169.83,
    "dma100" : null,
    "dma200" : 184.42,
    "volume" : 4799488.00
  }, {
    "date" : "2025-04-30",
    "price" : 178.65,
    "dma50" : 170.17,
    "dma100" : null,
    "dma200" : 184.36,
    "volume" : 2811439.00
  }, {
    "date" : "2025-05-02",
    "price" : 176.20,
    "dma50" : 170.41,
    "dma100" : null,
    "dma200" : 184.28,
    "volume" : 2212618.00
  }, {
    "date" : "2025-05-05",
    "price" : 180.82,
    "dma50" : 170.82,
    "dma100" : null,
    "dma200" : 184.24,
    "volume" : 1795851.00
  }, {
    "date" : "2025-05-06",
    "price" : 173.54,
    "dma50" : 170.92,
    "dma100" : null,
    "dma200" : 184.14,
    "volume" : 2419517.00
  }, {
    "date" : "2025-05-07",
    "price" : 175.64,
    "dma50" : 171.11,
    "dma100" : null,
    "dma200" : 184.05,
    "volume" : 2224974.00
  }, {
    "date" : "2025-05-08",
    "price" : 172.07,
    "dma50" : 171.15,
    "dma100" : null,
    "dma200" : 183.93,
    "volume" : 2392339.00
  }, {
    "date" : "2025-05-09",
    "price" : 175.38,
    "dma50" : 171.31,
    "dma100" : null,
    "dma200" : 183.85,
    "volume" : 2546550.00
  }, {
    "date" : "2025-05-12",
    "price" : 184.09,
    "dma50" : 171.81,
    "dma100" : null,
    "dma200" : 183.85,
    "volume" : 4020931.00
  }, {
    "date" : "2025-05-13",
    "price" : 183.96,
    "dma50" : 172.29,
    "dma100" : null,
    "dma200" : 183.85,
    "volume" : 2401421.00
  }, {
    "date" : "2025-05-14",
    "price" : 186.36,
    "dma50" : 172.84,
    "dma100" : null,
    "dma200" : 183.88,
    "volume" : 2858024.00
  }, {
    "date" : "2025-05-15",
    "price" : 189.14,
    "dma50" : 173.48,
    "dma100" : null,
    "dma200" : 183.93,
    "volume" : 4445685.00
  }, {
    "date" : "2025-05-16",
    "price" : 193.53,
    "dma50" : 174.27,
    "dma100" : null,
    "dma200" : 184.03,
    "volume" : 5125406.00
  }, {
    "date" : "2025-05-19",
    "price" : 192.14,
    "dma50" : 174.97,
    "dma100" : null,
    "dma200" : 184.11,
    "volume" : 2522564.00
  }, {
    "date" : "2025-05-20",
    "price" : 194.84,
    "dma50" : 175.75,
    "dma100" : null,
    "dma200" : 184.21,
    "volume" : 4683551.00
  }, {
    "date" : "2025-05-21",
    "price" : 203.77,
    "dma50" : 176.85,
    "dma100" : 171.00,
    "dma200" : 184.41,
    "volume" : 11948766.00
  }, {
    "date" : "2025-05-22",
    "price" : 200.71,
    "dma50" : 177.78,
    "dma100" : 171.14,
    "dma200" : 184.57,
    "volume" : 3197043.00
  }, {
    "date" : "2025-05-23",
    "price" : 199.46,
    "dma50" : 178.63,
    "dma100" : 171.28,
    "dma200" : 184.72,
    "volume" : 1868135.00
  }, {
    "date" : "2025-05-26",
    "price" : 200.08,
    "dma50" : 179.47,
    "dma100" : 171.39,
    "dma200" : 184.87,
    "volume" : 1807544.00
  }, {
    "date" : "2025-05-27",
    "price" : 204.05,
    "dma50" : 180.44,
    "dma100" : 171.66,
    "dma200" : 185.06,
    "volume" : 3075816.00
  }, {
    "date" : "2025-05-28",
    "price" : 211.38,
    "dma50" : 181.65,
    "dma100" : 171.95,
    "dma200" : 185.32,
    "volume" : 8454707.00
  }, {
    "date" : "2025-05-29",
    "price" : 217.36,
    "dma50" : 183.05,
    "dma100" : 172.28,
    "dma200" : 185.64,
    "volume" : 14015598.00
  }, {
    "date" : "2025-05-30",
    "price" : 229.48,
    "dma50" : 184.87,
    "dma100" : 172.75,
    "dma200" : 186.08,
    "volume" : 47507122.00
  }, {
    "date" : "2025-06-02",
    "price" : 230.52,
    "dma50" : 186.66,
    "dma100" : 173.18,
    "dma200" : 186.52,
    "volume" : 8974105.00
  }, {
    "date" : "2025-06-03",
    "price" : 229.66,
    "dma50" : 188.35,
    "dma100" : 173.66,
    "dma200" : 186.95,
    "volume" : 6839630.00
  }, {
    "date" : "2025-06-04",
    "price" : 232.11,
    "dma50" : 190.06,
    "dma100" : 174.16,
    "dma200" : 187.40,
    "volume" : 10017629.00
  }, {
    "date" : "2025-06-05",
    "price" : 231.29,
    "dma50" : 191.68,
    "dma100" : 174.66,
    "dma200" : 187.84,
    "volume" : 9878320.00
  }, {
    "date" : "2025-06-06",
    "price" : 229.71,
    "dma50" : 193.17,
    "dma100" : 175.19,
    "dma200" : 188.25,
    "volume" : 3802339.00
  }, {
    "date" : "2025-06-09",
    "price" : 232.01,
    "dma50" : 194.70,
    "dma100" : 175.78,
    "dma200" : 188.69,
    "volume" : 3905269.00
  }, {
    "date" : "2025-06-10",
    "price" : 242.37,
    "dma50" : 196.56,
    "dma100" : 176.58,
    "dma200" : 189.22,
    "volume" : 22011157.00
  }, {
    "date" : "2025-06-11",
    "price" : 229.82,
    "dma50" : 197.87,
    "dma100" : 177.20,
    "dma200" : 189.63,
    "volume" : 10306738.00
  }, {
    "date" : "2025-06-12",
    "price" : 222.41,
    "dma50" : 198.83,
    "dma100" : 177.65,
    "dma200" : 189.95,
    "volume" : 5892086.00
  }, {
    "date" : "2025-06-13",
    "price" : 223.90,
    "dma50" : 199.81,
    "dma100" : 178.13,
    "dma200" : 190.29,
    "volume" : 5390276.00
  }, {
    "date" : "2025-06-16",
    "price" : 224.05,
    "dma50" : 200.76,
    "dma100" : 178.58,
    "dma200" : 190.63,
    "volume" : 3839312.00
  }, {
    "date" : "2025-06-17",
    "price" : 221.75,
    "dma50" : 201.59,
    "dma100" : 178.98,
    "dma200" : 190.94,
    "volume" : 3710883.00
  }, {
    "date" : "2025-06-18",
    "price" : 223.21,
    "dma50" : 202.44,
    "dma100" : 179.45,
    "dma200" : 191.26,
    "volume" : 4100950.00
  }, {
    "date" : "2025-06-19",
    "price" : 214.89,
    "dma50" : 202.92,
    "dma100" : 179.87,
    "dma200" : 191.49,
    "volume" : 3151717.00
  }, {
    "date" : "2025-06-20",
    "price" : 221.17,
    "dma50" : 203.64,
    "dma100" : 180.35,
    "dma200" : 191.79,
    "volume" : 3627300.00
  }, {
    "date" : "2025-06-23",
    "price" : 228.79,
    "dma50" : 204.63,
    "dma100" : 180.97,
    "dma200" : 192.16,
    "volume" : 9788988.00
  }, {
    "date" : "2025-06-24",
    "price" : 234.32,
    "dma50" : 205.79,
    "dma100" : 181.71,
    "dma200" : 192.58,
    "volume" : 9116656.00
  }, {
    "date" : "2025-06-25",
    "price" : 235.66,
    "dma50" : 206.96,
    "dma100" : 182.48,
    "dma200" : 193.00,
    "volume" : 4122738.00
  }, {
    "date" : "2025-06-26",
    "price" : 233.14,
    "dma50" : 207.99,
    "dma100" : 183.19,
    "dma200" : 193.40,
    "volume" : 2766390.00
  }, {
    "date" : "2025-06-27",
    "price" : 238.03,
    "dma50" : 209.17,
    "dma100" : 183.90,
    "dma200" : 193.85,
    "volume" : 8085508.00
  }, {
    "date" : "2025-06-30",
    "price" : 240.81,
    "dma50" : 210.41,
    "dma100" : 184.59,
    "dma200" : 194.31,
    "volume" : 6851729.00
  }, {
    "date" : "2025-07-01",
    "price" : 238.52,
    "dma50" : 211.51,
    "dma100" : 185.30,
    "dma200" : 194.75,
    "volume" : 2325479.00
  }, {
    "date" : "2025-07-02",
    "price" : 234.46,
    "dma50" : 212.41,
    "dma100" : 186.01,
    "dma200" : 195.15,
    "volume" : 2429634.00
  }, {
    "date" : "2025-07-03",
    "price" : 234.78,
    "dma50" : 213.29,
    "dma100" : 186.69,
    "dma200" : 195.54,
    "volume" : 2733378.00
  }, {
    "date" : "2025-07-04",
    "price" : 243.00,
    "dma50" : 214.45,
    "dma100" : 187.43,
    "dma200" : 196.02,
    "volume" : 13100010.00
  }, {
    "date" : "2025-07-07",
    "price" : 236.54,
    "dma50" : 215.32,
    "dma100" : 188.12,
    "dma200" : 196.42,
    "volume" : 4151214.00
  }, {
    "date" : "2025-07-08",
    "price" : 241.62,
    "dma50" : 216.35,
    "dma100" : 188.89,
    "dma200" : 196.87,
    "volume" : 4265102.00
  }, {
    "date" : "2025-07-09",
    "price" : 246.01,
    "dma50" : 217.51,
    "dma100" : 189.65,
    "dma200" : 197.36,
    "volume" : 12507386.00
  }, {
    "date" : "2025-07-10",
    "price" : 250.14,
    "dma50" : 218.79,
    "dma100" : 190.55,
    "dma200" : 197.88,
    "volume" : 6532540.00
  }, {
    "date" : "2025-07-11",
    "price" : 250.52,
    "dma50" : 220.04,
    "dma100" : 191.36,
    "dma200" : 198.41,
    "volume" : 7699698.00
  }, {
    "date" : "2025-07-14",
    "price" : 249.08,
    "dma50" : 221.18,
    "dma100" : 192.20,
    "dma200" : 198.91,
    "volume" : 3240930.00
  }, {
    "date" : "2025-07-15",
    "price" : 246.97,
    "dma50" : 222.19,
    "dma100" : 193.07,
    "dma200" : 199.39,
    "volume" : 2523116.00
  }, {
    "date" : "2025-07-16",
    "price" : 246.58,
    "dma50" : 223.14,
    "dma100" : 193.97,
    "dma200" : 199.86,
    "volume" : 2099568.00
  }, {
    "date" : "2025-07-17",
    "price" : 240.01,
    "dma50" : 223.81,
    "dma100" : 194.79,
    "dma200" : 200.26,
    "volume" : 2665089.00
  }, {
    "date" : "2025-07-18",
    "price" : 235.23,
    "dma50" : 224.25,
    "dma100" : 195.46,
    "dma200" : 200.61,
    "volume" : 2286570.00
  }, {
    "date" : "2025-07-21",
    "price" : 235.04,
    "dma50" : 224.68,
    "dma100" : 196.06,
    "dma200" : 200.95,
    "volume" : 2186612.00
  }, {
    "date" : "2025-07-22",
    "price" : 242.23,
    "dma50" : 225.36,
    "dma100" : 196.79,
    "dma200" : 201.36,
    "volume" : 3764493.00
  }, {
    "date" : "2025-07-23",
    "price" : 240.60,
    "dma50" : 225.96,
    "dma100" : 197.55,
    "dma200" : 201.75,
    "volume" : 1225291.00
  }, {
    "date" : "2025-07-24",
    "price" : 234.71,
    "dma50" : 226.31,
    "dma100" : 198.24,
    "dma200" : 202.08,
    "volume" : 1988317.00
  }, {
    "date" : "2025-07-25",
    "price" : 229.38,
    "dma50" : 226.43,
    "dma100" : 198.92,
    "dma200" : 202.35,
    "volume" : 2675028.00
  }, {
    "date" : "2025-07-28",
    "price" : 216.48,
    "dma50" : 226.04,
    "dma100" : 199.58,
    "dma200" : 202.49,
    "volume" : 3674281.00
  }, {
    "date" : "2025-07-29",
    "price" : 216.54,
    "dma50" : 225.66,
    "dma100" : 200.28,
    "dma200" : 202.63,
    "volume" : 2768985.00
  }, {
    "date" : "2025-07-30",
    "price" : 215.73,
    "dma50" : 225.27,
    "dma100" : 200.95,
    "dma200" : 202.76,
    "volume" : 1822510.00
  }, {
    "date" : "2025-07-31",
    "price" : 213.79,
    "dma50" : 224.82,
    "dma100" : 201.51,
    "dma200" : 202.87,
    "volume" : 2033289.00
  }, {
    "date" : "2025-08-01",
    "price" : 206.94,
    "dma50" : 224.12,
    "dma100" : 201.99,
    "dma200" : 202.91,
    "volume" : 2255969.00
  }, {
    "date" : "2025-08-04",
    "price" : 211.17,
    "dma50" : 223.61,
    "dma100" : 202.49,
    "dma200" : 202.99,
    "volume" : 1944079.00
  }, {
    "date" : "2025-08-05",
    "price" : 210.15,
    "dma50" : 223.09,
    "dma100" : 203.02,
    "dma200" : 203.06,
    "volume" : 1129941.00
  }, {
    "date" : "2025-08-06",
    "price" : 204.97,
    "dma50" : 222.38,
    "dma100" : 203.46,
    "dma200" : 203.08,
    "volume" : 1412641.00
  }, {
    "date" : "2025-08-07",
    "price" : 203.24,
    "dma50" : 221.63,
    "dma100" : 203.93,
    "dma200" : 203.08,
    "volume" : 2211967.00
  }, {
    "date" : "2025-08-08",
    "price" : 199.28,
    "dma50" : 220.75,
    "dma100" : 204.31,
    "dma200" : 203.05,
    "volume" : 1161144.00
  }, {
    "date" : "2025-08-11",
    "price" : 203.03,
    "dma50" : 220.05,
    "dma100" : 204.75,
    "dma200" : 203.05,
    "volume" : 2425396.00
  }, {
    "date" : "2025-08-12",
    "price" : 202.08,
    "dma50" : 219.35,
    "dma100" : 205.17,
    "dma200" : 203.04,
    "volume" : 1378000.00
  }, {
    "date" : "2025-08-13",
    "price" : 201.24,
    "dma50" : 218.64,
    "dma100" : 205.54,
    "dma200" : 203.02,
    "volume" : 1639074.00
  }, {
    "date" : "2025-08-14",
    "price" : 190.31,
    "dma50" : 217.53,
    "dma100" : 205.83,
    "dma200" : 202.89,
    "volume" : 4075659.00
  }, {
    "date" : "2025-08-18",
    "price" : 191.31,
    "dma50" : 216.50,
    "dma100" : 206.10,
    "dma200" : 202.78,
    "volume" : 1836384.00
  }, {
    "date" : "2025-08-19",
    "price" : 195.98,
    "dma50" : 215.70,
    "dma100" : 206.40,
    "dma200" : 202.71,
    "volume" : 3319271.00
  }, {
    "date" : "2025-08-20",
    "price" : 194.32,
    "dma50" : 214.86,
    "dma100" : 206.71,
    "dma200" : 202.63,
    "volume" : 1926932.00
  }, {
    "date" : "2025-08-21",
    "price" : 195.23,
    "dma50" : 214.09,
    "dma100" : 207.10,
    "dma200" : 202.55,
    "volume" : 2359274.00
  }, {
    "date" : "2025-08-22",
    "price" : 191.51,
    "dma50" : 213.20,
    "dma100" : 207.43,
    "dma200" : 202.44,
    "volume" : 1351337.00
  }, {
    "date" : "2025-08-25",
    "price" : 193.68,
    "dma50" : 212.44,
    "dma100" : 207.76,
    "dma200" : 202.36,
    "volume" : 1884160.00
  }, {
    "date" : "2025-08-26",
    "price" : 195.68,
    "dma50" : 211.78,
    "dma100" : 208.10,
    "dma200" : 202.29,
    "volume" : 3337783.00
  }, {
    "date" : "2025-08-28",
    "price" : 200.27,
    "dma50" : 211.33,
    "dma100" : 208.48,
    "dma200" : 202.27,
    "volume" : 4613353.00
  }, {
    "date" : "2025-08-29",
    "price" : 198.34,
    "dma50" : 210.82,
    "dma100" : 208.79,
    "dma200" : 202.23,
    "volume" : 2546136.00
  }, {
    "date" : "2025-09-01",
    "price" : 201.08,
    "dma50" : 210.44,
    "dma100" : 209.18,
    "dma200" : 202.22,
    "volume" : 3033598.00
  }, {
    "date" : "2025-09-02",
    "price" : 203.43,
    "dma50" : 210.16,
    "dma100" : 209.64,
    "dma200" : 202.23,
    "volume" : 3571248.00
  }, {
    "date" : "2025-09-03",
    "price" : 201.93,
    "dma50" : 209.84,
    "dma100" : 210.02,
    "dma200" : 202.23,
    "volume" : 1995505.00
  }, {
    "date" : "2025-09-04",
    "price" : 199.61,
    "dma50" : 209.44,
    "dma100" : 210.43,
    "dma200" : 202.20,
    "volume" : 1708723.00
  }, {
    "date" : "2025-09-05",
    "price" : 201.20,
    "dma50" : 209.11,
    "dma100" : 210.84,
    "dma200" : 202.19,
    "volume" : 1340194.00
  }, {
    "date" : "2025-09-08",
    "price" : 200.84,
    "dma50" : 208.79,
    "dma100" : 211.16,
    "dma200" : 202.18,
    "volume" : 1093264.00
  }, {
    "date" : "2025-09-09",
    "price" : 205.70,
    "dma50" : 208.67,
    "dma100" : 211.37,
    "dma200" : 202.21,
    "volume" : 14993475.00
  }, {
    "date" : "2025-09-10",
    "price" : 208.97,
    "dma50" : 208.68,
    "dma100" : 211.65,
    "dma200" : 202.28,
    "volume" : 8738686.00
  }, {
    "date" : "2025-09-11",
    "price" : 208.92,
    "dma50" : 208.69,
    "dma100" : 211.95,
    "dma200" : 202.35,
    "volume" : 2141341.00
  }, {
    "date" : "2025-09-12",
    "price" : 208.80,
    "dma50" : 208.69,
    "dma100" : 212.20,
    "dma200" : 202.41,
    "volume" : 1816890.00
  }, {
    "date" : "2025-09-15",
    "price" : 210.88,
    "dma50" : 208.78,
    "dma100" : 212.45,
    "dma200" : 202.50,
    "volume" : 7252088.00
  }, {
    "date" : "2025-09-16",
    "price" : 208.86,
    "dma50" : 208.78,
    "dma100" : 212.71,
    "dma200" : 202.56,
    "volume" : 2363274.00
  }, {
    "date" : "2025-09-17",
    "price" : 210.06,
    "dma50" : 208.83,
    "dma100" : 213.02,
    "dma200" : 202.63,
    "volume" : 2980996.00
  }, {
    "date" : "2025-09-18",
    "price" : 207.45,
    "dma50" : 208.78,
    "dma100" : 213.31,
    "dma200" : 202.68,
    "volume" : 2054373.00
  }, {
    "date" : "2025-09-19",
    "price" : 206.60,
    "dma50" : 208.69,
    "dma100" : 213.53,
    "dma200" : 202.72,
    "volume" : 1721096.00
  }, {
    "date" : "2025-09-22",
    "price" : 207.71,
    "dma50" : 208.66,
    "dma100" : 213.82,
    "dma200" : 202.77,
    "volume" : 2087854.00
  }, {
    "date" : "2025-09-23",
    "price" : 203.70,
    "dma50" : 208.46,
    "dma100" : 214.10,
    "dma200" : 202.78,
    "volume" : 2035977.00
  }, {
    "date" : "2025-09-24",
    "price" : 202.65,
    "dma50" : 208.23,
    "dma100" : 214.32,
    "dma200" : 202.78,
    "volume" : 1799799.00
  }, {
    "date" : "2025-09-25",
    "price" : 198.85,
    "dma50" : 207.87,
    "dma100" : 214.57,
    "dma200" : 202.74,
    "volume" : 2134187.00
  }, {
    "date" : "2025-09-26",
    "price" : 195.86,
    "dma50" : 207.39,
    "dma100" : 214.77,
    "dma200" : 202.67,
    "volume" : 1554228.00
  }, {
    "date" : "2025-09-29",
    "price" : 192.61,
    "dma50" : 206.81,
    "dma100" : 214.98,
    "dma200" : 202.57,
    "volume" : 2116902.00
  }, {
    "date" : "2025-09-30",
    "price" : 193.07,
    "dma50" : 206.28,
    "dma100" : 215.15,
    "dma200" : 202.48,
    "volume" : 2408620.00
  }, {
    "date" : "2025-10-01",
    "price" : 201.66,
    "dma50" : 206.09,
    "dma100" : 215.33,
    "dma200" : 202.47,
    "volume" : 2587420.00
  }, {
    "date" : "2025-10-03",
    "price" : 201.26,
    "dma50" : 205.90,
    "dma100" : 215.50,
    "dma200" : 202.46,
    "volume" : 1540342.00
  }, {
    "date" : "2025-10-06",
    "price" : 198.31,
    "dma50" : 205.61,
    "dma100" : 215.62,
    "dma200" : 202.41,
    "volume" : 1066296.00
  }, {
    "date" : "2025-10-07",
    "price" : 201.62,
    "dma50" : 205.45,
    "dma100" : 215.75,
    "dma200" : 202.41,
    "volume" : 1813388.00
  }, {
    "date" : "2025-10-08",
    "price" : 199.62,
    "dma50" : 205.22,
    "dma100" : 215.81,
    "dma200" : 202.38,
    "volume" : 1249937.00
  }, {
    "date" : "2025-10-09",
    "price" : 202.43,
    "dma50" : 205.11,
    "dma100" : 215.91,
    "dma200" : 202.38,
    "volume" : 2495365.00
  }, {
    "date" : "2025-10-10",
    "price" : 202.89,
    "dma50" : 205.03,
    "dma100" : 215.99,
    "dma200" : 202.38,
    "volume" : 2299204.00
  }, {
    "date" : "2025-10-13",
    "price" : 199.56,
    "dma50" : 204.81,
    "dma100" : 215.95,
    "dma200" : 202.36,
    "volume" : 1056261.00
  }, {
    "date" : "2025-10-14",
    "price" : 196.14,
    "dma50" : 204.47,
    "dma100" : 215.90,
    "dma200" : 202.29,
    "volume" : 1241239.00
  }, {
    "date" : "2025-10-15",
    "price" : 199.80,
    "dma50" : 204.29,
    "dma100" : 215.91,
    "dma200" : 202.27,
    "volume" : 1074727.00
  }, {
    "date" : "2025-10-16",
    "price" : 199.77,
    "dma50" : 204.11,
    "dma100" : 215.90,
    "dma200" : 202.24,
    "volume" : 807970.00
  }, {
    "date" : "2025-10-17",
    "price" : 198.73,
    "dma50" : 203.90,
    "dma100" : 215.85,
    "dma200" : 202.21,
    "volume" : 843599.00
  }, {
    "date" : "2025-10-20",
    "price" : 198.16,
    "dma50" : 203.67,
    "dma100" : 215.72,
    "dma200" : 202.17,
    "volume" : 627335.00
  }, {
    "date" : "2025-10-21",
    "price" : 199.28,
    "dma50" : 203.50,
    "dma100" : 215.54,
    "dma200" : 202.14,
    "volume" : 255903.00
  }, {
    "date" : "2025-10-23",
    "price" : 198.96,
    "dma50" : 203.32,
    "dma100" : 215.23,
    "dma200" : 202.11,
    "volume" : 1212630.00
  }, {
    "date" : "2025-10-24",
    "price" : 200.53,
    "dma50" : 203.21,
    "dma100" : 214.93,
    "dma200" : 202.09,
    "volume" : 1364688.00
  }, {
    "date" : "2025-10-27",
    "price" : 200.89,
    "dma50" : 203.12,
    "dma100" : 214.65,
    "dma200" : 202.08,
    "volume" : 1327232.00
  }, {
    "date" : "2025-10-28",
    "price" : 197.77,
    "dma50" : 202.91,
    "dma100" : 214.30,
    "dma200" : 202.04,
    "volume" : 1335384.00
  }, {
    "date" : "2025-10-29",
    "price" : 201.28,
    "dma50" : 202.85,
    "dma100" : 214.00,
    "dma200" : 202.03,
    "volume" : 1883270.00
  }, {
    "date" : "2025-10-30",
    "price" : 205.02,
    "dma50" : 202.93,
    "dma100" : 213.75,
    "dma200" : 202.06,
    "volume" : 4264547.00
  }, {
    "date" : "2025-10-31",
    "price" : 202.18,
    "dma50" : 202.90,
    "dma100" : 213.46,
    "dma200" : 202.06,
    "volume" : 2465307.00
  }, {
    "date" : "2025-11-03",
    "price" : 201.21,
    "dma50" : 202.84,
    "dma100" : 213.04,
    "dma200" : 202.05,
    "volume" : 1695023.00
  }, {
    "date" : "2025-11-04",
    "price" : 197.50,
    "dma50" : 202.63,
    "dma100" : 212.72,
    "dma200" : 202.01,
    "volume" : 1573460.00
  }, {
    "date" : "2025-11-06",
    "price" : 194.40,
    "dma50" : 202.31,
    "dma100" : 212.44,
    "dma200" : 201.93,
    "volume" : 1102319.00
  }, {
    "date" : "2025-11-07",
    "price" : 196.44,
    "dma50" : 202.08,
    "dma100" : 212.17,
    "dma200" : 201.88,
    "volume" : 1229359.00
  }, {
    "date" : "2025-11-10",
    "price" : 193.80,
    "dma50" : 201.75,
    "dma100" : 211.86,
    "dma200" : 201.80,
    "volume" : 1057970.00
  }, {
    "date" : "2025-11-11",
    "price" : 194.19,
    "dma50" : 201.46,
    "dma100" : 211.59,
    "dma200" : 201.72,
    "volume" : 1086733.00
  }, {
    "date" : "2025-11-12",
    "price" : 193.88,
    "dma50" : 201.16,
    "dma100" : 211.30,
    "dma200" : 201.64,
    "volume" : 1104378.00
  }, {
    "date" : "2025-11-13",
    "price" : 190.48,
    "dma50" : 200.74,
    "dma100" : 211.05,
    "dma200" : 201.53,
    "volume" : 1726093.00
  }, {
    "date" : "2025-11-14",
    "price" : 200.25,
    "dma50" : 200.72,
    "dma100" : 210.84,
    "dma200" : 201.52,
    "volume" : 9127407.00
  }, {
    "date" : "2025-11-17",
    "price" : 204.99,
    "dma50" : 200.89,
    "dma100" : 210.60,
    "dma200" : 201.55,
    "volume" : 12230690.00
  }, {
    "date" : "2025-11-18",
    "price" : 201.12,
    "dma50" : 200.90,
    "dma100" : 210.27,
    "dma200" : 201.55,
    "volume" : 1895764.00
  }, {
    "date" : "2025-11-19",
    "price" : 201.96,
    "dma50" : 200.94,
    "dma100" : 209.94,
    "dma200" : 201.55,
    "volume" : 1793423.00
  }, {
    "date" : "2025-11-20",
    "price" : 198.13,
    "dma50" : 200.83,
    "dma100" : 209.59,
    "dma200" : 201.52,
    "volume" : 1362696.00
  }, {
    "date" : "2025-11-21",
    "price" : 195.77,
    "dma50" : 200.63,
    "dma100" : 209.16,
    "dma200" : 201.46,
    "volume" : 1406121.00
  }, {
    "date" : "2025-11-24",
    "price" : 199.26,
    "dma50" : 200.58,
    "dma100" : 208.75,
    "dma200" : 201.44,
    "volume" : 3137260.00
  }, {
    "date" : "2025-11-25",
    "price" : 195.43,
    "dma50" : 200.37,
    "dma100" : 208.32,
    "dma200" : 201.38,
    "volume" : 1752384.00
  }, {
    "date" : "2025-11-26",
    "price" : 199.34,
    "dma50" : 200.33,
    "dma100" : 207.97,
    "dma200" : 201.36,
    "volume" : 1697939.00
  }, {
    "date" : "2025-11-27",
    "price" : 199.89,
    "dma50" : 200.32,
    "dma100" : 207.62,
    "dma200" : 201.35,
    "volume" : 1581343.00
  }, {
    "date" : "2025-11-28",
    "price" : 196.84,
    "dma50" : 200.18,
    "dma100" : 207.15,
    "dma200" : 201.30,
    "volume" : 920751.00
  }, {
    "date" : "2025-12-01",
    "price" : 196.52,
    "dma50" : 200.04,
    "dma100" : 206.75,
    "dma200" : 201.25,
    "volume" : 995434.00
  }, {
    "date" : "2025-12-02",
    "price" : 197.87,
    "dma50" : 199.95,
    "dma100" : 206.32,
    "dma200" : 201.22,
    "volume" : 1325305.00
  }, {
    "date" : "2025-12-03",
    "price" : 198.40,
    "dma50" : 199.89,
    "dma100" : 205.84,
    "dma200" : 201.19,
    "volume" : 1046667.00
  }, {
    "date" : "2025-12-04",
    "price" : 201.62,
    "dma50" : 199.96,
    "dma100" : 205.36,
    "dma200" : 201.20,
    "volume" : 1897162.00
  }, {
    "date" : "2025-12-05",
    "price" : 202.70,
    "dma50" : 200.07,
    "dma100" : 204.88,
    "dma200" : 201.21,
    "volume" : 2502614.00
  }, {
    "date" : "2025-12-08",
    "price" : 189.84,
    "dma50" : 199.67,
    "dma100" : 204.28,
    "dma200" : 201.10,
    "volume" : 2691361.00
  }, {
    "date" : "2025-12-09",
    "price" : 197.14,
    "dma50" : 199.57,
    "dma100" : 203.79,
    "dma200" : 201.06,
    "volume" : 3370365.00
  }, {
    "date" : "2025-12-10",
    "price" : 192.05,
    "dma50" : 199.27,
    "dma100" : 203.24,
    "dma200" : 200.97,
    "volume" : 1644763.00
  }, {
    "date" : "2025-12-11",
    "price" : 193.65,
    "dma50" : 199.05,
    "dma100" : 202.78,
    "dma200" : 200.90,
    "volume" : 838632.00
  }, {
    "date" : "2025-12-12",
    "price" : 192.77,
    "dma50" : 198.80,
    "dma100" : 202.35,
    "dma200" : 200.82,
    "volume" : 1092600.00
  }, {
    "date" : "2025-12-15",
    "price" : 193.81,
    "dma50" : 198.61,
    "dma100" : 201.94,
    "dma200" : 200.75,
    "volume" : 1476837.00
  }, {
    "date" : "2025-12-16",
    "price" : 194.15,
    "dma50" : 198.43,
    "dma100" : 201.46,
    "dma200" : 200.68,
    "volume" : 1037934.00
  }, {
    "date" : "2025-12-17",
    "price" : 194.30,
    "dma50" : 198.27,
    "dma100" : 201.00,
    "dma200" : 200.62,
    "volume" : 1041750.00
  }, {
    "date" : "2025-12-18",
    "price" : 194.49,
    "dma50" : 198.12,
    "dma100" : 200.59,
    "dma200" : 200.56,
    "volume" : 769316.00
  }, {
    "date" : "2025-12-19",
    "price" : 199.22,
    "dma50" : 198.17,
    "dma100" : 200.29,
    "dma200" : 200.54,
    "volume" : 1608562.00
  }, {
    "date" : "2025-12-22",
    "price" : 198.78,
    "dma50" : 198.19,
    "dma100" : 200.12,
    "dma200" : 200.52,
    "volume" : 1083783.00
  } ],
  "latestTechnicalAttributes" : {
    "date" : "2025-12-22",
    "price" : 198.78,
    "dma50" : 198.19,
    "dma100" : 200.12,
    "dma200" : 200.52,
    "volume" : 1083783.00
  },
  "quarterlyResults" : [ {
    "date" : "2005-03-31",
    "sales" : 343.59,
    "salesGrowthYoY" : null,
    "grossProfitMargin" : 100.00,
    "grossProfit" : 343.59,
    "operatingProfitMargin" : 10.12,
    "operatingProfit" : 34.77,
    "netProfitMargin" : 11.05,
    "netProfit" : 37.97
  }, {
    "date" : "2005-06-30",
    "sales" : 244.50,
    "salesGrowthYoY" : null,
    "grossProfitMargin" : 100.00,
    "grossProfit" : 244.50,
    "operatingProfitMargin" : 23.19,
    "operatingProfit" : 56.70,
    "netProfitMargin" : 19.10,
    "netProfit" : 46.70
  }, {
    "date" : "2005-09-30",
    "sales" : 175.88,
    "salesGrowthYoY" : null,
    "grossProfitMargin" : 100.00,
    "grossProfit" : 175.88,
    "operatingProfitMargin" : 19.47,
    "operatingProfit" : 34.24,
    "netProfitMargin" : 19.54,
    "netProfit" : 34.37
  }, {
    "date" : "2005-12-31",
    "sales" : 186.85,
    "salesGrowthYoY" : null,
    "grossProfitMargin" : 100.00,
    "grossProfit" : 186.85,
    "operatingProfitMargin" : 15.37,
    "operatingProfit" : 28.72,
    "netProfitMargin" : 14.51,
    "netProfit" : 27.11
  }, {
    "date" : "2006-03-31",
    "sales" : 183.25,
    "salesGrowthYoY" : -46.67,
    "grossProfitMargin" : 100.00,
    "grossProfit" : 183.25,
    "operatingProfitMargin" : 23.39,
    "operatingProfit" : 42.86,
    "netProfitMargin" : 22.27,
    "netProfit" : 40.81
  }, {
    "date" : "2006-06-30",
    "sales" : 146.71,
    "salesGrowthYoY" : -40.00,
    "grossProfitMargin" : 100.00,
    "grossProfit" : 146.71,
    "operatingProfitMargin" : 20.94,
    "operatingProfit" : 30.72,
    "netProfitMargin" : 19.60,
    "netProfit" : 28.76
  }, {
    "date" : "2006-09-30",
    "sales" : 130.50,
    "salesGrowthYoY" : -25.80,
    "grossProfitMargin" : 100.00,
    "grossProfit" : 130.50,
    "operatingProfitMargin" : 26.16,
    "operatingProfit" : 34.14,
    "netProfitMargin" : 25.90,
    "netProfit" : 33.80
  }, {
    "date" : "2006-12-31",
    "sales" : 131.17,
    "salesGrowthYoY" : -29.80,
    "grossProfitMargin" : 100.00,
    "grossProfit" : 131.17,
    "operatingProfitMargin" : 28.24,
    "operatingProfit" : 37.04,
    "netProfitMargin" : 31.21,
    "netProfit" : 40.94
  }, {
    "date" : "2007-03-31",
    "sales" : 162.70,
    "salesGrowthYoY" : -11.21,
    "grossProfitMargin" : 100.00,
    "grossProfit" : 162.70,
    "operatingProfitMargin" : 32.37,
    "operatingProfit" : 52.67,
    "netProfitMargin" : 36.58,
    "netProfit" : 59.52
  }, {
    "date" : "2007-06-30",
    "sales" : 150.49,
    "salesGrowthYoY" : 2.58,
    "grossProfitMargin" : 100.00,
    "grossProfit" : 150.49,
    "operatingProfitMargin" : 18.66,
    "operatingProfit" : 28.08,
    "netProfitMargin" : 25.32,
    "netProfit" : 38.10
  }, {
    "date" : "2007-09-30",
    "sales" : 166.99,
    "salesGrowthYoY" : 27.96,
    "grossProfitMargin" : 100.00,
    "grossProfit" : 166.99,
    "operatingProfitMargin" : 28.13,
    "operatingProfit" : 46.97,
    "netProfitMargin" : 29.73,
    "netProfit" : 49.65
  }, {
    "date" : "2007-12-31",
    "sales" : 177.45,
    "salesGrowthYoY" : 35.28,
    "grossProfitMargin" : 100.00,
    "grossProfit" : 177.45,
    "operatingProfitMargin" : 27.46,
    "operatingProfit" : 48.73,
    "netProfitMargin" : 28.35,
    "netProfit" : 50.31
  }, {
    "date" : "2008-03-31",
    "sales" : 242.82,
    "salesGrowthYoY" : 49.24,
    "grossProfitMargin" : 100.00,
    "grossProfit" : 242.82,
    "operatingProfitMargin" : 30.89,
    "operatingProfit" : 75.01,
    "netProfitMargin" : 30.92,
    "netProfit" : 75.08
  }, {
    "date" : "2008-06-30",
    "sales" : 252.44,
    "salesGrowthYoY" : 67.75,
    "grossProfitMargin" : 100.00,
    "grossProfit" : 252.44,
    "operatingProfitMargin" : 17.12,
    "operatingProfit" : 43.22,
    "netProfitMargin" : 20.06,
    "netProfit" : 50.64
  }, {
    "date" : "2008-09-30",
    "sales" : 344.00,
    "salesGrowthYoY" : 106.00,
    "grossProfitMargin" : 100.00,
    "grossProfit" : 344.00,
    "operatingProfitMargin" : 18.54,
    "operatingProfit" : 63.78,
    "netProfitMargin" : 19.24,
    "netProfit" : 66.19
  }, {
    "date" : "2008-12-31",
    "sales" : 528.47,
    "salesGrowthYoY" : 197.81,
    "grossProfitMargin" : 100.00,
    "grossProfit" : 528.47,
    "operatingProfitMargin" : 12.17,
    "operatingProfit" : 64.31,
    "netProfitMargin" : 13.04,
    "netProfit" : 68.91
  }, {
    "date" : "2009-03-31",
    "sales" : 407.56,
    "salesGrowthYoY" : 67.84,
    "grossProfitMargin" : 100.00,
    "grossProfit" : 407.56,
    "operatingProfitMargin" : 34.03,
    "operatingProfit" : 138.69,
    "netProfitMargin" : 38.97,
    "netProfit" : 158.83
  }, {
    "date" : "2009-06-30",
    "sales" : 391.44,
    "salesGrowthYoY" : 55.06,
    "grossProfitMargin" : 100.00,
    "grossProfit" : 391.44,
    "operatingProfitMargin" : 25.79,
    "operatingProfit" : 100.95,
    "netProfitMargin" : 24.07,
    "netProfit" : 94.22
  }, {
    "date" : "2009-09-30",
    "sales" : 468.20,
    "salesGrowthYoY" : 36.10,
    "grossProfitMargin" : 100.00,
    "grossProfit" : 468.20,
    "operatingProfitMargin" : 20.50,
    "operatingProfit" : 95.98,
    "netProfitMargin" : 22.51,
    "netProfit" : 105.39
  }, {
    "date" : "2009-12-31",
    "sales" : 493.83,
    "salesGrowthYoY" : -6.55,
    "grossProfitMargin" : 100.00,
    "grossProfit" : 493.83,
    "operatingProfitMargin" : 25.92,
    "operatingProfit" : 128.00,
    "netProfitMargin" : 22.49,
    "netProfit" : 111.06
  }, {
    "date" : "2010-03-31",
    "sales" : 640.33,
    "salesGrowthYoY" : 57.11,
    "grossProfitMargin" : 100.00,
    "grossProfit" : 640.33,
    "operatingProfitMargin" : 25.93,
    "operatingProfit" : 166.04,
    "netProfitMargin" : 19.51,
    "netProfit" : 124.93
  }, {
    "date" : "2010-06-30",
    "sales" : 606.04,
    "salesGrowthYoY" : 54.82,
    "grossProfitMargin" : 100.00,
    "grossProfit" : 606.04,
    "operatingProfitMargin" : 23.99,
    "operatingProfit" : 145.39,
    "netProfitMargin" : 18.90,
    "netProfit" : 114.54
  }, {
    "date" : "2010-09-30",
    "sales" : 593.61,
    "salesGrowthYoY" : 26.79,
    "grossProfitMargin" : 70.57,
    "grossProfit" : 418.91,
    "operatingProfitMargin" : 24.72,
    "operatingProfit" : 146.74,
    "netProfitMargin" : 20.21,
    "netProfit" : 119.97
  }, {
    "date" : "2010-12-31",
    "sales" : 677.10,
    "salesGrowthYoY" : 37.11,
    "grossProfitMargin" : 74.89,
    "grossProfit" : 507.08,
    "operatingProfitMargin" : 23.25,
    "operatingProfit" : 157.43,
    "netProfitMargin" : 18.08,
    "netProfit" : 122.42
  }, {
    "date" : "2011-03-31",
    "sales" : 946.54,
    "salesGrowthYoY" : 47.82,
    "grossProfitMargin" : 69.08,
    "grossProfit" : 653.87,
    "operatingProfitMargin" : 20.12,
    "operatingProfit" : 190.44,
    "netProfitMargin" : 17.49,
    "netProfit" : 165.55
  }, {
    "date" : "2011-06-30",
    "sales" : 853.60,
    "salesGrowthYoY" : 40.85,
    "grossProfitMargin" : 57.84,
    "grossProfit" : 493.72,
    "operatingProfitMargin" : 21.06,
    "operatingProfit" : 179.77,
    "netProfitMargin" : 17.35,
    "netProfit" : 148.10
  }, {
    "date" : "2011-09-30",
    "sales" : 827.42,
    "salesGrowthYoY" : 39.39,
    "grossProfitMargin" : 62.15,
    "grossProfit" : 514.24,
    "operatingProfitMargin" : 19.67,
    "operatingProfit" : 162.75,
    "netProfitMargin" : 17.72,
    "netProfit" : 146.62
  }, {
    "date" : "2011-12-31",
    "sales" : 792.50,
    "salesGrowthYoY" : 17.04,
    "grossProfitMargin" : 67.50,
    "grossProfit" : 534.94,
    "operatingProfitMargin" : 23.00,
    "operatingProfit" : 182.28,
    "netProfitMargin" : 19.09,
    "netProfit" : 151.29
  }, {
    "date" : "2012-03-31",
    "sales" : 1225.31,
    "salesGrowthYoY" : 29.45,
    "grossProfitMargin" : 52.18,
    "grossProfit" : 639.37,
    "operatingProfitMargin" : 14.56,
    "operatingProfit" : 178.41,
    "netProfitMargin" : 15.53,
    "netProfit" : 190.29
  }, {
    "date" : "2012-06-30",
    "sales" : 719.99,
    "salesGrowthYoY" : -15.65,
    "grossProfitMargin" : 75.82,
    "grossProfit" : 545.90,
    "operatingProfitMargin" : 20.96,
    "operatingProfit" : 150.91,
    "netProfitMargin" : 21.43,
    "netProfit" : 154.29
  }, {
    "date" : "2012-09-30",
    "sales" : 667.73,
    "salesGrowthYoY" : -19.30,
    "grossProfitMargin" : 58.17,
    "grossProfit" : 388.42,
    "operatingProfitMargin" : 25.27,
    "operatingProfit" : 168.74,
    "netProfitMargin" : 24.15,
    "netProfit" : 161.26
  }, {
    "date" : "2012-12-31",
    "sales" : 604.77,
    "salesGrowthYoY" : -23.69,
    "grossProfitMargin" : 68.18,
    "grossProfit" : 412.33,
    "operatingProfitMargin" : 21.68,
    "operatingProfit" : 131.11,
    "netProfitMargin" : 21.88,
    "netProfit" : 132.32
  }, {
    "date" : "2013-03-31",
    "sales" : 513.47,
    "salesGrowthYoY" : -58.09,
    "grossProfitMargin" : 83.82,
    "grossProfit" : 430.39,
    "operatingProfitMargin" : 26.22,
    "operatingProfit" : 134.63,
    "netProfitMargin" : 35.19,
    "netProfit" : 180.69
  }, {
    "date" : "2013-06-30",
    "sales" : 443.19,
    "salesGrowthYoY" : -38.44,
    "grossProfitMargin" : 72.82,
    "grossProfit" : 322.73,
    "operatingProfitMargin" : 26.28,
    "operatingProfit" : 116.47,
    "netProfitMargin" : 29.19,
    "netProfit" : 129.37
  }, {
    "date" : "2013-09-30",
    "sales" : 465.18,
    "salesGrowthYoY" : -30.33,
    "grossProfitMargin" : 61.46,
    "grossProfit" : 285.90,
    "operatingProfitMargin" : 19.03,
    "operatingProfit" : 88.52,
    "netProfitMargin" : 24.05,
    "netProfit" : 111.88
  }, {
    "date" : "2013-12-31",
    "sales" : 420.40,
    "salesGrowthYoY" : -30.49,
    "grossProfitMargin" : 93.76,
    "grossProfit" : 394.17,
    "operatingProfitMargin" : 23.53,
    "operatingProfit" : 98.92,
    "netProfitMargin" : 32.11,
    "netProfit" : 134.99
  }, {
    "date" : "2014-03-31",
    "sales" : 494.83,
    "salesGrowthYoY" : -3.63,
    "grossProfitMargin" : 57.80,
    "grossProfit" : 286.01,
    "operatingProfitMargin" : 14.70,
    "operatingProfit" : 72.74,
    "netProfitMargin" : 20.93,
    "netProfit" : 103.57
  }, {
    "date" : "2014-06-30",
    "sales" : 435.49,
    "salesGrowthYoY" : -1.74,
    "grossProfitMargin" : 65.80,
    "grossProfit" : 286.55,
    "operatingProfitMargin" : 12.55,
    "operatingProfit" : 54.65,
    "netProfitMargin" : 18.46,
    "netProfit" : 80.39
  }, {
    "date" : "2014-09-30",
    "sales" : 390.64,
    "salesGrowthYoY" : -16.02,
    "grossProfitMargin" : 60.79,
    "grossProfit" : 237.47,
    "operatingProfitMargin" : 5.00,
    "operatingProfit" : 19.53,
    "netProfitMargin" : 15.05,
    "netProfit" : 58.79
  }, {
    "date" : "2014-12-31",
    "sales" : 398.33,
    "salesGrowthYoY" : -5.25,
    "grossProfitMargin" : 59.28,
    "grossProfit" : 236.13,
    "operatingProfitMargin" : 11.53,
    "operatingProfit" : 45.93,
    "netProfitMargin" : 15.04,
    "netProfit" : 59.91
  }, {
    "date" : "2015-03-31",
    "sales" : 488.54,
    "salesGrowthYoY" : -1.27,
    "grossProfitMargin" : 75.60,
    "grossProfit" : 369.34,
    "operatingProfitMargin" : 19.28,
    "operatingProfit" : 94.19,
    "netProfitMargin" : 22.28,
    "netProfit" : 108.85
  }, {
    "date" : "2015-06-30",
    "sales" : 391.39,
    "salesGrowthYoY" : -10.13,
    "grossProfitMargin" : 56.87,
    "grossProfit" : 222.58,
    "operatingProfitMargin" : 8.82,
    "operatingProfit" : 34.52,
    "netProfitMargin" : 13.67,
    "netProfit" : 53.50
  }, {
    "date" : "2015-09-30",
    "sales" : 449.44,
    "salesGrowthYoY" : 15.05,
    "grossProfitMargin" : 50.56,
    "grossProfit" : 227.24,
    "operatingProfitMargin" : 14.44,
    "operatingProfit" : 64.90,
    "netProfitMargin" : 17.18,
    "netProfit" : 77.21
  }, {
    "date" : "2015-12-31",
    "sales" : 368.37,
    "salesGrowthYoY" : -7.52,
    "grossProfitMargin" : 63.24,
    "grossProfit" : 232.96,
    "operatingProfitMargin" : 13.07,
    "operatingProfit" : 48.15,
    "netProfitMargin" : 18.37,
    "netProfit" : 67.67
  }, {
    "date" : "2016-03-31",
    "sales" : 301.82,
    "salesGrowthYoY" : -38.22,
    "grossProfitMargin" : 92.21,
    "grossProfit" : 278.31,
    "operatingProfitMargin" : 16.45,
    "operatingProfit" : 49.65,
    "netProfitMargin" : 25.78,
    "netProfit" : 77.81
  }, {
    "date" : "2016-06-30",
    "sales" : 341.82,
    "salesGrowthYoY" : -12.67,
    "grossProfitMargin" : 96.28,
    "grossProfit" : 329.10,
    "operatingProfitMargin" : 21.45,
    "operatingProfit" : 73.32,
    "netProfitMargin" : 23.49,
    "netProfit" : 80.29
  }, {
    "date" : "2016-09-30",
    "sales" : 338.89,
    "salesGrowthYoY" : -24.60,
    "grossProfitMargin" : 94.58,
    "grossProfit" : 320.52,
    "operatingProfitMargin" : 27.65,
    "operatingProfit" : 93.70,
    "netProfitMargin" : 27.66,
    "netProfit" : 93.74
  }, {
    "date" : "2016-12-31",
    "sales" : 325.01,
    "salesGrowthYoY" : -11.77,
    "grossProfitMargin" : 96.28,
    "grossProfit" : 312.92,
    "operatingProfitMargin" : 24.89,
    "operatingProfit" : 80.89,
    "netProfitMargin" : 26.15,
    "netProfit" : 84.99
  }, {
    "date" : "2017-03-31",
    "sales" : 442.93,
    "salesGrowthYoY" : 46.75,
    "grossProfitMargin" : 95.45,
    "grossProfit" : 422.78,
    "operatingProfitMargin" : 12.25,
    "operatingProfit" : 54.26,
    "netProfitMargin" : 14.90,
    "netProfit" : 66.00
  }, {
    "date" : "2017-06-30",
    "sales" : 375.36,
    "salesGrowthYoY" : 9.81,
    "grossProfitMargin" : 96.42,
    "grossProfit" : 361.92,
    "operatingProfitMargin" : 21.78,
    "operatingProfit" : 81.75,
    "netProfitMargin" : 21.68,
    "netProfit" : 81.38
  }, {
    "date" : "2017-09-30",
    "sales" : 429.09,
    "salesGrowthYoY" : 26.62,
    "grossProfitMargin" : 97.43,
    "grossProfit" : 418.06,
    "operatingProfitMargin" : 32.38,
    "operatingProfit" : 138.94,
    "netProfitMargin" : 27.77,
    "netProfit" : 119.16
  }, {
    "date" : "2017-12-31",
    "sales" : 473.42,
    "salesGrowthYoY" : 45.66,
    "grossProfitMargin" : 94.75,
    "grossProfit" : 448.57,
    "operatingProfitMargin" : 28.48,
    "operatingProfit" : 134.83,
    "netProfitMargin" : 22.90,
    "netProfit" : 108.41
  }, {
    "date" : "2018-03-31",
    "sales" : 509.71,
    "salesGrowthYoY" : 15.08,
    "grossProfitMargin" : 90.10,
    "grossProfit" : 459.25,
    "operatingProfitMargin" : 11.28,
    "operatingProfit" : 57.50,
    "netProfitMargin" : 13.52,
    "netProfit" : 68.91
  }, {
    "date" : "2018-06-30",
    "sales" : 573.32,
    "salesGrowthYoY" : 52.74,
    "grossProfitMargin" : 72.34,
    "grossProfit" : 414.74,
    "operatingProfitMargin" : 15.06,
    "operatingProfit" : 86.34,
    "netProfitMargin" : 15.11,
    "netProfit" : 86.63
  }, {
    "date" : "2018-09-30",
    "sales" : 681.41,
    "salesGrowthYoY" : 58.80,
    "grossProfitMargin" : 70.44,
    "grossProfit" : 479.99,
    "operatingProfitMargin" : 13.43,
    "operatingProfit" : 91.51,
    "netProfitMargin" : 14.35,
    "netProfit" : 97.78
  }, {
    "date" : "2018-12-31",
    "sales" : 577.00,
    "salesGrowthYoY" : 21.88,
    "grossProfitMargin" : 77.79,
    "grossProfit" : 448.85,
    "operatingProfitMargin" : 16.44,
    "operatingProfit" : 94.86,
    "netProfitMargin" : 15.73,
    "netProfit" : 90.76
  }, {
    "date" : "2019-03-31",
    "sales" : 612.61,
    "salesGrowthYoY" : 20.19,
    "grossProfitMargin" : 79.85,
    "grossProfit" : 489.17,
    "operatingProfitMargin" : 15.23,
    "operatingProfit" : 93.30,
    "netProfitMargin" : 15.49,
    "netProfit" : 94.89
  }, {
    "date" : "2019-06-30",
    "sales" : 734.90,
    "salesGrowthYoY" : 28.18,
    "grossProfitMargin" : 83.42,
    "grossProfit" : 613.05,
    "operatingProfitMargin" : 18.98,
    "operatingProfit" : 139.48,
    "netProfitMargin" : 16.89,
    "netProfit" : 124.12
  }, {
    "date" : "2019-09-30",
    "sales" : 723.73,
    "salesGrowthYoY" : 6.21,
    "grossProfitMargin" : 84.12,
    "grossProfit" : 608.80,
    "operatingProfitMargin" : 14.78,
    "operatingProfit" : 106.97,
    "netProfitMargin" : 9.36,
    "netProfit" : 67.74
  }, {
    "date" : "2019-12-31",
    "sales" : 890.61,
    "salesGrowthYoY" : 54.35,
    "grossProfitMargin" : 84.42,
    "grossProfit" : 751.85,
    "operatingProfitMargin" : 9.61,
    "operatingProfit" : 85.59,
    "netProfitMargin" : 12.20,
    "netProfit" : 108.65
  }, {
    "date" : "2020-03-31",
    "sales" : 853.81,
    "salesGrowthYoY" : 39.37,
    "grossProfitMargin" : 89.17,
    "grossProfit" : 761.34,
    "operatingProfitMargin" : 13.01,
    "operatingProfit" : 111.08,
    "netProfitMargin" : 15.19,
    "netProfit" : 129.69
  }, {
    "date" : "2020-06-30",
    "sales" : 467.84,
    "salesGrowthYoY" : -36.34,
    "grossProfitMargin" : 90.82,
    "grossProfit" : 424.89,
    "operatingProfitMargin" : 4.58,
    "operatingProfit" : 21.43,
    "netProfitMargin" : 10.28,
    "netProfit" : 48.09
  }, {
    "date" : "2020-09-30",
    "sales" : 683.41,
    "salesGrowthYoY" : -5.57,
    "grossProfitMargin" : 89.55,
    "grossProfit" : 611.99,
    "operatingProfitMargin" : 11.30,
    "operatingProfit" : 77.23,
    "netProfitMargin" : 13.56,
    "netProfit" : 92.67
  }, {
    "date" : "2020-12-31",
    "sales" : 836.73,
    "salesGrowthYoY" : -6.05,
    "grossProfitMargin" : 87.03,
    "grossProfit" : 728.21,
    "operatingProfitMargin" : 8.97,
    "operatingProfit" : 75.05,
    "netProfitMargin" : 10.54,
    "netProfit" : 88.19
  }, {
    "date" : "2021-03-31",
    "sales" : 1116.71,
    "salesGrowthYoY" : 30.79,
    "grossProfitMargin" : 73.55,
    "grossProfit" : 821.34,
    "operatingProfitMargin" : 14.69,
    "operatingProfit" : 164.04,
    "netProfitMargin" : -0.14,
    "netProfit" : -1.56
  }, {
    "date" : "2021-06-30",
    "sales" : 734.89,
    "salesGrowthYoY" : 57.08,
    "grossProfitMargin" : 81.20,
    "grossProfit" : 596.73,
    "operatingProfitMargin" : 14.20,
    "operatingProfit" : 104.35,
    "netProfitMargin" : 12.33,
    "netProfit" : 90.61
  }, {
    "date" : "2021-09-30",
    "sales" : 647.88,
    "salesGrowthYoY" : -5.20,
    "grossProfitMargin" : 92.82,
    "grossProfit" : 601.36,
    "operatingProfitMargin" : 9.31,
    "operatingProfit" : 60.32,
    "netProfitMargin" : 9.18,
    "netProfit" : 59.48
  }, {
    "date" : "2021-12-31",
    "sales" : 681.57,
    "salesGrowthYoY" : -18.54,
    "grossProfitMargin" : 92.26,
    "grossProfit" : 628.82,
    "operatingProfitMargin" : 9.17,
    "operatingProfit" : 62.50,
    "netProfitMargin" : 9.98,
    "netProfit" : 68.02
  }, {
    "date" : "2022-03-31",
    "sales" : 806.05,
    "salesGrowthYoY" : -27.82,
    "grossProfitMargin" : 83.20,
    "grossProfit" : 670.63,
    "operatingProfitMargin" : 13.40,
    "operatingProfit" : 108.01,
    "netProfitMargin" : 15.67,
    "netProfit" : 126.31
  }, {
    "date" : "2022-06-30",
    "sales" : 804.98,
    "salesGrowthYoY" : 9.54,
    "grossProfitMargin" : 83.75,
    "grossProfit" : 674.17,
    "operatingProfitMargin" : 5.72,
    "operatingProfit" : 46.04,
    "netProfitMargin" : 6.27,
    "netProfit" : 50.47
  }, {
    "date" : "2022-09-30",
    "sales" : 782.01,
    "salesGrowthYoY" : 20.70,
    "grossProfitMargin" : 79.08,
    "grossProfit" : 618.41,
    "operatingProfitMargin" : 5.37,
    "operatingProfit" : 41.99,
    "netProfitMargin" : 10.89,
    "netProfit" : 85.16
  }, {
    "date" : "2022-12-31",
    "sales" : 830.62,
    "salesGrowthYoY" : 21.87,
    "grossProfitMargin" : 79.61,
    "grossProfit" : 661.26,
    "operatingProfitMargin" : 5.60,
    "operatingProfit" : 46.51,
    "netProfitMargin" : 5.75,
    "netProfit" : 47.76
  }, {
    "date" : "2023-03-31",
    "sales" : 866.15,
    "salesGrowthYoY" : 7.46,
    "grossProfitMargin" : 79.39,
    "grossProfit" : 687.64,
    "operatingProfitMargin" : 18.82,
    "operatingProfit" : 163.01,
    "netProfitMargin" : 18.32,
    "netProfit" : 158.68
  }, {
    "date" : "2023-06-30",
    "sales" : 808.34,
    "salesGrowthYoY" : 0.42,
    "grossProfitMargin" : 85.07,
    "grossProfit" : 687.65,
    "operatingProfitMargin" : 8.48,
    "operatingProfit" : 68.55,
    "netProfitMargin" : 14.06,
    "netProfit" : 113.65
  }, {
    "date" : "2023-09-30",
    "sales" : 777.22,
    "salesGrowthYoY" : -0.61,
    "grossProfitMargin" : 83.54,
    "grossProfit" : 649.29,
    "operatingProfitMargin" : 12.25,
    "operatingProfit" : 95.21,
    "netProfitMargin" : 13.15,
    "netProfit" : 102.20
  }, {
    "date" : "2023-12-31",
    "sales" : 856.33,
    "salesGrowthYoY" : 3.10,
    "grossProfitMargin" : 85.17,
    "grossProfit" : 729.34,
    "operatingProfitMargin" : 5.59,
    "operatingProfit" : 47.87,
    "netProfitMargin" : 5.86,
    "netProfit" : 50.18
  }, {
    "date" : "2024-03-31",
    "sales" : 790.27,
    "salesGrowthYoY" : -8.76,
    "grossProfitMargin" : 86.40,
    "grossProfit" : 682.79,
    "operatingProfitMargin" : 9.08,
    "operatingProfit" : 71.76,
    "netProfitMargin" : 11.51,
    "netProfit" : 90.96
  }, {
    "date" : "2024-06-30",
    "sales" : 610.62,
    "salesGrowthYoY" : -24.46,
    "grossProfitMargin" : 91.02,
    "grossProfit" : 555.79,
    "operatingProfitMargin" : 7.61,
    "operatingProfit" : 46.47,
    "netProfitMargin" : 8.97,
    "netProfit" : 54.77
  }, {
    "date" : "2024-09-30",
    "sales" : 676.43,
    "salesGrowthYoY" : -12.97,
    "grossProfitMargin" : 90.75,
    "grossProfit" : 613.86,
    "operatingProfitMargin" : 8.46,
    "operatingProfit" : 57.23,
    "netProfitMargin" : 11.70,
    "netProfit" : 79.14
  }, {
    "date" : "2024-12-31",
    "sales" : 750.16,
    "salesGrowthYoY" : -12.40,
    "grossProfitMargin" : 85.32,
    "grossProfit" : 640.04,
    "operatingProfitMargin" : 12.15,
    "operatingProfit" : 91.14,
    "netProfitMargin" : 11.74,
    "netProfit" : 88.07
  }, {
    "date" : "2025-03-31",
    "sales" : 991.13,
    "salesGrowthYoY" : 25.42,
    "grossProfitMargin" : 91.88,
    "grossProfit" : 910.65,
    "operatingProfitMargin" : 29.69,
    "operatingProfit" : 294.27,
    "netProfitMargin" : 24.54,
    "netProfit" : 243.22
  }, {
    "date" : "2025-06-30",
    "sales" : 857.15,
    "salesGrowthYoY" : 40.37,
    "grossProfitMargin" : 90.87,
    "grossProfit" : 778.89,
    "operatingProfitMargin" : 8.13,
    "operatingProfit" : 69.69,
    "netProfitMargin" : 8.18,
    "netProfit" : 70.11
  }, {
    "date" : "2025-09-30",
    "sales" : 900.40,
    "salesGrowthYoY" : 33.11,
    "grossProfitMargin" : 83.60,
    "grossProfit" : 752.73,
    "operatingProfitMargin" : 12.45,
    "operatingProfit" : 112.10,
    "netProfitMargin" : 12.76,
    "netProfit" : 114.89
  } ],
  "latestQuarterlyResult" : {
    "date" : "2025-09-30",
    "sales" : 900.40,
    "salesGrowthYoY" : 33.11,
    "grossProfitMargin" : 83.60,
    "grossProfit" : 752.73,
    "operatingProfitMargin" : 12.45,
    "operatingProfit" : 112.10,
    "netProfitMargin" : 12.76,
    "netProfit" : 114.89
  },
  "companyScore" : {
    "priceHigherThanDma50" : 5.00,
    "priceHigherThanDma100" : 0.00,
    "priceHigherThanDma200" : 0.00,
    "dma50HigherThanDma100" : 0.00,
    "dma50HigherThanDma200" : 0.00,
    "dma100HigherThanDma200" : 0.00,
    "pricePercentageAboveDma50" : 4.99,
    "pricePercentageAboveDma100" : 5.03,
    "pricePercentageAboveDma200" : 5.04,
    "weeklyVolumeHigherThanYearlyVolume" : 0.00,
    "salesGrowthPercentile" : 14.43,
    "operatingProfitMarginPercentile" : 6.02,
    "netProfitMarginPercentile" : 3.30,
    "totalTechnicalScore" : 20.06,
    "totalFundamentalScore" : 23.75,
    "totalScore" : 43.81
  }
}