{
  "metadata" : {
    "screenerCompanyId" : "955",
    "companyCode" : "ESCORTS",
    "companyName" : "Escorts Kubota",
    "screenerCompanyLink" : "https://www.screener.in/company/ESCORTS/consolidated/",
    "screenerTechnicalHistoryLink" : "https://www.screener.in/api/company/955/chart/?q=Price-DMA50-DMA200-Volume&days=365",
    "screenerQuarterlyResultsLink" : "https://www.screener.in/api/company/955/chart/?q=GPM-OPM-NPM-Quarter+Sales&days=10000",
    "attributes" : {
      "companyCode" : "ESCORTS",
      "companyName" : "Escorts Kubota",
      "marketCap" : 38738.00,
      "peRatio" : 29.70,
      "description" : "Escorts Ltd. is one of India’s leading engineering conglomerates engaged in the manufacturing of Agri-machinery, Construction & Material Handling Equipment and Railway Equipment. [1]"
    },
    "companyScore" : {
      "priceHigherThanDma50" : 0.00,
      "priceHigherThanDma100" : 0.00,
      "priceHigherThanDma200" : 0.00,
      "dma50HigherThanDma100" : 0.00,
      "dma50HigherThanDma200" : 5.00,
      "dma100HigherThanDma200" : 5.00,
      "pricePercentageAboveDma50" : 5.23,
      "pricePercentageAboveDma100" : 5.27,
      "pricePercentageAboveDma200" : 5.16,
      "weeklyVolumeHigherThanYearlyVolume" : 0.00,
      "salesGrowthPercentile" : 9.75,
      "operatingProfitMarginPercentile" : 18.10,
      "netProfitMarginPercentile" : 9.40,
      "totalTechnicalScore" : 25.66,
      "totalFundamentalScore" : 37.25,
      "totalScore" : 62.91
    }
  },
  "attributes" : {
    "companyCode" : "ESCORTS",
    "companyName" : "Escorts Kubota",
    "marketCap" : 38738.00,
    "peRatio" : 29.70,
    "description" : "Escorts Ltd. is one of India’s leading engineering conglomerates engaged in the manufacturing of Agri-machinery, Construction & Material Handling Equipment and Railway Equipment. [1]"
  },
  "technicalHistory" : [ {
    "date" : "2025-02-20",
    "price" : 3110.70,
    "dma50" : 3331.82,
    "dma100" : null,
    "dma200" : 3485.61,
    "volume" : 103943.00
  }, {
    "date" : "2025-02-21",
    "price" : 3066.60,
    "dma50" : 3321.42,
    "dma100" : null,
    "dma200" : 3481.44,
    "volume" : 92827.00
  }, {
    "date" : "2025-02-24",
    "price" : 2945.95,
    "dma50" : 3306.69,
    "dma100" : null,
    "dma200" : 3476.12,
    "volume" : 255111.00
  }, {
    "date" : "2025-02-25",
    "price" : 2941.85,
    "dma50" : 3292.39,
    "dma100" : null,
    "dma200" : 3470.80,
    "volume" : 178838.00
  }, {
    "date" : "2025-02-27",
    "price" : 2924.40,
    "dma50" : 3277.96,
    "dma100" : null,
    "dma200" : 3465.36,
    "volume" : 170491.00
  }, {
    "date" : "2025-02-28",
    "price" : 2868.95,
    "dma50" : 3261.92,
    "dma100" : null,
    "dma200" : 3459.43,
    "volume" : 142581.00
  }, {
    "date" : "2025-03-03",
    "price" : 2947.40,
    "dma50" : 3249.58,
    "dma100" : null,
    "dma200" : 3454.33,
    "volume" : 127766.00
  }, {
    "date" : "2025-03-04",
    "price" : 2959.40,
    "dma50" : 3238.20,
    "dma100" : null,
    "dma200" : 3449.41,
    "volume" : 56704.00
  }, {
    "date" : "2025-03-05",
    "price" : 3033.05,
    "dma50" : 3230.16,
    "dma100" : null,
    "dma200" : 3445.27,
    "volume" : 79388.00
  }, {
    "date" : "2025-03-06",
    "price" : 3082.05,
    "dma50" : 3224.35,
    "dma100" : null,
    "dma200" : 3441.65,
    "volume" : 203725.00
  }, {
    "date" : "2025-03-07",
    "price" : 3011.10,
    "dma50" : 3215.99,
    "dma100" : null,
    "dma200" : 3437.37,
    "volume" : 108875.00
  }, {
    "date" : "2025-03-10",
    "price" : 2931.75,
    "dma50" : 3204.84,
    "dma100" : null,
    "dma200" : 3432.34,
    "volume" : 243136.00
  }, {
    "date" : "2025-03-11",
    "price" : 2890.20,
    "dma50" : 3192.50,
    "dma100" : null,
    "dma200" : 3426.94,
    "volume" : 395223.00
  }, {
    "date" : "2025-03-12",
    "price" : 2923.25,
    "dma50" : 3181.94,
    "dma100" : null,
    "dma200" : 3421.93,
    "volume" : 191408.00
  }, {
    "date" : "2025-03-13",
    "price" : 2908.50,
    "dma50" : 3171.22,
    "dma100" : null,
    "dma200" : 3416.82,
    "volume" : 84390.00
  }, {
    "date" : "2025-03-17",
    "price" : 2961.75,
    "dma50" : 3163.00,
    "dma100" : null,
    "dma200" : 3412.29,
    "volume" : 62842.00
  }, {
    "date" : "2025-03-18",
    "price" : 3018.50,
    "dma50" : 3157.34,
    "dma100" : null,
    "dma200" : 3408.37,
    "volume" : 97656.00
  }, {
    "date" : "2025-03-19",
    "price" : 3188.85,
    "dma50" : 3158.57,
    "dma100" : null,
    "dma200" : 3406.19,
    "volume" : 406311.00
  }, {
    "date" : "2025-03-20",
    "price" : 3201.10,
    "dma50" : 3160.24,
    "dma100" : null,
    "dma200" : 3404.15,
    "volume" : 116261.00
  }, {
    "date" : "2025-03-21",
    "price" : 3228.30,
    "dma50" : 3162.91,
    "dma100" : null,
    "dma200" : 3402.40,
    "volume" : 175182.00
  }, {
    "date" : "2025-03-24",
    "price" : 3272.15,
    "dma50" : 3167.19,
    "dma100" : null,
    "dma200" : 3401.10,
    "volume" : 99889.00
  }, {
    "date" : "2025-03-25",
    "price" : 3212.45,
    "dma50" : 3168.97,
    "dma100" : null,
    "dma200" : 3399.23,
    "volume" : 101690.00
  }, {
    "date" : "2025-03-26",
    "price" : 3234.95,
    "dma50" : 3171.56,
    "dma100" : null,
    "dma200" : 3397.59,
    "volume" : 279606.00
  }, {
    "date" : "2025-03-27",
    "price" : 3254.20,
    "dma50" : 3174.80,
    "dma100" : null,
    "dma200" : 3396.17,
    "volume" : 89840.00
  }, {
    "date" : "2025-03-28",
    "price" : 3250.05,
    "dma50" : 3177.75,
    "dma100" : null,
    "dma200" : 3394.71,
    "volume" : 95900.00
  }, {
    "date" : "2025-04-01",
    "price" : 3218.80,
    "dma50" : 3179.36,
    "dma100" : null,
    "dma200" : 3392.96,
    "volume" : 136175.00
  }, {
    "date" : "2025-04-02",
    "price" : 3228.40,
    "dma50" : 3181.28,
    "dma100" : null,
    "dma200" : 3391.32,
    "volume" : 153880.00
  }, {
    "date" : "2025-04-03",
    "price" : 3276.00,
    "dma50" : 3185.00,
    "dma100" : null,
    "dma200" : 3390.18,
    "volume" : 63021.00
  }, {
    "date" : "2025-04-04",
    "price" : 3161.15,
    "dma50" : 3184.06,
    "dma100" : null,
    "dma200" : 3387.90,
    "volume" : 72754.00
  }, {
    "date" : "2025-04-07",
    "price" : 3050.75,
    "dma50" : 3178.83,
    "dma100" : null,
    "dma200" : 3384.54,
    "volume" : 79839.00
  }, {
    "date" : "2025-04-08",
    "price" : 3075.35,
    "dma50" : 3174.77,
    "dma100" : null,
    "dma200" : 3381.47,
    "volume" : 71140.00
  }, {
    "date" : "2025-04-09",
    "price" : 3128.75,
    "dma50" : 3172.97,
    "dma100" : null,
    "dma200" : 3378.95,
    "volume" : 140779.00
  }, {
    "date" : "2025-04-11",
    "price" : 3178.20,
    "dma50" : 3173.17,
    "dma100" : null,
    "dma200" : 3376.95,
    "volume" : 62345.00
  }, {
    "date" : "2025-04-15",
    "price" : 3274.00,
    "dma50" : 3177.13,
    "dma100" : null,
    "dma200" : 3375.93,
    "volume" : 80994.00
  }, {
    "date" : "2025-04-16",
    "price" : 3231.90,
    "dma50" : 3179.28,
    "dma100" : null,
    "dma200" : 3374.50,
    "volume" : 87046.00
  }, {
    "date" : "2025-04-17",
    "price" : 3265.20,
    "dma50" : 3182.65,
    "dma100" : null,
    "dma200" : 3373.41,
    "volume" : 69868.00
  }, {
    "date" : "2025-04-21",
    "price" : 3369.20,
    "dma50" : 3189.96,
    "dma100" : null,
    "dma200" : 3373.37,
    "volume" : 122941.00
  }, {
    "date" : "2025-04-22",
    "price" : 3357.70,
    "dma50" : 3196.54,
    "dma100" : null,
    "dma200" : 3373.21,
    "volume" : 185949.00
  }, {
    "date" : "2025-04-23",
    "price" : 3446.40,
    "dma50" : 3206.34,
    "dma100" : null,
    "dma200" : 3373.94,
    "volume" : 209986.00
  }, {
    "date" : "2025-04-24",
    "price" : 3388.30,
    "dma50" : 3213.47,
    "dma100" : null,
    "dma200" : 3374.08,
    "volume" : 121599.00
  }, {
    "date" : "2025-04-25",
    "price" : 3333.70,
    "dma50" : 3218.19,
    "dma100" : null,
    "dma200" : 3373.68,
    "volume" : 246297.00
  }, {
    "date" : "2025-04-28",
    "price" : 3359.40,
    "dma50" : 3223.73,
    "dma100" : null,
    "dma200" : 3373.54,
    "volume" : 61236.00
  }, {
    "date" : "2025-04-29",
    "price" : 3343.50,
    "dma50" : 3228.42,
    "dma100" : null,
    "dma200" : 3373.24,
    "volume" : 57993.00
  }, {
    "date" : "2025-04-30",
    "price" : 3259.00,
    "dma50" : 3229.62,
    "dma100" : null,
    "dma200" : 3372.10,
    "volume" : 99999.00
  }, {
    "date" : "2025-05-02",
    "price" : 3216.10,
    "dma50" : 3229.09,
    "dma100" : null,
    "dma200" : 3370.55,
    "volume" : 111261.00
  }, {
    "date" : "2025-05-05",
    "price" : 3247.30,
    "dma50" : 3229.81,
    "dma100" : null,
    "dma200" : 3369.32,
    "volume" : 64162.00
  }, {
    "date" : "2025-05-06",
    "price" : 3197.90,
    "dma50" : 3228.56,
    "dma100" : null,
    "dma200" : 3367.62,
    "volume" : 120327.00
  }, {
    "date" : "2025-05-07",
    "price" : 3204.00,
    "dma50" : 3227.59,
    "dma100" : null,
    "dma200" : 3365.99,
    "volume" : 85517.00
  }, {
    "date" : "2025-05-08",
    "price" : 3195.20,
    "dma50" : 3226.32,
    "dma100" : null,
    "dma200" : 3364.29,
    "volume" : 363806.00
  }, {
    "date" : "2025-05-09",
    "price" : 3130.40,
    "dma50" : 3222.56,
    "dma100" : null,
    "dma200" : 3361.96,
    "volume" : 211761.00
  }, {
    "date" : "2025-05-12",
    "price" : 3413.10,
    "dma50" : 3230.03,
    "dma100" : null,
    "dma200" : 3362.47,
    "volume" : 516347.00
  }, {
    "date" : "2025-05-13",
    "price" : 3501.60,
    "dma50" : 3240.68,
    "dma100" : null,
    "dma200" : 3363.86,
    "volume" : 462484.00
  }, {
    "date" : "2025-05-14",
    "price" : 3525.30,
    "dma50" : 3251.84,
    "dma100" : null,
    "dma200" : 3365.46,
    "volume" : 189375.00
  }, {
    "date" : "2025-05-15",
    "price" : 3543.40,
    "dma50" : 3263.28,
    "dma100" : null,
    "dma200" : 3367.23,
    "volume" : 274932.00
  }, {
    "date" : "2025-05-16",
    "price" : 3551.50,
    "dma50" : 3274.58,
    "dma100" : null,
    "dma200" : 3369.07,
    "volume" : 290837.00
  }, {
    "date" : "2025-05-19",
    "price" : 3532.80,
    "dma50" : 3284.71,
    "dma100" : null,
    "dma200" : 3370.70,
    "volume" : 66507.00
  }, {
    "date" : "2025-05-20",
    "price" : 3509.60,
    "dma50" : 3293.53,
    "dma100" : null,
    "dma200" : 3372.08,
    "volume" : 181622.00
  }, {
    "date" : "2025-05-21",
    "price" : 3514.40,
    "dma50" : 3302.19,
    "dma100" : null,
    "dma200" : 3373.49,
    "volume" : 96280.00
  }, {
    "date" : "2025-05-22",
    "price" : 3504.70,
    "dma50" : 3310.13,
    "dma100" : null,
    "dma200" : 3374.80,
    "volume" : 75034.00
  }, {
    "date" : "2025-05-23",
    "price" : 3510.60,
    "dma50" : 3317.99,
    "dma100" : null,
    "dma200" : 3376.15,
    "volume" : 139200.00
  }, {
    "date" : "2025-05-26",
    "price" : 3503.30,
    "dma50" : 3325.26,
    "dma100" : null,
    "dma200" : 3377.42,
    "volume" : 399042.00
  }, {
    "date" : "2025-05-27",
    "price" : 3532.20,
    "dma50" : 3333.37,
    "dma100" : null,
    "dma200" : 3378.96,
    "volume" : 440936.00
  }, {
    "date" : "2025-05-28",
    "price" : 3373.00,
    "dma50" : 3334.93,
    "dma100" : null,
    "dma200" : 3378.90,
    "volume" : 606882.00
  }, {
    "date" : "2025-05-29",
    "price" : 3302.20,
    "dma50" : 3333.64,
    "dma100" : null,
    "dma200" : 3378.13,
    "volume" : 343789.00
  }, {
    "date" : "2025-05-30",
    "price" : 3321.70,
    "dma50" : 3333.18,
    "dma100" : null,
    "dma200" : 3377.57,
    "volume" : 164191.00
  }, {
    "date" : "2025-06-02",
    "price" : 3383.60,
    "dma50" : 3335.15,
    "dma100" : null,
    "dma200" : 3377.63,
    "volume" : 234996.00
  }, {
    "date" : "2025-06-03",
    "price" : 3282.70,
    "dma50" : 3333.10,
    "dma100" : null,
    "dma200" : 3376.69,
    "volume" : 140035.00
  }, {
    "date" : "2025-06-04",
    "price" : 3249.20,
    "dma50" : 3329.81,
    "dma100" : null,
    "dma200" : 3375.42,
    "volume" : 131941.00
  }, {
    "date" : "2025-06-05",
    "price" : 3313.40,
    "dma50" : 3329.16,
    "dma100" : null,
    "dma200" : 3374.80,
    "volume" : 183957.00
  }, {
    "date" : "2025-06-06",
    "price" : 3293.20,
    "dma50" : 3327.75,
    "dma100" : null,
    "dma200" : 3373.99,
    "volume" : 72432.00
  }, {
    "date" : "2025-06-09",
    "price" : 3288.20,
    "dma50" : 3326.20,
    "dma100" : null,
    "dma200" : 3373.14,
    "volume" : 56841.00
  }, {
    "date" : "2025-06-10",
    "price" : 3258.10,
    "dma50" : 3323.53,
    "dma100" : null,
    "dma200" : 3371.99,
    "volume" : 120432.00
  }, {
    "date" : "2025-06-11",
    "price" : 3212.70,
    "dma50" : 3319.18,
    "dma100" : null,
    "dma200" : 3370.41,
    "volume" : 113434.00
  }, {
    "date" : "2025-06-12",
    "price" : 3167.00,
    "dma50" : 3313.22,
    "dma100" : null,
    "dma200" : 3368.38,
    "volume" : 119962.00
  }, {
    "date" : "2025-06-13",
    "price" : 3130.20,
    "dma50" : 3306.04,
    "dma100" : null,
    "dma200" : 3366.01,
    "volume" : 322903.00
  }, {
    "date" : "2025-06-16",
    "price" : 3149.60,
    "dma50" : 3299.90,
    "dma100" : null,
    "dma200" : 3363.86,
    "volume" : 318247.00
  }, {
    "date" : "2025-06-17",
    "price" : 3153.80,
    "dma50" : 3294.17,
    "dma100" : null,
    "dma200" : 3361.77,
    "volume" : 99792.00
  }, {
    "date" : "2025-06-18",
    "price" : 3270.20,
    "dma50" : 3293.23,
    "dma100" : null,
    "dma200" : 3360.86,
    "volume" : 567212.00
  }, {
    "date" : "2025-06-19",
    "price" : 3252.20,
    "dma50" : 3291.63,
    "dma100" : null,
    "dma200" : 3359.78,
    "volume" : 222575.00
  }, {
    "date" : "2025-06-20",
    "price" : 3228.40,
    "dma50" : 3289.15,
    "dma100" : null,
    "dma200" : 3358.47,
    "volume" : 412389.00
  }, {
    "date" : "2025-06-23",
    "price" : 3323.30,
    "dma50" : 3290.49,
    "dma100" : null,
    "dma200" : 3358.12,
    "volume" : 241627.00
  }, {
    "date" : "2025-06-24",
    "price" : 3299.60,
    "dma50" : 3290.84,
    "dma100" : null,
    "dma200" : 3357.54,
    "volume" : 135790.00
  }, {
    "date" : "2025-06-25",
    "price" : 3304.60,
    "dma50" : 3291.38,
    "dma100" : null,
    "dma200" : 3357.01,
    "volume" : 126511.00
  }, {
    "date" : "2025-06-26",
    "price" : 3358.00,
    "dma50" : 3293.99,
    "dma100" : null,
    "dma200" : 3357.02,
    "volume" : 208017.00
  }, {
    "date" : "2025-06-27",
    "price" : 3341.60,
    "dma50" : 3295.86,
    "dma100" : null,
    "dma200" : 3356.87,
    "volume" : 118927.00
  }, {
    "date" : "2025-06-30",
    "price" : 3334.60,
    "dma50" : 3297.38,
    "dma100" : null,
    "dma200" : 3356.65,
    "volume" : 52368.00
  }, {
    "date" : "2025-07-01",
    "price" : 3319.60,
    "dma50" : 3298.25,
    "dma100" : null,
    "dma200" : 3356.28,
    "volume" : 101214.00
  }, {
    "date" : "2025-07-02",
    "price" : 3352.40,
    "dma50" : 3300.38,
    "dma100" : null,
    "dma200" : 3356.24,
    "volume" : 169170.00
  }, {
    "date" : "2025-07-03",
    "price" : 3366.10,
    "dma50" : 3302.95,
    "dma100" : null,
    "dma200" : 3356.34,
    "volume" : 92355.00
  }, {
    "date" : "2025-07-04",
    "price" : 3327.60,
    "dma50" : 3303.92,
    "dma100" : null,
    "dma200" : 3356.05,
    "volume" : 35549.00
  }, {
    "date" : "2025-07-07",
    "price" : 3341.80,
    "dma50" : 3305.40,
    "dma100" : null,
    "dma200" : 3355.91,
    "volume" : 135113.00
  }, {
    "date" : "2025-07-08",
    "price" : 3387.90,
    "dma50" : 3308.64,
    "dma100" : null,
    "dma200" : 3356.23,
    "volume" : 105725.00
  }, {
    "date" : "2025-07-09",
    "price" : 3378.40,
    "dma50" : 3311.38,
    "dma100" : null,
    "dma200" : 3356.45,
    "volume" : 46873.00
  }, {
    "date" : "2025-07-10",
    "price" : 3324.30,
    "dma50" : 3311.88,
    "dma100" : null,
    "dma200" : 3356.13,
    "volume" : 66384.00
  }, {
    "date" : "2025-07-11",
    "price" : 3300.30,
    "dma50" : 3311.43,
    "dma100" : null,
    "dma200" : 3355.57,
    "volume" : 38346.00
  }, {
    "date" : "2025-07-14",
    "price" : 3264.40,
    "dma50" : 3309.58,
    "dma100" : null,
    "dma200" : 3354.67,
    "volume" : 74812.00
  }, {
    "date" : "2025-07-15",
    "price" : 3357.40,
    "dma50" : 3311.46,
    "dma100" : null,
    "dma200" : 3354.69,
    "volume" : 83922.00
  }, {
    "date" : "2025-07-16",
    "price" : 3357.00,
    "dma50" : 3313.25,
    "dma100" : null,
    "dma200" : 3354.72,
    "volume" : 194060.00
  }, {
    "date" : "2025-07-17",
    "price" : 3410.90,
    "dma50" : 3317.07,
    "dma100" : null,
    "dma200" : 3355.27,
    "volume" : 113085.00
  }, {
    "date" : "2025-07-18",
    "price" : 3415.20,
    "dma50" : 3320.92,
    "dma100" : null,
    "dma200" : 3355.87,
    "volume" : 127013.00
  }, {
    "date" : "2025-07-21",
    "price" : 3427.00,
    "dma50" : 3325.08,
    "dma100" : 3254.57,
    "dma200" : 3356.58,
    "volume" : 47399.00
  }, {
    "date" : "2025-07-22",
    "price" : 3443.60,
    "dma50" : 3329.73,
    "dma100" : 3258.34,
    "dma200" : 3357.44,
    "volume" : 88850.00
  }, {
    "date" : "2025-07-23",
    "price" : 3478.80,
    "dma50" : 3335.58,
    "dma100" : 3263.67,
    "dma200" : 3358.65,
    "volume" : 97996.00
  }, {
    "date" : "2025-07-24",
    "price" : 3445.30,
    "dma50" : 3339.88,
    "dma100" : 3268.71,
    "dma200" : 3359.51,
    "volume" : 53181.00
  }, {
    "date" : "2025-07-25",
    "price" : 3411.70,
    "dma50" : 3342.70,
    "dma100" : 3273.58,
    "dma200" : 3360.03,
    "volume" : 41171.00
  }, {
    "date" : "2025-07-28",
    "price" : 3409.40,
    "dma50" : 3345.31,
    "dma100" : 3278.98,
    "dma200" : 3360.52,
    "volume" : 63773.00
  }, {
    "date" : "2025-07-29",
    "price" : 3489.80,
    "dma50" : 3350.98,
    "dma100" : 3284.41,
    "dma200" : 3361.81,
    "volume" : 202759.00
  }, {
    "date" : "2025-07-30",
    "price" : 3429.60,
    "dma50" : 3354.06,
    "dma100" : 3289.11,
    "dma200" : 3362.49,
    "volume" : 47225.00
  }, {
    "date" : "2025-07-31",
    "price" : 3359.20,
    "dma50" : 3354.26,
    "dma100" : 3292.37,
    "dma200" : 3362.45,
    "volume" : 44154.00
  }, {
    "date" : "2025-08-01",
    "price" : 3289.50,
    "dma50" : 3351.72,
    "dma100" : 3294.44,
    "dma200" : 3361.73,
    "volume" : 52678.00
  }, {
    "date" : "2025-08-04",
    "price" : 3394.10,
    "dma50" : 3353.38,
    "dma100" : 3298.27,
    "dma200" : 3362.05,
    "volume" : 590609.00
  }, {
    "date" : "2025-08-05",
    "price" : 3412.70,
    "dma50" : 3355.71,
    "dma100" : 3303.08,
    "dma200" : 3362.55,
    "volume" : 182420.00
  }, {
    "date" : "2025-08-06",
    "price" : 3385.80,
    "dma50" : 3356.89,
    "dma100" : 3308.04,
    "dma200" : 3362.78,
    "volume" : 85827.00
  }, {
    "date" : "2025-08-07",
    "price" : 3353.00,
    "dma50" : 3356.74,
    "dma100" : 3312.34,
    "dma200" : 3362.69,
    "volume" : 46544.00
  }, {
    "date" : "2025-08-08",
    "price" : 3351.70,
    "dma50" : 3356.54,
    "dma100" : 3316.77,
    "dma200" : 3362.58,
    "volume" : 30656.00
  }, {
    "date" : "2025-08-11",
    "price" : 3367.50,
    "dma50" : 3356.97,
    "dma100" : 3320.83,
    "dma200" : 3362.63,
    "volume" : 44334.00
  }, {
    "date" : "2025-08-12",
    "price" : 3379.60,
    "dma50" : 3357.86,
    "dma100" : 3324.44,
    "dma200" : 3362.80,
    "volume" : 23310.00
  }, {
    "date" : "2025-08-13",
    "price" : 3374.50,
    "dma50" : 3358.51,
    "dma100" : 3326.29,
    "dma200" : 3362.91,
    "volume" : 19384.00
  }, {
    "date" : "2025-08-14",
    "price" : 3400.50,
    "dma50" : 3360.16,
    "dma100" : 3328.29,
    "dma200" : 3363.29,
    "volume" : 73987.00
  }, {
    "date" : "2025-08-18",
    "price" : 3623.80,
    "dma50" : 3370.50,
    "dma100" : 3332.24,
    "dma200" : 3365.88,
    "volume" : 829917.00
  }, {
    "date" : "2025-08-19",
    "price" : 3599.80,
    "dma50" : 3379.49,
    "dma100" : 3335.52,
    "dma200" : 3368.21,
    "volume" : 106287.00
  }, {
    "date" : "2025-08-20",
    "price" : 3624.50,
    "dma50" : 3389.10,
    "dma100" : 3339.64,
    "dma200" : 3370.76,
    "volume" : 113791.00
  }, {
    "date" : "2025-08-21",
    "price" : 3575.80,
    "dma50" : 3396.42,
    "dma100" : 3343.05,
    "dma200" : 3372.80,
    "volume" : 73940.00
  }, {
    "date" : "2025-08-22",
    "price" : 3569.60,
    "dma50" : 3403.21,
    "dma100" : 3346.20,
    "dma200" : 3374.75,
    "volume" : 32830.00
  }, {
    "date" : "2025-08-25",
    "price" : 3568.80,
    "dma50" : 3409.70,
    "dma100" : 3349.39,
    "dma200" : 3376.69,
    "volume" : 70970.00
  }, {
    "date" : "2025-08-26",
    "price" : 3551.20,
    "dma50" : 3415.25,
    "dma100" : 3352.71,
    "dma200" : 3378.42,
    "volume" : 50124.00
  }, {
    "date" : "2025-08-28",
    "price" : 3475.20,
    "dma50" : 3417.60,
    "dma100" : 3355.18,
    "dma200" : 3379.38,
    "volume" : 35295.00
  }, {
    "date" : "2025-08-29",
    "price" : 3567.80,
    "dma50" : 3423.49,
    "dma100" : 3358.10,
    "dma200" : 3381.26,
    "volume" : 164509.00
  }, {
    "date" : "2025-09-01",
    "price" : 3644.00,
    "dma50" : 3432.14,
    "dma100" : 3362.93,
    "dma200" : 3383.87,
    "volume" : 233245.00
  }, {
    "date" : "2025-09-02",
    "price" : 3650.40,
    "dma50" : 3440.70,
    "dma100" : 3368.93,
    "dma200" : 3386.53,
    "volume" : 108980.00
  }, {
    "date" : "2025-09-03",
    "price" : 3677.50,
    "dma50" : 3449.99,
    "dma100" : 3374.95,
    "dma200" : 3389.42,
    "volume" : 111007.00
  }, {
    "date" : "2025-09-04",
    "price" : 3633.30,
    "dma50" : 3457.17,
    "dma100" : 3379.99,
    "dma200" : 3391.85,
    "volume" : 2775684.00
  }, {
    "date" : "2025-09-05",
    "price" : 3690.50,
    "dma50" : 3466.32,
    "dma100" : 3385.12,
    "dma200" : 3394.82,
    "volume" : 256985.00
  }, {
    "date" : "2025-09-08",
    "price" : 3772.30,
    "dma50" : 3478.32,
    "dma100" : 3390.10,
    "dma200" : 3398.58,
    "volume" : 248315.00
  }, {
    "date" : "2025-09-09",
    "price" : 3767.20,
    "dma50" : 3489.65,
    "dma100" : 3395.45,
    "dma200" : 3402.24,
    "volume" : 126929.00
  }, {
    "date" : "2025-09-10",
    "price" : 3677.70,
    "dma50" : 3497.03,
    "dma100" : 3399.58,
    "dma200" : 3404.98,
    "volume" : 289146.00
  }, {
    "date" : "2025-09-11",
    "price" : 3698.20,
    "dma50" : 3504.92,
    "dma100" : 3402.87,
    "dma200" : 3407.90,
    "volume" : 98625.00
  }, {
    "date" : "2025-09-12",
    "price" : 3689.10,
    "dma50" : 3512.14,
    "dma100" : 3406.18,
    "dma200" : 3410.70,
    "volume" : 80651.00
  }, {
    "date" : "2025-09-15",
    "price" : 3643.00,
    "dma50" : 3517.27,
    "dma100" : 3408.15,
    "dma200" : 3413.01,
    "volume" : 65546.00
  }, {
    "date" : "2025-09-16",
    "price" : 3671.10,
    "dma50" : 3523.30,
    "dma100" : 3410.97,
    "dma200" : 3415.58,
    "volume" : 88073.00
  }, {
    "date" : "2025-09-17",
    "price" : 3661.60,
    "dma50" : 3528.73,
    "dma100" : 3414.25,
    "dma200" : 3418.03,
    "volume" : 116418.00
  }, {
    "date" : "2025-09-18",
    "price" : 3794.70,
    "dma50" : 3539.16,
    "dma100" : 3418.61,
    "dma200" : 3421.78,
    "volume" : 671064.00
  }, {
    "date" : "2025-09-19",
    "price" : 3688.10,
    "dma50" : 3545.00,
    "dma100" : 3422.05,
    "dma200" : 3424.43,
    "volume" : 151972.00
  }, {
    "date" : "2025-09-22",
    "price" : 3656.80,
    "dma50" : 3549.38,
    "dma100" : 3426.03,
    "dma200" : 3426.74,
    "volume" : 88578.00
  }, {
    "date" : "2025-09-23",
    "price" : 3739.10,
    "dma50" : 3556.82,
    "dma100" : 3431.26,
    "dma200" : 3429.85,
    "volume" : 205369.00
  }, {
    "date" : "2025-09-24",
    "price" : 3698.90,
    "dma50" : 3562.39,
    "dma100" : 3435.78,
    "dma200" : 3432.52,
    "volume" : 135006.00
  }, {
    "date" : "2025-09-25",
    "price" : 3602.80,
    "dma50" : 3563.98,
    "dma100" : 3439.83,
    "dma200" : 3434.22,
    "volume" : 239154.00
  }, {
    "date" : "2025-09-26",
    "price" : 3543.70,
    "dma50" : 3563.18,
    "dma100" : 3443.22,
    "dma200" : 3435.31,
    "volume" : 76761.00
  }, {
    "date" : "2025-09-29",
    "price" : 3464.00,
    "dma50" : 3559.29,
    "dma100" : 3445.91,
    "dma200" : 3435.59,
    "volume" : 248857.00
  }, {
    "date" : "2025-09-30",
    "price" : 3446.60,
    "dma50" : 3554.87,
    "dma100" : 3449.07,
    "dma200" : 3435.70,
    "volume" : 144909.00
  }, {
    "date" : "2025-10-01",
    "price" : 3637.70,
    "dma50" : 3558.12,
    "dma100" : 3451.32,
    "dma200" : 3437.71,
    "volume" : 628234.00
  }, {
    "date" : "2025-10-03",
    "price" : 3569.50,
    "dma50" : 3558.57,
    "dma100" : 3452.00,
    "dma200" : 3439.02,
    "volume" : 135356.00
  }, {
    "date" : "2025-10-06",
    "price" : 3537.20,
    "dma50" : 3557.73,
    "dma100" : 3452.12,
    "dma200" : 3440.00,
    "volume" : 75795.00
  }, {
    "date" : "2025-10-07",
    "price" : 3525.20,
    "dma50" : 3556.45,
    "dma100" : 3451.93,
    "dma200" : 3440.85,
    "volume" : 387151.00
  }, {
    "date" : "2025-10-08",
    "price" : 3627.20,
    "dma50" : 3559.23,
    "dma100" : 3452.69,
    "dma200" : 3442.70,
    "volume" : 550128.00
  }, {
    "date" : "2025-10-09",
    "price" : 3628.20,
    "dma50" : 3561.93,
    "dma100" : 3453.65,
    "dma200" : 3444.55,
    "volume" : 108291.00
  }, {
    "date" : "2025-10-10",
    "price" : 3638.10,
    "dma50" : 3564.92,
    "dma100" : 3454.93,
    "dma200" : 3446.47,
    "volume" : 111192.00
  }, {
    "date" : "2025-10-13",
    "price" : 3577.50,
    "dma50" : 3565.41,
    "dma100" : 3455.56,
    "dma200" : 3447.78,
    "volume" : 57078.00
  }, {
    "date" : "2025-10-14",
    "price" : 3613.80,
    "dma50" : 3567.31,
    "dma100" : 3456.65,
    "dma200" : 3449.43,
    "volume" : 124314.00
  }, {
    "date" : "2025-10-15",
    "price" : 3682.60,
    "dma50" : 3571.83,
    "dma100" : 3458.37,
    "dma200" : 3451.75,
    "volume" : 161824.00
  }, {
    "date" : "2025-10-16",
    "price" : 3782.40,
    "dma50" : 3580.09,
    "dma100" : 3461.16,
    "dma200" : 3455.04,
    "volume" : 214693.00
  }, {
    "date" : "2025-10-17",
    "price" : 3697.40,
    "dma50" : 3584.69,
    "dma100" : 3462.82,
    "dma200" : 3457.45,
    "volume" : 72850.00
  }, {
    "date" : "2025-10-20",
    "price" : 3694.50,
    "dma50" : 3589.00,
    "dma100" : 3466.03,
    "dma200" : 3459.81,
    "volume" : 34127.00
  }, {
    "date" : "2025-10-21",
    "price" : 3703.70,
    "dma50" : 3593.50,
    "dma100" : 3470.05,
    "dma200" : 3462.24,
    "volume" : 9829.00
  }, {
    "date" : "2025-10-23",
    "price" : 3676.70,
    "dma50" : 3596.76,
    "dma100" : 3473.60,
    "dma200" : 3464.37,
    "volume" : 45589.00
  }, {
    "date" : "2025-10-24",
    "price" : 3665.40,
    "dma50" : 3599.45,
    "dma100" : 3476.41,
    "dma200" : 3466.37,
    "volume" : 66879.00
  }, {
    "date" : "2025-10-27",
    "price" : 3659.80,
    "dma50" : 3601.82,
    "dma100" : 3480.18,
    "dma200" : 3468.30,
    "volume" : 26929.00
  }, {
    "date" : "2025-10-28",
    "price" : 3724.20,
    "dma50" : 3606.62,
    "dma100" : 3484.93,
    "dma200" : 3470.84,
    "volume" : 95819.00
  }, {
    "date" : "2025-10-29",
    "price" : 3721.50,
    "dma50" : 3611.12,
    "dma100" : 3489.02,
    "dma200" : 3473.34,
    "volume" : 65079.00
  }, {
    "date" : "2025-10-30",
    "price" : 3713.90,
    "dma50" : 3615.15,
    "dma100" : 3493.22,
    "dma200" : 3475.73,
    "volume" : 28136.00
  }, {
    "date" : "2025-10-31",
    "price" : 3786.50,
    "dma50" : 3621.87,
    "dma100" : 3498.21,
    "dma200" : 3478.82,
    "volume" : 155792.00
  }, {
    "date" : "2025-11-03",
    "price" : 3846.50,
    "dma50" : 3630.68,
    "dma100" : 3504.09,
    "dma200" : 3482.48,
    "volume" : 166600.00
  }, {
    "date" : "2025-11-04",
    "price" : 3822.30,
    "dma50" : 3638.19,
    "dma100" : 3510.19,
    "dma200" : 3485.86,
    "volume" : 299339.00
  }, {
    "date" : "2025-11-06",
    "price" : 3689.70,
    "dma50" : 3640.21,
    "dma100" : 3515.41,
    "dma200" : 3487.89,
    "volume" : 137728.00
  }, {
    "date" : "2025-11-07",
    "price" : 3629.20,
    "dma50" : 3639.78,
    "dma100" : 3520.40,
    "dma200" : 3489.30,
    "volume" : 143073.00
  }, {
    "date" : "2025-11-10",
    "price" : 3548.60,
    "dma50" : 3636.21,
    "dma100" : 3524.39,
    "dma200" : 3489.89,
    "volume" : 81450.00
  }, {
    "date" : "2025-11-11",
    "price" : 3614.00,
    "dma50" : 3635.34,
    "dma100" : 3528.99,
    "dma200" : 3491.12,
    "volume" : 96297.00
  }, {
    "date" : "2025-11-12",
    "price" : 3570.40,
    "dma50" : 3632.79,
    "dma100" : 3532.00,
    "dma200" : 3491.91,
    "volume" : 58240.00
  }, {
    "date" : "2025-11-13",
    "price" : 3608.00,
    "dma50" : 3631.82,
    "dma100" : 3535.55,
    "dma200" : 3493.06,
    "volume" : 65090.00
  }, {
    "date" : "2025-11-14",
    "price" : 3551.10,
    "dma50" : 3628.65,
    "dma100" : 3538.78,
    "dma200" : 3493.64,
    "volume" : 54793.00
  }, {
    "date" : "2025-11-17",
    "price" : 3623.40,
    "dma50" : 3628.45,
    "dma100" : 3541.78,
    "dma200" : 3494.93,
    "volume" : 70116.00
  }, {
    "date" : "2025-11-18",
    "price" : 3618.80,
    "dma50" : 3628.07,
    "dma100" : 3544.97,
    "dma200" : 3496.17,
    "volume" : 50614.00
  }, {
    "date" : "2025-11-19",
    "price" : 3584.40,
    "dma50" : 3626.36,
    "dma100" : 3547.77,
    "dma200" : 3497.04,
    "volume" : 110952.00
  }, {
    "date" : "2025-11-20",
    "price" : 3557.80,
    "dma50" : 3623.67,
    "dma100" : 3549.77,
    "dma200" : 3497.65,
    "volume" : 50723.00
  }, {
    "date" : "2025-11-21",
    "price" : 3617.50,
    "dma50" : 3623.42,
    "dma100" : 3552.53,
    "dma200" : 3498.84,
    "volume" : 279617.00
  }, {
    "date" : "2025-11-24",
    "price" : 3670.20,
    "dma50" : 3625.26,
    "dma100" : 3555.89,
    "dma200" : 3500.55,
    "volume" : 140696.00
  }, {
    "date" : "2025-11-25",
    "price" : 3637.60,
    "dma50" : 3625.74,
    "dma100" : 3559.07,
    "dma200" : 3501.91,
    "volume" : 64383.00
  }, {
    "date" : "2025-11-26",
    "price" : 3686.60,
    "dma50" : 3628.13,
    "dma100" : 3562.41,
    "dma200" : 3503.75,
    "volume" : 94419.00
  }, {
    "date" : "2025-11-27",
    "price" : 3847.80,
    "dma50" : 3636.74,
    "dma100" : 3567.22,
    "dma200" : 3507.17,
    "volume" : 308671.00
  }, {
    "date" : "2025-11-28",
    "price" : 3817.40,
    "dma50" : 3643.83,
    "dma100" : 3572.12,
    "dma200" : 3510.26,
    "volume" : 172229.00
  }, {
    "date" : "2025-12-01",
    "price" : 3844.20,
    "dma50" : 3651.69,
    "dma100" : 3577.15,
    "dma200" : 3513.58,
    "volume" : 146383.00
  }, {
    "date" : "2025-12-02",
    "price" : 3757.20,
    "dma50" : 3655.82,
    "dma100" : 3580.84,
    "dma200" : 3516.00,
    "volume" : 72560.00
  }, {
    "date" : "2025-12-03",
    "price" : 3800.00,
    "dma50" : 3661.48,
    "dma100" : 3585.06,
    "dma200" : 3518.83,
    "volume" : 75497.00
  }, {
    "date" : "2025-12-04",
    "price" : 3733.80,
    "dma50" : 3664.31,
    "dma100" : 3589.15,
    "dma200" : 3520.97,
    "volume" : 57963.00
  }, {
    "date" : "2025-12-05",
    "price" : 3710.90,
    "dma50" : 3666.14,
    "dma100" : 3593.26,
    "dma200" : 3522.86,
    "volume" : 44375.00
  }, {
    "date" : "2025-12-08",
    "price" : 3676.20,
    "dma50" : 3666.54,
    "dma100" : 3597.37,
    "dma200" : 3524.38,
    "volume" : 55880.00
  }, {
    "date" : "2025-12-09",
    "price" : 3674.80,
    "dma50" : 3666.86,
    "dma100" : 3600.55,
    "dma200" : 3525.88,
    "volume" : 71478.00
  }, {
    "date" : "2025-12-10",
    "price" : 3647.30,
    "dma50" : 3666.09,
    "dma100" : 3603.45,
    "dma200" : 3527.09,
    "volume" : 28657.00
  }, {
    "date" : "2025-12-11",
    "price" : 3675.30,
    "dma50" : 3666.45,
    "dma100" : 3606.10,
    "dma200" : 3528.56,
    "volume" : 31236.00
  }, {
    "date" : "2025-12-12",
    "price" : 3659.70,
    "dma50" : 3666.19,
    "dma100" : 3608.54,
    "dma200" : 3529.87,
    "volume" : 41105.00
  }, {
    "date" : "2025-12-15",
    "price" : 3719.10,
    "dma50" : 3668.26,
    "dma100" : 3611.46,
    "dma200" : 3531.75,
    "volume" : 36620.00
  }, {
    "date" : "2025-12-16",
    "price" : 3678.20,
    "dma50" : 3668.65,
    "dma100" : 3613.81,
    "dma200" : 3533.21,
    "volume" : 40240.00
  }, {
    "date" : "2025-12-17",
    "price" : 3642.90,
    "dma50" : 3667.64,
    "dma100" : 3615.45,
    "dma200" : 3534.30,
    "volume" : 44698.00
  }, {
    "date" : "2025-12-18",
    "price" : 3638.40,
    "dma50" : 3666.50,
    "dma100" : 3617.38,
    "dma200" : 3535.34,
    "volume" : 79839.00
  }, {
    "date" : "2025-12-19",
    "price" : 3615.80,
    "dma50" : 3664.51,
    "dma100" : 3619.42,
    "dma200" : 3536.14,
    "volume" : 129802.00
  }, {
    "date" : "2025-12-22",
    "price" : 3625.50,
    "dma50" : 3662.98,
    "dma100" : 3621.58,
    "dma200" : 3537.03,
    "volume" : 191365.00
  }, {
    "date" : "2025-12-23",
    "price" : 3747.00,
    "dma50" : 3666.27,
    "dma100" : 3624.15,
    "dma200" : 3539.12,
    "volume" : 195298.00
  }, {
    "date" : "2025-12-24",
    "price" : 3728.50,
    "dma50" : 3668.71,
    "dma100" : 3627.14,
    "dma200" : 3541.00,
    "volume" : 68475.00
  }, {
    "date" : "2025-12-26",
    "price" : 3698.10,
    "dma50" : 3669.87,
    "dma100" : 3630.53,
    "dma200" : 3542.56,
    "volume" : 27529.00
  }, {
    "date" : "2025-12-29",
    "price" : 3722.00,
    "dma50" : 3671.91,
    "dma100" : 3634.86,
    "dma200" : 3544.35,
    "volume" : 54754.00
  }, {
    "date" : "2025-12-30",
    "price" : 3710.40,
    "dma50" : 3673.42,
    "dma100" : 3638.02,
    "dma200" : 3546.00,
    "volume" : 33394.00
  }, {
    "date" : "2025-12-31",
    "price" : 3719.80,
    "dma50" : 3675.24,
    "dma100" : 3641.09,
    "dma200" : 3547.73,
    "volume" : 54855.00
  }, {
    "date" : "2026-01-01",
    "price" : 3820.60,
    "dma50" : 3680.94,
    "dma100" : 3645.44,
    "dma200" : 3550.45,
    "volume" : 239301.00
  }, {
    "date" : "2026-01-02",
    "price" : 3847.10,
    "dma50" : 3687.46,
    "dma100" : 3650.38,
    "dma200" : 3553.40,
    "volume" : 125186.00
  }, {
    "date" : "2026-01-05",
    "price" : 3962.10,
    "dma50" : 3698.23,
    "dma100" : 3656.48,
    "dma200" : 3557.46,
    "volume" : 174217.00
  }, {
    "date" : "2026-01-06",
    "price" : 3948.60,
    "dma50" : 3708.04,
    "dma100" : 3662.29,
    "dma200" : 3561.36,
    "volume" : 67761.00
  }, {
    "date" : "2026-01-07",
    "price" : 3890.10,
    "dma50" : 3715.18,
    "dma100" : 3667.40,
    "dma200" : 3564.63,
    "volume" : 70654.00
  }, {
    "date" : "2026-01-08",
    "price" : 3882.10,
    "dma50" : 3721.73,
    "dma100" : 3672.48,
    "dma200" : 3567.79,
    "volume" : 73921.00
  }, {
    "date" : "2026-01-09",
    "price" : 3818.40,
    "dma50" : 3725.52,
    "dma100" : 3676.65,
    "dma200" : 3570.28,
    "volume" : 34728.00
  }, {
    "date" : "2026-01-12",
    "price" : 3751.40,
    "dma50" : 3726.54,
    "dma100" : 3677.93,
    "dma200" : 3572.08,
    "volume" : 60497.00
  }, {
    "date" : "2026-01-13",
    "price" : 3722.60,
    "dma50" : 3726.38,
    "dma100" : 3679.16,
    "dma200" : 3573.58,
    "volume" : 52789.00
  }, {
    "date" : "2026-01-14",
    "price" : 3690.00,
    "dma50" : 3724.95,
    "dma100" : 3679.81,
    "dma200" : 3574.74,
    "volume" : 68187.00
  }, {
    "date" : "2026-01-16",
    "price" : 3678.40,
    "dma50" : 3723.13,
    "dma100" : 3680.84,
    "dma200" : 3575.77,
    "volume" : 108197.00
  }, {
    "date" : "2026-01-19",
    "price" : 3573.00,
    "dma50" : 3717.24,
    "dma100" : 3680.87,
    "dma200" : 3575.74,
    "volume" : 84160.00
  }, {
    "date" : "2026-01-20",
    "price" : 3506.20,
    "dma50" : 3708.97,
    "dma100" : 3680.25,
    "dma200" : 3575.05,
    "volume" : 239826.00
  }, {
    "date" : "2026-01-21",
    "price" : 3575.40,
    "dma50" : 3703.73,
    "dma100" : 3680.49,
    "dma200" : 3575.05,
    "volume" : 134350.00
  }, {
    "date" : "2026-01-22",
    "price" : 3553.30,
    "dma50" : 3697.83,
    "dma100" : 3681.27,
    "dma200" : 3574.84,
    "volume" : 64994.00
  }, {
    "date" : "2026-01-23",
    "price" : 3500.40,
    "dma50" : 3690.09,
    "dma100" : 3680.60,
    "dma200" : 3574.10,
    "volume" : 116118.00
  }, {
    "date" : "2026-01-27",
    "price" : 3468.80,
    "dma50" : 3681.41,
    "dma100" : 3678.84,
    "dma200" : 3573.05,
    "volume" : 68833.00
  }, {
    "date" : "2026-01-28",
    "price" : 3482.60,
    "dma50" : 3673.61,
    "dma100" : 3677.17,
    "dma200" : 3572.15,
    "volume" : 73156.00
  }, {
    "date" : "2026-01-29",
    "price" : 3292.30,
    "dma50" : 3658.66,
    "dma100" : 3673.31,
    "dma200" : 3569.36,
    "volume" : 172076.00
  }, {
    "date" : "2026-01-30",
    "price" : 3380.80,
    "dma50" : 3647.76,
    "dma100" : 3670.79,
    "dma200" : 3567.49,
    "volume" : 145962.00
  }, {
    "date" : "2026-02-01",
    "price" : 3489.20,
    "dma50" : 3641.54,
    "dma100" : 3668.78,
    "dma200" : 3566.71,
    "volume" : 110158.00
  }, {
    "date" : "2026-02-02",
    "price" : 3501.30,
    "dma50" : 3636.04,
    "dma100" : 3666.07,
    "dma200" : 3566.06,
    "volume" : 95125.00
  }, {
    "date" : "2026-02-03",
    "price" : 3600.80,
    "dma50" : 3634.66,
    "dma100" : 3664.40,
    "dma200" : 3566.40,
    "volume" : 437264.00
  }, {
    "date" : "2026-02-04",
    "price" : 3599.80,
    "dma50" : 3633.29,
    "dma100" : 3663.62,
    "dma200" : 3566.74,
    "volume" : 311226.00
  }, {
    "date" : "2026-02-05",
    "price" : 3714.10,
    "dma50" : 3636.46,
    "dma100" : 3663.78,
    "dma200" : 3568.20,
    "volume" : 173855.00
  }, {
    "date" : "2026-02-06",
    "price" : 3763.70,
    "dma50" : 3641.45,
    "dma100" : 3664.53,
    "dma200" : 3570.15,
    "volume" : 101072.00
  }, {
    "date" : "2026-02-09",
    "price" : 3777.60,
    "dma50" : 3646.79,
    "dma100" : 3665.87,
    "dma200" : 3572.21,
    "volume" : 98099.00
  }, {
    "date" : "2026-02-10",
    "price" : 3823.60,
    "dma50" : 3653.73,
    "dma100" : 3667.40,
    "dma200" : 3574.71,
    "volume" : 344831.00
  }, {
    "date" : "2026-02-11",
    "price" : 3695.00,
    "dma50" : 3655.34,
    "dma100" : 3667.73,
    "dma200" : 3575.91,
    "volume" : 236908.00
  }, {
    "date" : "2026-02-12",
    "price" : 3635.80,
    "dma50" : 3654.58,
    "dma100" : 3666.14,
    "dma200" : 3576.51,
    "volume" : 161990.00
  }, {
    "date" : "2026-02-13",
    "price" : 3586.60,
    "dma50" : 3651.91,
    "dma100" : 3665.13,
    "dma200" : 3576.61,
    "volume" : 181393.00
  }, {
    "date" : "2026-02-16",
    "price" : 3521.00,
    "dma50" : 3646.78,
    "dma100" : 3663.77,
    "dma200" : 3576.05,
    "volume" : 88129.00
  }, {
    "date" : "2026-02-17",
    "price" : 3505.20,
    "dma50" : 3641.23,
    "dma100" : 3661.43,
    "dma200" : 3575.35,
    "volume" : 173071.00
  }, {
    "date" : "2026-02-18",
    "price" : 3547.20,
    "dma50" : 3637.54,
    "dma100" : 3659.92,
    "dma200" : 3575.07,
    "volume" : 102793.00
  }, {
    "date" : "2026-02-19",
    "price" : 3460.50,
    "dma50" : 3630.60,
    "dma100" : 3658.49,
    "dma200" : 3573.93,
    "volume" : 84250.00
  } ],
  "latestTechnicalAttributes" : {
    "date" : "2026-02-19",
    "price" : 3460.50,
    "dma50" : 3630.60,
    "dma100" : 3658.49,
    "dma200" : 3573.93,
    "volume" : 84250.00
  },
  "quarterlyResults" : [ {
    "date" : "2005-03-31",
    "sales" : 231.99,
    "salesGrowthYoY" : null,
    "grossProfitMargin" : 27.58,
    "grossProfit" : 63.98,
    "operatingProfitMargin" : -11.78,
    "operatingProfit" : -27.33,
    "netProfitMargin" : -20.80,
    "netProfit" : -48.25
  }, {
    "date" : "2005-06-30",
    "sales" : 245.58,
    "salesGrowthYoY" : null,
    "grossProfitMargin" : 30.00,
    "grossProfit" : 73.67,
    "operatingProfitMargin" : -12.24,
    "operatingProfit" : -30.06,
    "netProfitMargin" : -22.14,
    "netProfit" : -54.37
  }, {
    "date" : "2005-09-30",
    "sales" : 175.83,
    "salesGrowthYoY" : null,
    "grossProfitMargin" : 38.35,
    "grossProfit" : 67.43,
    "operatingProfitMargin" : -2.20,
    "operatingProfit" : -3.87,
    "netProfitMargin" : 184.38,
    "netProfit" : 324.20
  }, {
    "date" : "2005-12-31",
    "sales" : 325.88,
    "salesGrowthYoY" : null,
    "grossProfitMargin" : 30.74,
    "grossProfit" : 100.18,
    "operatingProfitMargin" : 4.04,
    "operatingProfit" : 13.17,
    "netProfitMargin" : 0.90,
    "netProfit" : 2.93
  }, {
    "date" : "2006-03-31",
    "sales" : 435.51,
    "salesGrowthYoY" : 87.73,
    "grossProfitMargin" : 29.52,
    "grossProfit" : 128.56,
    "operatingProfitMargin" : 7.86,
    "operatingProfit" : 34.23,
    "netProfitMargin" : -6.98,
    "netProfit" : -30.40
  }, {
    "date" : "2006-06-30",
    "sales" : 478.50,
    "salesGrowthYoY" : 94.84,
    "grossProfitMargin" : 29.96,
    "grossProfit" : 143.36,
    "operatingProfitMargin" : 8.00,
    "operatingProfit" : 38.28,
    "netProfitMargin" : 0.33,
    "netProfit" : 1.58
  }, {
    "date" : "2006-09-30",
    "sales" : 532.08,
    "salesGrowthYoY" : 202.61,
    "grossProfitMargin" : 26.12,
    "grossProfit" : 138.98,
    "operatingProfitMargin" : 3.07,
    "operatingProfit" : 16.33,
    "netProfitMargin" : 9.96,
    "netProfit" : 53.00
  }, {
    "date" : "2006-12-31",
    "sales" : 517.82,
    "salesGrowthYoY" : 58.90,
    "grossProfitMargin" : 26.60,
    "grossProfit" : 137.74,
    "operatingProfitMargin" : 5.00,
    "operatingProfit" : 25.89,
    "netProfitMargin" : -0.59,
    "netProfit" : -3.06
  }, {
    "date" : "2007-03-31",
    "sales" : 573.64,
    "salesGrowthYoY" : 31.72,
    "grossProfitMargin" : 28.28,
    "grossProfit" : 162.23,
    "operatingProfitMargin" : 7.77,
    "operatingProfit" : 44.57,
    "netProfitMargin" : 1.17,
    "netProfit" : 6.71
  }, {
    "date" : "2007-06-30",
    "sales" : 515.50,
    "salesGrowthYoY" : 7.73,
    "grossProfitMargin" : 28.80,
    "grossProfit" : 148.46,
    "operatingProfitMargin" : 3.39,
    "operatingProfit" : 17.48,
    "netProfitMargin" : -1.21,
    "netProfit" : -6.24
  }, {
    "date" : "2007-09-30",
    "sales" : 495.17,
    "salesGrowthYoY" : -6.94,
    "grossProfitMargin" : 28.07,
    "grossProfit" : 138.99,
    "operatingProfitMargin" : 2.46,
    "operatingProfit" : 12.18,
    "netProfitMargin" : 0.29,
    "netProfit" : 1.44
  }, {
    "date" : "2007-12-31",
    "sales" : 431.98,
    "salesGrowthYoY" : -16.58,
    "grossProfitMargin" : 30.00,
    "grossProfit" : 129.59,
    "operatingProfitMargin" : 4.78,
    "operatingProfit" : 20.65,
    "netProfitMargin" : -1.06,
    "netProfit" : -4.58
  }, {
    "date" : "2008-03-31",
    "sales" : 531.47,
    "salesGrowthYoY" : -7.35,
    "grossProfitMargin" : 29.83,
    "grossProfit" : 158.54,
    "operatingProfitMargin" : 8.65,
    "operatingProfit" : 45.97,
    "netProfitMargin" : 1.83,
    "netProfit" : 9.73
  }, {
    "date" : "2008-06-30",
    "sales" : 542.80,
    "salesGrowthYoY" : 5.30,
    "grossProfitMargin" : 28.29,
    "grossProfit" : 153.56,
    "operatingProfitMargin" : 7.55,
    "operatingProfit" : 40.98,
    "netProfitMargin" : 1.73,
    "netProfit" : 9.39
  }, {
    "date" : "2008-09-30",
    "sales" : 545.26,
    "salesGrowthYoY" : 10.12,
    "grossProfitMargin" : 29.53,
    "grossProfit" : 161.02,
    "operatingProfitMargin" : 7.92,
    "operatingProfit" : 43.18,
    "netProfitMargin" : 1.92,
    "netProfit" : 10.47
  }, {
    "date" : "2008-12-31",
    "sales" : 501.62,
    "salesGrowthYoY" : 16.12,
    "grossProfitMargin" : 30.57,
    "grossProfit" : 153.35,
    "operatingProfitMargin" : 5.92,
    "operatingProfit" : 29.70,
    "netProfitMargin" : -0.07,
    "netProfit" : -0.35
  }, {
    "date" : "2009-03-31",
    "sales" : 491.62,
    "salesGrowthYoY" : -7.50,
    "grossProfitMargin" : 33.05,
    "grossProfit" : 162.48,
    "operatingProfitMargin" : 7.30,
    "operatingProfit" : 35.89,
    "netProfitMargin" : 1.18,
    "netProfit" : 5.80
  }, {
    "date" : "2009-06-30",
    "sales" : 583.32,
    "salesGrowthYoY" : 7.46,
    "grossProfitMargin" : 34.57,
    "grossProfit" : 201.65,
    "operatingProfitMargin" : 10.83,
    "operatingProfit" : 63.17,
    "netProfitMargin" : 3.81,
    "netProfit" : 22.22
  }, {
    "date" : "2009-09-30",
    "sales" : 611.34,
    "salesGrowthYoY" : 12.12,
    "grossProfitMargin" : 37.40,
    "grossProfit" : 228.64,
    "operatingProfitMargin" : 12.60,
    "operatingProfit" : 77.03,
    "netProfitMargin" : 9.82,
    "netProfit" : 60.03
  }, {
    "date" : "2009-12-31",
    "sales" : 603.86,
    "salesGrowthYoY" : 20.38,
    "grossProfitMargin" : 32.58,
    "grossProfit" : 196.74,
    "operatingProfitMargin" : 8.59,
    "operatingProfit" : 51.87,
    "netProfitMargin" : 3.88,
    "netProfit" : 23.43
  }, {
    "date" : "2010-03-31",
    "sales" : 675.56,
    "salesGrowthYoY" : 37.42,
    "grossProfitMargin" : 33.45,
    "grossProfit" : 225.97,
    "operatingProfitMargin" : 9.78,
    "operatingProfit" : 66.07,
    "netProfitMargin" : 6.48,
    "netProfit" : 43.78
  }, {
    "date" : "2010-06-30",
    "sales" : 810.85,
    "salesGrowthYoY" : 39.01,
    "grossProfitMargin" : 32.05,
    "grossProfit" : 259.88,
    "operatingProfitMargin" : 9.66,
    "operatingProfit" : 78.33,
    "netProfitMargin" : 5.71,
    "netProfit" : 46.30
  }, {
    "date" : "2010-09-30",
    "sales" : 674.39,
    "salesGrowthYoY" : 10.31,
    "grossProfitMargin" : 32.53,
    "grossProfit" : 219.38,
    "operatingProfitMargin" : 5.70,
    "operatingProfit" : 38.44,
    "netProfitMargin" : 3.98,
    "netProfit" : 26.84
  }, {
    "date" : "2010-12-31",
    "sales" : 837.74,
    "salesGrowthYoY" : 38.73,
    "grossProfitMargin" : 27.88,
    "grossProfit" : 233.56,
    "operatingProfitMargin" : 5.23,
    "operatingProfit" : 43.81,
    "netProfitMargin" : 2.98,
    "netProfit" : 24.96
  }, {
    "date" : "2011-03-31",
    "sales" : 897.18,
    "salesGrowthYoY" : 32.81,
    "grossProfitMargin" : 28.89,
    "grossProfit" : 259.20,
    "operatingProfitMargin" : 5.24,
    "operatingProfit" : 47.01,
    "netProfitMargin" : 7.68,
    "netProfit" : 68.90
  }, {
    "date" : "2011-06-30",
    "sales" : 735.66,
    "salesGrowthYoY" : -9.27,
    "grossProfitMargin" : 28.34,
    "grossProfit" : 208.49,
    "operatingProfitMargin" : 4.27,
    "operatingProfit" : 31.41,
    "netProfitMargin" : 1.74,
    "netProfit" : 12.80
  }, {
    "date" : "2011-09-30",
    "sales" : 768.68,
    "salesGrowthYoY" : 13.98,
    "grossProfitMargin" : 28.97,
    "grossProfit" : 222.69,
    "operatingProfitMargin" : 3.28,
    "operatingProfit" : 25.21,
    "netProfitMargin" : 1.08,
    "netProfit" : 8.30
  }, {
    "date" : "2011-12-31",
    "sales" : 1025.96,
    "salesGrowthYoY" : 22.47,
    "grossProfitMargin" : 25.30,
    "grossProfit" : 259.57,
    "operatingProfitMargin" : 2.97,
    "operatingProfit" : 30.47,
    "netProfitMargin" : 0.80,
    "netProfit" : 8.21
  }, {
    "date" : "2012-03-31",
    "sales" : 1030.74,
    "salesGrowthYoY" : 14.89,
    "grossProfitMargin" : 27.63,
    "grossProfit" : 284.79,
    "operatingProfitMargin" : 4.96,
    "operatingProfit" : 51.12,
    "netProfitMargin" : 2.22,
    "netProfit" : 22.88
  }, {
    "date" : "2012-06-30",
    "sales" : 1013.77,
    "salesGrowthYoY" : 37.80,
    "grossProfitMargin" : 26.82,
    "grossProfit" : 271.89,
    "operatingProfitMargin" : 5.33,
    "operatingProfit" : 54.03,
    "netProfitMargin" : 1.83,
    "netProfit" : 18.55
  }, {
    "date" : "2012-09-30",
    "sales" : 823.40,
    "salesGrowthYoY" : 7.12,
    "grossProfitMargin" : 28.30,
    "grossProfit" : 233.02,
    "operatingProfitMargin" : 5.66,
    "operatingProfit" : 46.60,
    "netProfitMargin" : 2.23,
    "netProfit" : 18.36
  }, {
    "date" : "2012-12-31",
    "sales" : 1028.18,
    "salesGrowthYoY" : 0.22,
    "grossProfitMargin" : 27.53,
    "grossProfit" : 283.06,
    "operatingProfitMargin" : 5.15,
    "operatingProfit" : 52.95,
    "netProfitMargin" : 2.81,
    "netProfit" : 28.89
  }, {
    "date" : "2013-03-31",
    "sales" : 1000.64,
    "salesGrowthYoY" : -2.92,
    "grossProfitMargin" : 27.80,
    "grossProfit" : 278.18,
    "operatingProfitMargin" : 5.42,
    "operatingProfit" : 54.23,
    "netProfitMargin" : 3.67,
    "netProfit" : 36.72
  }, {
    "date" : "2013-06-30",
    "sales" : 1175.93,
    "salesGrowthYoY" : 16.00,
    "grossProfitMargin" : 28.28,
    "grossProfit" : 332.55,
    "operatingProfitMargin" : 7.89,
    "operatingProfit" : 92.78,
    "netProfitMargin" : 5.01,
    "netProfit" : 58.91
  }, {
    "date" : "2013-09-30",
    "sales" : 944.25,
    "salesGrowthYoY" : 14.68,
    "grossProfitMargin" : 30.93,
    "grossProfit" : 292.06,
    "operatingProfitMargin" : 6.83,
    "operatingProfit" : 64.49,
    "netProfitMargin" : 4.61,
    "netProfit" : 43.53
  }, {
    "date" : "2013-12-31",
    "sales" : 1159.59,
    "salesGrowthYoY" : 12.78,
    "grossProfitMargin" : 27.56,
    "grossProfit" : 319.58,
    "operatingProfitMargin" : 6.12,
    "operatingProfit" : 70.97,
    "netProfitMargin" : 3.93,
    "netProfit" : 45.57
  }, {
    "date" : "2014-03-31",
    "sales" : 982.91,
    "salesGrowthYoY" : -1.77,
    "grossProfitMargin" : 28.04,
    "grossProfit" : 275.61,
    "operatingProfitMargin" : 4.66,
    "operatingProfit" : 45.80,
    "netProfitMargin" : 2.79,
    "netProfit" : 27.42
  }, {
    "date" : "2014-06-30",
    "sales" : 1129.11,
    "salesGrowthYoY" : -3.98,
    "grossProfitMargin" : 27.85,
    "grossProfit" : 314.46,
    "operatingProfitMargin" : 5.04,
    "operatingProfit" : 56.91,
    "netProfitMargin" : 3.01,
    "netProfit" : 33.99
  }, {
    "date" : "2014-09-30",
    "sales" : 992.63,
    "salesGrowthYoY" : 5.12,
    "grossProfitMargin" : 28.88,
    "grossProfit" : 286.67,
    "operatingProfitMargin" : 3.38,
    "operatingProfit" : 33.55,
    "netProfitMargin" : 2.36,
    "netProfit" : 23.43
  }, {
    "date" : "2014-12-31",
    "sales" : 1046.38,
    "salesGrowthYoY" : -9.76,
    "grossProfitMargin" : 28.46,
    "grossProfit" : 297.80,
    "operatingProfitMargin" : 4.68,
    "operatingProfit" : 48.97,
    "netProfitMargin" : 3.37,
    "netProfit" : 35.26
  }, {
    "date" : "2015-03-31",
    "sales" : 817.71,
    "salesGrowthYoY" : -16.81,
    "grossProfitMargin" : 29.13,
    "grossProfit" : 238.20,
    "operatingProfitMargin" : 2.69,
    "operatingProfit" : 22.00,
    "netProfitMargin" : 1.54,
    "netProfit" : 12.59
  }, {
    "date" : "2015-06-30",
    "sales" : 961.45,
    "salesGrowthYoY" : -14.85,
    "grossProfitMargin" : 29.65,
    "grossProfit" : 285.07,
    "operatingProfitMargin" : 5.99,
    "operatingProfit" : 57.59,
    "netProfitMargin" : 3.66,
    "netProfit" : 35.19
  }, {
    "date" : "2015-09-30",
    "sales" : 818.04,
    "salesGrowthYoY" : -17.59,
    "grossProfitMargin" : 30.90,
    "grossProfit" : 252.77,
    "operatingProfitMargin" : 3.18,
    "operatingProfit" : 26.01,
    "netProfitMargin" : 1.33,
    "netProfit" : 10.88
  }, {
    "date" : "2015-12-31",
    "sales" : 891.33,
    "salesGrowthYoY" : -14.82,
    "grossProfitMargin" : 29.86,
    "grossProfit" : 266.15,
    "operatingProfitMargin" : 3.99,
    "operatingProfit" : 35.56,
    "netProfitMargin" : 2.30,
    "netProfit" : 20.50
  }, {
    "date" : "2016-03-31",
    "sales" : 788.55,
    "salesGrowthYoY" : -3.57,
    "grossProfitMargin" : 31.23,
    "grossProfit" : 246.26,
    "operatingProfitMargin" : 5.15,
    "operatingProfit" : 40.61,
    "netProfitMargin" : 3.65,
    "netProfit" : 28.78
  }, {
    "date" : "2016-06-30",
    "sales" : 1031.35,
    "salesGrowthYoY" : 7.27,
    "grossProfitMargin" : 32.06,
    "grossProfit" : 330.65,
    "operatingProfitMargin" : 8.36,
    "operatingProfit" : 86.22,
    "netProfitMargin" : 4.95,
    "netProfit" : 51.05
  }, {
    "date" : "2016-09-30",
    "sales" : 965.19,
    "salesGrowthYoY" : 17.99,
    "grossProfitMargin" : 32.57,
    "grossProfit" : 314.36,
    "operatingProfitMargin" : 6.36,
    "operatingProfit" : 61.39,
    "netProfitMargin" : 3.48,
    "netProfit" : 33.59
  }, {
    "date" : "2016-12-31",
    "sales" : 1074.30,
    "salesGrowthYoY" : 20.53,
    "grossProfitMargin" : 31.24,
    "grossProfit" : 335.61,
    "operatingProfitMargin" : 5.64,
    "operatingProfit" : 60.59,
    "netProfitMargin" : 2.22,
    "netProfit" : 23.85
  }, {
    "date" : "2017-03-31",
    "sales" : 1022.31,
    "salesGrowthYoY" : 29.64,
    "grossProfitMargin" : 31.31,
    "grossProfit" : 320.09,
    "operatingProfitMargin" : 7.27,
    "operatingProfit" : 74.32,
    "netProfitMargin" : 4.75,
    "netProfit" : 48.56
  }, {
    "date" : "2017-06-30",
    "sales" : 1142.30,
    "salesGrowthYoY" : 10.76,
    "grossProfitMargin" : 31.70,
    "grossProfit" : 362.11,
    "operatingProfitMargin" : 8.54,
    "operatingProfit" : 97.55,
    "netProfitMargin" : 5.48,
    "netProfit" : 62.60
  }, {
    "date" : "2017-09-30",
    "sales" : 1211.69,
    "salesGrowthYoY" : 25.54,
    "grossProfitMargin" : 33.31,
    "grossProfit" : 403.61,
    "operatingProfitMargin" : 11.63,
    "operatingProfit" : 140.92,
    "netProfitMargin" : 6.78,
    "netProfit" : 82.15
  }, {
    "date" : "2017-12-31",
    "sales" : 1205.03,
    "salesGrowthYoY" : 12.17,
    "grossProfitMargin" : 33.46,
    "grossProfit" : 403.20,
    "operatingProfitMargin" : 12.03,
    "operatingProfit" : 144.97,
    "netProfitMargin" : 7.63,
    "netProfit" : 91.94
  }, {
    "date" : "2018-03-31",
    "sales" : 1436.10,
    "salesGrowthYoY" : 40.48,
    "grossProfitMargin" : 32.07,
    "grossProfit" : 460.56,
    "operatingProfitMargin" : 12.10,
    "operatingProfit" : 173.77,
    "netProfitMargin" : 7.84,
    "netProfit" : 112.59
  }, {
    "date" : "2018-06-30",
    "sales" : 1511.29,
    "salesGrowthYoY" : 32.30,
    "grossProfitMargin" : 32.38,
    "grossProfit" : 489.36,
    "operatingProfitMargin" : 12.28,
    "operatingProfit" : 185.59,
    "netProfitMargin" : 7.99,
    "netProfit" : 120.75
  }, {
    "date" : "2018-09-30",
    "sales" : 1398.36,
    "salesGrowthYoY" : 15.41,
    "grossProfitMargin" : 32.43,
    "grossProfit" : 453.49,
    "operatingProfitMargin" : 11.26,
    "operatingProfit" : 157.46,
    "netProfitMargin" : 7.35,
    "netProfit" : 102.78
  }, {
    "date" : "2018-12-31",
    "sales" : 1655.06,
    "salesGrowthYoY" : 37.35,
    "grossProfitMargin" : 30.44,
    "grossProfit" : 503.80,
    "operatingProfitMargin" : 12.11,
    "operatingProfit" : 200.43,
    "netProfitMargin" : 8.03,
    "netProfit" : 132.90
  }, {
    "date" : "2019-03-31",
    "sales" : 1631.66,
    "salesGrowthYoY" : 13.62,
    "grossProfitMargin" : 31.19,
    "grossProfit" : 508.91,
    "operatingProfitMargin" : 11.63,
    "operatingProfit" : 189.76,
    "netProfitMargin" : 7.44,
    "netProfit" : 121.40
  }, {
    "date" : "2019-06-30",
    "sales" : 1422.97,
    "salesGrowthYoY" : -5.84,
    "grossProfitMargin" : 31.01,
    "grossProfit" : 441.26,
    "operatingProfitMargin" : 10.01,
    "operatingProfit" : 142.44,
    "netProfitMargin" : 6.15,
    "netProfit" : 87.51
  }, {
    "date" : "2019-09-30",
    "sales" : 1323.86,
    "salesGrowthYoY" : -5.33,
    "grossProfitMargin" : 32.99,
    "grossProfit" : 436.74,
    "operatingProfitMargin" : 9.57,
    "operatingProfit" : 126.69,
    "netProfitMargin" : 8.48,
    "netProfit" : 112.26
  }, {
    "date" : "2019-12-31",
    "sales" : 1633.44,
    "salesGrowthYoY" : -1.31,
    "grossProfitMargin" : 33.17,
    "grossProfit" : 541.81,
    "operatingProfitMargin" : 12.99,
    "operatingProfit" : 212.18,
    "netProfitMargin" : 9.37,
    "netProfit" : 153.05
  }, {
    "date" : "2020-03-31",
    "sales" : 1380.68,
    "salesGrowthYoY" : -15.38,
    "grossProfitMargin" : 37.77,
    "grossProfit" : 521.48,
    "operatingProfitMargin" : 14.08,
    "operatingProfit" : 194.40,
    "netProfitMargin" : 10.17,
    "netProfit" : 140.42
  }, {
    "date" : "2020-06-30",
    "sales" : 1061.63,
    "salesGrowthYoY" : -25.39,
    "grossProfitMargin" : 32.86,
    "grossProfit" : 348.85,
    "operatingProfitMargin" : 11.27,
    "operatingProfit" : 119.65,
    "netProfitMargin" : 8.68,
    "netProfit" : 92.15
  }, {
    "date" : "2020-09-30",
    "sales" : 1639.70,
    "salesGrowthYoY" : 23.86,
    "grossProfitMargin" : 36.44,
    "grossProfit" : 597.51,
    "operatingProfitMargin" : 18.35,
    "operatingProfit" : 300.88,
    "netProfitMargin" : 14.02,
    "netProfit" : 229.89
  }, {
    "date" : "2020-12-31",
    "sales" : 2017.43,
    "salesGrowthYoY" : 23.51,
    "grossProfitMargin" : 34.35,
    "grossProfit" : 692.99,
    "operatingProfitMargin" : 18.05,
    "operatingProfit" : 364.15,
    "netProfitMargin" : 13.91,
    "netProfit" : 280.62
  }, {
    "date" : "2021-03-31",
    "sales" : 2210.53,
    "salesGrowthYoY" : 60.10,
    "grossProfitMargin" : 31.50,
    "grossProfit" : 696.32,
    "operatingProfitMargin" : 15.59,
    "operatingProfit" : 344.62,
    "netProfitMargin" : 12.27,
    "netProfit" : 271.23
  }, {
    "date" : "2021-06-30",
    "sales" : 1677.02,
    "salesGrowthYoY" : 57.97,
    "grossProfitMargin" : 31.96,
    "grossProfit" : 535.98,
    "operatingProfitMargin" : 14.24,
    "operatingProfit" : 238.81,
    "netProfitMargin" : 11.04,
    "netProfit" : 185.14
  }, {
    "date" : "2021-09-30",
    "sales" : 1678.81,
    "salesGrowthYoY" : 2.39,
    "grossProfitMargin" : 34.11,
    "grossProfit" : 572.64,
    "operatingProfitMargin" : 13.50,
    "operatingProfit" : 226.64,
    "netProfitMargin" : 10.53,
    "netProfit" : 176.78
  }, {
    "date" : "2021-12-31",
    "sales" : 1971.50,
    "salesGrowthYoY" : -2.28,
    "grossProfitMargin" : 30.27,
    "grossProfit" : 596.77,
    "operatingProfitMargin" : 14.13,
    "operatingProfit" : 278.57,
    "netProfitMargin" : 10.22,
    "netProfit" : 201.49
  }, {
    "date" : "2022-03-31",
    "sales" : 1869.57,
    "salesGrowthYoY" : -15.42,
    "grossProfitMargin" : 29.89,
    "grossProfit" : 558.81,
    "operatingProfitMargin" : 13.45,
    "operatingProfit" : 251.46,
    "netProfitMargin" : 10.81,
    "netProfit" : 202.10
  }, {
    "date" : "2022-06-30",
    "sales" : 2014.85,
    "salesGrowthYoY" : 20.14,
    "grossProfitMargin" : 27.81,
    "grossProfit" : 560.33,
    "operatingProfitMargin" : 10.01,
    "operatingProfit" : 201.69,
    "netProfitMargin" : 7.32,
    "netProfit" : 147.49
  }, {
    "date" : "2022-09-30",
    "sales" : 1883.48,
    "salesGrowthYoY" : 12.19,
    "grossProfitMargin" : 27.59,
    "grossProfit" : 519.65,
    "operatingProfitMargin" : 8.11,
    "operatingProfit" : 152.75,
    "netProfitMargin" : 7.12,
    "netProfit" : 134.10
  }, {
    "date" : "2022-12-31",
    "sales" : 2263.67,
    "salesGrowthYoY" : 14.82,
    "grossProfitMargin" : 25.47,
    "grossProfit" : 576.56,
    "operatingProfitMargin" : 8.41,
    "operatingProfit" : 190.37,
    "netProfitMargin" : 8.23,
    "netProfit" : 186.30
  }, {
    "date" : "2023-03-31",
    "sales" : 2182.95,
    "salesGrowthYoY" : 16.76,
    "grossProfitMargin" : 28.47,
    "grossProfit" : 621.49,
    "operatingProfitMargin" : 10.80,
    "operatingProfit" : 235.76,
    "netProfitMargin" : 9.34,
    "netProfit" : 203.89
  }, {
    "date" : "2023-06-30",
    "sales" : 2327.74,
    "salesGrowthYoY" : 15.53,
    "grossProfitMargin" : 30.18,
    "grossProfit" : 702.51,
    "operatingProfitMargin" : 14.05,
    "operatingProfit" : 327.05,
    "netProfitMargin" : 12.15,
    "netProfit" : 282.82
  }, {
    "date" : "2023-09-30",
    "sales" : 2464.58,
    "salesGrowthYoY" : 30.85,
    "grossProfitMargin" : 30.08,
    "grossProfit" : 741.35,
    "operatingProfitMargin" : 10.82,
    "operatingProfit" : 266.67,
    "netProfitMargin" : 8.66,
    "netProfit" : 213.43
  }, {
    "date" : "2023-12-31",
    "sales" : 2706.35,
    "salesGrowthYoY" : 19.56,
    "grossProfitMargin" : 27.52,
    "grossProfit" : 744.79,
    "operatingProfitMargin" : 11.97,
    "operatingProfit" : 323.95,
    "netProfitMargin" : 9.97,
    "netProfit" : 269.82
  }, {
    "date" : "2024-03-31",
    "sales" : 2289.61,
    "salesGrowthYoY" : 4.89,
    "grossProfitMargin" : 31.13,
    "grossProfit" : 712.76,
    "operatingProfitMargin" : 12.71,
    "operatingProfit" : 291.01,
    "netProfitMargin" : 10.85,
    "netProfit" : 248.42
  }, {
    "date" : "2024-06-30",
    "sales" : 2556.31,
    "salesGrowthYoY" : 9.82,
    "grossProfitMargin" : 29.22,
    "grossProfit" : 746.95,
    "operatingProfitMargin" : 12.40,
    "operatingProfit" : 316.98,
    "netProfitMargin" : 10.41,
    "netProfit" : 266.11
  }, {
    "date" : "2024-09-30",
    "sales" : 2264.92,
    "salesGrowthYoY" : -8.10,
    "grossProfitMargin" : 30.39,
    "grossProfit" : 688.31,
    "operatingProfitMargin" : 10.28,
    "operatingProfit" : 232.83,
    "netProfitMargin" : 13.36,
    "netProfit" : 302.59
  }, {
    "date" : "2024-12-31",
    "sales" : 2935.43,
    "salesGrowthYoY" : 8.46,
    "grossProfitMargin" : 26.95,
    "grossProfit" : 791.10,
    "operatingProfitMargin" : 11.42,
    "operatingProfit" : 335.23,
    "netProfitMargin" : 9.90,
    "netProfit" : 290.61
  }, {
    "date" : "2025-03-31",
    "sales" : 2430.30,
    "salesGrowthYoY" : 6.14,
    "grossProfitMargin" : 30.63,
    "grossProfit" : 744.40,
    "operatingProfitMargin" : 12.05,
    "operatingProfit" : 292.85,
    "netProfitMargin" : 11.70,
    "netProfit" : 284.35
  }, {
    "date" : "2025-06-30",
    "sales" : 2483.36,
    "salesGrowthYoY" : -2.85,
    "grossProfitMargin" : 30.87,
    "grossProfit" : 766.61,
    "operatingProfitMargin" : 13.09,
    "operatingProfit" : 325.07,
    "netProfitMargin" : 12.70,
    "netProfit" : 315.39
  }, {
    "date" : "2025-09-30",
    "sales" : 2777.42,
    "salesGrowthYoY" : 22.63,
    "grossProfitMargin" : 30.70,
    "grossProfit" : 852.67,
    "operatingProfitMargin" : 13.08,
    "operatingProfit" : 363.29,
    "netProfitMargin" : 11.56,
    "netProfit" : 321.07
  }, {
    "date" : "2025-12-31",
    "sales" : 3261.35,
    "salesGrowthYoY" : 11.10,
    "grossProfitMargin" : 28.96,
    "grossProfit" : 944.49,
    "operatingProfitMargin" : 13.45,
    "operatingProfit" : 438.65,
    "netProfitMargin" : 12.35,
    "netProfit" : 402.78
  } ],
  "latestQuarterlyResult" : {
    "date" : "2025-12-31",
    "sales" : 3261.35,
    "salesGrowthYoY" : 11.10,
    "grossProfitMargin" : 28.96,
    "grossProfit" : 944.49,
    "operatingProfitMargin" : 13.45,
    "operatingProfit" : 438.65,
    "netProfitMargin" : 12.35,
    "netProfit" : 402.78
  },
  "companyScore" : {
    "priceHigherThanDma50" : 0.00,
    "priceHigherThanDma100" : 0.00,
    "priceHigherThanDma200" : 0.00,
    "dma50HigherThanDma100" : 0.00,
    "dma50HigherThanDma200" : 5.00,
    "dma100HigherThanDma200" : 5.00,
    "pricePercentageAboveDma50" : 5.23,
    "pricePercentageAboveDma100" : 5.27,
    "pricePercentageAboveDma200" : 5.16,
    "weeklyVolumeHigherThanYearlyVolume" : 0.00,
    "salesGrowthPercentile" : 9.75,
    "operatingProfitMarginPercentile" : 18.10,
    "netProfitMarginPercentile" : 9.40,
    "totalTechnicalScore" : 25.66,
    "totalFundamentalScore" : 37.25,
    "totalScore" : 62.91
  }
}