{
  "metadata" : {
    "screenerCompanyId" : "979",
    "companyCode" : "EXCELINDUS",
    "companyName" : "Excel Industries",
    "screenerCompanyLink" : "https://www.screener.in/company/EXCELINDUS/consolidated/",
    "screenerTechnicalHistoryLink" : "https://www.screener.in/api/company/979/chart/?q=Price-DMA50-DMA200-Volume&days=365",
    "screenerQuarterlyResultsLink" : "https://www.screener.in/api/company/979/chart/?q=GPM-OPM-NPM-Quarter+Sales&days=10000",
    "attributes" : {
      "companyCode" : "EXCELINDUS",
      "companyName" : "Excel Industries",
      "marketCap" : 1188.00,
      "peRatio" : 15.70,
      "description" : "Excel Industries is engaged in manufacturing and selling of Chemicals, Pharma intermediates and Environmental products. [1]"
    },
    "companyScore" : {
      "priceHigherThanDma50" : 0.00,
      "priceHigherThanDma100" : 0.00,
      "priceHigherThanDma200" : 0.00,
      "dma50HigherThanDma100" : 0.00,
      "dma50HigherThanDma200" : 0.00,
      "dma100HigherThanDma200" : 0.00,
      "pricePercentageAboveDma50" : 5.03,
      "pricePercentageAboveDma100" : 5.28,
      "pricePercentageAboveDma200" : 5.55,
      "weeklyVolumeHigherThanYearlyVolume" : 0.00,
      "salesGrowthPercentile" : 13.50,
      "operatingProfitMarginPercentile" : 5.24,
      "netProfitMarginPercentile" : 4.03,
      "totalTechnicalScore" : 15.87,
      "totalFundamentalScore" : 22.77,
      "totalScore" : 38.63
    }
  },
  "attributes" : {
    "companyCode" : "EXCELINDUS",
    "companyName" : "Excel Industries",
    "marketCap" : 1188.00,
    "peRatio" : 15.70,
    "description" : "Excel Industries is engaged in manufacturing and selling of Chemicals, Pharma intermediates and Environmental products. [1]"
  },
  "technicalHistory" : [ {
    "date" : "2025-02-14",
    "price" : 922.50,
    "dma50" : 1265.51,
    "dma100" : null,
    "dma200" : 1287.99,
    "volume" : 20395.00
  }, {
    "date" : "2025-02-17",
    "price" : 870.75,
    "dma50" : 1250.03,
    "dma100" : null,
    "dma200" : 1283.83,
    "volume" : 25870.00
  }, {
    "date" : "2025-02-18",
    "price" : 875.65,
    "dma50" : 1235.35,
    "dma100" : null,
    "dma200" : 1279.77,
    "volume" : 16206.00
  }, {
    "date" : "2025-02-19",
    "price" : 904.55,
    "dma50" : 1222.38,
    "dma100" : null,
    "dma200" : 1276.04,
    "volume" : 8459.00
  }, {
    "date" : "2025-02-20",
    "price" : 899.80,
    "dma50" : 1209.73,
    "dma100" : null,
    "dma200" : 1272.30,
    "volume" : 13192.00
  }, {
    "date" : "2025-02-21",
    "price" : 881.65,
    "dma50" : 1196.86,
    "dma100" : null,
    "dma200" : 1268.41,
    "volume" : 11767.00
  }, {
    "date" : "2025-02-24",
    "price" : 866.50,
    "dma50" : 1183.90,
    "dma100" : null,
    "dma200" : 1264.41,
    "volume" : 10282.00
  }, {
    "date" : "2025-02-25",
    "price" : 852.90,
    "dma50" : 1170.92,
    "dma100" : null,
    "dma200" : 1260.31,
    "volume" : 8378.00
  }, {
    "date" : "2025-02-27",
    "price" : 875.65,
    "dma50" : 1159.34,
    "dma100" : null,
    "dma200" : 1256.49,
    "volume" : 19538.00
  }, {
    "date" : "2025-02-28",
    "price" : 868.80,
    "dma50" : 1147.95,
    "dma100" : null,
    "dma200" : 1252.63,
    "volume" : 12000.00
  }, {
    "date" : "2025-03-03",
    "price" : 834.85,
    "dma50" : 1135.67,
    "dma100" : null,
    "dma200" : 1248.47,
    "volume" : 27469.00
  }, {
    "date" : "2025-03-04",
    "price" : 903.60,
    "dma50" : 1126.57,
    "dma100" : null,
    "dma200" : 1245.04,
    "volume" : 27732.00
  }, {
    "date" : "2025-03-05",
    "price" : 962.15,
    "dma50" : 1120.12,
    "dma100" : null,
    "dma200" : 1242.23,
    "volume" : 24722.00
  }, {
    "date" : "2025-03-06",
    "price" : 959.85,
    "dma50" : 1113.84,
    "dma100" : null,
    "dma200" : 1239.42,
    "volume" : 19508.00
  }, {
    "date" : "2025-03-07",
    "price" : 950.65,
    "dma50" : 1107.44,
    "dma100" : null,
    "dma200" : 1236.54,
    "volume" : 9391.00
  }, {
    "date" : "2025-03-10",
    "price" : 908.85,
    "dma50" : 1099.65,
    "dma100" : null,
    "dma200" : 1233.28,
    "volume" : 13806.00
  }, {
    "date" : "2025-03-11",
    "price" : 912.20,
    "dma50" : 1092.30,
    "dma100" : null,
    "dma200" : 1230.09,
    "volume" : 13730.00
  }, {
    "date" : "2025-03-12",
    "price" : 896.95,
    "dma50" : 1084.64,
    "dma100" : null,
    "dma200" : 1226.77,
    "volume" : 12453.00
  }, {
    "date" : "2025-03-13",
    "price" : 905.85,
    "dma50" : 1077.63,
    "dma100" : null,
    "dma200" : 1223.58,
    "volume" : 16935.00
  }, {
    "date" : "2025-03-17",
    "price" : 875.35,
    "dma50" : 1069.70,
    "dma100" : null,
    "dma200" : 1220.11,
    "volume" : 51247.00
  }, {
    "date" : "2025-03-18",
    "price" : 888.10,
    "dma50" : 1062.57,
    "dma100" : null,
    "dma200" : 1216.81,
    "volume" : 27718.00
  }, {
    "date" : "2025-03-19",
    "price" : 885.95,
    "dma50" : 1055.65,
    "dma100" : null,
    "dma200" : 1213.52,
    "volume" : 53446.00
  }, {
    "date" : "2025-03-20",
    "price" : 887.90,
    "dma50" : 1049.07,
    "dma100" : null,
    "dma200" : 1210.28,
    "volume" : 41906.00
  }, {
    "date" : "2025-03-21",
    "price" : 939.60,
    "dma50" : 1044.78,
    "dma100" : null,
    "dma200" : 1207.59,
    "volume" : 51452.00
  }, {
    "date" : "2025-03-24",
    "price" : 961.25,
    "dma50" : 1041.50,
    "dma100" : null,
    "dma200" : 1205.13,
    "volume" : 34869.00
  }, {
    "date" : "2025-03-25",
    "price" : 927.60,
    "dma50" : 1037.03,
    "dma100" : null,
    "dma200" : 1202.37,
    "volume" : 21853.00
  }, {
    "date" : "2025-03-26",
    "price" : 948.20,
    "dma50" : 1033.55,
    "dma100" : null,
    "dma200" : 1199.84,
    "volume" : 33423.00
  }, {
    "date" : "2025-03-27",
    "price" : 966.85,
    "dma50" : 1030.93,
    "dma100" : null,
    "dma200" : 1197.53,
    "volume" : 46828.00
  }, {
    "date" : "2025-03-28",
    "price" : 970.35,
    "dma50" : 1028.56,
    "dma100" : null,
    "dma200" : 1195.26,
    "volume" : 24410.00
  }, {
    "date" : "2025-04-01",
    "price" : 987.45,
    "dma50" : 1026.95,
    "dma100" : null,
    "dma200" : 1193.20,
    "volume" : 21611.00
  }, {
    "date" : "2025-04-02",
    "price" : 1036.95,
    "dma50" : 1027.34,
    "dma100" : null,
    "dma200" : 1191.64,
    "volume" : 36184.00
  }, {
    "date" : "2025-04-03",
    "price" : 1017.90,
    "dma50" : 1026.97,
    "dma100" : null,
    "dma200" : 1189.91,
    "volume" : 13980.00
  }, {
    "date" : "2025-04-04",
    "price" : 1077.20,
    "dma50" : 1028.94,
    "dma100" : null,
    "dma200" : 1188.79,
    "volume" : 48590.00
  }, {
    "date" : "2025-04-07",
    "price" : 1030.70,
    "dma50" : 1029.01,
    "dma100" : null,
    "dma200" : 1187.22,
    "volume" : 27753.00
  }, {
    "date" : "2025-04-08",
    "price" : 1035.10,
    "dma50" : 1029.25,
    "dma100" : null,
    "dma200" : 1185.71,
    "volume" : 12190.00
  }, {
    "date" : "2025-04-09",
    "price" : 1017.85,
    "dma50" : 1028.80,
    "dma100" : null,
    "dma200" : 1184.04,
    "volume" : 13351.00
  }, {
    "date" : "2025-04-11",
    "price" : 1044.60,
    "dma50" : 1029.42,
    "dma100" : null,
    "dma200" : 1182.65,
    "volume" : 9088.00
  }, {
    "date" : "2025-04-15",
    "price" : 1051.50,
    "dma50" : 1030.29,
    "dma100" : null,
    "dma200" : 1181.34,
    "volume" : 6714.00
  }, {
    "date" : "2025-04-16",
    "price" : 1063.30,
    "dma50" : 1031.58,
    "dma100" : null,
    "dma200" : 1180.17,
    "volume" : 8865.00
  }, {
    "date" : "2025-04-17",
    "price" : 1148.35,
    "dma50" : 1036.16,
    "dma100" : null,
    "dma200" : 1179.85,
    "volume" : 60720.00
  }, {
    "date" : "2025-04-21",
    "price" : 1138.00,
    "dma50" : 1040.15,
    "dma100" : null,
    "dma200" : 1179.44,
    "volume" : 16080.00
  }, {
    "date" : "2025-04-22",
    "price" : 1143.10,
    "dma50" : 1044.19,
    "dma100" : null,
    "dma200" : 1179.07,
    "volume" : 11607.00
  }, {
    "date" : "2025-04-23",
    "price" : 1126.35,
    "dma50" : 1047.41,
    "dma100" : null,
    "dma200" : 1178.55,
    "volume" : 8419.00
  }, {
    "date" : "2025-04-24",
    "price" : 1117.05,
    "dma50" : 1050.14,
    "dma100" : null,
    "dma200" : 1177.94,
    "volume" : 5642.00
  }, {
    "date" : "2025-04-25",
    "price" : 1076.45,
    "dma50" : 1051.17,
    "dma100" : null,
    "dma200" : 1176.93,
    "volume" : 11255.00
  }, {
    "date" : "2025-04-28",
    "price" : 1075.50,
    "dma50" : 1052.13,
    "dma100" : null,
    "dma200" : 1175.92,
    "volume" : 5666.00
  }, {
    "date" : "2025-04-29",
    "price" : 1080.85,
    "dma50" : 1053.25,
    "dma100" : null,
    "dma200" : 1174.97,
    "volume" : 10413.00
  }, {
    "date" : "2025-04-30",
    "price" : 1061.90,
    "dma50" : 1053.59,
    "dma100" : null,
    "dma200" : 1173.85,
    "volume" : 9212.00
  }, {
    "date" : "2025-05-02",
    "price" : 1062.80,
    "dma50" : 1053.95,
    "dma100" : null,
    "dma200" : 1172.74,
    "volume" : 8946.00
  }, {
    "date" : "2025-05-05",
    "price" : 1061.40,
    "dma50" : 1054.25,
    "dma100" : null,
    "dma200" : 1171.63,
    "volume" : 9307.00
  }, {
    "date" : "2025-05-06",
    "price" : 987.40,
    "dma50" : 1051.63,
    "dma100" : null,
    "dma200" : 1169.80,
    "volume" : 38096.00
  }, {
    "date" : "2025-05-07",
    "price" : 1022.60,
    "dma50" : 1050.49,
    "dma100" : null,
    "dma200" : 1168.34,
    "volume" : 22503.00
  }, {
    "date" : "2025-05-08",
    "price" : 1046.40,
    "dma50" : 1050.33,
    "dma100" : null,
    "dma200" : 1167.12,
    "volume" : 22576.00
  }, {
    "date" : "2025-05-09",
    "price" : 1024.00,
    "dma50" : 1049.29,
    "dma100" : null,
    "dma200" : 1165.70,
    "volume" : 21910.00
  }, {
    "date" : "2025-05-12",
    "price" : 1094.40,
    "dma50" : 1051.06,
    "dma100" : null,
    "dma200" : 1164.99,
    "volume" : 18873.00
  }, {
    "date" : "2025-05-13",
    "price" : 1130.70,
    "dma50" : 1054.19,
    "dma100" : null,
    "dma200" : 1164.65,
    "volume" : 23970.00
  }, {
    "date" : "2025-05-14",
    "price" : 1156.70,
    "dma50" : 1058.21,
    "dma100" : null,
    "dma200" : 1164.57,
    "volume" : 69662.00
  }, {
    "date" : "2025-05-15",
    "price" : 1156.50,
    "dma50" : 1062.06,
    "dma100" : null,
    "dma200" : 1164.49,
    "volume" : 110831.00
  }, {
    "date" : "2025-05-16",
    "price" : 1184.00,
    "dma50" : 1066.84,
    "dma100" : null,
    "dma200" : 1164.68,
    "volume" : 24696.00
  }, {
    "date" : "2025-05-19",
    "price" : 1173.00,
    "dma50" : 1071.01,
    "dma100" : null,
    "dma200" : 1164.77,
    "volume" : 24968.00
  }, {
    "date" : "2025-05-20",
    "price" : 1138.90,
    "dma50" : 1073.67,
    "dma100" : null,
    "dma200" : 1164.51,
    "volume" : 13229.00
  }, {
    "date" : "2025-05-21",
    "price" : 1115.90,
    "dma50" : 1075.32,
    "dma100" : null,
    "dma200" : 1164.02,
    "volume" : 15175.00
  }, {
    "date" : "2025-05-22",
    "price" : 1118.00,
    "dma50" : 1077.00,
    "dma100" : null,
    "dma200" : 1163.57,
    "volume" : 9709.00
  }, {
    "date" : "2025-05-23",
    "price" : 1106.30,
    "dma50" : 1078.15,
    "dma100" : null,
    "dma200" : 1163.00,
    "volume" : 22767.00
  }, {
    "date" : "2025-05-26",
    "price" : 1120.40,
    "dma50" : 1079.80,
    "dma100" : null,
    "dma200" : 1162.57,
    "volume" : 29225.00
  }, {
    "date" : "2025-05-27",
    "price" : 1103.80,
    "dma50" : 1080.75,
    "dma100" : null,
    "dma200" : 1161.99,
    "volume" : 23271.00
  }, {
    "date" : "2025-05-28",
    "price" : 1117.60,
    "dma50" : 1082.19,
    "dma100" : null,
    "dma200" : 1161.55,
    "volume" : 42373.00
  }, {
    "date" : "2025-05-29",
    "price" : 1143.20,
    "dma50" : 1084.58,
    "dma100" : null,
    "dma200" : 1161.36,
    "volume" : 24879.00
  }, {
    "date" : "2025-05-30",
    "price" : 1160.70,
    "dma50" : 1087.57,
    "dma100" : null,
    "dma200" : 1161.36,
    "volume" : 22518.00
  }, {
    "date" : "2025-06-02",
    "price" : 1218.80,
    "dma50" : 1092.71,
    "dma100" : null,
    "dma200" : 1161.93,
    "volume" : 45346.00
  }, {
    "date" : "2025-06-03",
    "price" : 1220.70,
    "dma50" : 1097.73,
    "dma100" : null,
    "dma200" : 1162.51,
    "volume" : 32371.00
  }, {
    "date" : "2025-06-04",
    "price" : 1203.60,
    "dma50" : 1101.89,
    "dma100" : null,
    "dma200" : 1162.92,
    "volume" : 18052.00
  }, {
    "date" : "2025-06-05",
    "price" : 1192.10,
    "dma50" : 1105.42,
    "dma100" : null,
    "dma200" : 1163.21,
    "volume" : 14962.00
  }, {
    "date" : "2025-06-06",
    "price" : 1211.40,
    "dma50" : 1109.58,
    "dma100" : null,
    "dma200" : 1163.69,
    "volume" : 9191.00
  }, {
    "date" : "2025-06-09",
    "price" : 1199.90,
    "dma50" : 1113.12,
    "dma100" : null,
    "dma200" : 1164.05,
    "volume" : 9946.00
  }, {
    "date" : "2025-06-10",
    "price" : 1224.40,
    "dma50" : 1117.48,
    "dma100" : null,
    "dma200" : 1164.65,
    "volume" : 44541.00
  }, {
    "date" : "2025-06-11",
    "price" : 1217.10,
    "dma50" : 1121.39,
    "dma100" : null,
    "dma200" : 1165.18,
    "volume" : 13816.00
  }, {
    "date" : "2025-06-12",
    "price" : 1201.00,
    "dma50" : 1124.51,
    "dma100" : null,
    "dma200" : 1165.53,
    "volume" : 10657.00
  }, {
    "date" : "2025-06-13",
    "price" : 1202.40,
    "dma50" : 1127.57,
    "dma100" : null,
    "dma200" : 1165.90,
    "volume" : 40573.00
  }, {
    "date" : "2025-06-16",
    "price" : 1228.00,
    "dma50" : 1131.51,
    "dma100" : null,
    "dma200" : 1166.52,
    "volume" : 31828.00
  }, {
    "date" : "2025-06-17",
    "price" : 1269.70,
    "dma50" : 1136.93,
    "dma100" : null,
    "dma200" : 1167.54,
    "volume" : 67176.00
  }, {
    "date" : "2025-06-18",
    "price" : 1248.90,
    "dma50" : 1141.32,
    "dma100" : null,
    "dma200" : 1168.35,
    "volume" : 13611.00
  }, {
    "date" : "2025-06-19",
    "price" : 1213.00,
    "dma50" : 1144.13,
    "dma100" : null,
    "dma200" : 1168.80,
    "volume" : 48556.00
  }, {
    "date" : "2025-06-20",
    "price" : 1226.50,
    "dma50" : 1147.36,
    "dma100" : null,
    "dma200" : 1169.37,
    "volume" : 16431.00
  }, {
    "date" : "2025-06-23",
    "price" : 1236.10,
    "dma50" : 1150.84,
    "dma100" : null,
    "dma200" : 1170.03,
    "volume" : 13278.00
  }, {
    "date" : "2025-06-24",
    "price" : 1240.50,
    "dma50" : 1154.35,
    "dma100" : null,
    "dma200" : 1170.74,
    "volume" : 9579.00
  }, {
    "date" : "2025-06-25",
    "price" : 1244.10,
    "dma50" : 1157.87,
    "dma100" : null,
    "dma200" : 1171.47,
    "volume" : 6192.00
  }, {
    "date" : "2025-06-26",
    "price" : 1246.50,
    "dma50" : 1161.35,
    "dma100" : null,
    "dma200" : 1172.21,
    "volume" : 10059.00
  }, {
    "date" : "2025-06-27",
    "price" : 1254.70,
    "dma50" : 1165.01,
    "dma100" : null,
    "dma200" : 1173.03,
    "volume" : 13160.00
  }, {
    "date" : "2025-06-30",
    "price" : 1256.20,
    "dma50" : 1168.59,
    "dma100" : null,
    "dma200" : 1173.86,
    "volume" : 8390.00
  }, {
    "date" : "2025-07-01",
    "price" : 1281.10,
    "dma50" : 1173.00,
    "dma100" : null,
    "dma200" : 1174.93,
    "volume" : 19465.00
  }, {
    "date" : "2025-07-02",
    "price" : 1264.40,
    "dma50" : 1176.58,
    "dma100" : null,
    "dma200" : 1175.82,
    "volume" : 11224.00
  }, {
    "date" : "2025-07-03",
    "price" : 1286.80,
    "dma50" : 1180.91,
    "dma100" : null,
    "dma200" : 1176.92,
    "volume" : 13045.00
  }, {
    "date" : "2025-07-04",
    "price" : 1315.30,
    "dma50" : 1186.18,
    "dma100" : null,
    "dma200" : 1178.30,
    "volume" : 40882.00
  }, {
    "date" : "2025-07-07",
    "price" : 1317.80,
    "dma50" : 1191.34,
    "dma100" : null,
    "dma200" : 1179.69,
    "volume" : 20170.00
  }, {
    "date" : "2025-07-08",
    "price" : 1319.00,
    "dma50" : 1196.34,
    "dma100" : null,
    "dma200" : 1181.07,
    "volume" : 17534.00
  }, {
    "date" : "2025-07-09",
    "price" : 1305.60,
    "dma50" : 1200.63,
    "dma100" : null,
    "dma200" : 1182.31,
    "volume" : 7213.00
  }, {
    "date" : "2025-07-10",
    "price" : 1334.90,
    "dma50" : 1205.89,
    "dma100" : null,
    "dma200" : 1183.83,
    "volume" : 13237.00
  }, {
    "date" : "2025-07-11",
    "price" : 1354.90,
    "dma50" : 1211.74,
    "dma100" : null,
    "dma200" : 1185.53,
    "volume" : 24838.00
  }, {
    "date" : "2025-07-14",
    "price" : 1346.60,
    "dma50" : 1217.03,
    "dma100" : null,
    "dma200" : 1187.14,
    "volume" : 17143.00
  }, {
    "date" : "2025-07-15",
    "price" : 1342.40,
    "dma50" : 1221.94,
    "dma100" : 1091.62,
    "dma200" : 1188.68,
    "volume" : 35853.00
  }, {
    "date" : "2025-07-16",
    "price" : 1350.40,
    "dma50" : 1226.98,
    "dma100" : 1096.41,
    "dma200" : 1190.29,
    "volume" : 4481.00
  }, {
    "date" : "2025-07-17",
    "price" : 1389.20,
    "dma50" : 1233.34,
    "dma100" : 1101.55,
    "dma200" : 1192.27,
    "volume" : 34187.00
  }, {
    "date" : "2025-07-18",
    "price" : 1386.90,
    "dma50" : 1239.36,
    "dma100" : 1106.37,
    "dma200" : 1194.21,
    "volume" : 19392.00
  }, {
    "date" : "2025-07-21",
    "price" : 1372.90,
    "dma50" : 1244.60,
    "dma100" : 1111.10,
    "dma200" : 1195.98,
    "volume" : 8777.00
  }, {
    "date" : "2025-07-22",
    "price" : 1370.70,
    "dma50" : 1249.55,
    "dma100" : 1115.99,
    "dma200" : 1197.72,
    "volume" : 13456.00
  }, {
    "date" : "2025-07-23",
    "price" : 1380.40,
    "dma50" : 1254.68,
    "dma100" : 1121.13,
    "dma200" : 1199.54,
    "volume" : 11204.00
  }, {
    "date" : "2025-07-24",
    "price" : 1375.30,
    "dma50" : 1259.41,
    "dma100" : 1126.36,
    "dma200" : 1201.29,
    "volume" : 8958.00
  }, {
    "date" : "2025-07-25",
    "price" : 1356.20,
    "dma50" : 1263.20,
    "dma100" : 1131.16,
    "dma200" : 1202.83,
    "volume" : 13217.00
  }, {
    "date" : "2025-07-28",
    "price" : 1359.40,
    "dma50" : 1266.98,
    "dma100" : 1136.07,
    "dma200" : 1204.39,
    "volume" : 17886.00
  }, {
    "date" : "2025-07-29",
    "price" : 1408.00,
    "dma50" : 1272.51,
    "dma100" : 1141.80,
    "dma200" : 1206.41,
    "volume" : 28721.00
  }, {
    "date" : "2025-07-30",
    "price" : 1392.00,
    "dma50" : 1277.19,
    "dma100" : 1146.68,
    "dma200" : 1208.26,
    "volume" : 50936.00
  }, {
    "date" : "2025-07-31",
    "price" : 1356.20,
    "dma50" : 1280.29,
    "dma100" : 1150.62,
    "dma200" : 1209.73,
    "volume" : 31416.00
  }, {
    "date" : "2025-08-01",
    "price" : 1340.10,
    "dma50" : 1282.64,
    "dma100" : 1154.43,
    "dma200" : 1211.03,
    "volume" : 38655.00
  }, {
    "date" : "2025-08-04",
    "price" : 1334.20,
    "dma50" : 1284.66,
    "dma100" : 1158.26,
    "dma200" : 1212.26,
    "volume" : 25029.00
  }, {
    "date" : "2025-08-05",
    "price" : 1293.70,
    "dma50" : 1285.01,
    "dma100" : 1162.11,
    "dma200" : 1213.07,
    "volume" : 18253.00
  }, {
    "date" : "2025-08-06",
    "price" : 1281.70,
    "dma50" : 1284.88,
    "dma100" : 1165.80,
    "dma200" : 1213.75,
    "volume" : 12689.00
  }, {
    "date" : "2025-08-07",
    "price" : 1265.20,
    "dma50" : 1284.11,
    "dma100" : 1169.49,
    "dma200" : 1214.26,
    "volume" : 18224.00
  }, {
    "date" : "2025-08-08",
    "price" : 1170.50,
    "dma50" : 1279.66,
    "dma100" : 1172.13,
    "dma200" : 1213.83,
    "volume" : 36705.00
  }, {
    "date" : "2025-08-11",
    "price" : 1220.10,
    "dma50" : 1277.32,
    "dma100" : 1175.58,
    "dma200" : 1213.89,
    "volume" : 59931.00
  }, {
    "date" : "2025-08-12",
    "price" : 1245.30,
    "dma50" : 1276.06,
    "dma100" : 1179.15,
    "dma200" : 1214.20,
    "volume" : 13677.00
  }, {
    "date" : "2025-08-13",
    "price" : 1246.10,
    "dma50" : 1274.89,
    "dma100" : 1182.75,
    "dma200" : 1214.52,
    "volume" : 15154.00
  }, {
    "date" : "2025-08-14",
    "price" : 1211.20,
    "dma50" : 1272.39,
    "dma100" : 1185.99,
    "dma200" : 1214.48,
    "volume" : 13218.00
  }, {
    "date" : "2025-08-18",
    "price" : 1172.50,
    "dma50" : 1268.47,
    "dma100" : 1188.32,
    "dma200" : 1214.07,
    "volume" : 30796.00
  }, {
    "date" : "2025-08-19",
    "price" : 1235.00,
    "dma50" : 1267.16,
    "dma100" : 1191.05,
    "dma200" : 1214.28,
    "volume" : 22768.00
  }, {
    "date" : "2025-08-20",
    "price" : 1243.10,
    "dma50" : 1266.22,
    "dma100" : 1194.21,
    "dma200" : 1214.56,
    "volume" : 11994.00
  }, {
    "date" : "2025-08-21",
    "price" : 1296.70,
    "dma50" : 1267.41,
    "dma100" : 1197.69,
    "dma200" : 1215.38,
    "volume" : 127758.00
  }, {
    "date" : "2025-08-22",
    "price" : 1301.90,
    "dma50" : 1268.77,
    "dma100" : 1201.04,
    "dma200" : 1216.24,
    "volume" : 14969.00
  }, {
    "date" : "2025-08-25",
    "price" : 1258.50,
    "dma50" : 1268.36,
    "dma100" : 1203.93,
    "dma200" : 1216.66,
    "volume" : 26303.00
  }, {
    "date" : "2025-08-26",
    "price" : 1223.80,
    "dma50" : 1266.62,
    "dma100" : 1206.29,
    "dma200" : 1216.73,
    "volume" : 12116.00
  }, {
    "date" : "2025-08-28",
    "price" : 1224.00,
    "dma50" : 1264.94,
    "dma100" : 1208.16,
    "dma200" : 1216.80,
    "volume" : 7640.00
  }, {
    "date" : "2025-08-29",
    "price" : 1232.30,
    "dma50" : 1263.66,
    "dma100" : 1210.30,
    "dma200" : 1216.96,
    "volume" : 5552.00
  }, {
    "date" : "2025-09-01",
    "price" : 1226.50,
    "dma50" : 1262.21,
    "dma100" : 1211.80,
    "dma200" : 1217.05,
    "volume" : 7730.00
  }, {
    "date" : "2025-09-02",
    "price" : 1198.60,
    "dma50" : 1259.71,
    "dma100" : 1213.48,
    "dma200" : 1216.87,
    "volume" : 28247.00
  }, {
    "date" : "2025-09-03",
    "price" : 1198.50,
    "dma50" : 1257.31,
    "dma100" : 1215.11,
    "dma200" : 1216.69,
    "volume" : 12883.00
  }, {
    "date" : "2025-09-04",
    "price" : 1187.20,
    "dma50" : 1254.56,
    "dma100" : 1216.80,
    "dma200" : 1216.39,
    "volume" : 8261.00
  }, {
    "date" : "2025-09-05",
    "price" : 1162.60,
    "dma50" : 1250.96,
    "dma100" : 1217.98,
    "dma200" : 1215.86,
    "volume" : 11145.00
  }, {
    "date" : "2025-09-08",
    "price" : 1154.00,
    "dma50" : 1247.15,
    "dma100" : 1219.01,
    "dma200" : 1215.24,
    "volume" : 9035.00
  }, {
    "date" : "2025-09-09",
    "price" : 1134.80,
    "dma50" : 1242.75,
    "dma100" : 1219.72,
    "dma200" : 1214.44,
    "volume" : 17235.00
  }, {
    "date" : "2025-09-10",
    "price" : 1147.30,
    "dma50" : 1239.00,
    "dma100" : 1219.71,
    "dma200" : 1213.77,
    "volume" : 9489.00
  }, {
    "date" : "2025-09-11",
    "price" : 1155.40,
    "dma50" : 1235.73,
    "dma100" : 1219.89,
    "dma200" : 1213.19,
    "volume" : 8003.00
  }, {
    "date" : "2025-09-12",
    "price" : 1145.50,
    "dma50" : 1232.19,
    "dma100" : 1219.91,
    "dma200" : 1212.52,
    "volume" : 6329.00
  }, {
    "date" : "2025-09-15",
    "price" : 1147.50,
    "dma50" : 1228.87,
    "dma100" : 1220.12,
    "dma200" : 1211.87,
    "volume" : 23704.00
  }, {
    "date" : "2025-09-16",
    "price" : 1151.80,
    "dma50" : 1225.84,
    "dma100" : 1220.47,
    "dma200" : 1211.28,
    "volume" : 10171.00
  }, {
    "date" : "2025-09-17",
    "price" : 1173.30,
    "dma50" : 1223.78,
    "dma100" : 1221.44,
    "dma200" : 1210.90,
    "volume" : 9103.00
  }, {
    "date" : "2025-09-18",
    "price" : 1159.60,
    "dma50" : 1221.27,
    "dma100" : 1222.28,
    "dma200" : 1210.39,
    "volume" : 4776.00
  }, {
    "date" : "2025-09-19",
    "price" : 1173.00,
    "dma50" : 1219.37,
    "dma100" : 1223.20,
    "dma200" : 1210.01,
    "volume" : 4792.00
  }, {
    "date" : "2025-09-22",
    "price" : 1168.20,
    "dma50" : 1217.37,
    "dma100" : 1224.26,
    "dma200" : 1209.60,
    "volume" : 5979.00
  }, {
    "date" : "2025-09-23",
    "price" : 1143.90,
    "dma50" : 1214.49,
    "dma100" : 1225.07,
    "dma200" : 1208.95,
    "volume" : 5353.00
  }, {
    "date" : "2025-09-24",
    "price" : 1135.80,
    "dma50" : 1211.40,
    "dma100" : 1225.82,
    "dma200" : 1208.22,
    "volume" : 3632.00
  }, {
    "date" : "2025-09-25",
    "price" : 1144.70,
    "dma50" : 1208.78,
    "dma100" : 1227.39,
    "dma200" : 1207.59,
    "volume" : 2602.00
  }, {
    "date" : "2025-09-26",
    "price" : 1147.00,
    "dma50" : 1206.36,
    "dma100" : 1228.64,
    "dma200" : 1206.98,
    "volume" : 29447.00
  }, {
    "date" : "2025-09-29",
    "price" : 1143.10,
    "dma50" : 1203.88,
    "dma100" : 1229.60,
    "dma200" : 1206.35,
    "volume" : 6688.00
  }, {
    "date" : "2025-09-30",
    "price" : 1147.80,
    "dma50" : 1201.68,
    "dma100" : 1230.84,
    "dma200" : 1205.76,
    "volume" : 3803.00
  }, {
    "date" : "2025-10-01",
    "price" : 1131.00,
    "dma50" : 1198.91,
    "dma100" : 1231.21,
    "dma200" : 1205.02,
    "volume" : 6159.00
  }, {
    "date" : "2025-10-03",
    "price" : 1143.30,
    "dma50" : 1196.73,
    "dma100" : 1231.33,
    "dma200" : 1204.41,
    "volume" : 10472.00
  }, {
    "date" : "2025-10-06",
    "price" : 1136.30,
    "dma50" : 1194.36,
    "dma100" : 1231.13,
    "dma200" : 1203.73,
    "volume" : 6553.00
  }, {
    "date" : "2025-10-07",
    "price" : 1131.90,
    "dma50" : 1191.91,
    "dma100" : 1230.88,
    "dma200" : 1203.01,
    "volume" : 5119.00
  }, {
    "date" : "2025-10-08",
    "price" : 1139.40,
    "dma50" : 1189.85,
    "dma100" : 1230.44,
    "dma200" : 1202.38,
    "volume" : 7448.00
  }, {
    "date" : "2025-10-09",
    "price" : 1126.20,
    "dma50" : 1187.35,
    "dma100" : 1229.97,
    "dma200" : 1201.62,
    "volume" : 4967.00
  }, {
    "date" : "2025-10-10",
    "price" : 1149.00,
    "dma50" : 1185.85,
    "dma100" : 1230.07,
    "dma200" : 1201.10,
    "volume" : 6442.00
  }, {
    "date" : "2025-10-13",
    "price" : 1145.60,
    "dma50" : 1184.27,
    "dma100" : 1230.37,
    "dma200" : 1200.55,
    "volume" : 5671.00
  }, {
    "date" : "2025-10-14",
    "price" : 1143.20,
    "dma50" : 1182.66,
    "dma100" : 1230.62,
    "dma200" : 1199.98,
    "volume" : 6220.00
  }, {
    "date" : "2025-10-15",
    "price" : 1144.00,
    "dma50" : 1181.15,
    "dma100" : 1231.00,
    "dma200" : 1199.42,
    "volume" : 2264.00
  }, {
    "date" : "2025-10-16",
    "price" : 1134.90,
    "dma50" : 1179.33,
    "dma100" : 1231.14,
    "dma200" : 1198.78,
    "volume" : 3719.00
  }, {
    "date" : "2025-10-17",
    "price" : 1127.60,
    "dma50" : 1177.30,
    "dma100" : 1231.38,
    "dma200" : 1198.07,
    "volume" : 5071.00
  }, {
    "date" : "2025-10-20",
    "price" : 1132.20,
    "dma50" : 1175.53,
    "dma100" : 1231.52,
    "dma200" : 1197.41,
    "volume" : 3810.00
  }, {
    "date" : "2025-10-21",
    "price" : 1133.30,
    "dma50" : 1173.88,
    "dma100" : 1231.43,
    "dma200" : 1196.78,
    "volume" : 1094.00
  }, {
    "date" : "2025-10-23",
    "price" : 1127.50,
    "dma50" : 1172.06,
    "dma100" : 1231.09,
    "dma200" : 1196.09,
    "volume" : 3931.00
  }, {
    "date" : "2025-10-24",
    "price" : 1119.40,
    "dma50" : 1169.99,
    "dma100" : 1230.10,
    "dma200" : 1195.32,
    "volume" : 8304.00
  }, {
    "date" : "2025-10-27",
    "price" : 1125.90,
    "dma50" : 1168.27,
    "dma100" : 1229.15,
    "dma200" : 1194.63,
    "volume" : 12262.00
  }, {
    "date" : "2025-10-28",
    "price" : 1131.20,
    "dma50" : 1166.81,
    "dma100" : 1228.43,
    "dma200" : 1194.00,
    "volume" : 1860.00
  }, {
    "date" : "2025-10-29",
    "price" : 1128.30,
    "dma50" : 1165.30,
    "dma100" : 1227.79,
    "dma200" : 1193.35,
    "volume" : 7683.00
  }, {
    "date" : "2025-10-30",
    "price" : 1132.10,
    "dma50" : 1164.00,
    "dma100" : 1227.00,
    "dma200" : 1192.74,
    "volume" : 1738.00
  }, {
    "date" : "2025-10-31",
    "price" : 1120.80,
    "dma50" : 1162.31,
    "dma100" : 1226.21,
    "dma200" : 1192.02,
    "volume" : 7972.00
  }, {
    "date" : "2025-11-03",
    "price" : 1112.60,
    "dma50" : 1160.36,
    "dma100" : 1225.09,
    "dma200" : 1191.23,
    "volume" : 7293.00
  }, {
    "date" : "2025-11-04",
    "price" : 1114.60,
    "dma50" : 1158.56,
    "dma100" : 1224.06,
    "dma200" : 1190.47,
    "volume" : 4038.00
  }, {
    "date" : "2025-11-06",
    "price" : 1091.60,
    "dma50" : 1155.94,
    "dma100" : 1222.97,
    "dma200" : 1189.49,
    "volume" : 3854.00
  }, {
    "date" : "2025-11-07",
    "price" : 1093.90,
    "dma50" : 1153.50,
    "dma100" : 1221.88,
    "dma200" : 1188.53,
    "volume" : 5450.00
  }, {
    "date" : "2025-11-10",
    "price" : 1061.80,
    "dma50" : 1149.91,
    "dma100" : 1220.22,
    "dma200" : 1187.27,
    "volume" : 9474.00
  }, {
    "date" : "2025-11-11",
    "price" : 1064.10,
    "dma50" : 1146.54,
    "dma100" : 1218.17,
    "dma200" : 1186.05,
    "volume" : 5784.00
  }, {
    "date" : "2025-11-12",
    "price" : 993.50,
    "dma50" : 1140.54,
    "dma100" : 1215.61,
    "dma200" : 1184.13,
    "volume" : 33336.00
  }, {
    "date" : "2025-11-13",
    "price" : 991.00,
    "dma50" : 1134.68,
    "dma100" : 1213.39,
    "dma200" : 1182.21,
    "volume" : 13817.00
  }, {
    "date" : "2025-11-14",
    "price" : 996.70,
    "dma50" : 1129.26,
    "dma100" : 1211.09,
    "dma200" : 1180.36,
    "volume" : 7634.00
  }, {
    "date" : "2025-11-17",
    "price" : 981.70,
    "dma50" : 1123.48,
    "dma100" : 1208.55,
    "dma200" : 1178.39,
    "volume" : 15025.00
  }, {
    "date" : "2025-11-18",
    "price" : 1026.70,
    "dma50" : 1119.68,
    "dma100" : 1206.41,
    "dma200" : 1176.88,
    "volume" : 17398.00
  }, {
    "date" : "2025-11-19",
    "price" : 983.30,
    "dma50" : 1114.33,
    "dma100" : 1203.80,
    "dma200" : 1174.95,
    "volume" : 17313.00
  }, {
    "date" : "2025-11-20",
    "price" : 951.30,
    "dma50" : 1107.94,
    "dma100" : 1200.85,
    "dma200" : 1172.73,
    "volume" : 32522.00
  }, {
    "date" : "2025-11-21",
    "price" : 946.90,
    "dma50" : 1101.63,
    "dma100" : 1197.77,
    "dma200" : 1170.48,
    "volume" : 4846.00
  }, {
    "date" : "2025-11-24",
    "price" : 928.30,
    "dma50" : 1094.83,
    "dma100" : 1194.49,
    "dma200" : 1168.07,
    "volume" : 6440.00
  }, {
    "date" : "2025-11-25",
    "price" : 932.70,
    "dma50" : 1088.47,
    "dma100" : 1191.01,
    "dma200" : 1165.73,
    "volume" : 9554.00
  }, {
    "date" : "2025-11-26",
    "price" : 942.70,
    "dma50" : 1082.75,
    "dma100" : 1187.79,
    "dma200" : 1163.51,
    "volume" : 7932.00
  }, {
    "date" : "2025-11-27",
    "price" : 945.80,
    "dma50" : 1077.38,
    "dma100" : 1184.38,
    "dma200" : 1161.34,
    "volume" : 4645.00
  }, {
    "date" : "2025-11-28",
    "price" : 951.60,
    "dma50" : 1072.45,
    "dma100" : 1180.75,
    "dma200" : 1159.26,
    "volume" : 5453.00
  }, {
    "date" : "2025-12-01",
    "price" : 947.10,
    "dma50" : 1067.53,
    "dma100" : 1177.04,
    "dma200" : 1157.14,
    "volume" : 10824.00
  }, {
    "date" : "2025-12-02",
    "price" : 946.05,
    "dma50" : 1062.77,
    "dma100" : 1173.31,
    "dma200" : 1155.04,
    "volume" : 6209.00
  }, {
    "date" : "2025-12-03",
    "price" : 936.45,
    "dma50" : 1057.82,
    "dma100" : 1169.62,
    "dma200" : 1152.87,
    "volume" : 8671.00
  }, {
    "date" : "2025-12-04",
    "price" : 945.10,
    "dma50" : 1053.40,
    "dma100" : 1165.72,
    "dma200" : 1150.80,
    "volume" : 3716.00
  }, {
    "date" : "2025-12-05",
    "price" : 934.70,
    "dma50" : 1048.74,
    "dma100" : 1161.52,
    "dma200" : 1148.65,
    "volume" : 7082.00
  }, {
    "date" : "2025-12-08",
    "price" : 921.70,
    "dma50" : 1043.76,
    "dma100" : 1157.27,
    "dma200" : 1146.39,
    "volume" : 12567.00
  }, {
    "date" : "2025-12-09",
    "price" : 926.45,
    "dma50" : 1039.16,
    "dma100" : 1153.11,
    "dma200" : 1144.20,
    "volume" : 8126.00
  }, {
    "date" : "2025-12-10",
    "price" : 916.40,
    "dma50" : 1034.35,
    "dma100" : 1148.77,
    "dma200" : 1141.94,
    "volume" : 8246.00
  }, {
    "date" : "2025-12-11",
    "price" : 911.90,
    "dma50" : 1029.54,
    "dma100" : 1144.00,
    "dma200" : 1139.65,
    "volume" : 6219.00
  }, {
    "date" : "2025-12-12",
    "price" : 929.00,
    "dma50" : 1025.60,
    "dma100" : 1139.42,
    "dma200" : 1137.55,
    "volume" : 9935.00
  }, {
    "date" : "2025-12-15",
    "price" : 932.90,
    "dma50" : 1021.97,
    "dma100" : 1135.02,
    "dma200" : 1135.52,
    "volume" : 5357.00
  }, {
    "date" : "2025-12-16",
    "price" : 926.60,
    "dma50" : 1018.23,
    "dma100" : 1130.58,
    "dma200" : 1133.44,
    "volume" : 4307.00
  }, {
    "date" : "2025-12-17",
    "price" : 922.20,
    "dma50" : 1014.46,
    "dma100" : 1126.00,
    "dma200" : 1131.34,
    "volume" : 5481.00
  }, {
    "date" : "2025-12-18",
    "price" : 921.35,
    "dma50" : 1010.81,
    "dma100" : 1121.46,
    "dma200" : 1129.25,
    "volume" : 7146.00
  }, {
    "date" : "2025-12-19",
    "price" : 941.65,
    "dma50" : 1008.10,
    "dma100" : 1117.31,
    "dma200" : 1127.38,
    "volume" : 10049.00
  }, {
    "date" : "2025-12-22",
    "price" : 933.30,
    "dma50" : 1005.16,
    "dma100" : 1113.05,
    "dma200" : 1125.45,
    "volume" : 8963.00
  }, {
    "date" : "2025-12-23",
    "price" : 940.95,
    "dma50" : 1002.65,
    "dma100" : 1108.38,
    "dma200" : 1123.61,
    "volume" : 5500.00
  }, {
    "date" : "2025-12-24",
    "price" : 938.05,
    "dma50" : 1000.11,
    "dma100" : 1103.84,
    "dma200" : 1121.77,
    "volume" : 2172.00
  }, {
    "date" : "2025-12-26",
    "price" : 934.50,
    "dma50" : 997.54,
    "dma100" : 1099.62,
    "dma200" : 1119.90,
    "volume" : 4491.00
  }, {
    "date" : "2025-12-29",
    "price" : 924.05,
    "dma50" : 994.66,
    "dma100" : 1095.46,
    "dma200" : 1117.95,
    "volume" : 3698.00
  }, {
    "date" : "2025-12-30",
    "price" : 918.65,
    "dma50" : 991.68,
    "dma100" : 1091.31,
    "dma200" : 1115.97,
    "volume" : 4926.00
  }, {
    "date" : "2025-12-31",
    "price" : 933.15,
    "dma50" : 989.38,
    "dma100" : 1087.70,
    "dma200" : 1114.15,
    "volume" : 6490.00
  }, {
    "date" : "2026-01-01",
    "price" : 944.55,
    "dma50" : 987.62,
    "dma100" : 1084.33,
    "dma200" : 1112.46,
    "volume" : 4790.00
  }, {
    "date" : "2026-01-02",
    "price" : 952.75,
    "dma50" : 986.26,
    "dma100" : 1081.21,
    "dma200" : 1110.88,
    "volume" : 6217.00
  }, {
    "date" : "2026-01-05",
    "price" : 948.60,
    "dma50" : 984.78,
    "dma100" : 1078.99,
    "dma200" : 1109.26,
    "volume" : 7999.00
  }, {
    "date" : "2026-01-06",
    "price" : 938.85,
    "dma50" : 982.98,
    "dma100" : 1076.17,
    "dma200" : 1107.57,
    "volume" : 4238.00
  }, {
    "date" : "2026-01-07",
    "price" : 944.15,
    "dma50" : 981.46,
    "dma100" : 1073.16,
    "dma200" : 1105.94,
    "volume" : 3441.00
  }, {
    "date" : "2026-01-08",
    "price" : 925.35,
    "dma50" : 979.25,
    "dma100" : 1069.95,
    "dma200" : 1104.14,
    "volume" : 4844.00
  }, {
    "date" : "2026-01-09",
    "price" : 920.15,
    "dma50" : 976.94,
    "dma100" : 1067.04,
    "dma200" : 1102.31,
    "volume" : 5062.00
  }, {
    "date" : "2026-01-12",
    "price" : 907.35,
    "dma50" : 974.21,
    "dma100" : 1064.39,
    "dma200" : 1100.37,
    "volume" : 7064.00
  }, {
    "date" : "2026-01-13",
    "price" : 931.65,
    "dma50" : 972.54,
    "dma100" : 1061.36,
    "dma200" : 1098.69,
    "volume" : 5632.00
  }, {
    "date" : "2026-01-14",
    "price" : 915.45,
    "dma50" : 970.30,
    "dma100" : 1058.08,
    "dma200" : 1096.87,
    "volume" : 6978.00
  }, {
    "date" : "2026-01-16",
    "price" : 912.00,
    "dma50" : 968.01,
    "dma100" : 1054.24,
    "dma200" : 1095.03,
    "volume" : 8867.00
  }, {
    "date" : "2026-01-19",
    "price" : 893.25,
    "dma50" : 965.08,
    "dma100" : 1050.15,
    "dma200" : 1093.02,
    "volume" : 18812.00
  }, {
    "date" : "2026-01-20",
    "price" : 886.90,
    "dma50" : 962.02,
    "dma100" : 1046.43,
    "dma200" : 1090.97,
    "volume" : 11415.00
  }, {
    "date" : "2026-01-21",
    "price" : 893.20,
    "dma50" : 959.32,
    "dma100" : 1043.13,
    "dma200" : 1089.00,
    "volume" : 10879.00
  }, {
    "date" : "2026-01-22",
    "price" : 929.85,
    "dma50" : 958.16,
    "dma100" : 1040.19,
    "dma200" : 1087.42,
    "volume" : 16156.00
  }, {
    "date" : "2026-01-23",
    "price" : 905.90,
    "dma50" : 956.11,
    "dma100" : 1036.92,
    "dma200" : 1085.61,
    "volume" : 5236.00
  }, {
    "date" : "2026-01-27",
    "price" : 904.25,
    "dma50" : 954.08,
    "dma100" : 1033.70,
    "dma200" : 1083.81,
    "volume" : 3617.00
  }, {
    "date" : "2026-01-28",
    "price" : 904.80,
    "dma50" : 952.15,
    "dma100" : 1030.76,
    "dma200" : 1082.03,
    "volume" : 101132.00
  }, {
    "date" : "2026-01-29",
    "price" : 921.50,
    "dma50" : 950.94,
    "dma100" : 1027.99,
    "dma200" : 1080.43,
    "volume" : 6512.00
  }, {
    "date" : "2026-01-30",
    "price" : 942.50,
    "dma50" : 950.61,
    "dma100" : 1025.54,
    "dma200" : 1079.06,
    "volume" : 5486.00
  }, {
    "date" : "2026-02-01",
    "price" : 930.10,
    "dma50" : 949.81,
    "dma100" : 1023.22,
    "dma200" : 1077.58,
    "volume" : 2013.00
  }, {
    "date" : "2026-02-02",
    "price" : 905.80,
    "dma50" : 948.08,
    "dma100" : 1020.74,
    "dma200" : 1075.87,
    "volume" : 15981.00
  }, {
    "date" : "2026-02-03",
    "price" : 924.20,
    "dma50" : 947.15,
    "dma100" : 1018.63,
    "dma200" : 1074.36,
    "volume" : 16425.00
  }, {
    "date" : "2026-02-04",
    "price" : 918.90,
    "dma50" : 946.04,
    "dma100" : 1016.35,
    "dma200" : 1072.81,
    "volume" : 8721.00
  }, {
    "date" : "2026-02-05",
    "price" : 985.80,
    "dma50" : 947.60,
    "dma100" : 1014.65,
    "dma200" : 1071.95,
    "volume" : 99425.00
  }, {
    "date" : "2026-02-06",
    "price" : 1006.70,
    "dma50" : 949.92,
    "dma100" : 1013.26,
    "dma200" : 1071.30,
    "volume" : 21085.00
  }, {
    "date" : "2026-02-09",
    "price" : 992.85,
    "dma50" : 951.60,
    "dma100" : 1011.72,
    "dma200" : 1070.52,
    "volume" : 8898.00
  }, {
    "date" : "2026-02-10",
    "price" : 991.65,
    "dma50" : 953.17,
    "dma100" : 1010.12,
    "dma200" : 1069.73,
    "volume" : 8414.00
  }, {
    "date" : "2026-02-11",
    "price" : 974.55,
    "dma50" : 954.01,
    "dma100" : 1008.13,
    "dma200" : 1068.78,
    "volume" : 3575.00
  }, {
    "date" : "2026-02-12",
    "price" : 972.85,
    "dma50" : 954.75,
    "dma100" : 1006.26,
    "dma200" : 1067.83,
    "volume" : 4932.00
  }, {
    "date" : "2026-02-13",
    "price" : 948.25,
    "dma50" : 954.49,
    "dma100" : 1004.01,
    "dma200" : 1066.64,
    "volume" : 5663.00
  } ],
  "latestTechnicalAttributes" : {
    "date" : "2026-02-13",
    "price" : 948.25,
    "dma50" : 954.49,
    "dma100" : 1004.01,
    "dma200" : 1066.64,
    "volume" : 5663.00
  },
  "quarterlyResults" : [ {
    "date" : "2005-03-31",
    "sales" : 53.70,
    "salesGrowthYoY" : null,
    "grossProfitMargin" : 42.46,
    "grossProfit" : 22.80,
    "operatingProfitMargin" : -1.45,
    "operatingProfit" : -0.78,
    "netProfitMargin" : 15.16,
    "netProfit" : 8.14
  }, {
    "date" : "2005-06-30",
    "sales" : 56.73,
    "salesGrowthYoY" : null,
    "grossProfitMargin" : 40.00,
    "grossProfit" : 22.69,
    "operatingProfitMargin" : 2.56,
    "operatingProfit" : 1.45,
    "netProfitMargin" : -3.51,
    "netProfit" : -1.99
  }, {
    "date" : "2005-09-30",
    "sales" : 53.39,
    "salesGrowthYoY" : null,
    "grossProfitMargin" : 45.81,
    "grossProfit" : 24.46,
    "operatingProfitMargin" : 0.47,
    "operatingProfit" : 0.25,
    "netProfitMargin" : 1.37,
    "netProfit" : 0.73
  }, {
    "date" : "2005-12-31",
    "sales" : 44.62,
    "salesGrowthYoY" : null,
    "grossProfitMargin" : 56.77,
    "grossProfit" : 25.33,
    "operatingProfitMargin" : 3.61,
    "operatingProfit" : 1.61,
    "netProfitMargin" : -4.98,
    "netProfit" : -2.22
  }, {
    "date" : "2006-03-31",
    "sales" : 46.88,
    "salesGrowthYoY" : -12.70,
    "grossProfitMargin" : 45.63,
    "grossProfit" : 21.39,
    "operatingProfitMargin" : 0.77,
    "operatingProfit" : 0.36,
    "netProfitMargin" : 8.08,
    "netProfit" : 3.79
  }, {
    "date" : "2006-06-30",
    "sales" : 48.60,
    "salesGrowthYoY" : -14.33,
    "grossProfitMargin" : 49.55,
    "grossProfit" : 24.08,
    "operatingProfitMargin" : 3.25,
    "operatingProfit" : 1.58,
    "netProfitMargin" : -3.85,
    "netProfit" : -1.87
  }, {
    "date" : "2006-09-30",
    "sales" : 55.02,
    "salesGrowthYoY" : 3.05,
    "grossProfitMargin" : 47.24,
    "grossProfit" : 25.99,
    "operatingProfitMargin" : 7.67,
    "operatingProfit" : 4.22,
    "netProfitMargin" : 2.20,
    "netProfit" : 1.21
  }, {
    "date" : "2006-12-31",
    "sales" : 50.52,
    "salesGrowthYoY" : 13.22,
    "grossProfitMargin" : 54.26,
    "grossProfit" : 27.41,
    "operatingProfitMargin" : 10.10,
    "operatingProfit" : 5.10,
    "netProfitMargin" : 2.30,
    "netProfit" : 1.16
  }, {
    "date" : "2007-03-31",
    "sales" : 45.44,
    "salesGrowthYoY" : -3.07,
    "grossProfitMargin" : 54.03,
    "grossProfit" : 24.55,
    "operatingProfitMargin" : 1.41,
    "operatingProfit" : 0.64,
    "netProfitMargin" : -1.45,
    "netProfit" : -0.66
  }, {
    "date" : "2007-06-30",
    "sales" : 52.33,
    "salesGrowthYoY" : 7.67,
    "grossProfitMargin" : 49.17,
    "grossProfit" : 25.73,
    "operatingProfitMargin" : 10.47,
    "operatingProfit" : 5.48,
    "netProfitMargin" : 1.80,
    "netProfit" : 0.94
  }, {
    "date" : "2007-09-30",
    "sales" : 59.94,
    "salesGrowthYoY" : 8.94,
    "grossProfitMargin" : 48.67,
    "grossProfit" : 29.17,
    "operatingProfitMargin" : 10.86,
    "operatingProfit" : 6.51,
    "netProfitMargin" : 2.85,
    "netProfit" : 1.71
  }, {
    "date" : "2007-12-31",
    "sales" : 61.08,
    "salesGrowthYoY" : 20.90,
    "grossProfitMargin" : 49.89,
    "grossProfit" : 30.47,
    "operatingProfitMargin" : 10.27,
    "operatingProfit" : 6.27,
    "netProfitMargin" : 1.72,
    "netProfit" : 1.05
  }, {
    "date" : "2008-03-31",
    "sales" : 55.22,
    "salesGrowthYoY" : 21.52,
    "grossProfitMargin" : 49.19,
    "grossProfit" : 27.16,
    "operatingProfitMargin" : 9.25,
    "operatingProfit" : 5.11,
    "netProfitMargin" : 2.28,
    "netProfit" : 1.26
  }, {
    "date" : "2008-06-30",
    "sales" : 71.90,
    "salesGrowthYoY" : 37.40,
    "grossProfitMargin" : 55.02,
    "grossProfit" : 39.56,
    "operatingProfitMargin" : 16.82,
    "operatingProfit" : 12.09,
    "netProfitMargin" : 7.41,
    "netProfit" : 5.33
  }, {
    "date" : "2008-09-30",
    "sales" : 70.74,
    "salesGrowthYoY" : 18.02,
    "grossProfitMargin" : 53.51,
    "grossProfit" : 37.85,
    "operatingProfitMargin" : 12.40,
    "operatingProfit" : 8.77,
    "netProfitMargin" : 4.86,
    "netProfit" : 3.44
  }, {
    "date" : "2008-12-31",
    "sales" : 48.54,
    "salesGrowthYoY" : -20.53,
    "grossProfitMargin" : 45.55,
    "grossProfit" : 22.11,
    "operatingProfitMargin" : -1.30,
    "operatingProfit" : -0.63,
    "netProfitMargin" : -9.02,
    "netProfit" : -4.38
  }, {
    "date" : "2009-03-31",
    "sales" : 56.71,
    "salesGrowthYoY" : 2.70,
    "grossProfitMargin" : 40.70,
    "grossProfit" : 23.08,
    "operatingProfitMargin" : -2.20,
    "operatingProfit" : -1.25,
    "netProfitMargin" : -6.97,
    "netProfit" : -3.95
  }, {
    "date" : "2009-06-30",
    "sales" : 60.98,
    "salesGrowthYoY" : -15.19,
    "grossProfitMargin" : 48.41,
    "grossProfit" : 29.52,
    "operatingProfitMargin" : 9.45,
    "operatingProfit" : 5.76,
    "netProfitMargin" : 1.53,
    "netProfit" : 0.93
  }, {
    "date" : "2009-09-30",
    "sales" : 57.40,
    "salesGrowthYoY" : -18.86,
    "grossProfitMargin" : 51.45,
    "grossProfit" : 29.53,
    "operatingProfitMargin" : 11.79,
    "operatingProfit" : 6.77,
    "netProfitMargin" : 3.71,
    "netProfit" : 2.13
  }, {
    "date" : "2009-12-31",
    "sales" : 57.98,
    "salesGrowthYoY" : 19.45,
    "grossProfitMargin" : 52.85,
    "grossProfit" : 30.64,
    "operatingProfitMargin" : 11.71,
    "operatingProfit" : 6.79,
    "netProfitMargin" : 3.10,
    "netProfit" : 1.80
  }, {
    "date" : "2010-03-31",
    "sales" : 63.19,
    "salesGrowthYoY" : 11.43,
    "grossProfitMargin" : 57.08,
    "grossProfit" : 36.07,
    "operatingProfitMargin" : 11.54,
    "operatingProfit" : 7.29,
    "netProfitMargin" : 4.43,
    "netProfit" : 2.80
  }, {
    "date" : "2010-06-30",
    "sales" : 71.51,
    "salesGrowthYoY" : 17.27,
    "grossProfitMargin" : 53.29,
    "grossProfit" : 38.11,
    "operatingProfitMargin" : 15.59,
    "operatingProfit" : 11.15,
    "netProfitMargin" : 7.34,
    "netProfit" : 5.25
  }, {
    "date" : "2010-09-30",
    "sales" : 68.44,
    "salesGrowthYoY" : 19.23,
    "grossProfitMargin" : 55.00,
    "grossProfit" : 37.64,
    "operatingProfitMargin" : 10.72,
    "operatingProfit" : 7.34,
    "netProfitMargin" : 3.70,
    "netProfit" : 2.53
  }, {
    "date" : "2010-12-31",
    "sales" : 73.33,
    "salesGrowthYoY" : 26.47,
    "grossProfitMargin" : 52.52,
    "grossProfit" : 38.51,
    "operatingProfitMargin" : 13.01,
    "operatingProfit" : 9.54,
    "netProfitMargin" : 6.05,
    "netProfit" : 4.44
  }, {
    "date" : "2011-03-31",
    "sales" : 62.11,
    "salesGrowthYoY" : -1.71,
    "grossProfitMargin" : 41.72,
    "grossProfit" : 25.91,
    "operatingProfitMargin" : 6.75,
    "operatingProfit" : 4.19,
    "netProfitMargin" : 1.95,
    "netProfit" : 1.21
  }, {
    "date" : "2011-06-30",
    "sales" : 73.70,
    "salesGrowthYoY" : 3.06,
    "grossProfitMargin" : 35.85,
    "grossProfit" : 26.42,
    "operatingProfitMargin" : 6.81,
    "operatingProfit" : 5.02,
    "netProfitMargin" : 1.74,
    "netProfit" : 1.28
  }, {
    "date" : "2011-09-30",
    "sales" : 79.94,
    "salesGrowthYoY" : 16.80,
    "grossProfitMargin" : 35.15,
    "grossProfit" : 28.10,
    "operatingProfitMargin" : 8.38,
    "operatingProfit" : 6.70,
    "netProfitMargin" : 2.53,
    "netProfit" : 2.02
  }, {
    "date" : "2011-12-31",
    "sales" : 81.67,
    "salesGrowthYoY" : 11.37,
    "grossProfitMargin" : 37.88,
    "grossProfit" : 30.94,
    "operatingProfitMargin" : 11.17,
    "operatingProfit" : 9.12,
    "netProfitMargin" : 4.38,
    "netProfit" : 3.58
  }, {
    "date" : "2012-03-31",
    "sales" : 80.17,
    "salesGrowthYoY" : 29.08,
    "grossProfitMargin" : 36.09,
    "grossProfit" : 28.93,
    "operatingProfitMargin" : 5.48,
    "operatingProfit" : 4.39,
    "netProfitMargin" : 1.77,
    "netProfit" : 1.42
  }, {
    "date" : "2012-06-30",
    "sales" : 103.05,
    "salesGrowthYoY" : 39.82,
    "grossProfitMargin" : 44.61,
    "grossProfit" : 45.97,
    "operatingProfitMargin" : 16.40,
    "operatingProfit" : 16.90,
    "netProfitMargin" : 7.38,
    "netProfit" : 7.61
  }, {
    "date" : "2012-09-30",
    "sales" : 94.79,
    "salesGrowthYoY" : 18.58,
    "grossProfitMargin" : 46.40,
    "grossProfit" : 43.98,
    "operatingProfitMargin" : 12.06,
    "operatingProfit" : 11.43,
    "netProfitMargin" : 4.56,
    "netProfit" : 4.32
  }, {
    "date" : "2012-12-31",
    "sales" : 93.28,
    "salesGrowthYoY" : 14.22,
    "grossProfitMargin" : 44.39,
    "grossProfit" : 41.41,
    "operatingProfitMargin" : 10.66,
    "operatingProfit" : 9.94,
    "netProfitMargin" : 3.48,
    "netProfit" : 3.25
  }, {
    "date" : "2013-03-31",
    "sales" : 92.88,
    "salesGrowthYoY" : 15.85,
    "grossProfitMargin" : 45.19,
    "grossProfit" : 41.97,
    "operatingProfitMargin" : 1.60,
    "operatingProfit" : 1.49,
    "netProfitMargin" : -0.39,
    "netProfit" : -0.36
  }, {
    "date" : "2013-06-30",
    "sales" : 101.29,
    "salesGrowthYoY" : -1.71,
    "grossProfitMargin" : 41.27,
    "grossProfit" : 41.80,
    "operatingProfitMargin" : 8.80,
    "operatingProfit" : 8.91,
    "netProfitMargin" : 3.06,
    "netProfit" : 3.10
  }, {
    "date" : "2013-09-30",
    "sales" : 103.96,
    "salesGrowthYoY" : 9.67,
    "grossProfitMargin" : 43.27,
    "grossProfit" : 44.98,
    "operatingProfitMargin" : 10.13,
    "operatingProfit" : 10.53,
    "netProfitMargin" : 4.18,
    "netProfit" : 4.35
  }, {
    "date" : "2013-12-31",
    "sales" : 99.49,
    "salesGrowthYoY" : 6.66,
    "grossProfitMargin" : 42.65,
    "grossProfit" : 42.43,
    "operatingProfitMargin" : 7.77,
    "operatingProfit" : 7.73,
    "netProfitMargin" : 1.41,
    "netProfit" : 1.40
  }, {
    "date" : "2014-03-31",
    "sales" : 111.65,
    "salesGrowthYoY" : 20.21,
    "grossProfitMargin" : 43.63,
    "grossProfit" : 48.71,
    "operatingProfitMargin" : 10.86,
    "operatingProfit" : 12.13,
    "netProfitMargin" : 7.73,
    "netProfit" : 8.63
  }, {
    "date" : "2014-06-30",
    "sales" : 121.33,
    "salesGrowthYoY" : 19.78,
    "grossProfitMargin" : 47.18,
    "grossProfit" : 57.24,
    "operatingProfitMargin" : 16.64,
    "operatingProfit" : 20.19,
    "netProfitMargin" : 8.20,
    "netProfit" : 9.95
  }, {
    "date" : "2014-09-30",
    "sales" : 131.81,
    "salesGrowthYoY" : 26.79,
    "grossProfitMargin" : 46.82,
    "grossProfit" : 61.71,
    "operatingProfitMargin" : 16.71,
    "operatingProfit" : 22.03,
    "netProfitMargin" : 8.15,
    "netProfit" : 10.74
  }, {
    "date" : "2014-12-31",
    "sales" : 117.14,
    "salesGrowthYoY" : 17.74,
    "grossProfitMargin" : 50.93,
    "grossProfit" : 59.66,
    "operatingProfitMargin" : 15.82,
    "operatingProfit" : 18.53,
    "netProfitMargin" : 7.26,
    "netProfit" : 8.50
  }, {
    "date" : "2015-03-31",
    "sales" : 111.34,
    "salesGrowthYoY" : -0.28,
    "grossProfitMargin" : 49.90,
    "grossProfit" : 55.56,
    "operatingProfitMargin" : 10.04,
    "operatingProfit" : 11.18,
    "netProfitMargin" : 10.22,
    "netProfit" : 11.38
  }, {
    "date" : "2015-06-30",
    "sales" : 124.74,
    "salesGrowthYoY" : 2.81,
    "grossProfitMargin" : 50.60,
    "grossProfit" : 63.12,
    "operatingProfitMargin" : 18.78,
    "operatingProfit" : 23.43,
    "netProfitMargin" : 9.44,
    "netProfit" : 11.78
  }, {
    "date" : "2015-09-30",
    "sales" : 104.36,
    "salesGrowthYoY" : -20.83,
    "grossProfitMargin" : 50.07,
    "grossProfit" : 52.25,
    "operatingProfitMargin" : 11.23,
    "operatingProfit" : 11.72,
    "netProfitMargin" : 3.78,
    "netProfit" : 3.94
  }, {
    "date" : "2015-12-31",
    "sales" : 102.82,
    "salesGrowthYoY" : -12.22,
    "grossProfitMargin" : 45.21,
    "grossProfit" : 46.48,
    "operatingProfitMargin" : 9.84,
    "operatingProfit" : 10.12,
    "netProfitMargin" : 2.05,
    "netProfit" : 2.11
  }, {
    "date" : "2016-03-31",
    "sales" : 113.56,
    "salesGrowthYoY" : 1.99,
    "grossProfitMargin" : 46.55,
    "grossProfit" : 52.86,
    "operatingProfitMargin" : 14.44,
    "operatingProfit" : 16.40,
    "netProfitMargin" : 6.49,
    "netProfit" : 7.37
  }, {
    "date" : "2016-06-30",
    "sales" : 118.42,
    "salesGrowthYoY" : -5.07,
    "grossProfitMargin" : 45.25,
    "grossProfit" : 53.59,
    "operatingProfitMargin" : 10.31,
    "operatingProfit" : 12.21,
    "netProfitMargin" : 10.24,
    "netProfit" : 12.13
  }, {
    "date" : "2016-09-30",
    "sales" : 119.35,
    "salesGrowthYoY" : 14.36,
    "grossProfitMargin" : 46.82,
    "grossProfit" : 55.88,
    "operatingProfitMargin" : 11.62,
    "operatingProfit" : 13.87,
    "netProfitMargin" : 5.54,
    "netProfit" : 6.61
  }, {
    "date" : "2016-12-31",
    "sales" : 91.67,
    "salesGrowthYoY" : -10.84,
    "grossProfitMargin" : 46.20,
    "grossProfit" : 42.35,
    "operatingProfitMargin" : 5.33,
    "operatingProfit" : 4.89,
    "netProfitMargin" : 1.29,
    "netProfit" : 1.18
  }, {
    "date" : "2017-03-31",
    "sales" : 116.24,
    "salesGrowthYoY" : 2.36,
    "grossProfitMargin" : 48.48,
    "grossProfit" : 56.35,
    "operatingProfitMargin" : 5.75,
    "operatingProfit" : 6.68,
    "netProfitMargin" : 0.76,
    "netProfit" : 0.88
  }, {
    "date" : "2017-06-30",
    "sales" : 122.18,
    "salesGrowthYoY" : 3.18,
    "grossProfitMargin" : 49.34,
    "grossProfit" : 60.28,
    "operatingProfitMargin" : 10.95,
    "operatingProfit" : 13.38,
    "netProfitMargin" : 6.44,
    "netProfit" : 7.87
  }, {
    "date" : "2017-09-30",
    "sales" : 130.02,
    "salesGrowthYoY" : 8.94,
    "grossProfitMargin" : 51.74,
    "grossProfit" : 67.27,
    "operatingProfitMargin" : 16.61,
    "operatingProfit" : 21.60,
    "netProfitMargin" : 8.47,
    "netProfit" : 11.01
  }, {
    "date" : "2017-12-31",
    "sales" : 146.77,
    "salesGrowthYoY" : 60.11,
    "grossProfitMargin" : 53.72,
    "grossProfit" : 78.84,
    "operatingProfitMargin" : 21.54,
    "operatingProfit" : 31.61,
    "netProfitMargin" : 13.33,
    "netProfit" : 19.56
  }, {
    "date" : "2018-03-31",
    "sales" : 183.00,
    "salesGrowthYoY" : 57.43,
    "grossProfitMargin" : 60.37,
    "grossProfit" : 110.48,
    "operatingProfitMargin" : 30.22,
    "operatingProfit" : 55.30,
    "netProfitMargin" : 18.64,
    "netProfit" : 34.11
  }, {
    "date" : "2018-06-30",
    "sales" : 194.65,
    "salesGrowthYoY" : 59.31,
    "grossProfitMargin" : 58.15,
    "grossProfit" : 113.19,
    "operatingProfitMargin" : 30.90,
    "operatingProfit" : 60.15,
    "netProfitMargin" : 19.96,
    "netProfit" : 38.85
  }, {
    "date" : "2018-09-30",
    "sales" : 212.82,
    "salesGrowthYoY" : 63.68,
    "grossProfitMargin" : 59.55,
    "grossProfit" : 126.73,
    "operatingProfitMargin" : 33.51,
    "operatingProfit" : 71.32,
    "netProfitMargin" : 20.26,
    "netProfit" : 43.12
  }, {
    "date" : "2018-12-31",
    "sales" : 222.45,
    "salesGrowthYoY" : 51.56,
    "grossProfitMargin" : 55.82,
    "grossProfit" : 124.17,
    "operatingProfitMargin" : 29.82,
    "operatingProfit" : 66.33,
    "netProfitMargin" : 17.98,
    "netProfit" : 40.00
  }, {
    "date" : "2019-03-31",
    "sales" : 195.04,
    "salesGrowthYoY" : 6.58,
    "grossProfitMargin" : 56.55,
    "grossProfit" : 110.30,
    "operatingProfitMargin" : 26.19,
    "operatingProfit" : 51.08,
    "netProfitMargin" : 15.42,
    "netProfit" : 30.08
  }, {
    "date" : "2019-06-30",
    "sales" : 189.45,
    "salesGrowthYoY" : -2.67,
    "grossProfitMargin" : 52.63,
    "grossProfit" : 99.71,
    "operatingProfitMargin" : 22.20,
    "operatingProfit" : 42.06,
    "netProfitMargin" : 14.37,
    "netProfit" : 27.22
  }, {
    "date" : "2019-09-30",
    "sales" : 180.88,
    "salesGrowthYoY" : -15.01,
    "grossProfitMargin" : 54.52,
    "grossProfit" : 98.62,
    "operatingProfitMargin" : 21.66,
    "operatingProfit" : 39.18,
    "netProfitMargin" : 21.15,
    "netProfit" : 38.26
  }, {
    "date" : "2019-12-31",
    "sales" : 164.35,
    "salesGrowthYoY" : -26.12,
    "grossProfitMargin" : 53.39,
    "grossProfit" : 87.75,
    "operatingProfitMargin" : 16.28,
    "operatingProfit" : 26.76,
    "netProfitMargin" : 9.77,
    "netProfit" : 16.06
  }, {
    "date" : "2020-03-31",
    "sales" : 167.80,
    "salesGrowthYoY" : -13.97,
    "grossProfitMargin" : 52.35,
    "grossProfit" : 87.84,
    "operatingProfitMargin" : 12.80,
    "operatingProfit" : 21.48,
    "netProfitMargin" : 7.11,
    "netProfit" : 11.93
  }, {
    "date" : "2020-06-30",
    "sales" : 133.46,
    "salesGrowthYoY" : -29.55,
    "grossProfitMargin" : 47.98,
    "grossProfit" : 64.03,
    "operatingProfitMargin" : 10.30,
    "operatingProfit" : 13.75,
    "netProfitMargin" : 6.05,
    "netProfit" : 8.07
  }, {
    "date" : "2020-09-30",
    "sales" : 183.75,
    "salesGrowthYoY" : 1.59,
    "grossProfitMargin" : 50.90,
    "grossProfit" : 93.53,
    "operatingProfitMargin" : 15.63,
    "operatingProfit" : 28.72,
    "netProfitMargin" : 8.90,
    "netProfit" : 16.35
  }, {
    "date" : "2020-12-31",
    "sales" : 213.58,
    "salesGrowthYoY" : 29.95,
    "grossProfitMargin" : 51.56,
    "grossProfit" : 110.12,
    "operatingProfitMargin" : 18.57,
    "operatingProfit" : 39.66,
    "netProfitMargin" : 12.11,
    "netProfit" : 25.86
  }, {
    "date" : "2021-03-31",
    "sales" : 218.68,
    "salesGrowthYoY" : 30.32,
    "grossProfitMargin" : 51.48,
    "grossProfit" : 112.58,
    "operatingProfitMargin" : 17.68,
    "operatingProfit" : 38.66,
    "netProfitMargin" : 9.10,
    "netProfit" : 19.90
  }, {
    "date" : "2021-06-30",
    "sales" : 231.91,
    "salesGrowthYoY" : 73.77,
    "grossProfitMargin" : 45.26,
    "grossProfit" : 104.96,
    "operatingProfitMargin" : 14.03,
    "operatingProfit" : 32.54,
    "netProfitMargin" : 9.16,
    "netProfit" : 21.24
  }, {
    "date" : "2021-09-30",
    "sales" : 230.92,
    "salesGrowthYoY" : 25.67,
    "grossProfitMargin" : 46.25,
    "grossProfit" : 106.80,
    "operatingProfitMargin" : 12.31,
    "operatingProfit" : 28.43,
    "netProfitMargin" : 6.94,
    "netProfit" : 16.03
  }, {
    "date" : "2021-12-31",
    "sales" : 350.52,
    "salesGrowthYoY" : 64.12,
    "grossProfitMargin" : 56.11,
    "grossProfit" : 196.68,
    "operatingProfitMargin" : 29.31,
    "operatingProfit" : 102.74,
    "netProfitMargin" : 22.30,
    "netProfit" : 78.17
  }, {
    "date" : "2022-03-31",
    "sales" : 364.67,
    "salesGrowthYoY" : 66.76,
    "grossProfitMargin" : 44.62,
    "grossProfit" : 162.72,
    "operatingProfitMargin" : 18.31,
    "operatingProfit" : 66.77,
    "netProfitMargin" : 12.26,
    "netProfit" : 44.71
  }, {
    "date" : "2022-06-30",
    "sales" : 328.81,
    "salesGrowthYoY" : 41.78,
    "grossProfitMargin" : 44.62,
    "grossProfit" : 146.72,
    "operatingProfitMargin" : 16.79,
    "operatingProfit" : 55.21,
    "netProfitMargin" : 11.27,
    "netProfit" : 37.06
  }, {
    "date" : "2022-09-30",
    "sales" : 311.95,
    "salesGrowthYoY" : 35.09,
    "grossProfitMargin" : 39.63,
    "grossProfit" : 123.63,
    "operatingProfitMargin" : 10.45,
    "operatingProfit" : 32.60,
    "netProfitMargin" : 6.50,
    "netProfit" : 20.28
  }, {
    "date" : "2022-12-31",
    "sales" : 222.97,
    "salesGrowthYoY" : -36.39,
    "grossProfitMargin" : 46.00,
    "grossProfit" : 102.57,
    "operatingProfitMargin" : 12.61,
    "operatingProfit" : 28.12,
    "netProfitMargin" : 8.40,
    "netProfit" : 18.73
  }, {
    "date" : "2023-03-31",
    "sales" : 226.09,
    "salesGrowthYoY" : -38.00,
    "grossProfitMargin" : 38.10,
    "grossProfit" : 86.14,
    "operatingProfitMargin" : 4.86,
    "operatingProfit" : 10.99,
    "netProfitMargin" : 1.04,
    "netProfit" : 2.35
  }, {
    "date" : "2023-06-30",
    "sales" : 214.28,
    "salesGrowthYoY" : -34.83,
    "grossProfitMargin" : 37.57,
    "grossProfit" : 80.50,
    "operatingProfitMargin" : 3.17,
    "operatingProfit" : 6.79,
    "netProfitMargin" : 2.62,
    "netProfit" : 5.61
  }, {
    "date" : "2023-09-30",
    "sales" : 198.04,
    "salesGrowthYoY" : -36.52,
    "grossProfitMargin" : 36.82,
    "grossProfit" : 72.92,
    "operatingProfitMargin" : 1.36,
    "operatingProfit" : 2.69,
    "netProfitMargin" : -0.32,
    "netProfit" : -0.63
  }, {
    "date" : "2023-12-31",
    "sales" : 180.28,
    "salesGrowthYoY" : -19.15,
    "grossProfitMargin" : 41.55,
    "grossProfit" : 74.91,
    "operatingProfitMargin" : 0.97,
    "operatingProfit" : 1.75,
    "netProfitMargin" : 1.57,
    "netProfit" : 2.83
  }, {
    "date" : "2024-03-31",
    "sales" : 233.54,
    "salesGrowthYoY" : 3.30,
    "grossProfitMargin" : 40.57,
    "grossProfit" : 94.75,
    "operatingProfitMargin" : 5.52,
    "operatingProfit" : 12.89,
    "netProfitMargin" : 3.13,
    "netProfit" : 7.31
  }, {
    "date" : "2024-06-30",
    "sales" : 264.91,
    "salesGrowthYoY" : 23.63,
    "grossProfitMargin" : 47.94,
    "grossProfit" : 127.00,
    "operatingProfitMargin" : 14.78,
    "operatingProfit" : 39.15,
    "netProfitMargin" : 11.88,
    "netProfit" : 31.47
  }, {
    "date" : "2024-09-30",
    "sales" : 268.91,
    "salesGrowthYoY" : 35.79,
    "grossProfitMargin" : 51.71,
    "grossProfit" : 139.05,
    "operatingProfitMargin" : 18.32,
    "operatingProfit" : 49.26,
    "netProfitMargin" : 12.74,
    "netProfit" : 34.26
  }, {
    "date" : "2024-12-31",
    "sales" : 196.41,
    "salesGrowthYoY" : 8.95,
    "grossProfitMargin" : 47.77,
    "grossProfit" : 93.83,
    "operatingProfitMargin" : 6.27,
    "operatingProfit" : 12.31,
    "netProfitMargin" : 3.26,
    "netProfit" : 6.40
  }, {
    "date" : "2025-03-31",
    "sales" : 247.84,
    "salesGrowthYoY" : 6.12,
    "grossProfitMargin" : 45.21,
    "grossProfit" : 112.05,
    "operatingProfitMargin" : 8.00,
    "operatingProfit" : 19.83,
    "netProfitMargin" : 4.59,
    "netProfit" : 11.38
  }, {
    "date" : "2025-06-30",
    "sales" : 309.47,
    "salesGrowthYoY" : 16.82,
    "grossProfitMargin" : 45.56,
    "grossProfit" : 140.99,
    "operatingProfitMargin" : 13.68,
    "operatingProfit" : 42.34,
    "netProfitMargin" : 10.84,
    "netProfit" : 33.55
  }, {
    "date" : "2025-09-30",
    "sales" : 270.19,
    "salesGrowthYoY" : 0.48,
    "grossProfitMargin" : 45.82,
    "grossProfit" : 123.80,
    "operatingProfitMargin" : 11.14,
    "operatingProfit" : 30.10,
    "netProfitMargin" : 6.93,
    "netProfit" : 18.72
  }, {
    "date" : "2025-12-31",
    "sales" : 233.45,
    "salesGrowthYoY" : 18.86,
    "grossProfitMargin" : 46.04,
    "grossProfit" : 107.48,
    "operatingProfitMargin" : 6.82,
    "operatingProfit" : 15.92,
    "netProfitMargin" : 3.60,
    "netProfit" : 8.40
  } ],
  "latestQuarterlyResult" : {
    "date" : "2025-12-31",
    "sales" : 233.45,
    "salesGrowthYoY" : 18.86,
    "grossProfitMargin" : 46.04,
    "grossProfit" : 107.48,
    "operatingProfitMargin" : 6.82,
    "operatingProfit" : 15.92,
    "netProfitMargin" : 3.60,
    "netProfit" : 8.40
  },
  "companyScore" : {
    "priceHigherThanDma50" : 0.00,
    "priceHigherThanDma100" : 0.00,
    "priceHigherThanDma200" : 0.00,
    "dma50HigherThanDma100" : 0.00,
    "dma50HigherThanDma200" : 0.00,
    "dma100HigherThanDma200" : 0.00,
    "pricePercentageAboveDma50" : 5.03,
    "pricePercentageAboveDma100" : 5.28,
    "pricePercentageAboveDma200" : 5.55,
    "weeklyVolumeHigherThanYearlyVolume" : 0.00,
    "salesGrowthPercentile" : 13.50,
    "operatingProfitMarginPercentile" : 5.24,
    "netProfitMarginPercentile" : 4.03,
    "totalTechnicalScore" : 15.87,
    "totalFundamentalScore" : 22.77,
    "totalScore" : 38.63
  }
}