{
  "metadata" : {
    "screenerCompanyId" : "1006",
    "companyCode" : "FACT",
    "companyName" : "F A C T",
    "screenerCompanyLink" : "https://www.screener.in/company/FACT/consolidated/",
    "screenerTechnicalHistoryLink" : "https://www.screener.in/api/company/1006/chart/?q=Price-DMA50-DMA200-Volume&days=365",
    "screenerQuarterlyResultsLink" : "https://www.screener.in/api/company/1006/chart/?q=GPM-OPM-NPM-Quarter+Sales&days=10000",
    "attributes" : {
      "companyCode" : "FACT",
      "companyName" : "F A C T",
      "marketCap" : 56360.00,
      "peRatio" : 621.00,
      "description" : "Fertilizers & Chemicals Travancore Ltd (FACT), incorporated in the year 1943, is the first large-scale fertiliser plant in India at Udyogamandal, Kochi, Kerala. The company is engaged in the manufacturing and selling of fertilizers, its by-products and Caprolactam. It is under the administrative control of the Department of Fertilizers, Ministry of Chemicals & Fertilizers, Government of India.[1]"
    },
    "companyScore" : {
      "priceHigherThanDma50" : 0.00,
      "priceHigherThanDma100" : 0.00,
      "priceHigherThanDma200" : 0.00,
      "dma50HigherThanDma100" : 0.00,
      "dma50HigherThanDma200" : 0.00,
      "dma100HigherThanDma200" : 5.00,
      "pricePercentageAboveDma50" : 5.03,
      "pricePercentageAboveDma100" : 5.25,
      "pricePercentageAboveDma200" : 5.12,
      "weeklyVolumeHigherThanYearlyVolume" : 5.00,
      "salesGrowthPercentile" : 12.15,
      "operatingProfitMarginPercentile" : 13.75,
      "netProfitMarginPercentile" : 6.99,
      "totalTechnicalScore" : 25.40,
      "totalFundamentalScore" : 32.89,
      "totalScore" : 58.29
    }
  },
  "attributes" : {
    "companyCode" : "FACT",
    "companyName" : "F A C T",
    "marketCap" : 56360.00,
    "peRatio" : 621.00,
    "description" : "Fertilizers & Chemicals Travancore Ltd (FACT), incorporated in the year 1943, is the first large-scale fertiliser plant in India at Udyogamandal, Kochi, Kerala. The company is engaged in the manufacturing and selling of fertilizers, its by-products and Caprolactam. It is under the administrative control of the Department of Fertilizers, Ministry of Chemicals & Fertilizers, Government of India.[1]"
  },
  "technicalHistory" : [ {
    "date" : "2024-12-23",
    "price" : 928.45,
    "dma50" : 938.99,
    "dma100" : null,
    "dma200" : 868.38,
    "volume" : 366127.00
  }, {
    "date" : "2024-12-24",
    "price" : 968.25,
    "dma50" : 940.14,
    "dma100" : null,
    "dma200" : 869.37,
    "volume" : 691302.00
  }, {
    "date" : "2024-12-26",
    "price" : 946.10,
    "dma50" : 940.37,
    "dma100" : null,
    "dma200" : 870.14,
    "volume" : 197770.00
  }, {
    "date" : "2024-12-27",
    "price" : 961.30,
    "dma50" : 941.19,
    "dma100" : null,
    "dma200" : 871.05,
    "volume" : 188151.00
  }, {
    "date" : "2024-12-30",
    "price" : 958.30,
    "dma50" : 941.86,
    "dma100" : null,
    "dma200" : 871.91,
    "volume" : 265112.00
  }, {
    "date" : "2024-12-31",
    "price" : 980.90,
    "dma50" : 943.40,
    "dma100" : null,
    "dma200" : 873.00,
    "volume" : 897474.00
  }, {
    "date" : "2025-01-01",
    "price" : 989.95,
    "dma50" : 945.22,
    "dma100" : null,
    "dma200" : 874.16,
    "volume" : 540435.00
  }, {
    "date" : "2025-01-02",
    "price" : 1005.80,
    "dma50" : 947.60,
    "dma100" : null,
    "dma200" : 875.47,
    "volume" : 691515.00
  }, {
    "date" : "2025-01-03",
    "price" : 973.35,
    "dma50" : 948.61,
    "dma100" : null,
    "dma200" : 876.45,
    "volume" : 467970.00
  }, {
    "date" : "2025-01-06",
    "price" : 927.60,
    "dma50" : 947.78,
    "dma100" : null,
    "dma200" : 876.95,
    "volume" : 311894.00
  }, {
    "date" : "2025-01-07",
    "price" : 975.15,
    "dma50" : 948.86,
    "dma100" : null,
    "dma200" : 877.93,
    "volume" : 2778622.00
  }, {
    "date" : "2025-01-08",
    "price" : 964.10,
    "dma50" : 949.45,
    "dma100" : null,
    "dma200" : 878.79,
    "volume" : 237878.00
  }, {
    "date" : "2025-01-09",
    "price" : 962.45,
    "dma50" : 949.96,
    "dma100" : null,
    "dma200" : 879.62,
    "volume" : 1640513.00
  }, {
    "date" : "2025-01-10",
    "price" : 935.15,
    "dma50" : 949.38,
    "dma100" : null,
    "dma200" : 880.17,
    "volume" : 303644.00
  }, {
    "date" : "2025-01-13",
    "price" : 868.00,
    "dma50" : 946.19,
    "dma100" : null,
    "dma200" : 880.05,
    "volume" : 509490.00
  }, {
    "date" : "2025-01-14",
    "price" : 896.45,
    "dma50" : 944.24,
    "dma100" : null,
    "dma200" : 880.22,
    "volume" : 266956.00
  }, {
    "date" : "2025-01-15",
    "price" : 897.75,
    "dma50" : 942.42,
    "dma100" : null,
    "dma200" : 880.39,
    "volume" : 206596.00
  }, {
    "date" : "2025-01-16",
    "price" : 907.70,
    "dma50" : 941.06,
    "dma100" : null,
    "dma200" : 880.66,
    "volume" : 186074.00
  }, {
    "date" : "2025-01-17",
    "price" : 951.10,
    "dma50" : 941.45,
    "dma100" : null,
    "dma200" : 881.36,
    "volume" : 5480800.00
  }, {
    "date" : "2025-01-20",
    "price" : 947.10,
    "dma50" : 941.67,
    "dma100" : null,
    "dma200" : 882.02,
    "volume" : 402694.00
  }, {
    "date" : "2025-01-21",
    "price" : 953.40,
    "dma50" : 942.13,
    "dma100" : null,
    "dma200" : 882.73,
    "volume" : 1963276.00
  }, {
    "date" : "2025-01-22",
    "price" : 940.50,
    "dma50" : 942.07,
    "dma100" : null,
    "dma200" : 883.30,
    "volume" : 401829.00
  }, {
    "date" : "2025-01-23",
    "price" : 969.25,
    "dma50" : 943.13,
    "dma100" : null,
    "dma200" : 884.16,
    "volume" : 954763.00
  }, {
    "date" : "2025-01-24",
    "price" : 952.90,
    "dma50" : 943.52,
    "dma100" : null,
    "dma200" : 884.84,
    "volume" : 353815.00
  }, {
    "date" : "2025-01-27",
    "price" : 899.10,
    "dma50" : 941.77,
    "dma100" : null,
    "dma200" : 884.98,
    "volume" : 327997.00
  }, {
    "date" : "2025-01-28",
    "price" : 871.00,
    "dma50" : 939.00,
    "dma100" : null,
    "dma200" : 884.84,
    "volume" : 634082.00
  }, {
    "date" : "2025-01-29",
    "price" : 904.10,
    "dma50" : 937.63,
    "dma100" : null,
    "dma200" : 885.04,
    "volume" : 390785.00
  }, {
    "date" : "2025-01-30",
    "price" : 891.00,
    "dma50" : 935.80,
    "dma100" : null,
    "dma200" : 885.09,
    "volume" : 378763.00
  }, {
    "date" : "2025-01-31",
    "price" : 920.95,
    "dma50" : 935.22,
    "dma100" : null,
    "dma200" : 885.45,
    "volume" : 569496.00
  }, {
    "date" : "2025-02-01",
    "price" : 922.50,
    "dma50" : 934.72,
    "dma100" : null,
    "dma200" : 885.82,
    "volume" : 2032368.00
  }, {
    "date" : "2025-02-03",
    "price" : 897.75,
    "dma50" : 933.27,
    "dma100" : null,
    "dma200" : 885.94,
    "volume" : 256848.00
  }, {
    "date" : "2025-02-04",
    "price" : 898.45,
    "dma50" : 931.91,
    "dma100" : null,
    "dma200" : 886.06,
    "volume" : 172822.00
  }, {
    "date" : "2025-02-05",
    "price" : 905.80,
    "dma50" : 930.88,
    "dma100" : null,
    "dma200" : 886.26,
    "volume" : 136568.00
  }, {
    "date" : "2025-02-06",
    "price" : 904.95,
    "dma50" : 929.86,
    "dma100" : null,
    "dma200" : 886.45,
    "volume" : 269783.00
  }, {
    "date" : "2025-02-07",
    "price" : 899.40,
    "dma50" : 928.67,
    "dma100" : null,
    "dma200" : 886.57,
    "volume" : 182279.00
  }, {
    "date" : "2025-02-10",
    "price" : 868.45,
    "dma50" : 926.31,
    "dma100" : null,
    "dma200" : 886.39,
    "volume" : 157748.00
  }, {
    "date" : "2025-02-11",
    "price" : 822.00,
    "dma50" : 922.22,
    "dma100" : null,
    "dma200" : 885.75,
    "volume" : 255281.00
  }, {
    "date" : "2025-02-12",
    "price" : 811.95,
    "dma50" : 917.89,
    "dma100" : null,
    "dma200" : 885.02,
    "volume" : 375580.00
  }, {
    "date" : "2025-02-13",
    "price" : 805.95,
    "dma50" : 913.50,
    "dma100" : null,
    "dma200" : 884.23,
    "volume" : 196781.00
  }, {
    "date" : "2025-02-14",
    "price" : 754.50,
    "dma50" : 907.27,
    "dma100" : null,
    "dma200" : 882.94,
    "volume" : 744489.00
  }, {
    "date" : "2025-02-17",
    "price" : 748.80,
    "dma50" : 901.05,
    "dma100" : null,
    "dma200" : 881.61,
    "volume" : 464679.00
  }, {
    "date" : "2025-02-18",
    "price" : 709.05,
    "dma50" : 893.52,
    "dma100" : null,
    "dma200" : 879.89,
    "volume" : 444607.00
  }, {
    "date" : "2025-02-19",
    "price" : 726.70,
    "dma50" : 886.98,
    "dma100" : null,
    "dma200" : 878.37,
    "volume" : 402853.00
  }, {
    "date" : "2025-02-20",
    "price" : 716.40,
    "dma50" : 880.29,
    "dma100" : null,
    "dma200" : 876.75,
    "volume" : 976921.00
  }, {
    "date" : "2025-02-21",
    "price" : 706.40,
    "dma50" : 873.47,
    "dma100" : null,
    "dma200" : 875.06,
    "volume" : 400368.00
  }, {
    "date" : "2025-02-24",
    "price" : 715.20,
    "dma50" : 867.27,
    "dma100" : null,
    "dma200" : 873.47,
    "volume" : 536213.00
  }, {
    "date" : "2025-02-25",
    "price" : 713.80,
    "dma50" : 861.25,
    "dma100" : null,
    "dma200" : 871.88,
    "volume" : 749626.00
  }, {
    "date" : "2025-02-27",
    "price" : 747.80,
    "dma50" : 856.80,
    "dma100" : null,
    "dma200" : 870.65,
    "volume" : 749748.00
  }, {
    "date" : "2025-02-28",
    "price" : 691.70,
    "dma50" : 850.32,
    "dma100" : null,
    "dma200" : 868.86,
    "volume" : 557395.00
  }, {
    "date" : "2025-03-03",
    "price" : 637.15,
    "dma50" : 841.96,
    "dma100" : null,
    "dma200" : 866.56,
    "volume" : 4876352.00
  }, {
    "date" : "2025-03-04",
    "price" : 653.90,
    "dma50" : 834.59,
    "dma100" : null,
    "dma200" : 864.44,
    "volume" : 1045489.00
  }, {
    "date" : "2025-03-05",
    "price" : 657.65,
    "dma50" : 827.65,
    "dma100" : null,
    "dma200" : 862.39,
    "volume" : 465578.00
  }, {
    "date" : "2025-03-06",
    "price" : 658.95,
    "dma50" : 821.04,
    "dma100" : null,
    "dma200" : 860.36,
    "volume" : 359729.00
  }, {
    "date" : "2025-03-07",
    "price" : 659.20,
    "dma50" : 814.69,
    "dma100" : null,
    "dma200" : 858.36,
    "volume" : 483148.00
  }, {
    "date" : "2025-03-10",
    "price" : 632.10,
    "dma50" : 807.53,
    "dma100" : null,
    "dma200" : 856.11,
    "volume" : 391261.00
  }, {
    "date" : "2025-03-11",
    "price" : 624.90,
    "dma50" : 800.37,
    "dma100" : null,
    "dma200" : 853.81,
    "volume" : 366872.00
  }, {
    "date" : "2025-03-12",
    "price" : 613.50,
    "dma50" : 793.04,
    "dma100" : null,
    "dma200" : 851.42,
    "volume" : 241363.00
  }, {
    "date" : "2025-03-13",
    "price" : 598.80,
    "dma50" : 785.42,
    "dma100" : null,
    "dma200" : 848.90,
    "volume" : 215860.00
  }, {
    "date" : "2025-03-17",
    "price" : 596.65,
    "dma50" : 778.02,
    "dma100" : null,
    "dma200" : 846.39,
    "volume" : 214481.00
  }, {
    "date" : "2025-03-18",
    "price" : 627.05,
    "dma50" : 772.10,
    "dma100" : null,
    "dma200" : 844.21,
    "volume" : 541388.00
  }, {
    "date" : "2025-03-19",
    "price" : 642.80,
    "dma50" : 767.03,
    "dma100" : null,
    "dma200" : 842.21,
    "volume" : 497097.00
  }, {
    "date" : "2025-03-20",
    "price" : 644.80,
    "dma50" : 762.23,
    "dma100" : null,
    "dma200" : 840.24,
    "volume" : 706418.00
  }, {
    "date" : "2025-03-21",
    "price" : 672.10,
    "dma50" : 758.70,
    "dma100" : null,
    "dma200" : 838.57,
    "volume" : 906475.00
  }, {
    "date" : "2025-03-24",
    "price" : 676.70,
    "dma50" : 755.48,
    "dma100" : null,
    "dma200" : 836.96,
    "volume" : 378028.00
  }, {
    "date" : "2025-03-25",
    "price" : 656.55,
    "dma50" : 751.60,
    "dma100" : null,
    "dma200" : 835.16,
    "volume" : 288988.00
  }, {
    "date" : "2025-03-26",
    "price" : 641.35,
    "dma50" : 747.28,
    "dma100" : null,
    "dma200" : 833.23,
    "volume" : 224565.00
  }, {
    "date" : "2025-03-27",
    "price" : 648.25,
    "dma50" : 743.40,
    "dma100" : null,
    "dma200" : 831.39,
    "volume" : 872296.00
  }, {
    "date" : "2025-03-28",
    "price" : 639.60,
    "dma50" : 739.33,
    "dma100" : null,
    "dma200" : 829.49,
    "volume" : 892232.00
  }, {
    "date" : "2025-04-01",
    "price" : 645.20,
    "dma50" : 735.64,
    "dma100" : null,
    "dma200" : 827.65,
    "volume" : 249094.00
  }, {
    "date" : "2025-04-02",
    "price" : 651.70,
    "dma50" : 732.34,
    "dma100" : null,
    "dma200" : 825.90,
    "volume" : 236188.00
  }, {
    "date" : "2025-04-03",
    "price" : 657.55,
    "dma50" : 729.41,
    "dma100" : null,
    "dma200" : 824.23,
    "volume" : 480980.00
  }, {
    "date" : "2025-04-04",
    "price" : 621.95,
    "dma50" : 725.20,
    "dma100" : null,
    "dma200" : 822.21,
    "volume" : 330777.00
  }, {
    "date" : "2025-04-07",
    "price" : 585.05,
    "dma50" : 719.70,
    "dma100" : null,
    "dma200" : 819.85,
    "volume" : 334465.00
  }, {
    "date" : "2025-04-08",
    "price" : 612.65,
    "dma50" : 715.50,
    "dma100" : null,
    "dma200" : 817.79,
    "volume" : 291426.00
  }, {
    "date" : "2025-04-09",
    "price" : 596.85,
    "dma50" : 710.85,
    "dma100" : null,
    "dma200" : 815.59,
    "volume" : 169374.00
  }, {
    "date" : "2025-04-11",
    "price" : 624.65,
    "dma50" : 707.47,
    "dma100" : null,
    "dma200" : 813.69,
    "volume" : 600737.00
  }, {
    "date" : "2025-04-15",
    "price" : 672.45,
    "dma50" : 706.10,
    "dma100" : null,
    "dma200" : 812.29,
    "volume" : 738010.00
  }, {
    "date" : "2025-04-16",
    "price" : 668.45,
    "dma50" : 704.62,
    "dma100" : null,
    "dma200" : 810.86,
    "volume" : 451221.00
  }, {
    "date" : "2025-04-17",
    "price" : 760.85,
    "dma50" : 706.82,
    "dma100" : null,
    "dma200" : 810.36,
    "volume" : 17884175.00
  }, {
    "date" : "2025-04-21",
    "price" : 774.75,
    "dma50" : 709.49,
    "dma100" : null,
    "dma200" : 810.00,
    "volume" : 3397214.00
  }, {
    "date" : "2025-04-22",
    "price" : 762.05,
    "dma50" : 711.55,
    "dma100" : null,
    "dma200" : 809.53,
    "volume" : 884909.00
  }, {
    "date" : "2025-04-23",
    "price" : 757.60,
    "dma50" : 713.36,
    "dma100" : null,
    "dma200" : 809.01,
    "volume" : 1458954.00
  }, {
    "date" : "2025-04-24",
    "price" : 761.50,
    "dma50" : 715.24,
    "dma100" : null,
    "dma200" : 808.54,
    "volume" : 923775.00
  }, {
    "date" : "2025-04-25",
    "price" : 739.05,
    "dma50" : 716.18,
    "dma100" : null,
    "dma200" : 807.85,
    "volume" : 621904.00
  }, {
    "date" : "2025-04-28",
    "price" : 743.45,
    "dma50" : 717.25,
    "dma100" : null,
    "dma200" : 807.21,
    "volume" : 361692.00
  }, {
    "date" : "2025-04-29",
    "price" : 757.45,
    "dma50" : 718.82,
    "dma100" : null,
    "dma200" : 806.71,
    "volume" : 514110.00
  }, {
    "date" : "2025-04-30",
    "price" : 765.95,
    "dma50" : 720.67,
    "dma100" : null,
    "dma200" : 806.31,
    "volume" : 1187247.00
  }, {
    "date" : "2025-05-02",
    "price" : 769.00,
    "dma50" : 722.57,
    "dma100" : null,
    "dma200" : 805.93,
    "volume" : 1081765.00
  }, {
    "date" : "2025-05-05",
    "price" : 796.50,
    "dma50" : 725.47,
    "dma100" : null,
    "dma200" : 805.84,
    "volume" : 1312063.00
  }, {
    "date" : "2025-05-06",
    "price" : 775.35,
    "dma50" : 727.42,
    "dma100" : null,
    "dma200" : 805.54,
    "volume" : 1800265.00
  }, {
    "date" : "2025-05-07",
    "price" : 794.05,
    "dma50" : 730.04,
    "dma100" : null,
    "dma200" : 805.42,
    "volume" : 784972.00
  }, {
    "date" : "2025-05-08",
    "price" : 788.25,
    "dma50" : 732.32,
    "dma100" : null,
    "dma200" : 805.25,
    "volume" : 1110015.00
  }, {
    "date" : "2025-05-09",
    "price" : 781.10,
    "dma50" : 734.23,
    "dma100" : null,
    "dma200" : 805.01,
    "volume" : 413066.00
  }, {
    "date" : "2025-05-12",
    "price" : 817.25,
    "dma50" : 737.49,
    "dma100" : null,
    "dma200" : 805.13,
    "volume" : 859905.00
  }, {
    "date" : "2025-05-13",
    "price" : 822.60,
    "dma50" : 740.82,
    "dma100" : null,
    "dma200" : 805.31,
    "volume" : 656385.00
  }, {
    "date" : "2025-05-14",
    "price" : 837.75,
    "dma50" : 744.63,
    "dma100" : null,
    "dma200" : 805.63,
    "volume" : 544885.00
  }, {
    "date" : "2025-05-15",
    "price" : 871.05,
    "dma50" : 749.58,
    "dma100" : null,
    "dma200" : 806.28,
    "volume" : 2542747.00
  }, {
    "date" : "2025-05-16",
    "price" : 881.60,
    "dma50" : 754.76,
    "dma100" : null,
    "dma200" : 807.03,
    "volume" : 718677.00
  }, {
    "date" : "2025-05-19",
    "price" : 877.05,
    "dma50" : 759.56,
    "dma100" : null,
    "dma200" : 807.73,
    "volume" : 583852.00
  }, {
    "date" : "2025-05-20",
    "price" : 890.75,
    "dma50" : 764.70,
    "dma100" : null,
    "dma200" : 808.55,
    "volume" : 1406885.00
  }, {
    "date" : "2025-05-21",
    "price" : 893.60,
    "dma50" : 769.76,
    "dma100" : 792.23,
    "dma200" : 809.40,
    "volume" : 366525.00
  }, {
    "date" : "2025-05-22",
    "price" : 897.35,
    "dma50" : 774.76,
    "dma100" : 791.52,
    "dma200" : 810.27,
    "volume" : 568446.00
  }, {
    "date" : "2025-05-23",
    "price" : 899.95,
    "dma50" : 779.67,
    "dma100" : 791.06,
    "dma200" : 811.17,
    "volume" : 490246.00
  }, {
    "date" : "2025-05-26",
    "price" : 925.70,
    "dma50" : 785.40,
    "dma100" : 790.71,
    "dma200" : 812.31,
    "volume" : 1137496.00
  }, {
    "date" : "2025-05-27",
    "price" : 920.00,
    "dma50" : 790.67,
    "dma100" : 790.32,
    "dma200" : 813.38,
    "volume" : 1116037.00
  }, {
    "date" : "2025-05-28",
    "price" : 912.70,
    "dma50" : 795.46,
    "dma100" : 789.64,
    "dma200" : 814.37,
    "volume" : 355903.00
  }, {
    "date" : "2025-05-29",
    "price" : 910.45,
    "dma50" : 799.97,
    "dma100" : 788.85,
    "dma200" : 815.32,
    "volume" : 226136.00
  }, {
    "date" : "2025-05-30",
    "price" : 882.95,
    "dma50" : 803.22,
    "dma100" : 787.62,
    "dma200" : 816.00,
    "volume" : 238931.00
  }, {
    "date" : "2025-06-02",
    "price" : 888.35,
    "dma50" : 806.56,
    "dma100" : 786.77,
    "dma200" : 816.72,
    "volume" : 248518.00
  }, {
    "date" : "2025-06-03",
    "price" : 1046.80,
    "dma50" : 815.98,
    "dma100" : 787.96,
    "dma200" : 819.00,
    "volume" : 17785994.00
  }, {
    "date" : "2025-06-04",
    "price" : 1031.05,
    "dma50" : 824.42,
    "dma100" : 788.52,
    "dma200" : 821.11,
    "volume" : 2318163.00
  }, {
    "date" : "2025-06-05",
    "price" : 1015.35,
    "dma50" : 831.90,
    "dma100" : 789.03,
    "dma200" : 823.05,
    "volume" : 6496262.00
  }, {
    "date" : "2025-06-06",
    "price" : 1037.35,
    "dma50" : 839.96,
    "dma100" : 789.78,
    "dma200" : 825.18,
    "volume" : 2127405.00
  }, {
    "date" : "2025-06-09",
    "price" : 1049.15,
    "dma50" : 848.16,
    "dma100" : 790.92,
    "dma200" : 827.41,
    "volume" : 979314.00
  }, {
    "date" : "2025-06-10",
    "price" : 1063.05,
    "dma50" : 856.59,
    "dma100" : 792.87,
    "dma200" : 829.75,
    "volume" : 826457.00
  }, {
    "date" : "2025-06-11",
    "price" : 1056.70,
    "dma50" : 864.44,
    "dma100" : 794.47,
    "dma200" : 832.01,
    "volume" : 1094151.00
  }, {
    "date" : "2025-06-12",
    "price" : 1030.45,
    "dma50" : 870.95,
    "dma100" : 795.80,
    "dma200" : 833.99,
    "volume" : 765802.00
  }, {
    "date" : "2025-06-13",
    "price" : 1015.40,
    "dma50" : 876.61,
    "dma100" : 796.88,
    "dma200" : 835.79,
    "volume" : 443096.00
  }, {
    "date" : "2025-06-16",
    "price" : 1037.85,
    "dma50" : 882.94,
    "dma100" : 797.75,
    "dma200" : 837.80,
    "volume" : 910663.00
  }, {
    "date" : "2025-06-17",
    "price" : 1031.05,
    "dma50" : 888.74,
    "dma100" : 798.58,
    "dma200" : 839.72,
    "volume" : 446083.00
  }, {
    "date" : "2025-06-18",
    "price" : 1021.70,
    "dma50" : 893.96,
    "dma100" : 799.27,
    "dma200" : 841.53,
    "volume" : 286962.00
  }, {
    "date" : "2025-06-19",
    "price" : 992.80,
    "dma50" : 897.84,
    "dma100" : 799.79,
    "dma200" : 843.04,
    "volume" : 404289.00
  }, {
    "date" : "2025-06-20",
    "price" : 1021.50,
    "dma50" : 902.68,
    "dma100" : 800.31,
    "dma200" : 844.82,
    "volume" : 691950.00
  }, {
    "date" : "2025-06-23",
    "price" : 1028.00,
    "dma50" : 907.60,
    "dma100" : 801.06,
    "dma200" : 846.64,
    "volume" : 317504.00
  }, {
    "date" : "2025-06-24",
    "price" : 1023.55,
    "dma50" : 912.15,
    "dma100" : 802.31,
    "dma200" : 848.40,
    "volume" : 592714.00
  }, {
    "date" : "2025-06-25",
    "price" : 1037.95,
    "dma50" : 917.08,
    "dma100" : 803.98,
    "dma200" : 850.28,
    "volume" : 456569.00
  }, {
    "date" : "2025-06-26",
    "price" : 965.85,
    "dma50" : 918.99,
    "dma100" : 804.60,
    "dma200" : 851.43,
    "volume" : 1554062.00
  }, {
    "date" : "2025-06-27",
    "price" : 970.80,
    "dma50" : 921.02,
    "dma100" : 805.39,
    "dma200" : 852.62,
    "volume" : 554072.00
  }, {
    "date" : "2025-06-30",
    "price" : 974.55,
    "dma50" : 923.12,
    "dma100" : 805.93,
    "dma200" : 853.84,
    "volume" : 245749.00
  }, {
    "date" : "2025-07-01",
    "price" : 968.25,
    "dma50" : 924.89,
    "dma100" : 806.39,
    "dma200" : 854.97,
    "volume" : 269535.00
  }, {
    "date" : "2025-07-02",
    "price" : 952.30,
    "dma50" : 925.97,
    "dma100" : 806.93,
    "dma200" : 855.94,
    "volume" : 282596.00
  }, {
    "date" : "2025-07-03",
    "price" : 947.30,
    "dma50" : 926.80,
    "dma100" : 807.42,
    "dma200" : 856.85,
    "volume" : 198589.00
  }, {
    "date" : "2025-07-04",
    "price" : 940.55,
    "dma50" : 927.34,
    "dma100" : 807.77,
    "dma200" : 857.68,
    "volume" : 185752.00
  }, {
    "date" : "2025-07-07",
    "price" : 929.15,
    "dma50" : 927.41,
    "dma100" : 808.01,
    "dma200" : 858.40,
    "volume" : 118556.00
  }, {
    "date" : "2025-07-08",
    "price" : 926.50,
    "dma50" : 927.38,
    "dma100" : 808.28,
    "dma200" : 859.07,
    "volume" : 260510.00
  }, {
    "date" : "2025-07-09",
    "price" : 935.10,
    "dma50" : 927.68,
    "dma100" : 808.95,
    "dma200" : 859.83,
    "volume" : 243643.00
  }, {
    "date" : "2025-07-10",
    "price" : 927.90,
    "dma50" : 927.69,
    "dma100" : 810.01,
    "dma200" : 860.51,
    "volume" : 103930.00
  }, {
    "date" : "2025-07-11",
    "price" : 915.75,
    "dma50" : 927.22,
    "dma100" : 811.05,
    "dma200" : 861.06,
    "volume" : 115200.00
  }, {
    "date" : "2025-07-14",
    "price" : 904.25,
    "dma50" : 926.32,
    "dma100" : 812.03,
    "dma200" : 861.49,
    "volume" : 151967.00
  }, {
    "date" : "2025-07-15",
    "price" : 976.45,
    "dma50" : 928.29,
    "dma100" : 814.25,
    "dma200" : 862.63,
    "volume" : 8861612.00
  }, {
    "date" : "2025-07-16",
    "price" : 970.60,
    "dma50" : 929.95,
    "dma100" : 816.47,
    "dma200" : 863.70,
    "volume" : 612405.00
  }, {
    "date" : "2025-07-17",
    "price" : 967.45,
    "dma50" : 931.42,
    "dma100" : 819.05,
    "dma200" : 864.74,
    "volume" : 289667.00
  }, {
    "date" : "2025-07-18",
    "price" : 953.90,
    "dma50" : 932.30,
    "dma100" : 821.32,
    "dma200" : 865.62,
    "volume" : 212568.00
  }, {
    "date" : "2025-07-21",
    "price" : 960.10,
    "dma50" : 933.39,
    "dma100" : 823.76,
    "dma200" : 866.56,
    "volume" : 221403.00
  }, {
    "date" : "2025-07-22",
    "price" : 949.75,
    "dma50" : 934.03,
    "dma100" : 826.19,
    "dma200" : 867.39,
    "volume" : 91233.00
  }, {
    "date" : "2025-07-23",
    "price" : 943.00,
    "dma50" : 934.38,
    "dma100" : 828.47,
    "dma200" : 868.14,
    "volume" : 148231.00
  }, {
    "date" : "2025-07-24",
    "price" : 976.70,
    "dma50" : 936.04,
    "dma100" : 831.10,
    "dma200" : 869.22,
    "volume" : 1515415.00
  }, {
    "date" : "2025-07-25",
    "price" : 958.05,
    "dma50" : 936.90,
    "dma100" : 833.20,
    "dma200" : 870.11,
    "volume" : 637681.00
  }, {
    "date" : "2025-07-28",
    "price" : 931.75,
    "dma50" : 936.70,
    "dma100" : 835.60,
    "dma200" : 870.72,
    "volume" : 224455.00
  }, {
    "date" : "2025-07-29",
    "price" : 943.25,
    "dma50" : 936.96,
    "dma100" : 838.66,
    "dma200" : 871.44,
    "volume" : 299455.00
  }, {
    "date" : "2025-07-30",
    "price" : 963.00,
    "dma50" : 937.98,
    "dma100" : 841.75,
    "dma200" : 872.35,
    "volume" : 644882.00
  }, {
    "date" : "2025-07-31",
    "price" : 940.55,
    "dma50" : 938.08,
    "dma100" : 844.58,
    "dma200" : 873.03,
    "volume" : 174134.00
  }, {
    "date" : "2025-08-01",
    "price" : 933.40,
    "dma50" : 937.90,
    "dma100" : 847.33,
    "dma200" : 873.63,
    "volume" : 241608.00
  }, {
    "date" : "2025-08-04",
    "price" : 936.30,
    "dma50" : 937.83,
    "dma100" : 850.10,
    "dma200" : 874.26,
    "volume" : 174640.00
  }, {
    "date" : "2025-08-05",
    "price" : 968.60,
    "dma50" : 939.04,
    "dma100" : 853.46,
    "dma200" : 875.20,
    "volume" : 1439895.00
  }, {
    "date" : "2025-08-06",
    "price" : 941.35,
    "dma50" : 939.13,
    "dma100" : 856.63,
    "dma200" : 875.85,
    "volume" : 924594.00
  }, {
    "date" : "2025-08-07",
    "price" : 932.60,
    "dma50" : 938.88,
    "dma100" : 859.82,
    "dma200" : 876.42,
    "volume" : 211854.00
  }, {
    "date" : "2025-08-08",
    "price" : 926.05,
    "dma50" : 938.37,
    "dma100" : 863.09,
    "dma200" : 876.91,
    "volume" : 192516.00
  }, {
    "date" : "2025-08-11",
    "price" : 914.75,
    "dma50" : 937.45,
    "dma100" : 866.27,
    "dma200" : 877.29,
    "volume" : 152080.00
  }, {
    "date" : "2025-08-12",
    "price" : 947.50,
    "dma50" : 937.84,
    "dma100" : 869.48,
    "dma200" : 877.99,
    "volume" : 663672.00
  }, {
    "date" : "2025-08-13",
    "price" : 987.50,
    "dma50" : 939.79,
    "dma100" : 872.92,
    "dma200" : 879.08,
    "volume" : 2357710.00
  }, {
    "date" : "2025-08-14",
    "price" : 963.70,
    "dma50" : 940.73,
    "dma100" : 876.11,
    "dma200" : 879.92,
    "volume" : 449079.00
  }, {
    "date" : "2025-08-18",
    "price" : 964.75,
    "dma50" : 941.67,
    "dma100" : 879.04,
    "dma200" : 880.76,
    "volume" : 213656.00
  }, {
    "date" : "2025-08-19",
    "price" : 979.60,
    "dma50" : 943.16,
    "dma100" : 882.07,
    "dma200" : 881.75,
    "volume" : 1211598.00
  }, {
    "date" : "2025-08-20",
    "price" : 1014.45,
    "dma50" : 945.95,
    "dma100" : 885.65,
    "dma200" : 883.07,
    "volume" : 1418013.00
  }, {
    "date" : "2025-08-21",
    "price" : 1011.00,
    "dma50" : 948.50,
    "dma100" : 889.34,
    "dma200" : 884.34,
    "volume" : 746555.00
  }, {
    "date" : "2025-08-22",
    "price" : 1010.55,
    "dma50" : 950.94,
    "dma100" : 892.97,
    "dma200" : 885.60,
    "volume" : 867369.00
  }, {
    "date" : "2025-08-25",
    "price" : 1015.90,
    "dma50" : 953.48,
    "dma100" : 896.73,
    "dma200" : 886.89,
    "volume" : 390106.00
  }, {
    "date" : "2025-08-26",
    "price" : 965.70,
    "dma50" : 953.96,
    "dma100" : 899.94,
    "dma200" : 887.68,
    "volume" : 390007.00
  }, {
    "date" : "2025-08-28",
    "price" : 925.35,
    "dma50" : 952.84,
    "dma100" : 902.67,
    "dma200" : 888.05,
    "volume" : 318228.00
  }, {
    "date" : "2025-08-29",
    "price" : 924.90,
    "dma50" : 951.74,
    "dma100" : 905.35,
    "dma200" : 888.42,
    "volume" : 257384.00
  }, {
    "date" : "2025-09-01",
    "price" : 952.25,
    "dma50" : 951.76,
    "dma100" : 908.65,
    "dma200" : 889.05,
    "volume" : 356674.00
  }, {
    "date" : "2025-09-02",
    "price" : 989.35,
    "dma50" : 953.24,
    "dma100" : 912.69,
    "dma200" : 890.05,
    "volume" : 1433042.00
  }, {
    "date" : "2025-09-03",
    "price" : 1007.15,
    "dma50" : 955.35,
    "dma100" : 916.64,
    "dma200" : 891.22,
    "volume" : 615312.00
  }, {
    "date" : "2025-09-04",
    "price" : 1000.00,
    "dma50" : 957.10,
    "dma100" : 920.67,
    "dma200" : 892.30,
    "volume" : 383872.00
  }, {
    "date" : "2025-09-05",
    "price" : 990.50,
    "dma50" : 958.41,
    "dma100" : 924.33,
    "dma200" : 893.28,
    "volume" : 454135.00
  }, {
    "date" : "2025-09-08",
    "price" : 976.95,
    "dma50" : 959.14,
    "dma100" : 927.37,
    "dma200" : 894.11,
    "volume" : 172186.00
  }, {
    "date" : "2025-09-09",
    "price" : 969.00,
    "dma50" : 959.53,
    "dma100" : 930.38,
    "dma200" : 894.85,
    "volume" : 166191.00
  }, {
    "date" : "2025-09-10",
    "price" : 968.85,
    "dma50" : 959.89,
    "dma100" : 932.46,
    "dma200" : 895.59,
    "volume" : 148794.00
  }, {
    "date" : "2025-09-11",
    "price" : 981.45,
    "dma50" : 960.74,
    "dma100" : 934.52,
    "dma200" : 896.44,
    "volume" : 562536.00
  }, {
    "date" : "2025-09-12",
    "price" : 981.80,
    "dma50" : 961.56,
    "dma100" : 936.72,
    "dma200" : 897.29,
    "volume" : 175857.00
  }, {
    "date" : "2025-09-15",
    "price" : 996.85,
    "dma50" : 962.95,
    "dma100" : 939.11,
    "dma200" : 898.28,
    "volume" : 450697.00
  }, {
    "date" : "2025-09-16",
    "price" : 1005.50,
    "dma50" : 964.62,
    "dma100" : 941.55,
    "dma200" : 899.35,
    "volume" : 320604.00
  }, {
    "date" : "2025-09-17",
    "price" : 1004.00,
    "dma50" : 966.16,
    "dma100" : 944.20,
    "dma200" : 900.39,
    "volume" : 287498.00
  }, {
    "date" : "2025-09-18",
    "price" : 988.95,
    "dma50" : 967.05,
    "dma100" : 946.66,
    "dma200" : 901.27,
    "volume" : 161587.00
  }, {
    "date" : "2025-09-19",
    "price" : 1000.15,
    "dma50" : 968.35,
    "dma100" : 949.09,
    "dma200" : 902.26,
    "volume" : 199040.00
  }, {
    "date" : "2025-09-22",
    "price" : 990.45,
    "dma50" : 969.22,
    "dma100" : 951.33,
    "dma200" : 903.13,
    "volume" : 139781.00
  }, {
    "date" : "2025-09-23",
    "price" : 973.65,
    "dma50" : 969.39,
    "dma100" : 953.38,
    "dma200" : 903.84,
    "volume" : 216136.00
  }, {
    "date" : "2025-09-24",
    "price" : 972.20,
    "dma50" : 969.50,
    "dma100" : 955.13,
    "dma200" : 904.52,
    "volume" : 241060.00
  }, {
    "date" : "2025-09-25",
    "price" : 966.45,
    "dma50" : 969.38,
    "dma100" : 957.04,
    "dma200" : 905.13,
    "volume" : 118614.00
  }, {
    "date" : "2025-09-26",
    "price" : 942.65,
    "dma50" : 968.33,
    "dma100" : 958.53,
    "dma200" : 905.51,
    "volume" : 170712.00
  }, {
    "date" : "2025-09-29",
    "price" : 911.20,
    "dma50" : 966.09,
    "dma100" : 959.76,
    "dma200" : 905.56,
    "volume" : 728949.00
  }, {
    "date" : "2025-09-30",
    "price" : 892.90,
    "dma50" : 963.22,
    "dma100" : 960.88,
    "dma200" : 905.44,
    "volume" : 228707.00
  }, {
    "date" : "2025-10-01",
    "price" : 886.45,
    "dma50" : 960.21,
    "dma100" : 961.57,
    "dma200" : 905.25,
    "volume" : 194407.00
  }, {
    "date" : "2025-10-03",
    "price" : 900.70,
    "dma50" : 957.88,
    "dma100" : 962.35,
    "dma200" : 905.20,
    "volume" : 246183.00
  }, {
    "date" : "2025-10-06",
    "price" : 898.95,
    "dma50" : 955.57,
    "dma100" : 962.96,
    "dma200" : 905.14,
    "volume" : 120284.00
  }, {
    "date" : "2025-10-07",
    "price" : 895.25,
    "dma50" : 953.20,
    "dma100" : 963.21,
    "dma200" : 905.04,
    "volume" : 97966.00
  }, {
    "date" : "2025-10-08",
    "price" : 893.75,
    "dma50" : 950.87,
    "dma100" : 963.33,
    "dma200" : 904.93,
    "volume" : 130177.00
  }, {
    "date" : "2025-10-09",
    "price" : 889.30,
    "dma50" : 948.46,
    "dma100" : 963.45,
    "dma200" : 904.77,
    "volume" : 94526.00
  }, {
    "date" : "2025-10-10",
    "price" : 892.25,
    "dma50" : 946.25,
    "dma100" : 963.46,
    "dma200" : 904.65,
    "volume" : 79273.00
  }, {
    "date" : "2025-10-13",
    "price" : 882.70,
    "dma50" : 943.76,
    "dma100" : 963.36,
    "dma200" : 904.43,
    "volume" : 79336.00
  }, {
    "date" : "2025-10-14",
    "price" : 871.90,
    "dma50" : 940.94,
    "dma100" : 963.10,
    "dma200" : 904.11,
    "volume" : 71998.00
  }, {
    "date" : "2025-10-15",
    "price" : 880.60,
    "dma50" : 938.58,
    "dma100" : 962.91,
    "dma200" : 903.87,
    "volume" : 114501.00
  }, {
    "date" : "2025-10-16",
    "price" : 906.00,
    "dma50" : 937.30,
    "dma100" : 962.71,
    "dma200" : 903.89,
    "volume" : 836679.00
  }, {
    "date" : "2025-10-17",
    "price" : 892.95,
    "dma50" : 935.56,
    "dma100" : 962.44,
    "dma200" : 903.79,
    "volume" : 140778.00
  }, {
    "date" : "2025-10-20",
    "price" : 887.95,
    "dma50" : 933.69,
    "dma100" : 962.19,
    "dma200" : 903.63,
    "volume" : 66523.00
  }, {
    "date" : "2025-10-21",
    "price" : 893.50,
    "dma50" : 932.12,
    "dma100" : 962.02,
    "dma200" : 903.53,
    "volume" : 20820.00
  }, {
    "date" : "2025-10-23",
    "price" : 886.00,
    "dma50" : 930.31,
    "dma100" : 962.05,
    "dma200" : 903.35,
    "volume" : 57770.00
  }, {
    "date" : "2025-10-24",
    "price" : 887.65,
    "dma50" : 928.63,
    "dma100" : 962.05,
    "dma200" : 903.20,
    "volume" : 84535.00
  }, {
    "date" : "2025-10-27",
    "price" : 885.10,
    "dma50" : 926.93,
    "dma100" : 960.43,
    "dma200" : 903.02,
    "volume" : 48785.00
  }, {
    "date" : "2025-10-28",
    "price" : 898.95,
    "dma50" : 925.83,
    "dma100" : 959.11,
    "dma200" : 902.98,
    "volume" : 597365.00
  }, {
    "date" : "2025-10-29",
    "price" : 907.00,
    "dma50" : 925.09,
    "dma100" : 958.02,
    "dma200" : 903.02,
    "volume" : 193248.00
  }, {
    "date" : "2025-10-30",
    "price" : 902.35,
    "dma50" : 924.20,
    "dma100" : 956.67,
    "dma200" : 903.01,
    "volume" : 86458.00
  }, {
    "date" : "2025-10-31",
    "price" : 903.35,
    "dma50" : 923.38,
    "dma100" : 955.22,
    "dma200" : 903.01,
    "volume" : 460085.00
  }, {
    "date" : "2025-11-03",
    "price" : 908.15,
    "dma50" : 922.79,
    "dma100" : 953.67,
    "dma200" : 903.06,
    "volume" : 189230.00
  }, {
    "date" : "2025-11-04",
    "price" : 897.10,
    "dma50" : 921.78,
    "dma100" : 952.07,
    "dma200" : 903.00,
    "volume" : 79679.00
  }, {
    "date" : "2025-11-06",
    "price" : 885.10,
    "dma50" : 920.34,
    "dma100" : 950.62,
    "dma200" : 902.83,
    "volume" : 75485.00
  }, {
    "date" : "2025-11-07",
    "price" : 882.95,
    "dma50" : 918.87,
    "dma100" : 949.29,
    "dma200" : 902.63,
    "volume" : 138984.00
  }, {
    "date" : "2025-11-10",
    "price" : 883.40,
    "dma50" : 917.48,
    "dma100" : 947.75,
    "dma200" : 902.44,
    "volume" : 42969.00
  }, {
    "date" : "2025-11-11",
    "price" : 877.05,
    "dma50" : 915.90,
    "dma100" : 946.21,
    "dma200" : 902.19,
    "volume" : 40080.00
  }, {
    "date" : "2025-11-12",
    "price" : 894.55,
    "dma50" : 915.06,
    "dma100" : 944.94,
    "dma200" : 902.11,
    "volume" : 196219.00
  }, {
    "date" : "2025-11-13",
    "price" : 905.00,
    "dma50" : 914.66,
    "dma100" : 944.06,
    "dma200" : 902.14,
    "volume" : 158613.00
  }, {
    "date" : "2025-11-14",
    "price" : 914.55,
    "dma50" : 914.66,
    "dma100" : 942.99,
    "dma200" : 902.26,
    "volume" : 289487.00
  }, {
    "date" : "2025-11-17",
    "price" : 909.40,
    "dma50" : 914.45,
    "dma100" : 941.80,
    "dma200" : 902.33,
    "volume" : 107632.00
  }, {
    "date" : "2025-11-18",
    "price" : 908.45,
    "dma50" : 914.22,
    "dma100" : 940.65,
    "dma200" : 902.39,
    "volume" : 152105.00
  }, {
    "date" : "2025-11-19",
    "price" : 903.25,
    "dma50" : 913.79,
    "dma100" : 939.31,
    "dma200" : 902.40,
    "volume" : 46519.00
  }, {
    "date" : "2025-11-20",
    "price" : 903.90,
    "dma50" : 913.40,
    "dma100" : 938.69,
    "dma200" : 902.42,
    "volume" : 37621.00
  }, {
    "date" : "2025-11-21",
    "price" : 882.85,
    "dma50" : 912.20,
    "dma100" : 937.81,
    "dma200" : 902.22,
    "volume" : 55937.00
  }, {
    "date" : "2025-11-24",
    "price" : 866.75,
    "dma50" : 910.42,
    "dma100" : 936.73,
    "dma200" : 901.87,
    "volume" : 47435.00
  }, {
    "date" : "2025-11-25",
    "price" : 866.50,
    "dma50" : 908.70,
    "dma100" : 935.71,
    "dma200" : 901.52,
    "volume" : 64053.00
  }, {
    "date" : "2025-11-26",
    "price" : 874.90,
    "dma50" : 907.37,
    "dma100" : 934.94,
    "dma200" : 901.25,
    "volume" : 31908.00
  }, {
    "date" : "2025-11-27",
    "price" : 883.60,
    "dma50" : 906.44,
    "dma100" : 934.30,
    "dma200" : 901.08,
    "volume" : 75550.00
  }, {
    "date" : "2025-11-28",
    "price" : 876.40,
    "dma50" : 905.26,
    "dma100" : 933.66,
    "dma200" : 900.83,
    "volume" : 39506.00
  }, {
    "date" : "2025-12-01",
    "price" : 873.80,
    "dma50" : 904.03,
    "dma100" : 933.11,
    "dma200" : 900.56,
    "volume" : 54467.00
  }, {
    "date" : "2025-12-02",
    "price" : 858.45,
    "dma50" : 902.24,
    "dma100" : 932.42,
    "dma200" : 900.14,
    "volume" : 58562.00
  }, {
    "date" : "2025-12-03",
    "price" : 843.90,
    "dma50" : 899.95,
    "dma100" : 931.51,
    "dma200" : 899.58,
    "volume" : 54528.00
  }, {
    "date" : "2025-12-04",
    "price" : 838.30,
    "dma50" : 897.54,
    "dma100" : 930.62,
    "dma200" : 898.97,
    "volume" : 43131.00
  }, {
    "date" : "2025-12-05",
    "price" : 847.00,
    "dma50" : 895.55,
    "dma100" : 929.93,
    "dma200" : 898.46,
    "volume" : 188279.00
  }, {
    "date" : "2025-12-08",
    "price" : 795.55,
    "dma50" : 891.63,
    "dma100" : 928.84,
    "dma200" : 897.43,
    "volume" : 110022.00
  }, {
    "date" : "2025-12-09",
    "price" : 811.80,
    "dma50" : 888.50,
    "dma100" : 927.20,
    "dma200" : 896.58,
    "volume" : 103220.00
  }, {
    "date" : "2025-12-10",
    "price" : 813.75,
    "dma50" : 885.57,
    "dma100" : 925.63,
    "dma200" : 895.76,
    "volume" : 120139.00
  }, {
    "date" : "2025-12-11",
    "price" : 809.60,
    "dma50" : 882.59,
    "dma100" : 924.05,
    "dma200" : 894.90,
    "volume" : 53933.00
  }, {
    "date" : "2025-12-12",
    "price" : 827.10,
    "dma50" : 880.41,
    "dma100" : 922.78,
    "dma200" : 894.22,
    "volume" : 104736.00
  }, {
    "date" : "2025-12-15",
    "price" : 857.40,
    "dma50" : 879.51,
    "dma100" : 921.75,
    "dma200" : 893.86,
    "volume" : 264193.00
  }, {
    "date" : "2025-12-16",
    "price" : 896.60,
    "dma50" : 880.18,
    "dma100" : 921.22,
    "dma200" : 893.89,
    "volume" : 5714770.00
  }, {
    "date" : "2025-12-17",
    "price" : 861.70,
    "dma50" : 879.46,
    "dma100" : 920.41,
    "dma200" : 893.57,
    "volume" : 291431.00
  }, {
    "date" : "2025-12-18",
    "price" : 850.20,
    "dma50" : 878.31,
    "dma100" : 919.14,
    "dma200" : 893.13,
    "volume" : 171865.00
  }, {
    "date" : "2025-12-19",
    "price" : 863.05,
    "dma50" : 877.71,
    "dma100" : 918.19,
    "dma200" : 892.83,
    "volume" : 143744.00
  }, {
    "date" : "2025-12-22",
    "price" : 871.60,
    "dma50" : 877.47,
    "dma100" : 917.59,
    "dma200" : 892.62,
    "volume" : 110868.00
  } ],
  "latestTechnicalAttributes" : {
    "date" : "2025-12-22",
    "price" : 871.60,
    "dma50" : 877.47,
    "dma100" : 917.59,
    "dma200" : 892.62,
    "volume" : 110868.00
  },
  "quarterlyResults" : [ {
    "date" : "2005-03-31",
    "sales" : 319.90,
    "salesGrowthYoY" : null,
    "grossProfitMargin" : 26.70,
    "grossProfit" : 85.41,
    "operatingProfitMargin" : 5.81,
    "operatingProfit" : 18.59,
    "netProfitMargin" : 10.52,
    "netProfit" : 33.65
  }, {
    "date" : "2005-06-30",
    "sales" : 249.11,
    "salesGrowthYoY" : null,
    "grossProfitMargin" : 18.12,
    "grossProfit" : 45.14,
    "operatingProfitMargin" : -5.36,
    "operatingProfit" : -13.35,
    "netProfitMargin" : -18.81,
    "netProfit" : -46.86
  }, {
    "date" : "2005-09-30",
    "sales" : 384.08,
    "salesGrowthYoY" : null,
    "grossProfitMargin" : 15.98,
    "grossProfit" : 61.38,
    "operatingProfitMargin" : -1.69,
    "operatingProfit" : -6.49,
    "netProfitMargin" : -10.17,
    "netProfit" : -39.06
  }, {
    "date" : "2005-12-31",
    "sales" : 350.79,
    "salesGrowthYoY" : null,
    "grossProfitMargin" : 13.79,
    "grossProfit" : 48.37,
    "operatingProfitMargin" : -6.01,
    "operatingProfit" : -21.08,
    "netProfitMargin" : -15.34,
    "netProfit" : -53.81
  }, {
    "date" : "2006-03-31",
    "sales" : 390.45,
    "salesGrowthYoY" : 22.05,
    "grossProfitMargin" : 16.14,
    "grossProfit" : 63.02,
    "operatingProfitMargin" : -2.55,
    "operatingProfit" : -9.96,
    "netProfitMargin" : -11.49,
    "netProfit" : -44.86
  }, {
    "date" : "2006-06-30",
    "sales" : 256.38,
    "salesGrowthYoY" : 2.92,
    "grossProfitMargin" : 10.26,
    "grossProfit" : 26.30,
    "operatingProfitMargin" : -11.97,
    "operatingProfit" : -30.69,
    "netProfitMargin" : -22.15,
    "netProfit" : -56.79
  }, {
    "date" : "2006-09-30",
    "sales" : 412.65,
    "salesGrowthYoY" : 7.44,
    "grossProfitMargin" : 16.42,
    "grossProfit" : 67.76,
    "operatingProfitMargin" : -1.45,
    "operatingProfit" : -5.98,
    "netProfitMargin" : -7.45,
    "netProfit" : -30.74
  }, {
    "date" : "2006-12-31",
    "sales" : 422.11,
    "salesGrowthYoY" : 20.33,
    "grossProfitMargin" : 16.57,
    "grossProfit" : 69.94,
    "operatingProfitMargin" : -0.97,
    "operatingProfit" : -4.09,
    "netProfitMargin" : -6.38,
    "netProfit" : -26.93
  }, {
    "date" : "2007-03-31",
    "sales" : 376.92,
    "salesGrowthYoY" : -3.47,
    "grossProfitMargin" : 20.44,
    "grossProfit" : 77.04,
    "operatingProfitMargin" : 0.23,
    "operatingProfit" : 0.87,
    "netProfitMargin" : -5.52,
    "netProfit" : -20.81
  }, {
    "date" : "2007-06-30",
    "sales" : 327.49,
    "salesGrowthYoY" : 27.74,
    "grossProfitMargin" : 11.86,
    "grossProfit" : 38.84,
    "operatingProfitMargin" : -6.48,
    "operatingProfit" : -21.22,
    "netProfitMargin" : -14.16,
    "netProfit" : -46.37
  }, {
    "date" : "2007-09-30",
    "sales" : 283.12,
    "salesGrowthYoY" : -31.39,
    "grossProfitMargin" : 14.00,
    "grossProfit" : 39.64,
    "operatingProfitMargin" : -6.51,
    "operatingProfit" : -18.43,
    "netProfitMargin" : -16.16,
    "netProfit" : -45.75
  }, {
    "date" : "2007-12-31",
    "sales" : 145.29,
    "salesGrowthYoY" : -65.58,
    "grossProfitMargin" : 10.62,
    "grossProfit" : 15.43,
    "operatingProfitMargin" : -25.17,
    "operatingProfit" : -36.57,
    "netProfitMargin" : -37.48,
    "netProfit" : -54.45
  }, {
    "date" : "2008-03-31",
    "sales" : 104.51,
    "salesGrowthYoY" : -72.27,
    "grossProfitMargin" : 9.98,
    "grossProfit" : 10.43,
    "operatingProfitMargin" : -44.68,
    "operatingProfit" : -46.70,
    "netProfitMargin" : -45.99,
    "netProfit" : -48.06
  }, {
    "date" : "2008-06-30",
    "sales" : 485.65,
    "salesGrowthYoY" : 48.29,
    "grossProfitMargin" : 18.54,
    "grossProfit" : 90.04,
    "operatingProfitMargin" : 5.70,
    "operatingProfit" : 27.68,
    "netProfitMargin" : 0.23,
    "netProfit" : 1.12
  }, {
    "date" : "2008-09-30",
    "sales" : 537.81,
    "salesGrowthYoY" : 89.96,
    "grossProfitMargin" : 18.68,
    "grossProfit" : 100.46,
    "operatingProfitMargin" : 8.23,
    "operatingProfit" : 44.26,
    "netProfitMargin" : 3.35,
    "netProfit" : 18.02
  }, {
    "date" : "2008-12-31",
    "sales" : 717.42,
    "salesGrowthYoY" : 393.78,
    "grossProfitMargin" : 8.58,
    "grossProfit" : 61.55,
    "operatingProfitMargin" : -1.98,
    "operatingProfit" : -14.20,
    "netProfitMargin" : -3.68,
    "netProfit" : -26.40
  }, {
    "date" : "2009-03-31",
    "sales" : 345.24,
    "salesGrowthYoY" : 230.34,
    "grossProfitMargin" : 32.29,
    "grossProfit" : 111.48,
    "operatingProfitMargin" : 7.60,
    "operatingProfit" : 26.24,
    "netProfitMargin" : 2.20,
    "netProfit" : 7.60
  }, {
    "date" : "2009-06-30",
    "sales" : 348.48,
    "salesGrowthYoY" : -28.24,
    "grossProfitMargin" : 17.84,
    "grossProfit" : 62.17,
    "operatingProfitMargin" : -1.74,
    "operatingProfit" : -6.06,
    "netProfitMargin" : -9.90,
    "netProfit" : -34.50
  }, {
    "date" : "2009-09-30",
    "sales" : 563.92,
    "salesGrowthYoY" : 4.85,
    "grossProfitMargin" : 18.65,
    "grossProfit" : 105.17,
    "operatingProfitMargin" : 3.98,
    "operatingProfit" : 22.44,
    "netProfitMargin" : -2.02,
    "netProfit" : -11.39
  }, {
    "date" : "2009-12-31",
    "sales" : 566.88,
    "salesGrowthYoY" : -20.98,
    "grossProfitMargin" : 18.08,
    "grossProfit" : 102.49,
    "operatingProfitMargin" : 2.66,
    "operatingProfit" : 15.08,
    "netProfitMargin" : -3.09,
    "netProfit" : -17.52
  }, {
    "date" : "2010-03-31",
    "sales" : 637.39,
    "salesGrowthYoY" : 84.62,
    "grossProfitMargin" : 23.10,
    "grossProfit" : 147.24,
    "operatingProfitMargin" : 6.90,
    "operatingProfit" : 43.98,
    "netProfitMargin" : 0.15,
    "netProfit" : 0.96
  }, {
    "date" : "2010-06-30",
    "sales" : 495.75,
    "salesGrowthYoY" : 42.26,
    "grossProfitMargin" : 23.01,
    "grossProfit" : 114.07,
    "operatingProfitMargin" : 7.68,
    "operatingProfit" : 38.07,
    "netProfitMargin" : 0.74,
    "netProfit" : 3.67
  }, {
    "date" : "2010-09-30",
    "sales" : 698.60,
    "salesGrowthYoY" : 23.88,
    "grossProfitMargin" : 23.20,
    "grossProfit" : 162.08,
    "operatingProfitMargin" : 7.00,
    "operatingProfit" : 48.90,
    "netProfitMargin" : 1.80,
    "netProfit" : 12.57
  }, {
    "date" : "2010-12-31",
    "sales" : 592.95,
    "salesGrowthYoY" : 4.60,
    "grossProfitMargin" : 21.47,
    "grossProfit" : 127.31,
    "operatingProfitMargin" : 0.52,
    "operatingProfit" : 3.08,
    "netProfitMargin" : -5.12,
    "netProfit" : -30.36
  }, {
    "date" : "2011-03-31",
    "sales" : 670.58,
    "salesGrowthYoY" : 5.21,
    "grossProfitMargin" : 26.82,
    "grossProfit" : 179.85,
    "operatingProfitMargin" : 1.51,
    "operatingProfit" : 10.13,
    "netProfitMargin" : -4.03,
    "netProfit" : -27.02
  }, {
    "date" : "2011-06-30",
    "sales" : 500.23,
    "salesGrowthYoY" : 0.90,
    "grossProfitMargin" : 21.26,
    "grossProfit" : 106.35,
    "operatingProfitMargin" : 1.17,
    "operatingProfit" : 5.85,
    "netProfitMargin" : -7.12,
    "netProfit" : -35.62
  }, {
    "date" : "2011-09-30",
    "sales" : 732.48,
    "salesGrowthYoY" : 4.85,
    "grossProfitMargin" : 21.94,
    "grossProfit" : 160.71,
    "operatingProfitMargin" : 6.91,
    "operatingProfit" : 50.61,
    "netProfitMargin" : 0.88,
    "netProfit" : 6.45
  }, {
    "date" : "2011-12-31",
    "sales" : 862.83,
    "salesGrowthYoY" : 45.51,
    "grossProfitMargin" : 20.82,
    "grossProfit" : 179.64,
    "operatingProfitMargin" : 6.95,
    "operatingProfit" : 59.97,
    "netProfitMargin" : 1.71,
    "netProfit" : 14.75
  }, {
    "date" : "2012-03-31",
    "sales" : 802.89,
    "salesGrowthYoY" : 19.73,
    "grossProfitMargin" : 26.54,
    "grossProfit" : 213.09,
    "operatingProfitMargin" : 10.12,
    "operatingProfit" : 81.25,
    "netProfitMargin" : 4.76,
    "netProfit" : 38.22
  }, {
    "date" : "2012-06-30",
    "sales" : 522.12,
    "salesGrowthYoY" : 4.38,
    "grossProfitMargin" : 7.68,
    "grossProfit" : 40.10,
    "operatingProfitMargin" : -11.85,
    "operatingProfit" : -61.87,
    "netProfitMargin" : -19.95,
    "netProfit" : -104.16
  }, {
    "date" : "2012-09-30",
    "sales" : 719.14,
    "salesGrowthYoY" : -1.82,
    "grossProfitMargin" : 23.09,
    "grossProfit" : 166.05,
    "operatingProfitMargin" : 2.42,
    "operatingProfit" : 17.40,
    "netProfitMargin" : -3.65,
    "netProfit" : -26.25
  }, {
    "date" : "2012-12-31",
    "sales" : 677.48,
    "salesGrowthYoY" : -21.48,
    "grossProfitMargin" : 15.64,
    "grossProfit" : 105.96,
    "operatingProfitMargin" : -4.65,
    "operatingProfit" : -31.50,
    "netProfitMargin" : -11.78,
    "netProfit" : -79.81
  }, {
    "date" : "2013-03-31",
    "sales" : 408.94,
    "salesGrowthYoY" : -49.07,
    "grossProfitMargin" : -0.93,
    "grossProfit" : -3.80,
    "operatingProfitMargin" : -20.47,
    "operatingProfit" : -83.71,
    "netProfitMargin" : -35.24,
    "netProfit" : -144.11
  }, {
    "date" : "2013-06-30",
    "sales" : 306.97,
    "salesGrowthYoY" : -41.21,
    "grossProfitMargin" : 14.92,
    "grossProfit" : 45.80,
    "operatingProfitMargin" : -19.91,
    "operatingProfit" : -61.12,
    "netProfitMargin" : -32.54,
    "netProfit" : -99.89
  }, {
    "date" : "2013-09-30",
    "sales" : 712.76,
    "salesGrowthYoY" : -0.89,
    "grossProfitMargin" : 17.68,
    "grossProfit" : 126.02,
    "operatingProfitMargin" : -2.74,
    "operatingProfit" : -19.53,
    "netProfitMargin" : -11.66,
    "netProfit" : -83.11
  }, {
    "date" : "2013-12-31",
    "sales" : 702.59,
    "salesGrowthYoY" : 3.71,
    "grossProfitMargin" : 16.40,
    "grossProfit" : 115.22,
    "operatingProfitMargin" : -5.33,
    "operatingProfit" : -37.45,
    "netProfitMargin" : -12.64,
    "netProfit" : -88.81
  }, {
    "date" : "2014-03-31",
    "sales" : 394.34,
    "salesGrowthYoY" : -3.57,
    "grossProfitMargin" : 3.01,
    "grossProfit" : 11.87,
    "operatingProfitMargin" : -30.50,
    "operatingProfit" : -120.27,
    "netProfitMargin" : -50.99,
    "netProfit" : -201.07
  }, {
    "date" : "2014-06-30",
    "sales" : 393.25,
    "salesGrowthYoY" : 28.11,
    "grossProfitMargin" : 23.18,
    "grossProfit" : 91.16,
    "operatingProfitMargin" : -7.58,
    "operatingProfit" : -29.81,
    "netProfitMargin" : -22.39,
    "netProfit" : -88.05
  }, {
    "date" : "2014-09-30",
    "sales" : 563.03,
    "salesGrowthYoY" : -21.01,
    "grossProfitMargin" : 19.68,
    "grossProfit" : 110.80,
    "operatingProfitMargin" : -5.12,
    "operatingProfit" : -28.83,
    "netProfitMargin" : -13.57,
    "netProfit" : -76.40
  }, {
    "date" : "2014-12-31",
    "sales" : 558.24,
    "salesGrowthYoY" : -20.55,
    "grossProfitMargin" : 17.47,
    "grossProfit" : 97.52,
    "operatingProfitMargin" : -10.65,
    "operatingProfit" : -59.45,
    "netProfitMargin" : -19.36,
    "netProfit" : -108.08
  }, {
    "date" : "2015-03-31",
    "sales" : 476.81,
    "salesGrowthYoY" : 20.91,
    "grossProfitMargin" : 16.60,
    "grossProfit" : 79.15,
    "operatingProfitMargin" : -9.91,
    "operatingProfit" : -47.25,
    "netProfitMargin" : -21.67,
    "netProfit" : -103.32
  }, {
    "date" : "2015-06-30",
    "sales" : 430.65,
    "salesGrowthYoY" : 9.51,
    "grossProfitMargin" : 18.80,
    "grossProfit" : 80.96,
    "operatingProfitMargin" : -14.50,
    "operatingProfit" : -62.44,
    "netProfitMargin" : -27.39,
    "netProfit" : -117.96
  }, {
    "date" : "2015-09-30",
    "sales" : 650.90,
    "salesGrowthYoY" : 15.61,
    "grossProfitMargin" : 25.18,
    "grossProfit" : 163.90,
    "operatingProfitMargin" : 0.90,
    "operatingProfit" : 5.86,
    "netProfitMargin" : -9.35,
    "netProfit" : -60.86
  }, {
    "date" : "2015-12-31",
    "sales" : 420.26,
    "salesGrowthYoY" : -24.72,
    "grossProfitMargin" : 16.88,
    "grossProfit" : 70.94,
    "operatingProfitMargin" : -13.53,
    "operatingProfit" : -56.86,
    "netProfitMargin" : -28.41,
    "netProfit" : -119.40
  }, {
    "date" : "2016-03-31",
    "sales" : 257.06,
    "salesGrowthYoY" : -46.09,
    "grossProfitMargin" : 23.93,
    "grossProfit" : 61.51,
    "operatingProfitMargin" : -33.83,
    "operatingProfit" : -86.96,
    "netProfitMargin" : -64.69,
    "netProfit" : -166.29
  }, {
    "date" : "2016-06-30",
    "sales" : 449.52,
    "salesGrowthYoY" : 4.38,
    "grossProfitMargin" : 36.95,
    "grossProfit" : 166.10,
    "operatingProfitMargin" : -3.18,
    "operatingProfit" : -14.29,
    "netProfitMargin" : -19.51,
    "netProfit" : -87.70
  }, {
    "date" : "2016-09-30",
    "sales" : 628.66,
    "salesGrowthYoY" : -3.42,
    "grossProfitMargin" : 38.79,
    "grossProfit" : 243.86,
    "operatingProfitMargin" : 8.58,
    "operatingProfit" : 53.94,
    "netProfitMargin" : -3.89,
    "netProfit" : -24.45
  }, {
    "date" : "2016-12-31",
    "sales" : 427.36,
    "salesGrowthYoY" : 1.69,
    "grossProfitMargin" : 44.36,
    "grossProfit" : 189.58,
    "operatingProfitMargin" : 1.58,
    "operatingProfit" : 6.75,
    "netProfitMargin" : -16.59,
    "netProfit" : -70.90
  }, {
    "date" : "2017-03-31",
    "sales" : 377.74,
    "salesGrowthYoY" : 46.95,
    "grossProfitMargin" : 47.36,
    "grossProfit" : 178.90,
    "operatingProfitMargin" : -0.30,
    "operatingProfit" : -1.13,
    "netProfitMargin" : -21.08,
    "netProfit" : -79.63
  }, {
    "date" : "2017-06-30",
    "sales" : 293.97,
    "salesGrowthYoY" : -34.60,
    "grossProfitMargin" : 42.07,
    "grossProfit" : 123.67,
    "operatingProfitMargin" : -3.70,
    "operatingProfit" : -10.88,
    "netProfitMargin" : -32.53,
    "netProfit" : -95.63
  }, {
    "date" : "2017-09-30",
    "sales" : 605.32,
    "salesGrowthYoY" : -3.71,
    "grossProfitMargin" : 42.63,
    "grossProfit" : 258.05,
    "operatingProfitMargin" : 14.65,
    "operatingProfit" : 88.68,
    "netProfitMargin" : 0.46,
    "netProfit" : 2.78
  }, {
    "date" : "2017-12-31",
    "sales" : 583.20,
    "salesGrowthYoY" : 36.47,
    "grossProfitMargin" : 40.45,
    "grossProfit" : 235.90,
    "operatingProfitMargin" : 12.27,
    "operatingProfit" : 71.56,
    "netProfitMargin" : -0.76,
    "netProfit" : -4.43
  }, {
    "date" : "2018-03-31",
    "sales" : 446.18,
    "salesGrowthYoY" : 18.12,
    "grossProfitMargin" : 53.59,
    "grossProfit" : 239.11,
    "operatingProfitMargin" : 4.15,
    "operatingProfit" : 18.52,
    "netProfitMargin" : -7.13,
    "netProfit" : -31.81
  }, {
    "date" : "2018-06-30",
    "sales" : 344.09,
    "salesGrowthYoY" : 17.05,
    "grossProfitMargin" : 39.96,
    "grossProfit" : 137.50,
    "operatingProfitMargin" : -6.38,
    "operatingProfit" : -21.95,
    "netProfitMargin" : 91.37,
    "netProfit" : 314.40
  }, {
    "date" : "2018-09-30",
    "sales" : 534.03,
    "salesGrowthYoY" : -11.78,
    "grossProfitMargin" : 30.30,
    "grossProfit" : 161.81,
    "operatingProfitMargin" : 2.43,
    "operatingProfit" : 12.98,
    "netProfitMargin" : -9.72,
    "netProfit" : -51.91
  }, {
    "date" : "2018-12-31",
    "sales" : 591.35,
    "salesGrowthYoY" : 1.40,
    "grossProfitMargin" : 27.77,
    "grossProfit" : 164.22,
    "operatingProfitMargin" : 2.22,
    "operatingProfit" : 13.13,
    "netProfitMargin" : -8.42,
    "netProfit" : -49.79
  }, {
    "date" : "2019-03-31",
    "sales" : 485.52,
    "salesGrowthYoY" : 8.82,
    "grossProfitMargin" : 40.58,
    "grossProfit" : 197.02,
    "operatingProfitMargin" : 1.10,
    "operatingProfit" : 5.34,
    "netProfitMargin" : -10.21,
    "netProfit" : -49.57
  }, {
    "date" : "2019-06-30",
    "sales" : 351.20,
    "salesGrowthYoY" : 2.07,
    "grossProfitMargin" : 50.96,
    "grossProfit" : 178.97,
    "operatingProfitMargin" : -3.17,
    "operatingProfit" : -11.13,
    "netProfitMargin" : -22.85,
    "netProfit" : -80.25
  }, {
    "date" : "2019-09-30",
    "sales" : 930.93,
    "salesGrowthYoY" : 74.32,
    "grossProfitMargin" : 34.69,
    "grossProfit" : 322.94,
    "operatingProfitMargin" : 8.14,
    "operatingProfit" : 75.78,
    "netProfitMargin" : 0.67,
    "netProfit" : 6.24
  }, {
    "date" : "2019-12-31",
    "sales" : 779.30,
    "salesGrowthYoY" : 31.78,
    "grossProfitMargin" : 42.45,
    "grossProfit" : 330.81,
    "operatingProfitMargin" : 12.29,
    "operatingProfit" : 95.78,
    "netProfitMargin" : 1.39,
    "netProfit" : 10.83
  }, {
    "date" : "2020-03-31",
    "sales" : 708.48,
    "salesGrowthYoY" : 45.92,
    "grossProfitMargin" : 46.96,
    "grossProfit" : 332.70,
    "operatingProfitMargin" : 16.75,
    "operatingProfit" : 118.67,
    "netProfitMargin" : 9.39,
    "netProfit" : 66.53
  }, {
    "date" : "2020-06-30",
    "sales" : 551.80,
    "salesGrowthYoY" : 57.12,
    "grossProfitMargin" : 37.36,
    "grossProfit" : 206.15,
    "operatingProfitMargin" : 6.24,
    "operatingProfit" : 34.43,
    "netProfitMargin" : -3.18,
    "netProfit" : -17.55
  }, {
    "date" : "2020-09-30",
    "sales" : 1046.82,
    "salesGrowthYoY" : 12.45,
    "grossProfitMargin" : 42.67,
    "grossProfit" : 446.68,
    "operatingProfitMargin" : 12.96,
    "operatingProfit" : 135.67,
    "netProfitMargin" : 7.94,
    "netProfit" : 83.12
  }, {
    "date" : "2020-12-31",
    "sales" : 839.04,
    "salesGrowthYoY" : 7.67,
    "grossProfitMargin" : 47.40,
    "grossProfit" : 397.70,
    "operatingProfitMargin" : 22.04,
    "operatingProfit" : 184.92,
    "netProfitMargin" : 16.29,
    "netProfit" : 136.68
  }, {
    "date" : "2021-03-31",
    "sales" : 821.16,
    "salesGrowthYoY" : 15.90,
    "grossProfitMargin" : 46.31,
    "grossProfit" : 380.28,
    "operatingProfitMargin" : 23.85,
    "operatingProfit" : 195.85,
    "netProfitMargin" : 18.05,
    "netProfit" : 148.22
  }, {
    "date" : "2021-06-30",
    "sales" : 742.14,
    "salesGrowthYoY" : 34.49,
    "grossProfitMargin" : 38.55,
    "grossProfit" : 286.09,
    "operatingProfitMargin" : 11.40,
    "operatingProfit" : 84.60,
    "netProfitMargin" : 5.36,
    "netProfit" : 39.78
  }, {
    "date" : "2021-09-30",
    "sales" : 781.65,
    "salesGrowthYoY" : -25.33,
    "grossProfitMargin" : 37.12,
    "grossProfit" : 290.15,
    "operatingProfitMargin" : 13.37,
    "operatingProfit" : 104.51,
    "netProfitMargin" : 8.41,
    "netProfit" : 65.74
  }, {
    "date" : "2021-12-31",
    "sales" : 1208.46,
    "salesGrowthYoY" : 44.03,
    "grossProfitMargin" : 36.07,
    "grossProfit" : 435.89,
    "operatingProfitMargin" : 9.10,
    "operatingProfit" : 109.97,
    "netProfitMargin" : 6.03,
    "netProfit" : 72.87
  }, {
    "date" : "2022-03-31",
    "sales" : 1692.55,
    "salesGrowthYoY" : 106.12,
    "grossProfitMargin" : 37.36,
    "grossProfit" : 632.34,
    "operatingProfitMargin" : 17.53,
    "operatingProfit" : 296.70,
    "netProfitMargin" : 15.19,
    "netProfit" : 257.10
  }, {
    "date" : "2022-06-30",
    "sales" : 1292.37,
    "salesGrowthYoY" : 74.14,
    "grossProfitMargin" : 41.10,
    "grossProfit" : 531.16,
    "operatingProfitMargin" : 14.14,
    "operatingProfit" : 182.74,
    "netProfitMargin" : 10.60,
    "netProfit" : 136.99
  }, {
    "date" : "2022-09-30",
    "sales" : 1935.00,
    "salesGrowthYoY" : 147.55,
    "grossProfitMargin" : 32.36,
    "grossProfit" : 626.17,
    "operatingProfitMargin" : 12.22,
    "operatingProfit" : 236.46,
    "netProfitMargin" : 9.95,
    "netProfit" : 192.53
  }, {
    "date" : "2022-12-31",
    "sales" : 1721.94,
    "salesGrowthYoY" : 42.49,
    "grossProfitMargin" : 38.20,
    "grossProfit" : 657.78,
    "operatingProfitMargin" : 11.58,
    "operatingProfit" : 199.40,
    "netProfitMargin" : 9.63,
    "netProfit" : 165.82
  }, {
    "date" : "2023-03-31",
    "sales" : 1248.84,
    "salesGrowthYoY" : -26.22,
    "grossProfitMargin" : 51.89,
    "grossProfit" : 648.02,
    "operatingProfitMargin" : 14.75,
    "operatingProfit" : 184.20,
    "netProfitMargin" : 13.25,
    "netProfit" : 165.47
  }, {
    "date" : "2023-06-30",
    "sales" : 1232.57,
    "salesGrowthYoY" : -4.63,
    "grossProfitMargin" : 39.65,
    "grossProfit" : 488.71,
    "operatingProfitMargin" : 11.92,
    "operatingProfit" : 146.92,
    "netProfitMargin" : 10.06,
    "netProfit" : 124.00
  }, {
    "date" : "2023-09-30",
    "sales" : 1663.21,
    "salesGrowthYoY" : -14.05,
    "grossProfitMargin" : 30.74,
    "grossProfit" : 511.27,
    "operatingProfitMargin" : 7.96,
    "operatingProfit" : 132.39,
    "netProfitMargin" : 6.99,
    "netProfit" : 116.26
  }, {
    "date" : "2023-12-31",
    "sales" : 1097.33,
    "salesGrowthYoY" : -36.27,
    "grossProfitMargin" : 35.93,
    "grossProfit" : 394.27,
    "operatingProfitMargin" : 3.92,
    "operatingProfit" : 43.02,
    "netProfitMargin" : 2.76,
    "netProfit" : 30.29
  }, {
    "date" : "2024-03-31",
    "sales" : 1058.10,
    "salesGrowthYoY" : -15.27,
    "grossProfitMargin" : 33.15,
    "grossProfit" : 350.76,
    "operatingProfitMargin" : 3.36,
    "operatingProfit" : 35.55,
    "netProfitMargin" : 9.77,
    "netProfit" : 103.38
  }, {
    "date" : "2024-06-30",
    "sales" : 599.58,
    "salesGrowthYoY" : -51.36,
    "grossProfitMargin" : 30.45,
    "grossProfit" : 182.57,
    "operatingProfitMargin" : -9.44,
    "operatingProfit" : -56.60,
    "netProfitMargin" : -9.49,
    "netProfit" : -56.90
  }, {
    "date" : "2024-09-30",
    "sales" : 1448.63,
    "salesGrowthYoY" : -12.90,
    "grossProfitMargin" : 22.07,
    "grossProfit" : 319.71,
    "operatingProfitMargin" : 2.42,
    "operatingProfit" : 35.06,
    "netProfitMargin" : 0.77,
    "netProfit" : 11.15
  }, {
    "date" : "2024-12-31",
    "sales" : 949.42,
    "salesGrowthYoY" : -13.48,
    "grossProfitMargin" : 30.75,
    "grossProfit" : 291.95,
    "operatingProfitMargin" : 3.32,
    "operatingProfit" : 31.52,
    "netProfitMargin" : 0.84,
    "netProfit" : 7.98
  }, {
    "date" : "2025-03-31",
    "sales" : 1053.28,
    "salesGrowthYoY" : -0.46,
    "grossProfitMargin" : 36.36,
    "grossProfit" : 382.97,
    "operatingProfitMargin" : 8.05,
    "operatingProfit" : 84.79,
    "netProfitMargin" : 5.47,
    "netProfit" : 57.61
  }, {
    "date" : "2025-06-30",
    "sales" : 1042.77,
    "salesGrowthYoY" : 73.92,
    "grossProfitMargin" : 27.31,
    "grossProfit" : 284.78,
    "operatingProfitMargin" : 2.30,
    "operatingProfit" : 23.98,
    "netProfitMargin" : 0.41,
    "netProfit" : 4.28
  }, {
    "date" : "2025-09-30",
    "sales" : 1629.30,
    "salesGrowthYoY" : 12.47,
    "grossProfitMargin" : 21.54,
    "grossProfit" : 350.95,
    "operatingProfitMargin" : 2.42,
    "operatingProfit" : 39.43,
    "netProfitMargin" : 1.28,
    "netProfit" : 20.86
  } ],
  "latestQuarterlyResult" : {
    "date" : "2025-09-30",
    "sales" : 1629.30,
    "salesGrowthYoY" : 12.47,
    "grossProfitMargin" : 21.54,
    "grossProfit" : 350.95,
    "operatingProfitMargin" : 2.42,
    "operatingProfit" : 39.43,
    "netProfitMargin" : 1.28,
    "netProfit" : 20.86
  },
  "companyScore" : {
    "priceHigherThanDma50" : 0.00,
    "priceHigherThanDma100" : 0.00,
    "priceHigherThanDma200" : 0.00,
    "dma50HigherThanDma100" : 0.00,
    "dma50HigherThanDma200" : 0.00,
    "dma100HigherThanDma200" : 5.00,
    "pricePercentageAboveDma50" : 5.03,
    "pricePercentageAboveDma100" : 5.25,
    "pricePercentageAboveDma200" : 5.12,
    "weeklyVolumeHigherThanYearlyVolume" : 5.00,
    "salesGrowthPercentile" : 12.15,
    "operatingProfitMarginPercentile" : 13.75,
    "netProfitMarginPercentile" : 6.99,
    "totalTechnicalScore" : 25.40,
    "totalFundamentalScore" : 32.89,
    "totalScore" : 58.29
  }
}