{
  "metadata" : {
    "screenerCompanyId" : "788",
    "companyCode" : "FINCABLES",
    "companyName" : "Finolex Cables",
    "screenerCompanyLink" : "https://www.screener.in/company/FINCABLES/",
    "screenerTechnicalHistoryLink" : "https://www.screener.in/api/company/788/chart/?q=Price-DMA50-DMA200-Volume&days=365",
    "screenerQuarterlyResultsLink" : "https://www.screener.in/api/company/788/chart/?q=GPM-OPM-NPM-Quarter+Sales&days=10000",
    "attributes" : {
      "companyCode" : "FINCABLES",
      "companyName" : "Finolex Cables",
      "marketCap" : 11865.00,
      "peRatio" : 19.70,
      "description" : "Finolex Cables Limited is a leading manufacturer of electrical and telecommunication cables in India. Operating for more than 50 years, Finolex has been able to maintain its leadership position as one of the most diversified wires and cables companies in the country. Besides manufacturing a wide variety of wires and cables, Finolex has also forayed into the manufacturing of Fast-Moving Electrical Goods (FMEG) and home appliances. Over the years, the Company has established itself as a preferred electrical solutions provider for retail and institutional markets in India and created a strong brand name. [1]"
    },
    "companyScore" : {
      "priceHigherThanDma50" : 0.00,
      "priceHigherThanDma100" : 0.00,
      "priceHigherThanDma200" : 0.00,
      "dma50HigherThanDma100" : 0.00,
      "dma50HigherThanDma200" : 0.00,
      "dma100HigherThanDma200" : 0.00,
      "pricePercentageAboveDma50" : 5.01,
      "pricePercentageAboveDma100" : 5.19,
      "pricePercentageAboveDma200" : 5.57,
      "weeklyVolumeHigherThanYearlyVolume" : 0.00,
      "salesGrowthPercentile" : 8.79,
      "operatingProfitMarginPercentile" : 12.02,
      "netProfitMarginPercentile" : 9.16,
      "totalTechnicalScore" : 15.78,
      "totalFundamentalScore" : 29.97,
      "totalScore" : 45.74
    }
  },
  "attributes" : {
    "companyCode" : "FINCABLES",
    "companyName" : "Finolex Cables",
    "marketCap" : 11865.00,
    "peRatio" : 19.70,
    "description" : "Finolex Cables Limited is a leading manufacturer of electrical and telecommunication cables in India. Operating for more than 50 years, Finolex has been able to maintain its leadership position as one of the most diversified wires and cables companies in the country. Besides manufacturing a wide variety of wires and cables, Finolex has also forayed into the manufacturing of Fast-Moving Electrical Goods (FMEG) and home appliances. Over the years, the Company has established itself as a preferred electrical solutions provider for retail and institutional markets in India and created a strong brand name. [1]"
  },
  "technicalHistory" : [ {
    "date" : "2024-12-26",
    "price" : 1200.35,
    "dma50" : 1241.21,
    "dma100" : null,
    "dma200" : 1257.66,
    "volume" : 921418.00
  }, {
    "date" : "2024-12-27",
    "price" : 1194.75,
    "dma50" : 1239.39,
    "dma100" : null,
    "dma200" : 1257.03,
    "volume" : 562509.00
  }, {
    "date" : "2024-12-30",
    "price" : 1152.35,
    "dma50" : 1235.98,
    "dma100" : null,
    "dma200" : 1255.99,
    "volume" : 303496.00
  }, {
    "date" : "2024-12-31",
    "price" : 1182.00,
    "dma50" : 1233.86,
    "dma100" : null,
    "dma200" : 1255.25,
    "volume" : 525519.00
  }, {
    "date" : "2025-01-01",
    "price" : 1168.05,
    "dma50" : 1231.28,
    "dma100" : null,
    "dma200" : 1254.39,
    "volume" : 76585.00
  }, {
    "date" : "2025-01-02",
    "price" : 1177.10,
    "dma50" : 1229.16,
    "dma100" : null,
    "dma200" : 1253.62,
    "volume" : 120880.00
  }, {
    "date" : "2025-01-03",
    "price" : 1154.35,
    "dma50" : 1226.22,
    "dma100" : null,
    "dma200" : 1252.63,
    "volume" : 109234.00
  }, {
    "date" : "2025-01-06",
    "price" : 1105.15,
    "dma50" : 1221.48,
    "dma100" : null,
    "dma200" : 1251.16,
    "volume" : 178704.00
  }, {
    "date" : "2025-01-07",
    "price" : 1120.30,
    "dma50" : 1217.51,
    "dma100" : null,
    "dma200" : 1249.86,
    "volume" : 112073.00
  }, {
    "date" : "2025-01-08",
    "price" : 1096.00,
    "dma50" : 1212.74,
    "dma100" : null,
    "dma200" : 1248.33,
    "volume" : 176386.00
  }, {
    "date" : "2025-01-09",
    "price" : 1085.95,
    "dma50" : 1207.77,
    "dma100" : null,
    "dma200" : 1246.71,
    "volume" : 83111.00
  }, {
    "date" : "2025-01-10",
    "price" : 1039.05,
    "dma50" : 1201.15,
    "dma100" : null,
    "dma200" : 1244.65,
    "volume" : 152114.00
  }, {
    "date" : "2025-01-13",
    "price" : 990.45,
    "dma50" : 1192.89,
    "dma100" : null,
    "dma200" : 1242.12,
    "volume" : 205425.00
  }, {
    "date" : "2025-01-14",
    "price" : 1012.30,
    "dma50" : 1185.81,
    "dma100" : null,
    "dma200" : 1239.83,
    "volume" : 163701.00
  }, {
    "date" : "2025-01-15",
    "price" : 1008.10,
    "dma50" : 1178.84,
    "dma100" : null,
    "dma200" : 1237.52,
    "volume" : 193213.00
  }, {
    "date" : "2025-01-16",
    "price" : 1031.00,
    "dma50" : 1173.04,
    "dma100" : null,
    "dma200" : 1235.47,
    "volume" : 231442.00
  }, {
    "date" : "2025-01-17",
    "price" : 1028.10,
    "dma50" : 1167.36,
    "dma100" : null,
    "dma200" : 1233.41,
    "volume" : 576849.00
  }, {
    "date" : "2025-01-20",
    "price" : 1030.95,
    "dma50" : 1162.01,
    "dma100" : null,
    "dma200" : 1231.39,
    "volume" : 109034.00
  }, {
    "date" : "2025-01-21",
    "price" : 1020.45,
    "dma50" : 1156.46,
    "dma100" : null,
    "dma200" : 1229.29,
    "volume" : 110749.00
  }, {
    "date" : "2025-01-22",
    "price" : 1006.80,
    "dma50" : 1150.59,
    "dma100" : null,
    "dma200" : 1227.08,
    "volume" : 115507.00
  }, {
    "date" : "2025-01-23",
    "price" : 1015.10,
    "dma50" : 1145.28,
    "dma100" : null,
    "dma200" : 1224.97,
    "volume" : 165837.00
  }, {
    "date" : "2025-01-24",
    "price" : 996.40,
    "dma50" : 1139.44,
    "dma100" : null,
    "dma200" : 1222.70,
    "volume" : 171781.00
  }, {
    "date" : "2025-01-27",
    "price" : 1013.35,
    "dma50" : 1134.49,
    "dma100" : null,
    "dma200" : 1220.61,
    "volume" : 285344.00
  }, {
    "date" : "2025-01-28",
    "price" : 974.10,
    "dma50" : 1128.20,
    "dma100" : null,
    "dma200" : 1218.16,
    "volume" : 283538.00
  }, {
    "date" : "2025-01-29",
    "price" : 984.35,
    "dma50" : 1122.56,
    "dma100" : null,
    "dma200" : 1215.83,
    "volume" : 107014.00
  }, {
    "date" : "2025-01-30",
    "price" : 1002.70,
    "dma50" : 1117.86,
    "dma100" : null,
    "dma200" : 1213.71,
    "volume" : 120965.00
  }, {
    "date" : "2025-01-31",
    "price" : 1001.50,
    "dma50" : 1113.30,
    "dma100" : null,
    "dma200" : 1211.60,
    "volume" : 82749.00
  }, {
    "date" : "2025-02-01",
    "price" : 999.00,
    "dma50" : 1108.82,
    "dma100" : null,
    "dma200" : 1209.49,
    "volume" : 97388.00
  }, {
    "date" : "2025-02-03",
    "price" : 1000.55,
    "dma50" : 1104.57,
    "dma100" : null,
    "dma200" : 1207.41,
    "volume" : 113143.00
  }, {
    "date" : "2025-02-04",
    "price" : 990.20,
    "dma50" : 1100.08,
    "dma100" : null,
    "dma200" : 1205.25,
    "volume" : 117980.00
  }, {
    "date" : "2025-02-05",
    "price" : 986.65,
    "dma50" : 1095.64,
    "dma100" : null,
    "dma200" : 1203.07,
    "volume" : 126668.00
  }, {
    "date" : "2025-02-06",
    "price" : 983.25,
    "dma50" : 1091.23,
    "dma100" : null,
    "dma200" : 1200.88,
    "volume" : 138836.00
  }, {
    "date" : "2025-02-07",
    "price" : 985.80,
    "dma50" : 1087.09,
    "dma100" : null,
    "dma200" : 1198.74,
    "volume" : 103703.00
  }, {
    "date" : "2025-02-10",
    "price" : 968.40,
    "dma50" : 1082.44,
    "dma100" : null,
    "dma200" : 1196.45,
    "volume" : 77515.00
  }, {
    "date" : "2025-02-11",
    "price" : 916.35,
    "dma50" : 1075.93,
    "dma100" : null,
    "dma200" : 1193.66,
    "volume" : 257500.00
  }, {
    "date" : "2025-02-12",
    "price" : 883.30,
    "dma50" : 1068.37,
    "dma100" : null,
    "dma200" : 1190.58,
    "volume" : 337867.00
  }, {
    "date" : "2025-02-13",
    "price" : 998.55,
    "dma50" : 1065.63,
    "dma100" : null,
    "dma200" : 1188.66,
    "volume" : 8107194.00
  }, {
    "date" : "2025-02-14",
    "price" : 934.45,
    "dma50" : 1060.49,
    "dma100" : null,
    "dma200" : 1186.14,
    "volume" : 2776785.00
  }, {
    "date" : "2025-02-17",
    "price" : 912.25,
    "dma50" : 1054.68,
    "dma100" : null,
    "dma200" : 1183.41,
    "volume" : 1132018.00
  }, {
    "date" : "2025-02-18",
    "price" : 896.50,
    "dma50" : 1048.47,
    "dma100" : null,
    "dma200" : 1180.56,
    "volume" : 384158.00
  }, {
    "date" : "2025-02-19",
    "price" : 928.60,
    "dma50" : 1043.77,
    "dma100" : null,
    "dma200" : 1178.05,
    "volume" : 506042.00
  }, {
    "date" : "2025-02-20",
    "price" : 930.25,
    "dma50" : 1039.32,
    "dma100" : null,
    "dma200" : 1175.58,
    "volume" : 318268.00
  }, {
    "date" : "2025-02-21",
    "price" : 914.95,
    "dma50" : 1034.44,
    "dma100" : null,
    "dma200" : 1172.99,
    "volume" : 236714.00
  }, {
    "date" : "2025-02-24",
    "price" : 902.10,
    "dma50" : 1029.25,
    "dma100" : null,
    "dma200" : 1170.29,
    "volume" : 143094.00
  }, {
    "date" : "2025-02-25",
    "price" : 895.70,
    "dma50" : 1024.02,
    "dma100" : null,
    "dma200" : 1167.56,
    "volume" : 146106.00
  }, {
    "date" : "2025-02-27",
    "price" : 839.60,
    "dma50" : 1016.78,
    "dma100" : null,
    "dma200" : 1164.30,
    "volume" : 950827.00
  }, {
    "date" : "2025-02-28",
    "price" : 816.85,
    "dma50" : 1008.94,
    "dma100" : null,
    "dma200" : 1160.84,
    "volume" : 483207.00
  }, {
    "date" : "2025-03-03",
    "price" : 802.40,
    "dma50" : 1000.84,
    "dma100" : null,
    "dma200" : 1157.27,
    "volume" : 388528.00
  }, {
    "date" : "2025-03-04",
    "price" : 814.95,
    "dma50" : 993.55,
    "dma100" : null,
    "dma200" : 1153.87,
    "volume" : 310648.00
  }, {
    "date" : "2025-03-05",
    "price" : 828.40,
    "dma50" : 987.08,
    "dma100" : null,
    "dma200" : 1150.63,
    "volume" : 254335.00
  }, {
    "date" : "2025-03-06",
    "price" : 841.35,
    "dma50" : 981.36,
    "dma100" : null,
    "dma200" : 1147.55,
    "volume" : 196515.00
  }, {
    "date" : "2025-03-07",
    "price" : 834.65,
    "dma50" : 975.61,
    "dma100" : null,
    "dma200" : 1144.44,
    "volume" : 156005.00
  }, {
    "date" : "2025-03-10",
    "price" : 809.30,
    "dma50" : 969.09,
    "dma100" : null,
    "dma200" : 1141.10,
    "volume" : 233083.00
  }, {
    "date" : "2025-03-11",
    "price" : 801.00,
    "dma50" : 962.50,
    "dma100" : null,
    "dma200" : 1137.72,
    "volume" : 188947.00
  }, {
    "date" : "2025-03-12",
    "price" : 796.80,
    "dma50" : 956.00,
    "dma100" : null,
    "dma200" : 1134.33,
    "volume" : 162370.00
  }, {
    "date" : "2025-03-13",
    "price" : 797.55,
    "dma50" : 949.78,
    "dma100" : null,
    "dma200" : 1130.98,
    "volume" : 231896.00
  }, {
    "date" : "2025-03-17",
    "price" : 785.15,
    "dma50" : 943.33,
    "dma100" : null,
    "dma200" : 1127.54,
    "volume" : 228094.00
  }, {
    "date" : "2025-03-18",
    "price" : 876.10,
    "dma50" : 940.69,
    "dma100" : null,
    "dma200" : 1125.03,
    "volume" : 2850988.00
  }, {
    "date" : "2025-03-19",
    "price" : 868.45,
    "dma50" : 937.86,
    "dma100" : null,
    "dma200" : 1122.48,
    "volume" : 618153.00
  }, {
    "date" : "2025-03-20",
    "price" : 829.30,
    "dma50" : 933.60,
    "dma100" : null,
    "dma200" : 1119.56,
    "volume" : 918251.00
  }, {
    "date" : "2025-03-21",
    "price" : 839.00,
    "dma50" : 929.89,
    "dma100" : null,
    "dma200" : 1116.77,
    "volume" : 533003.00
  }, {
    "date" : "2025-03-24",
    "price" : 939.05,
    "dma50" : 930.25,
    "dma100" : null,
    "dma200" : 1115.00,
    "volume" : 18473979.00
  }, {
    "date" : "2025-03-25",
    "price" : 929.80,
    "dma50" : 930.23,
    "dma100" : null,
    "dma200" : 1113.16,
    "volume" : 8531197.00
  }, {
    "date" : "2025-03-26",
    "price" : 895.65,
    "dma50" : 928.88,
    "dma100" : null,
    "dma200" : 1111.00,
    "volume" : 1612635.00
  }, {
    "date" : "2025-03-27",
    "price" : 894.85,
    "dma50" : 927.54,
    "dma100" : null,
    "dma200" : 1108.85,
    "volume" : 1142593.00
  }, {
    "date" : "2025-03-28",
    "price" : 913.35,
    "dma50" : 926.99,
    "dma100" : null,
    "dma200" : 1106.90,
    "volume" : 695107.00
  }, {
    "date" : "2025-04-01",
    "price" : 886.55,
    "dma50" : 925.40,
    "dma100" : null,
    "dma200" : 1104.71,
    "volume" : 324413.00
  }, {
    "date" : "2025-04-02",
    "price" : 905.95,
    "dma50" : 924.64,
    "dma100" : null,
    "dma200" : 1102.73,
    "volume" : 431796.00
  }, {
    "date" : "2025-04-03",
    "price" : 912.40,
    "dma50" : 924.16,
    "dma100" : null,
    "dma200" : 1100.84,
    "volume" : 302007.00
  }, {
    "date" : "2025-04-04",
    "price" : 878.35,
    "dma50" : 922.36,
    "dma100" : null,
    "dma200" : 1098.62,
    "volume" : 320256.00
  }, {
    "date" : "2025-04-07",
    "price" : 855.55,
    "dma50" : 919.74,
    "dma100" : null,
    "dma200" : 1096.20,
    "volume" : 400944.00
  }, {
    "date" : "2025-04-08",
    "price" : 871.30,
    "dma50" : 917.84,
    "dma100" : null,
    "dma200" : 1093.97,
    "volume" : 263863.00
  }, {
    "date" : "2025-04-09",
    "price" : 856.90,
    "dma50" : 915.45,
    "dma100" : null,
    "dma200" : 1091.61,
    "volume" : 162183.00
  }, {
    "date" : "2025-04-11",
    "price" : 875.60,
    "dma50" : 913.89,
    "dma100" : null,
    "dma200" : 1089.46,
    "volume" : 242852.00
  }, {
    "date" : "2025-04-15",
    "price" : 895.50,
    "dma50" : 913.17,
    "dma100" : null,
    "dma200" : 1087.53,
    "volume" : 278637.00
  }, {
    "date" : "2025-04-16",
    "price" : 896.45,
    "dma50" : 912.51,
    "dma100" : null,
    "dma200" : 1085.63,
    "volume" : 221082.00
  }, {
    "date" : "2025-04-17",
    "price" : 893.05,
    "dma50" : 911.75,
    "dma100" : null,
    "dma200" : 1083.71,
    "volume" : 199965.00
  }, {
    "date" : "2025-04-21",
    "price" : 895.65,
    "dma50" : 911.12,
    "dma100" : null,
    "dma200" : 1081.84,
    "volume" : 208500.00
  }, {
    "date" : "2025-04-22",
    "price" : 894.45,
    "dma50" : 910.46,
    "dma100" : null,
    "dma200" : 1079.97,
    "volume" : 373365.00
  }, {
    "date" : "2025-04-23",
    "price" : 883.70,
    "dma50" : 909.41,
    "dma100" : null,
    "dma200" : 1078.02,
    "volume" : 326643.00
  }, {
    "date" : "2025-04-24",
    "price" : 883.00,
    "dma50" : 908.38,
    "dma100" : null,
    "dma200" : 1076.08,
    "volume" : 240879.00
  }, {
    "date" : "2025-04-25",
    "price" : 864.70,
    "dma50" : 906.67,
    "dma100" : null,
    "dma200" : 1073.98,
    "volume" : 294454.00
  }, {
    "date" : "2025-04-28",
    "price" : 874.05,
    "dma50" : 905.39,
    "dma100" : null,
    "dma200" : 1071.99,
    "volume" : 161122.00
  }, {
    "date" : "2025-04-29",
    "price" : 875.55,
    "dma50" : 904.22,
    "dma100" : null,
    "dma200" : 1070.03,
    "volume" : 179675.00
  }, {
    "date" : "2025-04-30",
    "price" : 866.55,
    "dma50" : 902.74,
    "dma100" : null,
    "dma200" : 1068.01,
    "volume" : 230803.00
  }, {
    "date" : "2025-05-02",
    "price" : 857.80,
    "dma50" : 900.98,
    "dma100" : null,
    "dma200" : 1065.92,
    "volume" : 138424.00
  }, {
    "date" : "2025-05-05",
    "price" : 913.25,
    "dma50" : 901.46,
    "dma100" : null,
    "dma200" : 1064.40,
    "volume" : 3499190.00
  }, {
    "date" : "2025-05-06",
    "price" : 899.05,
    "dma50" : 901.36,
    "dma100" : null,
    "dma200" : 1062.75,
    "volume" : 424335.00
  }, {
    "date" : "2025-05-07",
    "price" : 895.90,
    "dma50" : 901.15,
    "dma100" : null,
    "dma200" : 1061.09,
    "volume" : 344464.00
  }, {
    "date" : "2025-05-08",
    "price" : 889.45,
    "dma50" : 900.69,
    "dma100" : null,
    "dma200" : 1059.39,
    "volume" : 327757.00
  }, {
    "date" : "2025-05-09",
    "price" : 877.90,
    "dma50" : 899.80,
    "dma100" : null,
    "dma200" : 1057.58,
    "volume" : 234834.00
  }, {
    "date" : "2025-05-12",
    "price" : 917.20,
    "dma50" : 900.48,
    "dma100" : null,
    "dma200" : 1056.18,
    "volume" : 283499.00
  }, {
    "date" : "2025-05-13",
    "price" : 919.40,
    "dma50" : 901.22,
    "dma100" : null,
    "dma200" : 1054.82,
    "volume" : 277534.00
  }, {
    "date" : "2025-05-14",
    "price" : 928.95,
    "dma50" : 902.31,
    "dma100" : null,
    "dma200" : 1053.57,
    "volume" : 293105.00
  }, {
    "date" : "2025-05-15",
    "price" : 932.10,
    "dma50" : 903.48,
    "dma100" : null,
    "dma200" : 1052.36,
    "volume" : 348086.00
  }, {
    "date" : "2025-05-16",
    "price" : 961.65,
    "dma50" : 905.76,
    "dma100" : null,
    "dma200" : 1051.46,
    "volume" : 415528.00
  }, {
    "date" : "2025-05-19",
    "price" : 962.00,
    "dma50" : 907.96,
    "dma100" : null,
    "dma200" : 1050.57,
    "volume" : 313285.00
  }, {
    "date" : "2025-05-20",
    "price" : 937.45,
    "dma50" : 909.12,
    "dma100" : null,
    "dma200" : 1049.44,
    "volume" : 235362.00
  }, {
    "date" : "2025-05-21",
    "price" : 947.10,
    "dma50" : 910.61,
    "dma100" : null,
    "dma200" : 1048.42,
    "volume" : 279689.00
  }, {
    "date" : "2025-05-22",
    "price" : 959.45,
    "dma50" : 912.52,
    "dma100" : null,
    "dma200" : 1047.54,
    "volume" : 279072.00
  }, {
    "date" : "2025-05-23",
    "price" : 967.50,
    "dma50" : 914.68,
    "dma100" : 939.02,
    "dma200" : 1046.74,
    "volume" : 498440.00
  }, {
    "date" : "2025-05-26",
    "price" : 976.70,
    "dma50" : 917.11,
    "dma100" : 936.84,
    "dma200" : 1046.05,
    "volume" : 484340.00
  }, {
    "date" : "2025-05-27",
    "price" : 988.45,
    "dma50" : 919.91,
    "dma100" : 935.21,
    "dma200" : 1045.47,
    "volume" : 458528.00
  }, {
    "date" : "2025-05-28",
    "price" : 982.75,
    "dma50" : 922.37,
    "dma100" : 933.21,
    "dma200" : 1044.85,
    "volume" : 636627.00
  }, {
    "date" : "2025-05-29",
    "price" : 958.25,
    "dma50" : 923.78,
    "dma100" : 931.11,
    "dma200" : 1043.99,
    "volume" : 471281.00
  }, {
    "date" : "2025-05-30",
    "price" : 973.80,
    "dma50" : 925.74,
    "dma100" : 929.08,
    "dma200" : 1043.29,
    "volume" : 330800.00
  }, {
    "date" : "2025-06-02",
    "price" : 959.35,
    "dma50" : 927.06,
    "dma100" : 927.13,
    "dma200" : 1042.45,
    "volume" : 253930.00
  }, {
    "date" : "2025-06-03",
    "price" : 962.65,
    "dma50" : 928.46,
    "dma100" : 925.71,
    "dma200" : 1041.66,
    "volume" : 4507362.00
  }, {
    "date" : "2025-06-04",
    "price" : 966.40,
    "dma50" : 929.94,
    "dma100" : 924.17,
    "dma200" : 1040.91,
    "volume" : 377407.00
  }, {
    "date" : "2025-06-05",
    "price" : 969.45,
    "dma50" : 931.49,
    "dma100" : 922.90,
    "dma200" : 1040.20,
    "volume" : 282839.00
  }, {
    "date" : "2025-06-06",
    "price" : 969.40,
    "dma50" : 932.98,
    "dma100" : 921.74,
    "dma200" : 1039.49,
    "volume" : 220038.00
  }, {
    "date" : "2025-06-09",
    "price" : 983.35,
    "dma50" : 934.96,
    "dma100" : 921.18,
    "dma200" : 1038.94,
    "volume" : 376442.00
  }, {
    "date" : "2025-06-10",
    "price" : 991.60,
    "dma50" : 937.18,
    "dma100" : 921.19,
    "dma200" : 1038.46,
    "volume" : 378581.00
  }, {
    "date" : "2025-06-11",
    "price" : 991.10,
    "dma50" : 939.29,
    "dma100" : 920.98,
    "dma200" : 1037.99,
    "volume" : 376128.00
  }, {
    "date" : "2025-06-12",
    "price" : 976.45,
    "dma50" : 940.75,
    "dma100" : 920.66,
    "dma200" : 1037.38,
    "volume" : 222217.00
  }, {
    "date" : "2025-06-13",
    "price" : 959.65,
    "dma50" : 941.49,
    "dma100" : 919.95,
    "dma200" : 1036.61,
    "volume" : 189130.00
  }, {
    "date" : "2025-06-16",
    "price" : 955.90,
    "dma50" : 942.06,
    "dma100" : 919.23,
    "dma200" : 1035.80,
    "volume" : 235262.00
  }, {
    "date" : "2025-06-17",
    "price" : 958.10,
    "dma50" : 942.68,
    "dma100" : 918.50,
    "dma200" : 1035.03,
    "volume" : 205133.00
  }, {
    "date" : "2025-06-18",
    "price" : 961.85,
    "dma50" : 943.44,
    "dma100" : 917.91,
    "dma200" : 1034.30,
    "volume" : 261373.00
  }, {
    "date" : "2025-06-19",
    "price" : 938.15,
    "dma50" : 943.23,
    "dma100" : 917.23,
    "dma200" : 1033.35,
    "volume" : 170417.00
  }, {
    "date" : "2025-06-20",
    "price" : 915.60,
    "dma50" : 942.15,
    "dma100" : 916.23,
    "dma200" : 1032.17,
    "volume" : 731723.00
  }, {
    "date" : "2025-06-23",
    "price" : 938.65,
    "dma50" : 942.01,
    "dma100" : 915.65,
    "dma200" : 1031.24,
    "volume" : 276290.00
  }, {
    "date" : "2025-06-24",
    "price" : 932.65,
    "dma50" : 941.64,
    "dma100" : 914.85,
    "dma200" : 1030.26,
    "volume" : 222589.00
  }, {
    "date" : "2025-06-25",
    "price" : 939.20,
    "dma50" : 941.55,
    "dma100" : 914.50,
    "dma200" : 1029.36,
    "volume" : 147266.00
  }, {
    "date" : "2025-06-26",
    "price" : 940.40,
    "dma50" : 941.50,
    "dma100" : 914.06,
    "dma200" : 1028.47,
    "volume" : 191443.00
  }, {
    "date" : "2025-06-27",
    "price" : 958.60,
    "dma50" : 942.17,
    "dma100" : 913.62,
    "dma200" : 1027.78,
    "volume" : 442688.00
  }, {
    "date" : "2025-06-30",
    "price" : 979.60,
    "dma50" : 943.64,
    "dma100" : 913.40,
    "dma200" : 1027.30,
    "volume" : 418790.00
  }, {
    "date" : "2025-07-01",
    "price" : 981.85,
    "dma50" : 945.14,
    "dma100" : 913.23,
    "dma200" : 1026.85,
    "volume" : 450176.00
  }, {
    "date" : "2025-07-02",
    "price" : 971.35,
    "dma50" : 946.17,
    "dma100" : 912.93,
    "dma200" : 1026.29,
    "volume" : 174801.00
  }, {
    "date" : "2025-07-03",
    "price" : 981.55,
    "dma50" : 947.55,
    "dma100" : 912.85,
    "dma200" : 1025.85,
    "volume" : 391489.00
  }, {
    "date" : "2025-07-04",
    "price" : 978.95,
    "dma50" : 948.78,
    "dma100" : 912.77,
    "dma200" : 1025.38,
    "volume" : 129049.00
  }, {
    "date" : "2025-07-07",
    "price" : 967.40,
    "dma50" : 949.51,
    "dma100" : 912.61,
    "dma200" : 1024.80,
    "volume" : 143490.00
  }, {
    "date" : "2025-07-08",
    "price" : 963.45,
    "dma50" : 950.06,
    "dma100" : 912.39,
    "dma200" : 1024.19,
    "volume" : 126896.00
  }, {
    "date" : "2025-07-09",
    "price" : 962.15,
    "dma50" : 950.53,
    "dma100" : 912.33,
    "dma200" : 1023.58,
    "volume" : 118315.00
  }, {
    "date" : "2025-07-10",
    "price" : 964.25,
    "dma50" : 951.07,
    "dma100" : 912.81,
    "dma200" : 1022.99,
    "volume" : 103739.00
  }, {
    "date" : "2025-07-11",
    "price" : 957.45,
    "dma50" : 951.32,
    "dma100" : 913.55,
    "dma200" : 1022.33,
    "volume" : 88951.00
  }, {
    "date" : "2025-07-14",
    "price" : 950.85,
    "dma50" : 951.30,
    "dma100" : 913.07,
    "dma200" : 1021.62,
    "volume" : 118992.00
  }, {
    "date" : "2025-07-15",
    "price" : 949.80,
    "dma50" : 951.25,
    "dma100" : 913.22,
    "dma200" : 1020.91,
    "volume" : 156218.00
  }, {
    "date" : "2025-07-16",
    "price" : 958.95,
    "dma50" : 951.55,
    "dma100" : 913.69,
    "dma200" : 1020.29,
    "volume" : 201915.00
  }, {
    "date" : "2025-07-17",
    "price" : 948.55,
    "dma50" : 951.43,
    "dma100" : 914.21,
    "dma200" : 1019.58,
    "volume" : 219449.00
  }, {
    "date" : "2025-07-18",
    "price" : 928.90,
    "dma50" : 950.55,
    "dma100" : 914.21,
    "dma200" : 1018.68,
    "volume" : 283853.00
  }, {
    "date" : "2025-07-21",
    "price" : 917.45,
    "dma50" : 949.25,
    "dma100" : 914.09,
    "dma200" : 1017.67,
    "volume" : 291050.00
  }, {
    "date" : "2025-07-22",
    "price" : 921.40,
    "dma50" : 948.16,
    "dma100" : 914.15,
    "dma200" : 1016.71,
    "volume" : 153586.00
  }, {
    "date" : "2025-07-23",
    "price" : 922.45,
    "dma50" : 947.15,
    "dma100" : 914.35,
    "dma200" : 1015.77,
    "volume" : 241540.00
  }, {
    "date" : "2025-07-24",
    "price" : 919.50,
    "dma50" : 946.06,
    "dma100" : 914.59,
    "dma200" : 1014.81,
    "volume" : 215412.00
  }, {
    "date" : "2025-07-25",
    "price" : 898.45,
    "dma50" : 944.20,
    "dma100" : 915.18,
    "dma200" : 1013.66,
    "volume" : 218129.00
  }, {
    "date" : "2025-07-28",
    "price" : 888.55,
    "dma50" : 942.01,
    "dma100" : 915.90,
    "dma200" : 1012.41,
    "volume" : 124588.00
  }, {
    "date" : "2025-07-29",
    "price" : 908.25,
    "dma50" : 940.69,
    "dma100" : 916.96,
    "dma200" : 1011.38,
    "volume" : 132263.00
  }, {
    "date" : "2025-07-30",
    "price" : 895.05,
    "dma50" : 938.90,
    "dma100" : 917.76,
    "dma200" : 1010.22,
    "volume" : 198155.00
  }, {
    "date" : "2025-07-31",
    "price" : 883.45,
    "dma50" : 936.73,
    "dma100" : 918.31,
    "dma200" : 1008.96,
    "volume" : 995763.00
  }, {
    "date" : "2025-08-01",
    "price" : 878.00,
    "dma50" : 934.42,
    "dma100" : 918.67,
    "dma200" : 1007.65,
    "volume" : 105698.00
  }, {
    "date" : "2025-08-04",
    "price" : 874.15,
    "dma50" : 932.06,
    "dma100" : 919.07,
    "dma200" : 1006.32,
    "volume" : 115134.00
  }, {
    "date" : "2025-08-05",
    "price" : 877.35,
    "dma50" : 929.91,
    "dma100" : 919.75,
    "dma200" : 1005.04,
    "volume" : 96455.00
  }, {
    "date" : "2025-08-06",
    "price" : 862.25,
    "dma50" : 927.26,
    "dma100" : 920.36,
    "dma200" : 1003.62,
    "volume" : 143255.00
  }, {
    "date" : "2025-08-07",
    "price" : 857.80,
    "dma50" : 924.54,
    "dma100" : 920.97,
    "dma200" : 1002.17,
    "volume" : 94297.00
  }, {
    "date" : "2025-08-08",
    "price" : 846.25,
    "dma50" : 921.47,
    "dma100" : 921.46,
    "dma200" : 1000.62,
    "volume" : 114947.00
  }, {
    "date" : "2025-08-11",
    "price" : 845.90,
    "dma50" : 918.50,
    "dma100" : 922.07,
    "dma200" : 999.08,
    "volume" : 135397.00
  }, {
    "date" : "2025-08-12",
    "price" : 843.90,
    "dma50" : 915.58,
    "dma100" : 921.74,
    "dma200" : 997.53,
    "volume" : 281414.00
  }, {
    "date" : "2025-08-13",
    "price" : 829.15,
    "dma50" : 912.19,
    "dma100" : 921.35,
    "dma200" : 995.86,
    "volume" : 159143.00
  }, {
    "date" : "2025-08-14",
    "price" : 812.30,
    "dma50" : 908.27,
    "dma100" : 921.18,
    "dma200" : 994.03,
    "volume" : 361163.00
  }, {
    "date" : "2025-08-18",
    "price" : 826.95,
    "dma50" : 905.08,
    "dma100" : 921.06,
    "dma200" : 992.37,
    "volume" : 205263.00
  }, {
    "date" : "2025-08-19",
    "price" : 834.75,
    "dma50" : 902.32,
    "dma100" : 920.02,
    "dma200" : 990.80,
    "volume" : 205543.00
  }, {
    "date" : "2025-08-20",
    "price" : 837.20,
    "dma50" : 899.77,
    "dma100" : 919.09,
    "dma200" : 989.27,
    "volume" : 259118.00
  }, {
    "date" : "2025-08-21",
    "price" : 850.90,
    "dma50" : 897.85,
    "dma100" : 918.64,
    "dma200" : 987.90,
    "volume" : 632476.00
  }, {
    "date" : "2025-08-22",
    "price" : 849.50,
    "dma50" : 895.96,
    "dma100" : 918.19,
    "dma200" : 986.52,
    "volume" : 2986933.00
  }, {
    "date" : "2025-08-25",
    "price" : 839.25,
    "dma50" : 893.73,
    "dma100" : 917.45,
    "dma200" : 985.05,
    "volume" : 216451.00
  }, {
    "date" : "2025-08-26",
    "price" : 822.05,
    "dma50" : 890.92,
    "dma100" : 916.81,
    "dma200" : 983.43,
    "volume" : 236077.00
  }, {
    "date" : "2025-08-28",
    "price" : 816.50,
    "dma50" : 888.00,
    "dma100" : 915.91,
    "dma200" : 981.77,
    "volume" : 164793.00
  }, {
    "date" : "2025-08-29",
    "price" : 820.25,
    "dma50" : 885.35,
    "dma100" : 914.99,
    "dma200" : 980.16,
    "volume" : 127106.00
  }, {
    "date" : "2025-09-01",
    "price" : 842.15,
    "dma50" : 883.65,
    "dma100" : 914.63,
    "dma200" : 978.79,
    "volume" : 214703.00
  }, {
    "date" : "2025-09-02",
    "price" : 859.30,
    "dma50" : 882.70,
    "dma100" : 914.66,
    "dma200" : 977.60,
    "volume" : 300894.00
  }, {
    "date" : "2025-09-03",
    "price" : 856.85,
    "dma50" : 881.68,
    "dma100" : 914.52,
    "dma200" : 976.40,
    "volume" : 183052.00
  }, {
    "date" : "2025-09-04",
    "price" : 843.20,
    "dma50" : 880.17,
    "dma100" : 914.38,
    "dma200" : 975.08,
    "volume" : 116406.00
  }, {
    "date" : "2025-09-05",
    "price" : 846.45,
    "dma50" : 878.85,
    "dma100" : 914.09,
    "dma200" : 973.80,
    "volume" : 133704.00
  }, {
    "date" : "2025-09-08",
    "price" : 833.30,
    "dma50" : 877.07,
    "dma100" : 913.47,
    "dma200" : 972.40,
    "volume" : 107493.00
  }, {
    "date" : "2025-09-09",
    "price" : 838.15,
    "dma50" : 875.54,
    "dma100" : 912.89,
    "dma200" : 971.06,
    "volume" : 161602.00
  }, {
    "date" : "2025-09-10",
    "price" : 844.10,
    "dma50" : 874.31,
    "dma100" : 912.40,
    "dma200" : 969.80,
    "volume" : 97649.00
  }, {
    "date" : "2025-09-11",
    "price" : 843.60,
    "dma50" : 873.10,
    "dma100" : 911.88,
    "dma200" : 968.54,
    "volume" : 119001.00
  }, {
    "date" : "2025-09-12",
    "price" : 846.60,
    "dma50" : 872.06,
    "dma100" : 911.40,
    "dma200" : 967.33,
    "volume" : 101702.00
  }, {
    "date" : "2025-09-15",
    "price" : 854.90,
    "dma50" : 871.39,
    "dma100" : 911.11,
    "dma200" : 966.21,
    "volume" : 144342.00
  }, {
    "date" : "2025-09-16",
    "price" : 844.55,
    "dma50" : 870.34,
    "dma100" : 910.73,
    "dma200" : 965.00,
    "volume" : 229169.00
  }, {
    "date" : "2025-09-17",
    "price" : 851.40,
    "dma50" : 869.60,
    "dma100" : 910.59,
    "dma200" : 963.87,
    "volume" : 107103.00
  }, {
    "date" : "2025-09-18",
    "price" : 844.25,
    "dma50" : 868.60,
    "dma100" : 910.29,
    "dma200" : 962.68,
    "volume" : 121887.00
  }, {
    "date" : "2025-09-19",
    "price" : 830.85,
    "dma50" : 867.12,
    "dma100" : 909.85,
    "dma200" : 961.37,
    "volume" : 344722.00
  }, {
    "date" : "2025-09-22",
    "price" : 835.45,
    "dma50" : 865.88,
    "dma100" : 909.54,
    "dma200" : 960.11,
    "volume" : 210189.00
  }, {
    "date" : "2025-09-23",
    "price" : 826.60,
    "dma50" : 864.34,
    "dma100" : 909.22,
    "dma200" : 958.79,
    "volume" : 355458.00
  }, {
    "date" : "2025-09-24",
    "price" : 826.80,
    "dma50" : 862.87,
    "dma100" : 908.36,
    "dma200" : 957.47,
    "volume" : 258701.00
  }, {
    "date" : "2025-09-25",
    "price" : 820.25,
    "dma50" : 861.20,
    "dma100" : 907.57,
    "dma200" : 956.11,
    "volume" : 144538.00
  }, {
    "date" : "2025-09-26",
    "price" : 819.80,
    "dma50" : 859.57,
    "dma100" : 906.81,
    "dma200" : 954.75,
    "volume" : 246293.00
  }, {
    "date" : "2025-09-29",
    "price" : 802.05,
    "dma50" : 857.32,
    "dma100" : 905.94,
    "dma200" : 953.23,
    "volume" : 251486.00
  }, {
    "date" : "2025-09-30",
    "price" : 817.45,
    "dma50" : 855.75,
    "dma100" : 905.33,
    "dma200" : 951.88,
    "volume" : 143677.00
  }, {
    "date" : "2025-10-01",
    "price" : 820.70,
    "dma50" : 854.38,
    "dma100" : 904.37,
    "dma200" : 950.58,
    "volume" : 122122.00
  }, {
    "date" : "2025-10-03",
    "price" : 827.85,
    "dma50" : 853.34,
    "dma100" : 903.45,
    "dma200" : 949.35,
    "volume" : 105930.00
  }, {
    "date" : "2025-10-06",
    "price" : 828.05,
    "dma50" : 852.35,
    "dma100" : 902.44,
    "dma200" : 948.15,
    "volume" : 119931.00
  }, {
    "date" : "2025-10-07",
    "price" : 818.80,
    "dma50" : 851.03,
    "dma100" : 901.31,
    "dma200" : 946.86,
    "volume" : 207224.00
  }, {
    "date" : "2025-10-08",
    "price" : 812.00,
    "dma50" : 849.50,
    "dma100" : 899.81,
    "dma200" : 945.52,
    "volume" : 164765.00
  }, {
    "date" : "2025-10-09",
    "price" : 805.60,
    "dma50" : 847.78,
    "dma100" : 898.25,
    "dma200" : 944.13,
    "volume" : 259539.00
  }, {
    "date" : "2025-10-10",
    "price" : 803.25,
    "dma50" : 846.03,
    "dma100" : 896.91,
    "dma200" : 942.72,
    "volume" : 317339.00
  }, {
    "date" : "2025-10-13",
    "price" : 798.25,
    "dma50" : 844.16,
    "dma100" : 895.42,
    "dma200" : 941.29,
    "volume" : 188046.00
  }, {
    "date" : "2025-10-14",
    "price" : 785.65,
    "dma50" : 841.86,
    "dma100" : 893.68,
    "dma200" : 939.74,
    "volume" : 243847.00
  }, {
    "date" : "2025-10-15",
    "price" : 790.35,
    "dma50" : 839.84,
    "dma100" : 891.91,
    "dma200" : 938.25,
    "volume" : 258198.00
  }, {
    "date" : "2025-10-16",
    "price" : 791.50,
    "dma50" : 837.95,
    "dma100" : 890.06,
    "dma200" : 936.79,
    "volume" : 175056.00
  }, {
    "date" : "2025-10-17",
    "price" : 782.90,
    "dma50" : 835.79,
    "dma100" : 888.00,
    "dma200" : 935.26,
    "volume" : 229019.00
  }, {
    "date" : "2025-10-20",
    "price" : 787.25,
    "dma50" : 833.89,
    "dma100" : 886.05,
    "dma200" : 933.79,
    "volume" : 181779.00
  }, {
    "date" : "2025-10-21",
    "price" : 796.10,
    "dma50" : 832.40,
    "dma100" : 884.43,
    "dma200" : 932.42,
    "volume" : 61092.00
  }, {
    "date" : "2025-10-23",
    "price" : 790.65,
    "dma50" : 830.77,
    "dma100" : 882.59,
    "dma200" : 931.01,
    "volume" : 221843.00
  }, {
    "date" : "2025-10-24",
    "price" : 785.40,
    "dma50" : 828.99,
    "dma100" : 880.85,
    "dma200" : 929.56,
    "volume" : 226948.00
  }, {
    "date" : "2025-10-27",
    "price" : 794.50,
    "dma50" : 827.63,
    "dma100" : 879.17,
    "dma200" : 928.21,
    "volume" : 424900.00
  }, {
    "date" : "2025-10-28",
    "price" : 785.50,
    "dma50" : 825.98,
    "dma100" : 877.36,
    "dma200" : 926.79,
    "volume" : 330568.00
  }, {
    "date" : "2025-10-29",
    "price" : 795.10,
    "dma50" : 824.77,
    "dma100" : 875.62,
    "dma200" : 925.48,
    "volume" : 348104.00
  }, {
    "date" : "2025-10-30",
    "price" : 789.25,
    "dma50" : 823.38,
    "dma100" : 873.82,
    "dma200" : 924.13,
    "volume" : 398223.00
  }, {
    "date" : "2025-10-31",
    "price" : 785.90,
    "dma50" : 821.91,
    "dma100" : 871.84,
    "dma200" : 922.75,
    "volume" : 271753.00
  }, {
    "date" : "2025-11-03",
    "price" : 796.75,
    "dma50" : 820.92,
    "dma100" : 869.90,
    "dma200" : 921.50,
    "volume" : 396220.00
  }, {
    "date" : "2025-11-04",
    "price" : 787.40,
    "dma50" : 819.61,
    "dma100" : 867.86,
    "dma200" : 920.16,
    "volume" : 437241.00
  }, {
    "date" : "2025-11-06",
    "price" : 769.95,
    "dma50" : 817.66,
    "dma100" : 865.79,
    "dma200" : 918.67,
    "volume" : 330684.00
  }, {
    "date" : "2025-11-07",
    "price" : 766.55,
    "dma50" : 815.66,
    "dma100" : 863.86,
    "dma200" : 917.16,
    "volume" : 379977.00
  }, {
    "date" : "2025-11-10",
    "price" : 793.55,
    "dma50" : 814.79,
    "dma100" : 862.24,
    "dma200" : 915.93,
    "volume" : 523573.00
  }, {
    "date" : "2025-11-11",
    "price" : 786.15,
    "dma50" : 813.67,
    "dma100" : 860.52,
    "dma200" : 914.64,
    "volume" : 1014565.00
  }, {
    "date" : "2025-11-12",
    "price" : 788.40,
    "dma50" : 812.68,
    "dma100" : 858.79,
    "dma200" : 913.38,
    "volume" : 431144.00
  }, {
    "date" : "2025-11-13",
    "price" : 789.30,
    "dma50" : 811.76,
    "dma100" : 857.30,
    "dma200" : 912.14,
    "volume" : 272322.00
  }, {
    "date" : "2025-11-14",
    "price" : 783.05,
    "dma50" : 810.63,
    "dma100" : 855.97,
    "dma200" : 910.86,
    "volume" : 195133.00
  }, {
    "date" : "2025-11-17",
    "price" : 793.15,
    "dma50" : 809.95,
    "dma100" : 854.52,
    "dma200" : 909.69,
    "volume" : 158629.00
  }, {
    "date" : "2025-11-18",
    "price" : 785.15,
    "dma50" : 808.97,
    "dma100" : 853.04,
    "dma200" : 908.45,
    "volume" : 150849.00
  }, {
    "date" : "2025-11-19",
    "price" : 775.70,
    "dma50" : 807.67,
    "dma100" : 851.41,
    "dma200" : 907.13,
    "volume" : 245993.00
  }, {
    "date" : "2025-11-20",
    "price" : 767.45,
    "dma50" : 806.09,
    "dma100" : 849.68,
    "dma200" : 905.74,
    "volume" : 178293.00
  }, {
    "date" : "2025-11-21",
    "price" : 758.10,
    "dma50" : 804.21,
    "dma100" : 847.67,
    "dma200" : 904.27,
    "volume" : 151376.00
  }, {
    "date" : "2025-11-24",
    "price" : 747.85,
    "dma50" : 802.00,
    "dma100" : 845.35,
    "dma200" : 902.71,
    "volume" : 201642.00
  }, {
    "date" : "2025-11-25",
    "price" : 753.40,
    "dma50" : 800.09,
    "dma100" : 843.07,
    "dma200" : 901.23,
    "volume" : 142260.00
  }, {
    "date" : "2025-11-26",
    "price" : 756.40,
    "dma50" : 798.38,
    "dma100" : 840.92,
    "dma200" : 899.79,
    "volume" : 111065.00
  }, {
    "date" : "2025-11-27",
    "price" : 753.65,
    "dma50" : 796.63,
    "dma100" : 838.64,
    "dma200" : 898.33,
    "volume" : 98015.00
  }, {
    "date" : "2025-11-28",
    "price" : 749.15,
    "dma50" : 794.76,
    "dma100" : 836.34,
    "dma200" : 896.85,
    "volume" : 122774.00
  }, {
    "date" : "2025-12-01",
    "price" : 750.40,
    "dma50" : 793.02,
    "dma100" : 834.17,
    "dma200" : 895.39,
    "volume" : 111546.00
  }, {
    "date" : "2025-12-02",
    "price" : 744.85,
    "dma50" : 791.14,
    "dma100" : 831.99,
    "dma200" : 893.89,
    "volume" : 112354.00
  }, {
    "date" : "2025-12-03",
    "price" : 741.80,
    "dma50" : 789.20,
    "dma100" : 829.78,
    "dma200" : 892.38,
    "volume" : 97994.00
  }, {
    "date" : "2025-12-04",
    "price" : 740.65,
    "dma50" : 787.30,
    "dma100" : 827.55,
    "dma200" : 890.87,
    "volume" : 128491.00
  }, {
    "date" : "2025-12-05",
    "price" : 736.55,
    "dma50" : 785.31,
    "dma100" : 825.34,
    "dma200" : 889.33,
    "volume" : 184437.00
  }, {
    "date" : "2025-12-08",
    "price" : 717.20,
    "dma50" : 782.64,
    "dma100" : 823.00,
    "dma200" : 887.62,
    "volume" : 227808.00
  }, {
    "date" : "2025-12-09",
    "price" : 726.45,
    "dma50" : 780.43,
    "dma100" : 820.77,
    "dma200" : 886.02,
    "volume" : 270374.00
  }, {
    "date" : "2025-12-10",
    "price" : 740.60,
    "dma50" : 778.87,
    "dma100" : 818.59,
    "dma200" : 884.57,
    "volume" : 398149.00
  }, {
    "date" : "2025-12-11",
    "price" : 738.55,
    "dma50" : 777.29,
    "dma100" : 816.49,
    "dma200" : 883.12,
    "volume" : 202702.00
  }, {
    "date" : "2025-12-12",
    "price" : 740.15,
    "dma50" : 775.83,
    "dma100" : 814.60,
    "dma200" : 881.70,
    "volume" : 122332.00
  }, {
    "date" : "2025-12-15",
    "price" : 758.25,
    "dma50" : 775.14,
    "dma100" : 813.01,
    "dma200" : 880.47,
    "volume" : 145081.00
  }, {
    "date" : "2025-12-16",
    "price" : 779.60,
    "dma50" : 775.32,
    "dma100" : 811.59,
    "dma200" : 879.46,
    "volume" : 362493.00
  }, {
    "date" : "2025-12-17",
    "price" : 766.25,
    "dma50" : 774.96,
    "dma100" : 810.03,
    "dma200" : 878.34,
    "volume" : 168801.00
  }, {
    "date" : "2025-12-18",
    "price" : 774.80,
    "dma50" : 774.96,
    "dma100" : 808.58,
    "dma200" : 877.31,
    "volume" : 152311.00
  }, {
    "date" : "2025-12-19",
    "price" : 787.25,
    "dma50" : 775.44,
    "dma100" : 807.47,
    "dma200" : 876.41,
    "volume" : 408020.00
  }, {
    "date" : "2025-12-22",
    "price" : 784.60,
    "dma50" : 775.80,
    "dma100" : 806.43,
    "dma200" : 875.50,
    "volume" : 159456.00
  }, {
    "date" : "2025-12-23",
    "price" : 772.40,
    "dma50" : 775.66,
    "dma100" : 805.07,
    "dma200" : 874.47,
    "volume" : 139424.00
  }, {
    "date" : "2025-12-24",
    "price" : 773.40,
    "dma50" : 775.58,
    "dma100" : 803.85,
    "dma200" : 873.47,
    "volume" : 151276.00
  } ],
  "latestTechnicalAttributes" : {
    "date" : "2025-12-24",
    "price" : 773.40,
    "dma50" : 775.58,
    "dma100" : 803.85,
    "dma200" : 873.47,
    "volume" : 151276.00
  },
  "quarterlyResults" : [ {
    "date" : "2005-03-31",
    "sales" : 140.13,
    "salesGrowthYoY" : null,
    "grossProfitMargin" : 27.29,
    "grossProfit" : 38.24,
    "operatingProfitMargin" : 10.35,
    "operatingProfit" : 14.50,
    "netProfitMargin" : 7.23,
    "netProfit" : 10.13
  }, {
    "date" : "2005-06-30",
    "sales" : 143.02,
    "salesGrowthYoY" : null,
    "grossProfitMargin" : 27.13,
    "grossProfit" : 38.80,
    "operatingProfitMargin" : 7.75,
    "operatingProfit" : 11.08,
    "netProfitMargin" : 9.38,
    "netProfit" : 13.42
  }, {
    "date" : "2005-09-30",
    "sales" : 168.12,
    "salesGrowthYoY" : null,
    "grossProfitMargin" : 23.53,
    "grossProfit" : 39.56,
    "operatingProfitMargin" : 7.79,
    "operatingProfit" : 13.10,
    "netProfitMargin" : 3.06,
    "netProfit" : 5.14
  }, {
    "date" : "2005-12-31",
    "sales" : 213.40,
    "salesGrowthYoY" : null,
    "grossProfitMargin" : 25.56,
    "grossProfit" : 54.55,
    "operatingProfitMargin" : 11.22,
    "operatingProfit" : 23.94,
    "netProfitMargin" : 5.06,
    "netProfit" : 10.80
  }, {
    "date" : "2006-03-31",
    "sales" : 223.24,
    "salesGrowthYoY" : 59.31,
    "grossProfitMargin" : 27.71,
    "grossProfit" : 61.86,
    "operatingProfitMargin" : 12.46,
    "operatingProfit" : 27.82,
    "netProfitMargin" : 9.42,
    "netProfit" : 21.03
  }, {
    "date" : "2006-06-30",
    "sales" : 211.74,
    "salesGrowthYoY" : 48.05,
    "grossProfitMargin" : 26.57,
    "grossProfit" : 56.26,
    "operatingProfitMargin" : 11.45,
    "operatingProfit" : 24.24,
    "netProfitMargin" : 10.65,
    "netProfit" : 22.55
  }, {
    "date" : "2006-09-30",
    "sales" : 276.10,
    "salesGrowthYoY" : 64.23,
    "grossProfitMargin" : 24.55,
    "grossProfit" : 67.78,
    "operatingProfitMargin" : 14.33,
    "operatingProfit" : 39.57,
    "netProfitMargin" : 7.79,
    "netProfit" : 21.51
  }, {
    "date" : "2006-12-31",
    "sales" : 252.96,
    "salesGrowthYoY" : 18.54,
    "grossProfitMargin" : 25.36,
    "grossProfit" : 64.15,
    "operatingProfitMargin" : 14.22,
    "operatingProfit" : 35.97,
    "netProfitMargin" : 6.36,
    "netProfit" : 16.09
  }, {
    "date" : "2007-03-31",
    "sales" : 292.22,
    "salesGrowthYoY" : 30.90,
    "grossProfitMargin" : 17.73,
    "grossProfit" : 51.81,
    "operatingProfitMargin" : 6.39,
    "operatingProfit" : 18.67,
    "netProfitMargin" : 2.95,
    "netProfit" : 8.62
  }, {
    "date" : "2007-06-30",
    "sales" : 302.38,
    "salesGrowthYoY" : 42.81,
    "grossProfitMargin" : 20.26,
    "grossProfit" : 61.26,
    "operatingProfitMargin" : 9.61,
    "operatingProfit" : 29.06,
    "netProfitMargin" : 9.32,
    "netProfit" : 28.18
  }, {
    "date" : "2007-09-30",
    "sales" : 334.06,
    "salesGrowthYoY" : 20.99,
    "grossProfitMargin" : 20.98,
    "grossProfit" : 70.09,
    "operatingProfitMargin" : 11.71,
    "operatingProfit" : 39.12,
    "netProfitMargin" : 6.44,
    "netProfit" : 21.51
  }, {
    "date" : "2007-12-31",
    "sales" : 324.12,
    "salesGrowthYoY" : 28.13,
    "grossProfitMargin" : 25.05,
    "grossProfit" : 81.19,
    "operatingProfitMargin" : 9.88,
    "operatingProfit" : 32.02,
    "netProfitMargin" : 5.84,
    "netProfit" : 18.93
  }, {
    "date" : "2008-03-31",
    "sales" : 423.21,
    "salesGrowthYoY" : 44.83,
    "grossProfitMargin" : 23.88,
    "grossProfit" : 101.06,
    "operatingProfitMargin" : 10.44,
    "operatingProfit" : 44.18,
    "netProfitMargin" : 9.30,
    "netProfit" : 39.36
  }, {
    "date" : "2008-06-30",
    "sales" : 401.81,
    "salesGrowthYoY" : 32.88,
    "grossProfitMargin" : 24.71,
    "grossProfit" : 99.29,
    "operatingProfitMargin" : 11.82,
    "operatingProfit" : 47.49,
    "netProfitMargin" : 9.36,
    "netProfit" : 37.61
  }, {
    "date" : "2008-09-30",
    "sales" : 374.21,
    "salesGrowthYoY" : 12.02,
    "grossProfitMargin" : 14.61,
    "grossProfit" : 54.67,
    "operatingProfitMargin" : 2.57,
    "operatingProfit" : 9.62,
    "netProfitMargin" : 1.64,
    "netProfit" : 6.14
  }, {
    "date" : "2008-12-31",
    "sales" : 238.44,
    "salesGrowthYoY" : -26.43,
    "grossProfitMargin" : 20.39,
    "grossProfit" : 48.62,
    "operatingProfitMargin" : -0.63,
    "operatingProfit" : -1.50,
    "netProfitMargin" : -4.12,
    "netProfit" : -9.82
  }, {
    "date" : "2009-03-31",
    "sales" : 327.05,
    "salesGrowthYoY" : -22.72,
    "grossProfitMargin" : 24.87,
    "grossProfit" : 81.34,
    "operatingProfitMargin" : 9.71,
    "operatingProfit" : 31.76,
    "netProfitMargin" : 0.82,
    "netProfit" : 2.68
  }, {
    "date" : "2009-06-30",
    "sales" : 327.75,
    "salesGrowthYoY" : -18.43,
    "grossProfitMargin" : 28.97,
    "grossProfit" : 94.95,
    "operatingProfitMargin" : 15.24,
    "operatingProfit" : 49.95,
    "netProfitMargin" : 11.37,
    "netProfit" : 37.27
  }, {
    "date" : "2009-09-30",
    "sales" : 404.79,
    "salesGrowthYoY" : 8.17,
    "grossProfitMargin" : 28.56,
    "grossProfit" : 115.61,
    "operatingProfitMargin" : 16.53,
    "operatingProfit" : 66.91,
    "netProfitMargin" : 11.50,
    "netProfit" : 46.55
  }, {
    "date" : "2009-12-31",
    "sales" : 422.21,
    "salesGrowthYoY" : 77.07,
    "grossProfitMargin" : 23.19,
    "grossProfit" : 97.91,
    "operatingProfitMargin" : 10.79,
    "operatingProfit" : 45.56,
    "netProfitMargin" : 4.20,
    "netProfit" : 17.73
  }, {
    "date" : "2010-03-31",
    "sales" : 463.96,
    "salesGrowthYoY" : 41.86,
    "grossProfitMargin" : 19.22,
    "grossProfit" : 89.17,
    "operatingProfitMargin" : 7.07,
    "operatingProfit" : 32.80,
    "netProfitMargin" : 2.50,
    "netProfit" : 11.60
  }, {
    "date" : "2010-06-30",
    "sales" : 493.06,
    "salesGrowthYoY" : 50.44,
    "grossProfitMargin" : 19.45,
    "grossProfit" : 95.90,
    "operatingProfitMargin" : 8.04,
    "operatingProfit" : 39.64,
    "netProfitMargin" : 5.25,
    "netProfit" : 25.89
  }, {
    "date" : "2010-09-30",
    "sales" : 490.63,
    "salesGrowthYoY" : 21.21,
    "grossProfitMargin" : 21.36,
    "grossProfit" : 104.80,
    "operatingProfitMargin" : 8.46,
    "operatingProfit" : 41.51,
    "netProfitMargin" : 5.44,
    "netProfit" : 26.69
  }, {
    "date" : "2010-12-31",
    "sales" : 512.67,
    "salesGrowthYoY" : 21.43,
    "grossProfitMargin" : 21.31,
    "grossProfit" : 109.25,
    "operatingProfitMargin" : 9.92,
    "operatingProfit" : 50.86,
    "netProfitMargin" : 6.25,
    "netProfit" : 32.04
  }, {
    "date" : "2011-03-31",
    "sales" : 539.40,
    "salesGrowthYoY" : 16.26,
    "grossProfitMargin" : 19.96,
    "grossProfit" : 107.66,
    "operatingProfitMargin" : 7.37,
    "operatingProfit" : 39.75,
    "netProfitMargin" : 5.63,
    "netProfit" : 30.37
  }, {
    "date" : "2011-06-30",
    "sales" : 460.70,
    "salesGrowthYoY" : -6.56,
    "grossProfitMargin" : 24.55,
    "grossProfit" : 113.10,
    "operatingProfitMargin" : 7.48,
    "operatingProfit" : 34.46,
    "netProfitMargin" : 4.73,
    "netProfit" : 21.79
  }, {
    "date" : "2011-09-30",
    "sales" : 499.01,
    "salesGrowthYoY" : 1.71,
    "grossProfitMargin" : 20.02,
    "grossProfit" : 99.90,
    "operatingProfitMargin" : 7.98,
    "operatingProfit" : 39.82,
    "netProfitMargin" : 6.54,
    "netProfit" : 32.64
  }, {
    "date" : "2011-12-31",
    "sales" : 499.47,
    "salesGrowthYoY" : -2.57,
    "grossProfitMargin" : 21.55,
    "grossProfit" : 107.64,
    "operatingProfitMargin" : 8.15,
    "operatingProfit" : 40.71,
    "netProfitMargin" : 4.06,
    "netProfit" : 20.28
  }, {
    "date" : "2012-03-31",
    "sales" : 604.98,
    "salesGrowthYoY" : 12.16,
    "grossProfitMargin" : 22.29,
    "grossProfit" : 134.85,
    "operatingProfitMargin" : 9.92,
    "operatingProfit" : 60.01,
    "netProfitMargin" : 9.03,
    "netProfit" : 54.63
  }, {
    "date" : "2012-06-30",
    "sales" : 517.99,
    "salesGrowthYoY" : 12.44,
    "grossProfitMargin" : 25.11,
    "grossProfit" : 130.07,
    "operatingProfitMargin" : 9.42,
    "operatingProfit" : 48.79,
    "netProfitMargin" : 5.88,
    "netProfit" : 30.46
  }, {
    "date" : "2012-09-30",
    "sales" : 586.00,
    "salesGrowthYoY" : 17.43,
    "grossProfitMargin" : 23.66,
    "grossProfit" : 138.65,
    "operatingProfitMargin" : 11.99,
    "operatingProfit" : 70.26,
    "netProfitMargin" : 10.73,
    "netProfit" : 62.88
  }, {
    "date" : "2012-12-31",
    "sales" : 534.28,
    "salesGrowthYoY" : 6.97,
    "grossProfitMargin" : 22.64,
    "grossProfit" : 120.96,
    "operatingProfitMargin" : 8.03,
    "operatingProfit" : 42.90,
    "netProfitMargin" : 4.85,
    "netProfit" : 25.91
  }, {
    "date" : "2013-03-31",
    "sales" : 632.13,
    "salesGrowthYoY" : 4.49,
    "grossProfitMargin" : 25.27,
    "grossProfit" : 159.74,
    "operatingProfitMargin" : 10.52,
    "operatingProfit" : 66.50,
    "netProfitMargin" : 7.19,
    "netProfit" : 45.45
  }, {
    "date" : "2013-06-30",
    "sales" : 553.76,
    "salesGrowthYoY" : 6.91,
    "grossProfitMargin" : 22.59,
    "grossProfit" : 125.09,
    "operatingProfitMargin" : 9.27,
    "operatingProfit" : 51.33,
    "netProfitMargin" : 6.13,
    "netProfit" : 33.95
  }, {
    "date" : "2013-09-30",
    "sales" : 593.13,
    "salesGrowthYoY" : 1.22,
    "grossProfitMargin" : 25.41,
    "grossProfit" : 150.71,
    "operatingProfitMargin" : 12.88,
    "operatingProfit" : 76.40,
    "netProfitMargin" : 12.12,
    "netProfit" : 71.89
  }, {
    "date" : "2013-12-31",
    "sales" : 563.10,
    "salesGrowthYoY" : 5.39,
    "grossProfitMargin" : 20.49,
    "grossProfit" : 115.38,
    "operatingProfitMargin" : 7.87,
    "operatingProfit" : 44.32,
    "netProfitMargin" : 4.35,
    "netProfit" : 24.49
  }, {
    "date" : "2014-03-31",
    "sales" : 649.05,
    "salesGrowthYoY" : 2.68,
    "grossProfitMargin" : 25.66,
    "grossProfit" : 166.55,
    "operatingProfitMargin" : 11.56,
    "operatingProfit" : 75.03,
    "netProfitMargin" : 10.68,
    "netProfit" : 69.32
  }, {
    "date" : "2014-06-30",
    "sales" : 572.01,
    "salesGrowthYoY" : 3.30,
    "grossProfitMargin" : 23.52,
    "grossProfit" : 134.54,
    "operatingProfitMargin" : 9.79,
    "operatingProfit" : 56.00,
    "netProfitMargin" : 6.06,
    "netProfit" : 34.66
  }, {
    "date" : "2014-09-30",
    "sales" : 636.83,
    "salesGrowthYoY" : 7.37,
    "grossProfitMargin" : 24.67,
    "grossProfit" : 157.11,
    "operatingProfitMargin" : 12.59,
    "operatingProfit" : 80.18,
    "netProfitMargin" : 12.40,
    "netProfit" : 78.97
  }, {
    "date" : "2014-12-31",
    "sales" : 582.07,
    "salesGrowthYoY" : 3.37,
    "grossProfitMargin" : 24.77,
    "grossProfit" : 144.18,
    "operatingProfitMargin" : 11.28,
    "operatingProfit" : 65.66,
    "netProfitMargin" : 6.56,
    "netProfit" : 38.18
  }, {
    "date" : "2015-03-31",
    "sales" : 658.19,
    "salesGrowthYoY" : 1.41,
    "grossProfitMargin" : 24.81,
    "grossProfit" : 163.30,
    "operatingProfitMargin" : 9.31,
    "operatingProfit" : 61.28,
    "netProfitMargin" : 4.77,
    "netProfit" : 31.40
  }, {
    "date" : "2015-06-30",
    "sales" : 609.74,
    "salesGrowthYoY" : 6.60,
    "grossProfitMargin" : 23.00,
    "grossProfit" : 140.24,
    "operatingProfitMargin" : 11.98,
    "operatingProfit" : 73.05,
    "netProfitMargin" : 8.01,
    "netProfit" : 48.84
  }, {
    "date" : "2015-09-30",
    "sales" : 640.49,
    "salesGrowthYoY" : 0.57,
    "grossProfitMargin" : 22.58,
    "grossProfit" : 144.62,
    "operatingProfitMargin" : 11.77,
    "operatingProfit" : 75.39,
    "netProfitMargin" : 9.96,
    "netProfit" : 63.79
  }, {
    "date" : "2015-12-31",
    "sales" : 612.58,
    "salesGrowthYoY" : 5.24,
    "grossProfitMargin" : 23.45,
    "grossProfit" : 143.65,
    "operatingProfitMargin" : 12.26,
    "operatingProfit" : 75.10,
    "netProfitMargin" : 8.11,
    "netProfit" : 49.68
  }, {
    "date" : "2016-03-31",
    "sales" : 711.92,
    "salesGrowthYoY" : 8.16,
    "grossProfitMargin" : 29.62,
    "grossProfit" : 210.87,
    "operatingProfitMargin" : 16.20,
    "operatingProfit" : 115.33,
    "netProfitMargin" : 12.16,
    "netProfit" : 86.57
  }, {
    "date" : "2016-06-30",
    "sales" : 551.16,
    "salesGrowthYoY" : -9.61,
    "grossProfitMargin" : 29.82,
    "grossProfit" : 164.36,
    "operatingProfitMargin" : 16.41,
    "operatingProfit" : 90.45,
    "netProfitMargin" : 12.19,
    "netProfit" : 67.19
  }, {
    "date" : "2016-09-30",
    "sales" : 562.43,
    "salesGrowthYoY" : -12.19,
    "grossProfitMargin" : 31.49,
    "grossProfit" : 177.11,
    "operatingProfitMargin" : 17.74,
    "operatingProfit" : 99.78,
    "netProfitMargin" : 18.63,
    "netProfit" : 104.78
  }, {
    "date" : "2016-12-31",
    "sales" : 622.00,
    "salesGrowthYoY" : 1.54,
    "grossProfitMargin" : 25.74,
    "grossProfit" : 160.10,
    "operatingProfitMargin" : 12.89,
    "operatingProfit" : 80.18,
    "netProfitMargin" : 11.00,
    "netProfit" : 68.42
  }, {
    "date" : "2017-03-31",
    "sales" : 709.24,
    "salesGrowthYoY" : -0.38,
    "grossProfitMargin" : 30.52,
    "grossProfit" : 216.46,
    "operatingProfitMargin" : 14.25,
    "operatingProfit" : 101.07,
    "netProfitMargin" : 10.64,
    "netProfit" : 75.46
  }, {
    "date" : "2017-06-30",
    "sales" : 673.95,
    "salesGrowthYoY" : 22.28,
    "grossProfitMargin" : 28.16,
    "grossProfit" : 189.78,
    "operatingProfitMargin" : 16.32,
    "operatingProfit" : 109.99,
    "netProfitMargin" : 15.12,
    "netProfit" : 101.90
  }, {
    "date" : "2017-09-30",
    "sales" : 702.19,
    "salesGrowthYoY" : 24.85,
    "grossProfitMargin" : 25.81,
    "grossProfit" : 181.24,
    "operatingProfitMargin" : 14.08,
    "operatingProfit" : 98.87,
    "netProfitMargin" : 14.19,
    "netProfit" : 99.64
  }, {
    "date" : "2017-12-31",
    "sales" : 656.78,
    "salesGrowthYoY" : 5.59,
    "grossProfitMargin" : 27.83,
    "grossProfit" : 182.78,
    "operatingProfitMargin" : 14.93,
    "operatingProfit" : 98.06,
    "netProfitMargin" : 11.40,
    "netProfit" : 74.87
  }, {
    "date" : "2018-03-31",
    "sales" : 795.96,
    "salesGrowthYoY" : 12.23,
    "grossProfitMargin" : 28.53,
    "grossProfit" : 227.09,
    "operatingProfitMargin" : 14.50,
    "operatingProfit" : 115.41,
    "netProfitMargin" : 10.27,
    "netProfit" : 81.75
  }, {
    "date" : "2018-06-30",
    "sales" : 791.18,
    "salesGrowthYoY" : 17.39,
    "grossProfitMargin" : 26.93,
    "grossProfit" : 213.06,
    "operatingProfitMargin" : 16.40,
    "operatingProfit" : 129.75,
    "netProfitMargin" : 11.42,
    "netProfit" : 90.35
  }, {
    "date" : "2018-09-30",
    "sales" : 713.97,
    "salesGrowthYoY" : 1.68,
    "grossProfitMargin" : 23.99,
    "grossProfit" : 171.28,
    "operatingProfitMargin" : 12.02,
    "operatingProfit" : 85.82,
    "netProfitMargin" : 13.01,
    "netProfit" : 92.89
  }, {
    "date" : "2018-12-31",
    "sales" : 749.56,
    "salesGrowthYoY" : 14.13,
    "grossProfitMargin" : 28.09,
    "grossProfit" : 210.55,
    "operatingProfitMargin" : 14.62,
    "operatingProfit" : 109.59,
    "netProfitMargin" : 10.13,
    "netProfit" : 75.93
  }, {
    "date" : "2019-03-31",
    "sales" : 823.08,
    "salesGrowthYoY" : 3.41,
    "grossProfitMargin" : 26.48,
    "grossProfit" : 217.95,
    "operatingProfitMargin" : 15.34,
    "operatingProfit" : 126.26,
    "netProfitMargin" : 10.31,
    "netProfit" : 84.86
  }, {
    "date" : "2019-06-30",
    "sales" : 807.74,
    "salesGrowthYoY" : 2.09,
    "grossProfitMargin" : 27.57,
    "grossProfit" : 222.69,
    "operatingProfitMargin" : 13.12,
    "operatingProfit" : 105.98,
    "netProfitMargin" : 10.10,
    "netProfit" : 81.58
  }, {
    "date" : "2019-09-30",
    "sales" : 715.76,
    "salesGrowthYoY" : 0.25,
    "grossProfitMargin" : 26.98,
    "grossProfit" : 193.11,
    "operatingProfitMargin" : 11.79,
    "operatingProfit" : 84.39,
    "netProfitMargin" : 17.20,
    "netProfit" : 123.11
  }, {
    "date" : "2019-12-31",
    "sales" : 702.36,
    "salesGrowthYoY" : -6.30,
    "grossProfitMargin" : 26.77,
    "grossProfit" : 188.02,
    "operatingProfitMargin" : 13.15,
    "operatingProfit" : 92.36,
    "netProfitMargin" : 11.48,
    "netProfit" : 80.63
  }, {
    "date" : "2020-03-31",
    "sales" : 651.44,
    "salesGrowthYoY" : -20.85,
    "grossProfitMargin" : 29.19,
    "grossProfit" : 190.16,
    "operatingProfitMargin" : 13.37,
    "operatingProfit" : 87.10,
    "netProfitMargin" : 17.98,
    "netProfit" : 117.13
  }, {
    "date" : "2020-06-30",
    "sales" : 377.12,
    "salesGrowthYoY" : -53.31,
    "grossProfitMargin" : 24.84,
    "grossProfit" : 93.68,
    "operatingProfitMargin" : 9.16,
    "operatingProfit" : 34.54,
    "netProfitMargin" : 9.28,
    "netProfit" : 35.00
  }, {
    "date" : "2020-09-30",
    "sales" : 639.41,
    "salesGrowthYoY" : -10.67,
    "grossProfitMargin" : 27.33,
    "grossProfit" : 174.75,
    "operatingProfitMargin" : 12.88,
    "operatingProfit" : 82.36,
    "netProfitMargin" : 10.80,
    "netProfit" : 69.06
  }, {
    "date" : "2020-12-31",
    "sales" : 830.23,
    "salesGrowthYoY" : 18.21,
    "grossProfitMargin" : 25.23,
    "grossProfit" : 209.47,
    "operatingProfitMargin" : 12.84,
    "operatingProfit" : 106.60,
    "netProfitMargin" : 9.97,
    "netProfit" : 82.77
  }, {
    "date" : "2021-03-31",
    "sales" : 921.35,
    "salesGrowthYoY" : 41.43,
    "grossProfitMargin" : 25.91,
    "grossProfit" : 238.72,
    "operatingProfitMargin" : 14.25,
    "operatingProfit" : 131.29,
    "netProfitMargin" : 10.43,
    "netProfit" : 96.10
  }, {
    "date" : "2021-06-30",
    "sales" : 675.36,
    "salesGrowthYoY" : 79.08,
    "grossProfitMargin" : 21.97,
    "grossProfit" : 148.38,
    "operatingProfitMargin" : 10.41,
    "operatingProfit" : 70.30,
    "netProfitMargin" : 8.16,
    "netProfit" : 55.11
  }, {
    "date" : "2021-09-30",
    "sales" : 932.98,
    "salesGrowthYoY" : 45.91,
    "grossProfitMargin" : 23.36,
    "grossProfit" : 217.94,
    "operatingProfitMargin" : 12.82,
    "operatingProfit" : 119.61,
    "netProfitMargin" : 16.05,
    "netProfit" : 149.74
  }, {
    "date" : "2021-12-31",
    "sales" : 972.95,
    "salesGrowthYoY" : 17.19,
    "grossProfitMargin" : 21.52,
    "grossProfit" : 209.38,
    "operatingProfitMargin" : 11.17,
    "operatingProfit" : 108.68,
    "netProfitMargin" : 9.78,
    "netProfit" : 95.15
  }, {
    "date" : "2022-03-31",
    "sales" : 1186.85,
    "salesGrowthYoY" : 28.82,
    "grossProfitMargin" : 19.05,
    "grossProfit" : 226.09,
    "operatingProfitMargin" : 9.82,
    "operatingProfit" : 116.55,
    "netProfitMargin" : 8.81,
    "netProfit" : 104.56
  }, {
    "date" : "2022-06-30",
    "sales" : 1015.65,
    "salesGrowthYoY" : 50.39,
    "grossProfitMargin" : 21.01,
    "grossProfit" : 213.39,
    "operatingProfitMargin" : 11.19,
    "operatingProfit" : 113.65,
    "netProfitMargin" : 9.41,
    "netProfit" : 95.57
  }, {
    "date" : "2022-09-30",
    "sales" : 1090.83,
    "salesGrowthYoY" : 16.92,
    "grossProfitMargin" : 18.77,
    "grossProfit" : 204.75,
    "operatingProfitMargin" : 8.51,
    "operatingProfit" : 92.83,
    "netProfitMargin" : 12.53,
    "netProfit" : 136.68
  }, {
    "date" : "2022-12-31",
    "sales" : 1150.31,
    "salesGrowthYoY" : 18.23,
    "grossProfitMargin" : 22.40,
    "grossProfit" : 257.67,
    "operatingProfitMargin" : 12.28,
    "operatingProfit" : 141.26,
    "netProfitMargin" : 11.72,
    "netProfit" : 134.82
  }, {
    "date" : "2023-03-31",
    "sales" : 1224.32,
    "salesGrowthYoY" : 3.16,
    "grossProfitMargin" : 21.31,
    "grossProfit" : 260.90,
    "operatingProfitMargin" : 12.06,
    "operatingProfit" : 147.65,
    "netProfitMargin" : 10.99,
    "netProfit" : 134.55
  }, {
    "date" : "2023-06-30",
    "sales" : 1204.25,
    "salesGrowthYoY" : 18.57,
    "grossProfitMargin" : 21.11,
    "grossProfit" : 254.22,
    "operatingProfitMargin" : 11.99,
    "operatingProfit" : 144.39,
    "netProfitMargin" : 10.98,
    "netProfit" : 132.23
  }, {
    "date" : "2023-09-30",
    "sales" : 1187.44,
    "salesGrowthYoY" : 8.86,
    "grossProfitMargin" : 22.27,
    "grossProfit" : 264.44,
    "operatingProfitMargin" : 12.14,
    "operatingProfit" : 144.16,
    "netProfitMargin" : 13.93,
    "netProfit" : 165.41
  }, {
    "date" : "2023-12-31",
    "sales" : 1221.68,
    "salesGrowthYoY" : 6.20,
    "grossProfitMargin" : 20.94,
    "grossProfit" : 255.82,
    "operatingProfitMargin" : 10.90,
    "operatingProfit" : 133.16,
    "netProfitMargin" : 10.46,
    "netProfit" : 127.79
  }, {
    "date" : "2024-03-31",
    "sales" : 1401.02,
    "salesGrowthYoY" : 14.43,
    "grossProfitMargin" : 20.80,
    "grossProfit" : 291.41,
    "operatingProfitMargin" : 11.35,
    "operatingProfit" : 159.02,
    "netProfitMargin" : 10.44,
    "netProfit" : 146.27
  }, {
    "date" : "2024-06-30",
    "sales" : 1230.48,
    "salesGrowthYoY" : 2.18,
    "grossProfitMargin" : 19.33,
    "grossProfit" : 237.85,
    "operatingProfitMargin" : 9.78,
    "operatingProfit" : 120.34,
    "netProfitMargin" : 9.96,
    "netProfit" : 122.56
  }, {
    "date" : "2024-09-30",
    "sales" : 1311.72,
    "salesGrowthYoY" : 10.47,
    "grossProfitMargin" : 17.05,
    "grossProfit" : 223.65,
    "operatingProfitMargin" : 7.51,
    "operatingProfit" : 98.51,
    "netProfitMargin" : 11.14,
    "netProfit" : 146.13
  }, {
    "date" : "2024-12-31",
    "sales" : 1182.11,
    "salesGrowthYoY" : -3.24,
    "grossProfitMargin" : 21.44,
    "grossProfit" : 253.44,
    "operatingProfitMargin" : 10.91,
    "operatingProfit" : 128.97,
    "netProfitMargin" : 10.48,
    "netProfit" : 123.89
  }, {
    "date" : "2025-03-31",
    "sales" : 1594.58,
    "salesGrowthYoY" : 13.82,
    "grossProfitMargin" : 19.56,
    "grossProfit" : 311.90,
    "operatingProfitMargin" : 10.43,
    "operatingProfit" : 166.31,
    "netProfitMargin" : 9.52,
    "netProfit" : 151.80
  }, {
    "date" : "2025-06-30",
    "sales" : 1395.52,
    "salesGrowthYoY" : 13.41,
    "grossProfitMargin" : 19.01,
    "grossProfit" : 265.29,
    "operatingProfitMargin" : 9.37,
    "operatingProfit" : 130.76,
    "netProfitMargin" : 9.95,
    "netProfit" : 138.85
  }, {
    "date" : "2025-09-30",
    "sales" : 1375.79,
    "salesGrowthYoY" : 4.88,
    "grossProfitMargin" : 19.71,
    "grossProfit" : 271.17,
    "operatingProfitMargin" : 10.41,
    "operatingProfit" : 143.22,
    "netProfitMargin" : 13.58,
    "netProfit" : 186.83
  } ],
  "latestQuarterlyResult" : {
    "date" : "2025-09-30",
    "sales" : 1375.79,
    "salesGrowthYoY" : 4.88,
    "grossProfitMargin" : 19.71,
    "grossProfit" : 271.17,
    "operatingProfitMargin" : 10.41,
    "operatingProfit" : 143.22,
    "netProfitMargin" : 13.58,
    "netProfit" : 186.83
  },
  "companyScore" : {
    "priceHigherThanDma50" : 0.00,
    "priceHigherThanDma100" : 0.00,
    "priceHigherThanDma200" : 0.00,
    "dma50HigherThanDma100" : 0.00,
    "dma50HigherThanDma200" : 0.00,
    "dma100HigherThanDma200" : 0.00,
    "pricePercentageAboveDma50" : 5.01,
    "pricePercentageAboveDma100" : 5.19,
    "pricePercentageAboveDma200" : 5.57,
    "weeklyVolumeHigherThanYearlyVolume" : 0.00,
    "salesGrowthPercentile" : 8.79,
    "operatingProfitMarginPercentile" : 12.02,
    "netProfitMarginPercentile" : 9.16,
    "totalTechnicalScore" : 15.78,
    "totalFundamentalScore" : 29.97,
    "totalScore" : 45.74
  }
}