{
  "metadata" : {
    "screenerCompanyId" : "1030",
    "companyCode" : "FISCHER",
    "companyName" : "Fischer Medical",
    "screenerCompanyLink" : "https://www.screener.in/company/FISCHER/consolidated/",
    "screenerTechnicalHistoryLink" : "https://www.screener.in/api/company/1030/chart/?q=Price-DMA50-DMA200-Volume&days=365",
    "screenerQuarterlyResultsLink" : "https://www.screener.in/api/company/1030/chart/?q=GPM-OPM-NPM-Quarter+Sales&days=10000",
    "attributes" : {
      "companyCode" : "FISCHER",
      "companyName" : "Fischer Medical",
      "marketCap" : 2583.00,
      "peRatio" : 65.30,
      "description" : "Incorporated in 1993, Fischer Chemic Ltd does trading of chemicals and machineries[1]"
    },
    "companyScore" : {
      "priceHigherThanDma50" : 0.00,
      "priceHigherThanDma100" : 0.00,
      "priceHigherThanDma200" : 0.00,
      "dma50HigherThanDma100" : 0.00,
      "dma50HigherThanDma200" : 0.00,
      "dma100HigherThanDma200" : 0.00,
      "pricePercentageAboveDma50" : 5.53,
      "pricePercentageAboveDma100" : 6.68,
      "pricePercentageAboveDma200" : 6.99,
      "weeklyVolumeHigherThanYearlyVolume" : 5.00,
      "salesGrowthPercentile" : 19.00,
      "operatingProfitMarginPercentile" : 16.86,
      "netProfitMarginPercentile" : 7.78,
      "totalTechnicalScore" : 24.21,
      "totalFundamentalScore" : 43.64,
      "totalScore" : 67.85
    }
  },
  "attributes" : {
    "companyCode" : "FISCHER",
    "companyName" : "Fischer Medical",
    "marketCap" : 2583.00,
    "peRatio" : 65.30,
    "description" : "Incorporated in 1993, Fischer Chemic Ltd does trading of chemicals and machineries[1]"
  },
  "technicalHistory" : [ {
    "date" : "2025-02-21",
    "price" : 79.92,
    "dma50" : 70.87,
    "dma100" : null,
    "dma200" : 62.34,
    "volume" : 86690.00
  }, {
    "date" : "2025-02-24",
    "price" : 76.71,
    "dma50" : 71.10,
    "dma100" : null,
    "dma200" : 62.49,
    "volume" : 110750.00
  }, {
    "date" : "2025-02-25",
    "price" : 76.94,
    "dma50" : 71.33,
    "dma100" : null,
    "dma200" : 62.63,
    "volume" : 161740.00
  }, {
    "date" : "2025-02-27",
    "price" : 83.61,
    "dma50" : 71.81,
    "dma100" : null,
    "dma200" : 62.84,
    "volume" : 39870.00
  }, {
    "date" : "2025-02-28",
    "price" : 85.68,
    "dma50" : 72.35,
    "dma100" : null,
    "dma200" : 63.07,
    "volume" : 82486.00
  }, {
    "date" : "2025-03-03",
    "price" : 83.51,
    "dma50" : 72.79,
    "dma100" : null,
    "dma200" : 63.27,
    "volume" : 117390.00
  }, {
    "date" : "2025-03-04",
    "price" : 80.10,
    "dma50" : 73.08,
    "dma100" : null,
    "dma200" : 63.44,
    "volume" : 28450.00
  }, {
    "date" : "2025-03-05",
    "price" : 80.01,
    "dma50" : 73.35,
    "dma100" : null,
    "dma200" : 63.60,
    "volume" : 20350.00
  }, {
    "date" : "2025-03-06",
    "price" : 77.68,
    "dma50" : 73.52,
    "dma100" : null,
    "dma200" : 63.74,
    "volume" : 34800.00
  }, {
    "date" : "2025-03-07",
    "price" : 80.54,
    "dma50" : 73.79,
    "dma100" : null,
    "dma200" : 63.91,
    "volume" : 15670.00
  }, {
    "date" : "2025-03-10",
    "price" : 80.35,
    "dma50" : 74.05,
    "dma100" : null,
    "dma200" : 64.07,
    "volume" : 9170.00
  }, {
    "date" : "2025-03-11",
    "price" : 78.97,
    "dma50" : 74.24,
    "dma100" : null,
    "dma200" : 64.22,
    "volume" : 10550.00
  }, {
    "date" : "2025-03-12",
    "price" : 80.36,
    "dma50" : 74.48,
    "dma100" : null,
    "dma200" : 64.38,
    "volume" : 1002688.00
  }, {
    "date" : "2025-03-13",
    "price" : 80.70,
    "dma50" : 74.73,
    "dma100" : null,
    "dma200" : 64.55,
    "volume" : 3970.00
  }, {
    "date" : "2025-03-17",
    "price" : 79.30,
    "dma50" : 74.91,
    "dma100" : null,
    "dma200" : 64.69,
    "volume" : 15660.00
  }, {
    "date" : "2025-03-18",
    "price" : 79.22,
    "dma50" : 75.08,
    "dma100" : null,
    "dma200" : 64.84,
    "volume" : 59627.00
  }, {
    "date" : "2025-03-19",
    "price" : 81.87,
    "dma50" : 75.34,
    "dma100" : null,
    "dma200" : 65.01,
    "volume" : 169460.00
  }, {
    "date" : "2025-03-20",
    "price" : 83.11,
    "dma50" : 75.65,
    "dma100" : null,
    "dma200" : 65.19,
    "volume" : 72766.00
  }, {
    "date" : "2025-03-21",
    "price" : 83.38,
    "dma50" : 75.95,
    "dma100" : null,
    "dma200" : 65.37,
    "volume" : 863889.00
  }, {
    "date" : "2025-03-24",
    "price" : 84.24,
    "dma50" : 76.28,
    "dma100" : null,
    "dma200" : 65.56,
    "volume" : 35108.00
  }, {
    "date" : "2025-03-25",
    "price" : 84.09,
    "dma50" : 76.58,
    "dma100" : null,
    "dma200" : 65.74,
    "volume" : 1040000.00
  }, {
    "date" : "2025-03-26",
    "price" : 82.04,
    "dma50" : 76.80,
    "dma100" : null,
    "dma200" : 65.90,
    "volume" : 1523290.00
  }, {
    "date" : "2025-03-27",
    "price" : 83.57,
    "dma50" : 77.06,
    "dma100" : null,
    "dma200" : 66.08,
    "volume" : 188050.00
  }, {
    "date" : "2025-03-28",
    "price" : 89.77,
    "dma50" : 77.56,
    "dma100" : null,
    "dma200" : 66.31,
    "volume" : 132350.00
  }, {
    "date" : "2025-04-01",
    "price" : 84.28,
    "dma50" : 77.82,
    "dma100" : null,
    "dma200" : 66.49,
    "volume" : 65210.00
  }, {
    "date" : "2025-04-02",
    "price" : 83.87,
    "dma50" : 78.06,
    "dma100" : null,
    "dma200" : 66.67,
    "volume" : 11760.00
  }, {
    "date" : "2025-04-03",
    "price" : 83.17,
    "dma50" : 78.26,
    "dma100" : null,
    "dma200" : 66.83,
    "volume" : 12050.00
  }, {
    "date" : "2025-04-04",
    "price" : 83.02,
    "dma50" : 78.45,
    "dma100" : null,
    "dma200" : 66.99,
    "volume" : 13560.00
  }, {
    "date" : "2025-04-07",
    "price" : 76.92,
    "dma50" : 78.39,
    "dma100" : null,
    "dma200" : 67.09,
    "volume" : 25529.00
  }, {
    "date" : "2025-04-08",
    "price" : 82.61,
    "dma50" : 78.55,
    "dma100" : null,
    "dma200" : 67.24,
    "volume" : 517549.00
  }, {
    "date" : "2025-04-09",
    "price" : 80.49,
    "dma50" : 78.63,
    "dma100" : null,
    "dma200" : 67.38,
    "volume" : 43770.00
  }, {
    "date" : "2025-04-11",
    "price" : 81.86,
    "dma50" : 78.76,
    "dma100" : null,
    "dma200" : 67.52,
    "volume" : 2120731.00
  }, {
    "date" : "2025-04-15",
    "price" : 82.80,
    "dma50" : 78.91,
    "dma100" : null,
    "dma200" : 67.67,
    "volume" : 31400.00
  }, {
    "date" : "2025-04-16",
    "price" : 81.80,
    "dma50" : 79.03,
    "dma100" : null,
    "dma200" : 67.81,
    "volume" : 6420.00
  }, {
    "date" : "2025-04-17",
    "price" : 81.83,
    "dma50" : 79.14,
    "dma100" : null,
    "dma200" : 67.95,
    "volume" : 28520.00
  }, {
    "date" : "2025-04-21",
    "price" : 80.08,
    "dma50" : 79.17,
    "dma100" : null,
    "dma200" : 68.07,
    "volume" : 26280.00
  }, {
    "date" : "2025-04-22",
    "price" : 81.05,
    "dma50" : 79.25,
    "dma100" : null,
    "dma200" : 68.20,
    "volume" : 36408.00
  }, {
    "date" : "2025-04-23",
    "price" : 80.20,
    "dma50" : 79.29,
    "dma100" : null,
    "dma200" : 68.32,
    "volume" : 10190.00
  }, {
    "date" : "2025-04-24",
    "price" : 78.46,
    "dma50" : 79.25,
    "dma100" : null,
    "dma200" : 68.42,
    "volume" : 39840.00
  }, {
    "date" : "2025-04-25",
    "price" : 76.89,
    "dma50" : 79.16,
    "dma100" : null,
    "dma200" : 68.51,
    "volume" : 1340720.00
  }, {
    "date" : "2025-04-28",
    "price" : 80.08,
    "dma50" : 79.20,
    "dma100" : null,
    "dma200" : 68.62,
    "volume" : 19010.00
  }, {
    "date" : "2025-04-29",
    "price" : 81.28,
    "dma50" : 79.28,
    "dma100" : null,
    "dma200" : 68.75,
    "volume" : 24049.00
  }, {
    "date" : "2025-04-30",
    "price" : 84.87,
    "dma50" : 79.50,
    "dma100" : null,
    "dma200" : 68.91,
    "volume" : 89975.00
  }, {
    "date" : "2025-05-02",
    "price" : 81.39,
    "dma50" : 79.57,
    "dma100" : null,
    "dma200" : 69.03,
    "volume" : 24859.00
  }, {
    "date" : "2025-05-05",
    "price" : 79.55,
    "dma50" : 79.57,
    "dma100" : null,
    "dma200" : 69.14,
    "volume" : 19649.00
  }, {
    "date" : "2025-05-06",
    "price" : 77.22,
    "dma50" : 79.48,
    "dma100" : null,
    "dma200" : 69.22,
    "volume" : 23450.00
  }, {
    "date" : "2025-05-07",
    "price" : 76.26,
    "dma50" : 79.35,
    "dma100" : null,
    "dma200" : 69.29,
    "volume" : 10350.00
  }, {
    "date" : "2025-05-08",
    "price" : 75.45,
    "dma50" : 79.20,
    "dma100" : null,
    "dma200" : 69.35,
    "volume" : 6170.00
  }, {
    "date" : "2025-05-09",
    "price" : 75.89,
    "dma50" : 79.07,
    "dma100" : null,
    "dma200" : 69.41,
    "volume" : 22740.00
  }, {
    "date" : "2025-05-12",
    "price" : 82.16,
    "dma50" : 79.19,
    "dma100" : null,
    "dma200" : 69.54,
    "volume" : 52380.00
  }, {
    "date" : "2025-05-13",
    "price" : 83.32,
    "dma50" : 79.35,
    "dma100" : null,
    "dma200" : 69.68,
    "volume" : 1120733.00
  }, {
    "date" : "2025-05-14",
    "price" : 85.21,
    "dma50" : 79.58,
    "dma100" : null,
    "dma200" : 69.83,
    "volume" : 97790.00
  }, {
    "date" : "2025-05-15",
    "price" : 87.38,
    "dma50" : 79.89,
    "dma100" : null,
    "dma200" : 70.01,
    "volume" : 37718.00
  }, {
    "date" : "2025-05-16",
    "price" : 87.94,
    "dma50" : 80.20,
    "dma100" : null,
    "dma200" : 70.18,
    "volume" : 107524.00
  }, {
    "date" : "2025-05-19",
    "price" : 85.76,
    "dma50" : 80.42,
    "dma100" : null,
    "dma200" : 70.34,
    "volume" : 26129.00
  }, {
    "date" : "2025-05-20",
    "price" : 83.80,
    "dma50" : 80.55,
    "dma100" : null,
    "dma200" : 70.47,
    "volume" : 84200.00
  }, {
    "date" : "2025-05-21",
    "price" : 82.99,
    "dma50" : 80.65,
    "dma100" : null,
    "dma200" : 70.60,
    "volume" : 21610.00
  }, {
    "date" : "2025-05-22",
    "price" : 82.04,
    "dma50" : 80.70,
    "dma100" : null,
    "dma200" : 70.71,
    "volume" : 129970.00
  }, {
    "date" : "2025-05-23",
    "price" : 82.57,
    "dma50" : 80.78,
    "dma100" : null,
    "dma200" : 70.83,
    "volume" : 5360.00
  }, {
    "date" : "2025-05-26",
    "price" : 85.75,
    "dma50" : 80.97,
    "dma100" : null,
    "dma200" : 70.98,
    "volume" : 28140.00
  }, {
    "date" : "2025-05-27",
    "price" : 85.02,
    "dma50" : 81.13,
    "dma100" : null,
    "dma200" : 71.12,
    "volume" : 14700.00
  }, {
    "date" : "2025-05-28",
    "price" : 86.66,
    "dma50" : 81.35,
    "dma100" : null,
    "dma200" : 71.27,
    "volume" : 47360.00
  }, {
    "date" : "2025-05-29",
    "price" : 86.90,
    "dma50" : 81.57,
    "dma100" : null,
    "dma200" : 71.43,
    "volume" : 245566.00
  }, {
    "date" : "2025-05-30",
    "price" : 88.80,
    "dma50" : 81.85,
    "dma100" : null,
    "dma200" : 71.60,
    "volume" : 31779.00
  }, {
    "date" : "2025-06-02",
    "price" : 87.02,
    "dma50" : 82.05,
    "dma100" : null,
    "dma200" : 71.75,
    "volume" : 12910.00
  }, {
    "date" : "2025-06-03",
    "price" : 88.50,
    "dma50" : 82.31,
    "dma100" : null,
    "dma200" : 71.92,
    "volume" : 8430.00
  }, {
    "date" : "2025-06-04",
    "price" : 86.58,
    "dma50" : 82.47,
    "dma100" : null,
    "dma200" : 72.07,
    "volume" : 258100.00
  }, {
    "date" : "2025-06-05",
    "price" : 87.70,
    "dma50" : 82.68,
    "dma100" : null,
    "dma200" : 72.22,
    "volume" : 1880.00
  }, {
    "date" : "2025-06-06",
    "price" : 86.83,
    "dma50" : 82.84,
    "dma100" : null,
    "dma200" : 72.37,
    "volume" : 444820.00
  }, {
    "date" : "2025-06-09",
    "price" : 86.05,
    "dma50" : 82.97,
    "dma100" : null,
    "dma200" : 72.50,
    "volume" : 2900.00
  }, {
    "date" : "2025-06-10",
    "price" : 85.60,
    "dma50" : 83.07,
    "dma100" : null,
    "dma200" : 72.63,
    "volume" : 12390.00
  }, {
    "date" : "2025-06-11",
    "price" : 86.17,
    "dma50" : 83.19,
    "dma100" : null,
    "dma200" : 72.77,
    "volume" : 11990.00
  }, {
    "date" : "2025-06-12",
    "price" : 83.88,
    "dma50" : 83.22,
    "dma100" : null,
    "dma200" : 72.88,
    "volume" : 1167071.00
  }, {
    "date" : "2025-06-13",
    "price" : 84.97,
    "dma50" : 83.29,
    "dma100" : null,
    "dma200" : 73.00,
    "volume" : 288180.00
  }, {
    "date" : "2025-06-16",
    "price" : 87.39,
    "dma50" : 83.45,
    "dma100" : null,
    "dma200" : 73.14,
    "volume" : 41758.00
  }, {
    "date" : "2025-06-17",
    "price" : 85.11,
    "dma50" : 83.51,
    "dma100" : null,
    "dma200" : 73.26,
    "volume" : 10590.00
  }, {
    "date" : "2025-06-18",
    "price" : 85.02,
    "dma50" : 83.57,
    "dma100" : null,
    "dma200" : 73.38,
    "volume" : 14260.00
  }, {
    "date" : "2025-06-19",
    "price" : 84.20,
    "dma50" : 83.60,
    "dma100" : null,
    "dma200" : 73.49,
    "volume" : 7210.00
  }, {
    "date" : "2025-06-20",
    "price" : 84.62,
    "dma50" : 83.64,
    "dma100" : null,
    "dma200" : 73.60,
    "volume" : 1850.00
  }, {
    "date" : "2025-06-23",
    "price" : 84.95,
    "dma50" : 83.69,
    "dma100" : null,
    "dma200" : 73.71,
    "volume" : 1300.00
  }, {
    "date" : "2025-06-24",
    "price" : 85.54,
    "dma50" : 83.76,
    "dma100" : null,
    "dma200" : 73.83,
    "volume" : 732608.00
  }, {
    "date" : "2025-06-25",
    "price" : 84.88,
    "dma50" : 83.80,
    "dma100" : null,
    "dma200" : 73.94,
    "volume" : 113390.00
  }, {
    "date" : "2025-06-26",
    "price" : 84.75,
    "dma50" : 83.84,
    "dma100" : null,
    "dma200" : 74.05,
    "volume" : 36598.00
  }, {
    "date" : "2025-06-27",
    "price" : 86.56,
    "dma50" : 83.95,
    "dma100" : null,
    "dma200" : 74.17,
    "volume" : 46860.00
  }, {
    "date" : "2025-06-30",
    "price" : 88.85,
    "dma50" : 84.14,
    "dma100" : null,
    "dma200" : 74.32,
    "volume" : 174150.00
  }, {
    "date" : "2025-07-01",
    "price" : 87.62,
    "dma50" : 84.28,
    "dma100" : null,
    "dma200" : 74.45,
    "volume" : 16230.00
  }, {
    "date" : "2025-07-02",
    "price" : 86.02,
    "dma50" : 84.35,
    "dma100" : null,
    "dma200" : 74.56,
    "volume" : 49588.00
  }, {
    "date" : "2025-07-03",
    "price" : 84.63,
    "dma50" : 84.36,
    "dma100" : null,
    "dma200" : 74.66,
    "volume" : 25850.00
  }, {
    "date" : "2025-07-04",
    "price" : 82.90,
    "dma50" : 84.30,
    "dma100" : null,
    "dma200" : 74.75,
    "volume" : 46888.00
  }, {
    "date" : "2025-07-07",
    "price" : 80.39,
    "dma50" : 84.15,
    "dma100" : null,
    "dma200" : 74.80,
    "volume" : 64157.00
  }, {
    "date" : "2025-07-08",
    "price" : 79.48,
    "dma50" : 83.96,
    "dma100" : null,
    "dma200" : 74.85,
    "volume" : 16550.00
  }, {
    "date" : "2025-07-09",
    "price" : 81.48,
    "dma50" : 83.87,
    "dma100" : null,
    "dma200" : 74.91,
    "volume" : 211188.00
  }, {
    "date" : "2025-07-10",
    "price" : 77.70,
    "dma50" : 83.62,
    "dma100" : null,
    "dma200" : 74.94,
    "volume" : 158940.00
  }, {
    "date" : "2025-07-11",
    "price" : 84.31,
    "dma50" : 83.65,
    "dma100" : null,
    "dma200" : 75.04,
    "volume" : 1208340.00
  }, {
    "date" : "2025-07-14",
    "price" : 80.97,
    "dma50" : 83.55,
    "dma100" : null,
    "dma200" : 75.09,
    "volume" : 1074134.00
  }, {
    "date" : "2025-07-15",
    "price" : 79.56,
    "dma50" : 83.39,
    "dma100" : null,
    "dma200" : 75.14,
    "volume" : 237091.00
  }, {
    "date" : "2025-07-16",
    "price" : 93.55,
    "dma50" : 83.79,
    "dma100" : null,
    "dma200" : 75.32,
    "volume" : 5024358.00
  }, {
    "date" : "2025-07-17",
    "price" : 95.09,
    "dma50" : 84.23,
    "dma100" : null,
    "dma200" : 75.52,
    "volume" : 1448057.00
  }, {
    "date" : "2025-07-18",
    "price" : 90.94,
    "dma50" : 84.49,
    "dma100" : null,
    "dma200" : 75.67,
    "volume" : 925867.00
  }, {
    "date" : "2025-07-21",
    "price" : 93.69,
    "dma50" : 84.85,
    "dma100" : null,
    "dma200" : 75.85,
    "volume" : 1010073.00
  }, {
    "date" : "2025-07-22",
    "price" : 93.75,
    "dma50" : 85.20,
    "dma100" : 83.41,
    "dma200" : 76.03,
    "volume" : 441345.00
  }, {
    "date" : "2025-07-23",
    "price" : 97.41,
    "dma50" : 85.68,
    "dma100" : 83.61,
    "dma200" : 76.24,
    "volume" : 2153145.00
  }, {
    "date" : "2025-07-24",
    "price" : 96.53,
    "dma50" : 86.11,
    "dma100" : 83.81,
    "dma200" : 76.44,
    "volume" : 1556830.00
  }, {
    "date" : "2025-07-25",
    "price" : 94.56,
    "dma50" : 86.44,
    "dma100" : 83.92,
    "dma200" : 76.62,
    "volume" : 237230.00
  }, {
    "date" : "2025-07-28",
    "price" : 94.97,
    "dma50" : 86.77,
    "dma100" : 84.01,
    "dma200" : 76.81,
    "volume" : 232882.00
  }, {
    "date" : "2025-07-29",
    "price" : 94.12,
    "dma50" : 87.06,
    "dma100" : 84.12,
    "dma200" : 76.98,
    "volume" : 182631.00
  }, {
    "date" : "2025-07-30",
    "price" : 96.24,
    "dma50" : 87.42,
    "dma100" : 84.28,
    "dma200" : 77.17,
    "volume" : 554200.00
  }, {
    "date" : "2025-07-31",
    "price" : 97.05,
    "dma50" : 87.80,
    "dma100" : 84.45,
    "dma200" : 77.37,
    "volume" : 526966.00
  }, {
    "date" : "2025-08-01",
    "price" : 95.62,
    "dma50" : 88.11,
    "dma100" : 84.63,
    "dma200" : 77.55,
    "volume" : 67138.00
  }, {
    "date" : "2025-08-04",
    "price" : 97.20,
    "dma50" : 88.46,
    "dma100" : 84.80,
    "dma200" : 77.75,
    "volume" : 263379.00
  }, {
    "date" : "2025-08-05",
    "price" : 99.44,
    "dma50" : 88.89,
    "dma100" : 84.99,
    "dma200" : 77.96,
    "volume" : 232811.00
  }, {
    "date" : "2025-08-06",
    "price" : 96.26,
    "dma50" : 89.18,
    "dma100" : 85.16,
    "dma200" : 78.14,
    "volume" : 183940.00
  }, {
    "date" : "2025-08-07",
    "price" : 97.51,
    "dma50" : 89.51,
    "dma100" : 85.33,
    "dma200" : 78.34,
    "volume" : 63200.00
  }, {
    "date" : "2025-08-08",
    "price" : 96.18,
    "dma50" : 89.77,
    "dma100" : 85.49,
    "dma200" : 78.51,
    "volume" : 832370.00
  }, {
    "date" : "2025-08-11",
    "price" : 96.16,
    "dma50" : 90.02,
    "dma100" : 85.65,
    "dma200" : 78.69,
    "volume" : 26330.00
  }, {
    "date" : "2025-08-12",
    "price" : 96.50,
    "dma50" : 90.27,
    "dma100" : 85.83,
    "dma200" : 78.87,
    "volume" : 68500.00
  }, {
    "date" : "2025-08-13",
    "price" : 95.53,
    "dma50" : 90.48,
    "dma100" : 85.96,
    "dma200" : 79.03,
    "volume" : 36709.00
  }, {
    "date" : "2025-08-14",
    "price" : 99.89,
    "dma50" : 90.85,
    "dma100" : 86.13,
    "dma200" : 79.24,
    "volume" : 1594407.00
  }, {
    "date" : "2025-08-18",
    "price" : 101.10,
    "dma50" : 91.25,
    "dma100" : 86.31,
    "dma200" : 79.46,
    "volume" : 160109.00
  }, {
    "date" : "2025-08-19",
    "price" : 102.11,
    "dma50" : 91.68,
    "dma100" : 86.49,
    "dma200" : 79.68,
    "volume" : 463262.00
  }, {
    "date" : "2025-08-20",
    "price" : 103.77,
    "dma50" : 92.15,
    "dma100" : 86.68,
    "dma200" : 79.92,
    "volume" : 137415.00
  }, {
    "date" : "2025-08-21",
    "price" : 104.33,
    "dma50" : 92.63,
    "dma100" : 86.91,
    "dma200" : 80.17,
    "volume" : 450250.00
  }, {
    "date" : "2025-08-22",
    "price" : 104.52,
    "dma50" : 93.10,
    "dma100" : 87.12,
    "dma200" : 80.41,
    "volume" : 843400.00
  }, {
    "date" : "2025-08-25",
    "price" : 107.35,
    "dma50" : 93.65,
    "dma100" : 87.29,
    "dma200" : 80.68,
    "volume" : 306288.00
  }, {
    "date" : "2025-08-26",
    "price" : 106.30,
    "dma50" : 94.15,
    "dma100" : 87.51,
    "dma200" : 80.93,
    "volume" : 276019.00
  }, {
    "date" : "2025-08-28",
    "price" : 104.03,
    "dma50" : 94.54,
    "dma100" : 87.71,
    "dma200" : 81.16,
    "volume" : 443270.00
  }, {
    "date" : "2025-08-29",
    "price" : 104.64,
    "dma50" : 94.93,
    "dma100" : 87.93,
    "dma200" : 81.39,
    "volume" : 394222.00
  }, {
    "date" : "2025-09-01",
    "price" : 105.60,
    "dma50" : 95.35,
    "dma100" : 88.15,
    "dma200" : 81.64,
    "volume" : 334200.00
  }, {
    "date" : "2025-09-02",
    "price" : 106.57,
    "dma50" : 95.79,
    "dma100" : 88.45,
    "dma200" : 81.88,
    "volume" : 374310.00
  }, {
    "date" : "2025-09-03",
    "price" : 107.97,
    "dma50" : 96.27,
    "dma100" : 88.70,
    "dma200" : 82.14,
    "volume" : 849679.00
  }, {
    "date" : "2025-09-04",
    "price" : 109.58,
    "dma50" : 96.79,
    "dma100" : 89.00,
    "dma200" : 82.42,
    "volume" : 1059887.00
  }, {
    "date" : "2025-09-05",
    "price" : 111.21,
    "dma50" : 97.36,
    "dma100" : 89.29,
    "dma200" : 82.70,
    "volume" : 608168.00
  }, {
    "date" : "2025-09-08",
    "price" : 113.26,
    "dma50" : 97.98,
    "dma100" : 89.59,
    "dma200" : 83.01,
    "volume" : 1522920.00
  }, {
    "date" : "2025-09-09",
    "price" : 113.52,
    "dma50" : 98.59,
    "dma100" : 89.91,
    "dma200" : 83.31,
    "volume" : 856529.00
  }, {
    "date" : "2025-09-10",
    "price" : 116.52,
    "dma50" : 99.29,
    "dma100" : 90.26,
    "dma200" : 83.64,
    "volume" : 644760.00
  }, {
    "date" : "2025-09-11",
    "price" : 113.30,
    "dma50" : 99.84,
    "dma100" : 90.59,
    "dma200" : 83.94,
    "volume" : 1974350.00
  }, {
    "date" : "2025-09-12",
    "price" : 113.95,
    "dma50" : 100.40,
    "dma100" : 90.92,
    "dma200" : 84.23,
    "volume" : 532368.00
  }, {
    "date" : "2025-09-15",
    "price" : 111.05,
    "dma50" : 100.81,
    "dma100" : 91.23,
    "dma200" : 84.50,
    "volume" : 537976.00
  }, {
    "date" : "2025-09-16",
    "price" : 112.05,
    "dma50" : 101.25,
    "dma100" : 91.56,
    "dma200" : 84.78,
    "volume" : 778288.00
  }, {
    "date" : "2025-09-17",
    "price" : 113.75,
    "dma50" : 101.74,
    "dma100" : 91.93,
    "dma200" : 85.06,
    "volume" : 1002619.00
  }, {
    "date" : "2025-09-18",
    "price" : 113.40,
    "dma50" : 102.20,
    "dma100" : 92.27,
    "dma200" : 85.35,
    "volume" : 1389454.00
  }, {
    "date" : "2025-09-19",
    "price" : 114.15,
    "dma50" : 102.67,
    "dma100" : 92.59,
    "dma200" : 85.63,
    "volume" : 180427.00
  }, {
    "date" : "2025-09-22",
    "price" : 112.65,
    "dma50" : 103.06,
    "dma100" : 92.87,
    "dma200" : 85.90,
    "volume" : 172656.00
  }, {
    "date" : "2025-09-23",
    "price" : 114.85,
    "dma50" : 103.52,
    "dma100" : 93.21,
    "dma200" : 86.19,
    "volume" : 716507.00
  }, {
    "date" : "2025-09-24",
    "price" : 117.05,
    "dma50" : 104.05,
    "dma100" : 93.58,
    "dma200" : 86.50,
    "volume" : 1174240.00
  }, {
    "date" : "2025-09-25",
    "price" : 115.35,
    "dma50" : 104.50,
    "dma100" : 93.96,
    "dma200" : 86.78,
    "volume" : 668963.00
  }, {
    "date" : "2025-09-26",
    "price" : 113.55,
    "dma50" : 104.85,
    "dma100" : 94.34,
    "dma200" : 87.05,
    "volume" : 110616.00
  }, {
    "date" : "2025-09-29",
    "price" : 110.25,
    "dma50" : 105.06,
    "dma100" : 94.68,
    "dma200" : 87.28,
    "volume" : 219400.00
  }, {
    "date" : "2025-09-30",
    "price" : 111.10,
    "dma50" : 105.30,
    "dma100" : 95.04,
    "dma200" : 87.52,
    "volume" : 1244296.00
  }, {
    "date" : "2025-10-01",
    "price" : 108.00,
    "dma50" : 105.41,
    "dma100" : 95.29,
    "dma200" : 87.72,
    "volume" : 271581.00
  }, {
    "date" : "2025-10-03",
    "price" : 107.45,
    "dma50" : 105.49,
    "dma100" : 95.54,
    "dma200" : 87.92,
    "volume" : 125045.00
  }, {
    "date" : "2025-10-06",
    "price" : 104.50,
    "dma50" : 105.45,
    "dma100" : 95.73,
    "dma200" : 88.08,
    "volume" : 190232.00
  }, {
    "date" : "2025-10-07",
    "price" : 101.10,
    "dma50" : 105.28,
    "dma100" : 95.87,
    "dma200" : 88.21,
    "volume" : 418270.00
  }, {
    "date" : "2025-10-08",
    "price" : 97.30,
    "dma50" : 104.96,
    "dma100" : 95.96,
    "dma200" : 88.30,
    "volume" : 337305.00
  }, {
    "date" : "2025-10-09",
    "price" : 95.35,
    "dma50" : 104.59,
    "dma100" : 96.05,
    "dma200" : 88.37,
    "volume" : 1574315.00
  }, {
    "date" : "2025-10-10",
    "price" : 96.90,
    "dma50" : 104.29,
    "dma100" : 96.19,
    "dma200" : 88.46,
    "volume" : 652474.00
  }, {
    "date" : "2025-10-13",
    "price" : 98.20,
    "dma50" : 104.05,
    "dma100" : 96.34,
    "dma200" : 88.55,
    "volume" : 228926.00
  }, {
    "date" : "2025-10-14",
    "price" : 93.90,
    "dma50" : 103.65,
    "dma100" : 96.46,
    "dma200" : 88.61,
    "volume" : 85678.00
  }, {
    "date" : "2025-10-15",
    "price" : 93.55,
    "dma50" : 103.25,
    "dma100" : 96.57,
    "dma200" : 88.66,
    "volume" : 440655.00
  }, {
    "date" : "2025-10-16",
    "price" : 95.50,
    "dma50" : 102.95,
    "dma100" : 96.66,
    "dma200" : 88.73,
    "volume" : 95802.00
  }, {
    "date" : "2025-10-17",
    "price" : 93.65,
    "dma50" : 102.58,
    "dma100" : 96.75,
    "dma200" : 88.77,
    "volume" : 620937.00
  }, {
    "date" : "2025-10-20",
    "price" : 98.40,
    "dma50" : 102.42,
    "dma100" : 96.87,
    "dma200" : 88.87,
    "volume" : 594291.00
  }, {
    "date" : "2025-10-21",
    "price" : 99.35,
    "dma50" : 102.30,
    "dma100" : 96.99,
    "dma200" : 88.97,
    "volume" : 196785.00
  }, {
    "date" : "2025-10-23",
    "price" : 102.05,
    "dma50" : 102.29,
    "dma100" : 97.12,
    "dma200" : 89.10,
    "volume" : 434596.00
  }, {
    "date" : "2025-10-24",
    "price" : 104.10,
    "dma50" : 102.36,
    "dma100" : 97.30,
    "dma200" : 89.25,
    "volume" : 1068143.00
  }, {
    "date" : "2025-10-27",
    "price" : 111.00,
    "dma50" : 102.70,
    "dma100" : 97.52,
    "dma200" : 89.47,
    "volume" : 1780589.00
  }, {
    "date" : "2025-10-28",
    "price" : 109.10,
    "dma50" : 102.95,
    "dma100" : 97.75,
    "dma200" : 89.67,
    "volume" : 1022864.00
  }, {
    "date" : "2025-10-29",
    "price" : 115.35,
    "dma50" : 103.44,
    "dma100" : 98.02,
    "dma200" : 89.92,
    "volume" : 11731985.00
  }, {
    "date" : "2025-10-30",
    "price" : 117.45,
    "dma50" : 103.99,
    "dma100" : 98.33,
    "dma200" : 90.19,
    "volume" : 2747161.00
  }, {
    "date" : "2025-10-31",
    "price" : 117.65,
    "dma50" : 104.52,
    "dma100" : 98.64,
    "dma200" : 90.47,
    "volume" : 2169719.00
  }, {
    "date" : "2025-11-03",
    "price" : 107.20,
    "dma50" : 104.63,
    "dma100" : 98.86,
    "dma200" : 90.63,
    "volume" : 2493619.00
  }, {
    "date" : "2025-11-04",
    "price" : 93.65,
    "dma50" : 104.20,
    "dma100" : 98.94,
    "dma200" : 90.66,
    "volume" : 4897485.00
  }, {
    "date" : "2025-11-06",
    "price" : 96.60,
    "dma50" : 103.90,
    "dma100" : 99.06,
    "dma200" : 90.72,
    "volume" : 1919935.00
  }, {
    "date" : "2025-11-07",
    "price" : 92.70,
    "dma50" : 103.46,
    "dma100" : 99.14,
    "dma200" : 90.74,
    "volume" : 949563.00
  }, {
    "date" : "2025-11-10",
    "price" : 91.70,
    "dma50" : 103.00,
    "dma100" : 99.18,
    "dma200" : 90.75,
    "volume" : 361932.00
  }, {
    "date" : "2025-11-11",
    "price" : 77.90,
    "dma50" : 102.01,
    "dma100" : 99.11,
    "dma200" : 90.62,
    "volume" : 4752638.00
  }, {
    "date" : "2025-11-12",
    "price" : 72.35,
    "dma50" : 100.85,
    "dma100" : 98.98,
    "dma200" : 90.44,
    "volume" : 3800459.00
  }, {
    "date" : "2025-11-13",
    "price" : 65.30,
    "dma50" : 99.46,
    "dma100" : 98.79,
    "dma200" : 90.19,
    "volume" : 3938055.00
  }, {
    "date" : "2025-11-14",
    "price" : 58.80,
    "dma50" : 97.86,
    "dma100" : 98.54,
    "dma200" : 89.88,
    "volume" : 524329.00
  }, {
    "date" : "2025-11-17",
    "price" : 52.95,
    "dma50" : 96.10,
    "dma100" : 98.22,
    "dma200" : 89.51,
    "volume" : 315890.00
  }, {
    "date" : "2025-11-18",
    "price" : 47.70,
    "dma50" : 94.20,
    "dma100" : 97.84,
    "dma200" : 89.10,
    "volume" : 216513.00
  }, {
    "date" : "2025-11-19",
    "price" : 45.35,
    "dma50" : 92.29,
    "dma100" : 97.44,
    "dma200" : 88.66,
    "volume" : 234449.00
  }, {
    "date" : "2025-11-20",
    "price" : 43.10,
    "dma50" : 90.36,
    "dma100" : 97.03,
    "dma200" : 88.21,
    "volume" : 529447.00
  }, {
    "date" : "2025-11-21",
    "price" : 41.00,
    "dma50" : 88.42,
    "dma100" : 96.57,
    "dma200" : 87.74,
    "volume" : 18914473.00
  }, {
    "date" : "2025-11-24",
    "price" : 43.05,
    "dma50" : 86.64,
    "dma100" : 96.11,
    "dma200" : 87.29,
    "volume" : 9246584.00
  }, {
    "date" : "2025-11-25",
    "price" : 45.20,
    "dma50" : 85.02,
    "dma100" : 95.69,
    "dma200" : 86.87,
    "volume" : 9192265.00
  }, {
    "date" : "2025-11-26",
    "price" : 46.65,
    "dma50" : 83.51,
    "dma100" : 95.29,
    "dma200" : 86.47,
    "volume" : 9600515.00
  }, {
    "date" : "2025-11-27",
    "price" : 45.85,
    "dma50" : 82.04,
    "dma100" : 94.91,
    "dma200" : 86.07,
    "volume" : 2985960.00
  }, {
    "date" : "2025-11-28",
    "price" : 47.95,
    "dma50" : 80.70,
    "dma100" : 94.56,
    "dma200" : 85.69,
    "volume" : 7388948.00
  }, {
    "date" : "2025-12-01",
    "price" : 48.37,
    "dma50" : 79.43,
    "dma100" : 94.24,
    "dma200" : 85.32,
    "volume" : 5704993.00
  }, {
    "date" : "2025-12-02",
    "price" : 49.67,
    "dma50" : 78.26,
    "dma100" : 93.94,
    "dma200" : 84.97,
    "volume" : 4110280.00
  }, {
    "date" : "2025-12-03",
    "price" : 48.16,
    "dma50" : 77.08,
    "dma100" : 93.61,
    "dma200" : 84.60,
    "volume" : 1924608.00
  }, {
    "date" : "2025-12-04",
    "price" : 46.77,
    "dma50" : 75.90,
    "dma100" : 93.30,
    "dma200" : 84.22,
    "volume" : 1785289.00
  }, {
    "date" : "2025-12-05",
    "price" : 46.29,
    "dma50" : 74.73,
    "dma100" : 92.92,
    "dma200" : 83.85,
    "volume" : 882429.00
  }, {
    "date" : "2025-12-08",
    "price" : 43.98,
    "dma50" : 73.53,
    "dma100" : 92.55,
    "dma200" : 83.45,
    "volume" : 1204548.00
  }, {
    "date" : "2025-12-09",
    "price" : 44.79,
    "dma50" : 72.40,
    "dma100" : 92.20,
    "dma200" : 83.06,
    "volume" : 1296146.00
  }, {
    "date" : "2025-12-10",
    "price" : 45.62,
    "dma50" : 71.35,
    "dma100" : 91.72,
    "dma200" : 82.69,
    "volume" : 1412607.00
  }, {
    "date" : "2025-12-11",
    "price" : 45.20,
    "dma50" : 70.33,
    "dma100" : 91.22,
    "dma200" : 82.32,
    "volume" : 1151856.00
  }, {
    "date" : "2025-12-12",
    "price" : 45.63,
    "dma50" : 69.36,
    "dma100" : 90.77,
    "dma200" : 81.95,
    "volume" : 1402486.00
  }, {
    "date" : "2025-12-15",
    "price" : 45.33,
    "dma50" : 68.42,
    "dma100" : 90.28,
    "dma200" : 81.59,
    "volume" : 607626.00
  }, {
    "date" : "2025-12-16",
    "price" : 43.67,
    "dma50" : 67.44,
    "dma100" : 89.78,
    "dma200" : 81.21,
    "volume" : 840732.00
  }, {
    "date" : "2025-12-17",
    "price" : 41.85,
    "dma50" : 66.44,
    "dma100" : 89.23,
    "dma200" : 80.82,
    "volume" : 1215001.00
  }, {
    "date" : "2025-12-18",
    "price" : 43.52,
    "dma50" : 65.54,
    "dma100" : 88.70,
    "dma200" : 80.45,
    "volume" : 1430189.00
  }, {
    "date" : "2025-12-19",
    "price" : 43.86,
    "dma50" : 64.69,
    "dma100" : 88.19,
    "dma200" : 80.08,
    "volume" : 564605.00
  }, {
    "date" : "2025-12-22",
    "price" : 43.12,
    "dma50" : 63.85,
    "dma100" : 87.67,
    "dma200" : 79.72,
    "volume" : 1038936.00
  }, {
    "date" : "2025-12-23",
    "price" : 42.89,
    "dma50" : 63.02,
    "dma100" : 87.16,
    "dma200" : 79.35,
    "volume" : 582192.00
  }, {
    "date" : "2025-12-24",
    "price" : 43.32,
    "dma50" : 62.25,
    "dma100" : 86.63,
    "dma200" : 78.99,
    "volume" : 1111150.00
  }, {
    "date" : "2025-12-26",
    "price" : 42.73,
    "dma50" : 61.49,
    "dma100" : 86.09,
    "dma200" : 78.63,
    "volume" : 569462.00
  }, {
    "date" : "2025-12-29",
    "price" : 41.72,
    "dma50" : 60.71,
    "dma100" : 85.55,
    "dma200" : 78.26,
    "volume" : 834810.00
  }, {
    "date" : "2025-12-30",
    "price" : 41.53,
    "dma50" : 59.96,
    "dma100" : 84.99,
    "dma200" : 77.90,
    "volume" : 427830.00
  }, {
    "date" : "2025-12-31",
    "price" : 41.90,
    "dma50" : 59.25,
    "dma100" : 84.42,
    "dma200" : 77.54,
    "volume" : 595956.00
  }, {
    "date" : "2026-01-01",
    "price" : 41.52,
    "dma50" : 58.55,
    "dma100" : 83.87,
    "dma200" : 77.18,
    "volume" : 4995873.00
  }, {
    "date" : "2026-01-02",
    "price" : 41.87,
    "dma50" : 57.90,
    "dma100" : 83.31,
    "dma200" : 76.83,
    "volume" : 454415.00
  }, {
    "date" : "2026-01-05",
    "price" : 41.64,
    "dma50" : 57.26,
    "dma100" : 82.77,
    "dma200" : 76.48,
    "volume" : 1022949.00
  }, {
    "date" : "2026-01-06",
    "price" : 41.52,
    "dma50" : 56.65,
    "dma100" : 82.22,
    "dma200" : 76.13,
    "volume" : 1212001.00
  }, {
    "date" : "2026-01-07",
    "price" : 41.50,
    "dma50" : 56.05,
    "dma100" : 81.67,
    "dma200" : 75.79,
    "volume" : 1342932.00
  }, {
    "date" : "2026-01-08",
    "price" : 41.14,
    "dma50" : 55.47,
    "dma100" : 81.13,
    "dma200" : 75.44,
    "volume" : 1314191.00
  }, {
    "date" : "2026-01-09",
    "price" : 39.75,
    "dma50" : 54.85,
    "dma100" : 80.53,
    "dma200" : 75.09,
    "volume" : 2053463.00
  }, {
    "date" : "2026-01-12",
    "price" : 37.86,
    "dma50" : 54.18,
    "dma100" : 79.89,
    "dma200" : 74.72,
    "volume" : 2905716.00
  }, {
    "date" : "2026-01-13",
    "price" : 39.75,
    "dma50" : 53.62,
    "dma100" : 79.27,
    "dma200" : 74.37,
    "volume" : 4369086.00
  }, {
    "date" : "2026-01-14",
    "price" : 39.10,
    "dma50" : 53.05,
    "dma100" : 78.62,
    "dma200" : 74.02,
    "volume" : 1744860.00
  }, {
    "date" : "2026-01-16",
    "price" : 37.73,
    "dma50" : 52.45,
    "dma100" : 77.96,
    "dma200" : 73.66,
    "volume" : 994045.00
  }, {
    "date" : "2026-01-19",
    "price" : 36.57,
    "dma50" : 51.83,
    "dma100" : 77.28,
    "dma200" : 73.29,
    "volume" : 1009366.00
  }, {
    "date" : "2026-01-20",
    "price" : 36.13,
    "dma50" : 51.21,
    "dma100" : 76.57,
    "dma200" : 72.92,
    "volume" : 1187714.00
  }, {
    "date" : "2026-01-21",
    "price" : 36.08,
    "dma50" : 50.62,
    "dma100" : 75.86,
    "dma200" : 72.55,
    "volume" : 1032851.00
  }, {
    "date" : "2026-01-22",
    "price" : 36.31,
    "dma50" : 50.06,
    "dma100" : 75.19,
    "dma200" : 72.19,
    "volume" : 887045.00
  }, {
    "date" : "2026-01-23",
    "price" : 35.46,
    "dma50" : 49.48,
    "dma100" : 74.49,
    "dma200" : 71.83,
    "volume" : 1033619.00
  }, {
    "date" : "2026-01-27",
    "price" : 34.51,
    "dma50" : 48.90,
    "dma100" : 73.78,
    "dma200" : 71.45,
    "volume" : 1329911.00
  }, {
    "date" : "2026-01-28",
    "price" : 35.77,
    "dma50" : 48.38,
    "dma100" : 73.07,
    "dma200" : 71.10,
    "volume" : 1217107.00
  }, {
    "date" : "2026-01-29",
    "price" : 36.82,
    "dma50" : 47.93,
    "dma100" : 72.36,
    "dma200" : 70.76,
    "volume" : 1195520.00
  }, {
    "date" : "2026-01-30",
    "price" : 38.57,
    "dma50" : 47.56,
    "dma100" : 71.65,
    "dma200" : 70.44,
    "volume" : 1665379.00
  }, {
    "date" : "2026-02-01",
    "price" : 37.53,
    "dma50" : 47.17,
    "dma100" : 70.92,
    "dma200" : 70.11,
    "volume" : 1823220.00
  }, {
    "date" : "2026-02-02",
    "price" : 36.60,
    "dma50" : 46.75,
    "dma100" : 70.15,
    "dma200" : 69.78,
    "volume" : 1573365.00
  }, {
    "date" : "2026-02-03",
    "price" : 38.43,
    "dma50" : 46.43,
    "dma100" : 69.40,
    "dma200" : 69.47,
    "volume" : 826171.00
  }, {
    "date" : "2026-02-04",
    "price" : 40.35,
    "dma50" : 46.19,
    "dma100" : 68.64,
    "dma200" : 69.18,
    "volume" : 1165644.00
  }, {
    "date" : "2026-02-05",
    "price" : 42.12,
    "dma50" : 46.03,
    "dma100" : 67.93,
    "dma200" : 68.91,
    "volume" : 1772800.00
  }, {
    "date" : "2026-02-06",
    "price" : 44.22,
    "dma50" : 45.96,
    "dma100" : 67.23,
    "dma200" : 68.66,
    "volume" : 1660062.00
  }, {
    "date" : "2026-02-09",
    "price" : 45.99,
    "dma50" : 45.96,
    "dma100" : 66.58,
    "dma200" : 68.44,
    "volume" : 1835104.00
  }, {
    "date" : "2026-02-10",
    "price" : 43.70,
    "dma50" : 45.87,
    "dma100" : 65.89,
    "dma200" : 68.19,
    "volume" : 2068300.00
  }, {
    "date" : "2026-02-11",
    "price" : 42.18,
    "dma50" : 45.73,
    "dma100" : 65.18,
    "dma200" : 67.93,
    "volume" : 2003902.00
  }, {
    "date" : "2026-02-12",
    "price" : 42.39,
    "dma50" : 45.60,
    "dma100" : 64.47,
    "dma200" : 67.68,
    "volume" : 1139208.00
  }, {
    "date" : "2026-02-13",
    "price" : 41.28,
    "dma50" : 45.43,
    "dma100" : 63.74,
    "dma200" : 67.41,
    "volume" : 933113.00
  }, {
    "date" : "2026-02-16",
    "price" : 41.47,
    "dma50" : 45.27,
    "dma100" : 63.03,
    "dma200" : 67.16,
    "volume" : 1116554.00
  }, {
    "date" : "2026-02-17",
    "price" : 40.99,
    "dma50" : 45.10,
    "dma100" : 62.29,
    "dma200" : 66.89,
    "volume" : 945576.00
  }, {
    "date" : "2026-02-18",
    "price" : 40.99,
    "dma50" : 44.94,
    "dma100" : 61.53,
    "dma200" : 66.64,
    "volume" : 1096324.00
  }, {
    "date" : "2026-02-19",
    "price" : 40.45,
    "dma50" : 44.77,
    "dma100" : 60.78,
    "dma200" : 66.38,
    "volume" : 2177727.00
  }, {
    "date" : "2026-02-20",
    "price" : 39.82,
    "dma50" : 44.57,
    "dma100" : 60.04,
    "dma200" : 66.11,
    "volume" : 1451308.00
  } ],
  "latestTechnicalAttributes" : {
    "date" : "2026-02-20",
    "price" : 39.82,
    "dma50" : 44.57,
    "dma100" : 60.04,
    "dma200" : 66.11,
    "volume" : 1451308.00
  },
  "quarterlyResults" : [ {
    "date" : "2005-03-31",
    "sales" : 2.64,
    "salesGrowthYoY" : null,
    "grossProfitMargin" : 42.05,
    "grossProfit" : 1.11,
    "operatingProfitMargin" : 7.58,
    "operatingProfit" : 0.20,
    "netProfitMargin" : 4.55,
    "netProfit" : 0.12
  }, {
    "date" : "2005-06-30",
    "sales" : 0.35,
    "salesGrowthYoY" : null,
    "grossProfitMargin" : 77.14,
    "grossProfit" : 0.27,
    "operatingProfitMargin" : 25.71,
    "operatingProfit" : 0.09,
    "netProfitMargin" : 22.86,
    "netProfit" : 0.08
  }, {
    "date" : "2005-09-30",
    "sales" : 1.02,
    "salesGrowthYoY" : null,
    "grossProfitMargin" : 52.94,
    "grossProfit" : 0.54,
    "operatingProfitMargin" : 12.75,
    "operatingProfit" : 0.13,
    "netProfitMargin" : 10.78,
    "netProfit" : 0.11
  }, {
    "date" : "2005-12-31",
    "sales" : 0.61,
    "salesGrowthYoY" : null,
    "grossProfitMargin" : 72.13,
    "grossProfit" : 0.44,
    "operatingProfitMargin" : 21.31,
    "operatingProfit" : 0.13,
    "netProfitMargin" : 13.11,
    "netProfit" : 0.08
  }, {
    "date" : "2006-03-31",
    "sales" : 1.01,
    "salesGrowthYoY" : -61.74,
    "grossProfitMargin" : 49.50,
    "grossProfit" : 0.50,
    "operatingProfitMargin" : -39.60,
    "operatingProfit" : -0.40,
    "netProfitMargin" : -44.55,
    "netProfit" : -0.45
  }, {
    "date" : "2006-06-30",
    "sales" : 0.85,
    "salesGrowthYoY" : 142.86,
    "grossProfitMargin" : 56.47,
    "grossProfit" : 0.48,
    "operatingProfitMargin" : 24.71,
    "operatingProfit" : 0.21,
    "netProfitMargin" : 17.65,
    "netProfit" : 0.15
  }, {
    "date" : "2006-09-30",
    "sales" : 0.86,
    "salesGrowthYoY" : -15.69,
    "grossProfitMargin" : 100.00,
    "grossProfit" : 0.86,
    "operatingProfitMargin" : 32.56,
    "operatingProfit" : 0.28,
    "netProfitMargin" : 25.58,
    "netProfit" : 0.22
  }, {
    "date" : "2006-12-31",
    "sales" : 0.65,
    "salesGrowthYoY" : 6.56,
    "grossProfitMargin" : 56.92,
    "grossProfit" : 0.37,
    "operatingProfitMargin" : 26.15,
    "operatingProfit" : 0.17,
    "netProfitMargin" : 21.54,
    "netProfit" : 0.14
  }, {
    "date" : "2007-03-31",
    "sales" : 1.05,
    "salesGrowthYoY" : 3.96,
    "grossProfitMargin" : 61.90,
    "grossProfit" : 0.65,
    "operatingProfitMargin" : 14.29,
    "operatingProfit" : 0.15,
    "netProfitMargin" : 10.48,
    "netProfit" : 0.11
  }, {
    "date" : "2007-06-30",
    "sales" : 0.83,
    "salesGrowthYoY" : -2.35,
    "grossProfitMargin" : 73.49,
    "grossProfit" : 0.61,
    "operatingProfitMargin" : 33.73,
    "operatingProfit" : 0.28,
    "netProfitMargin" : 33.73,
    "netProfit" : 0.28
  }, {
    "date" : "2007-09-30",
    "sales" : 1.23,
    "salesGrowthYoY" : 43.02,
    "grossProfitMargin" : 74.80,
    "grossProfit" : 0.92,
    "operatingProfitMargin" : 36.59,
    "operatingProfit" : 0.45,
    "netProfitMargin" : 32.52,
    "netProfit" : 0.40
  }, {
    "date" : "2007-12-31",
    "sales" : 0.84,
    "salesGrowthYoY" : 29.23,
    "grossProfitMargin" : 71.43,
    "grossProfit" : 0.60,
    "operatingProfitMargin" : 32.14,
    "operatingProfit" : 0.27,
    "netProfitMargin" : 20.24,
    "netProfit" : 0.17
  }, {
    "date" : "2008-03-31",
    "sales" : 0.54,
    "salesGrowthYoY" : -48.57,
    "grossProfitMargin" : 81.48,
    "grossProfit" : 0.44,
    "operatingProfitMargin" : 1.85,
    "operatingProfit" : 0.01,
    "netProfitMargin" : -7.41,
    "netProfit" : -0.04
  }, {
    "date" : "2008-06-30",
    "sales" : 0.64,
    "salesGrowthYoY" : -22.89,
    "grossProfitMargin" : 87.50,
    "grossProfit" : 0.56,
    "operatingProfitMargin" : 25.00,
    "operatingProfit" : 0.16,
    "netProfitMargin" : 7.81,
    "netProfit" : 0.05
  }, {
    "date" : "2008-09-30",
    "sales" : 0.64,
    "salesGrowthYoY" : -47.97,
    "grossProfitMargin" : 71.88,
    "grossProfit" : 0.46,
    "operatingProfitMargin" : 17.19,
    "operatingProfit" : 0.11,
    "netProfitMargin" : 7.81,
    "netProfit" : 0.05
  }, {
    "date" : "2008-12-31",
    "sales" : 0.72,
    "salesGrowthYoY" : -14.29,
    "grossProfitMargin" : 73.61,
    "grossProfit" : 0.53,
    "operatingProfitMargin" : 23.61,
    "operatingProfit" : 0.17,
    "netProfitMargin" : 11.11,
    "netProfit" : 0.08
  }, {
    "date" : "2009-03-31",
    "sales" : 0.67,
    "salesGrowthYoY" : 24.07,
    "grossProfitMargin" : 61.19,
    "grossProfit" : 0.41,
    "operatingProfitMargin" : 8.96,
    "operatingProfit" : 0.06,
    "netProfitMargin" : -1.49,
    "netProfit" : -0.01
  }, {
    "date" : "2009-06-30",
    "sales" : 0.35,
    "salesGrowthYoY" : -45.31,
    "grossProfitMargin" : 74.29,
    "grossProfit" : 0.26,
    "operatingProfitMargin" : -8.57,
    "operatingProfit" : -0.03,
    "netProfitMargin" : -28.57,
    "netProfit" : -0.10
  }, {
    "date" : "2009-09-30",
    "sales" : 0.37,
    "salesGrowthYoY" : -42.19,
    "grossProfitMargin" : 62.16,
    "grossProfit" : 0.23,
    "operatingProfitMargin" : -16.22,
    "operatingProfit" : -0.06,
    "netProfitMargin" : -37.84,
    "netProfit" : -0.14
  }, {
    "date" : "2009-12-31",
    "sales" : 0.36,
    "salesGrowthYoY" : -50.00,
    "grossProfitMargin" : 80.56,
    "grossProfit" : 0.29,
    "operatingProfitMargin" : 8.33,
    "operatingProfit" : 0.03,
    "netProfitMargin" : -16.67,
    "netProfit" : -0.06
  }, {
    "date" : "2010-03-31",
    "sales" : 0.37,
    "salesGrowthYoY" : -44.78,
    "grossProfitMargin" : 81.08,
    "grossProfit" : 0.30,
    "operatingProfitMargin" : 16.22,
    "operatingProfit" : 0.06,
    "netProfitMargin" : -8.11,
    "netProfit" : -0.03
  }, {
    "date" : "2010-06-30",
    "sales" : 0.54,
    "salesGrowthYoY" : 54.29,
    "grossProfitMargin" : 53.70,
    "grossProfit" : 0.29,
    "operatingProfitMargin" : 1.85,
    "operatingProfit" : 0.01,
    "netProfitMargin" : -12.96,
    "netProfit" : -0.07
  }, {
    "date" : "2010-09-30",
    "sales" : 0.47,
    "salesGrowthYoY" : 27.03,
    "grossProfitMargin" : 48.94,
    "grossProfit" : 0.23,
    "operatingProfitMargin" : -10.64,
    "operatingProfit" : -0.05,
    "netProfitMargin" : -27.66,
    "netProfit" : -0.13
  }, {
    "date" : "2010-12-31",
    "sales" : 0.44,
    "salesGrowthYoY" : 22.22,
    "grossProfitMargin" : 68.18,
    "grossProfit" : 0.30,
    "operatingProfitMargin" : -9.09,
    "operatingProfit" : -0.04,
    "netProfitMargin" : -27.27,
    "netProfit" : -0.12
  }, {
    "date" : "2011-03-31",
    "sales" : 0.65,
    "salesGrowthYoY" : 75.68,
    "grossProfitMargin" : 75.38,
    "grossProfit" : 0.49,
    "operatingProfitMargin" : 30.77,
    "operatingProfit" : 0.20,
    "netProfitMargin" : 18.46,
    "netProfit" : 0.12
  }, {
    "date" : "2011-06-30",
    "sales" : 0.41,
    "salesGrowthYoY" : -24.07,
    "grossProfitMargin" : 29.27,
    "grossProfit" : 0.12,
    "operatingProfitMargin" : -41.46,
    "operatingProfit" : -0.17,
    "netProfitMargin" : -60.98,
    "netProfit" : -0.25
  }, {
    "date" : "2011-09-30",
    "sales" : 0.44,
    "salesGrowthYoY" : -6.38,
    "grossProfitMargin" : 65.91,
    "grossProfit" : 0.29,
    "operatingProfitMargin" : 4.55,
    "operatingProfit" : 0.02,
    "netProfitMargin" : -13.64,
    "netProfit" : -0.06
  }, {
    "date" : "2011-12-31",
    "sales" : 0.32,
    "salesGrowthYoY" : -27.27,
    "grossProfitMargin" : 50.00,
    "grossProfit" : 0.16,
    "operatingProfitMargin" : -31.25,
    "operatingProfit" : -0.10,
    "netProfitMargin" : -56.25,
    "netProfit" : -0.18
  }, {
    "date" : "2012-03-31",
    "sales" : 0.45,
    "salesGrowthYoY" : -30.77,
    "grossProfitMargin" : 71.11,
    "grossProfit" : 0.32,
    "operatingProfitMargin" : 11.11,
    "operatingProfit" : 0.05,
    "netProfitMargin" : -6.67,
    "netProfit" : -0.03
  }, {
    "date" : "2012-06-30",
    "sales" : 0.27,
    "salesGrowthYoY" : -34.15,
    "grossProfitMargin" : 74.07,
    "grossProfit" : 0.20,
    "operatingProfitMargin" : -207.41,
    "operatingProfit" : -0.56,
    "netProfitMargin" : -237.04,
    "netProfit" : -0.64
  }, {
    "date" : "2012-09-30",
    "sales" : 0.22,
    "salesGrowthYoY" : -50.00,
    "grossProfitMargin" : 4.55,
    "grossProfit" : 0.01,
    "operatingProfitMargin" : -159.09,
    "operatingProfit" : -0.35,
    "netProfitMargin" : -195.45,
    "netProfit" : -0.43
  }, {
    "date" : "2012-12-31",
    "sales" : 0.01,
    "salesGrowthYoY" : -96.88,
    "grossProfitMargin" : 100.00,
    "grossProfit" : 0.01,
    "operatingProfitMargin" : 0.00,
    "operatingProfit" : 0.00,
    "netProfitMargin" : 0.00,
    "netProfit" : 0.00
  }, {
    "date" : "2013-03-31",
    "sales" : 0.10,
    "salesGrowthYoY" : -77.78,
    "grossProfitMargin" : -660.00,
    "grossProfit" : -0.66,
    "operatingProfitMargin" : -1060.00,
    "operatingProfit" : -1.06,
    "netProfitMargin" : -830.00,
    "netProfit" : -0.83
  }, {
    "date" : "2013-06-30",
    "sales" : 0.04,
    "salesGrowthYoY" : -85.19,
    "grossProfitMargin" : 75.00,
    "grossProfit" : 0.03,
    "operatingProfitMargin" : 25.00,
    "operatingProfit" : 0.01,
    "netProfitMargin" : 25.00,
    "netProfit" : 0.01
  }, {
    "date" : "2013-09-30",
    "sales" : 0.00,
    "salesGrowthYoY" : -100.00,
    "grossProfitMargin" : 0.00,
    "grossProfit" : 0.00,
    "operatingProfitMargin" : 0.00,
    "operatingProfit" : 0.00,
    "netProfitMargin" : 0.00,
    "netProfit" : 0.00
  }, {
    "date" : "2013-12-31",
    "sales" : 0.07,
    "salesGrowthYoY" : 600.00,
    "grossProfitMargin" : 100.00,
    "grossProfit" : 0.07,
    "operatingProfitMargin" : 57.14,
    "operatingProfit" : 0.04,
    "netProfitMargin" : 57.14,
    "netProfit" : 0.04
  }, {
    "date" : "2014-03-31",
    "sales" : 0.00,
    "salesGrowthYoY" : -100.00,
    "grossProfitMargin" : 0.00,
    "grossProfit" : 0.00,
    "operatingProfitMargin" : 0.00,
    "operatingProfit" : 0.00,
    "netProfitMargin" : 0.00,
    "netProfit" : 0.00
  }, {
    "date" : "2014-06-30",
    "sales" : 0.02,
    "salesGrowthYoY" : -50.00,
    "grossProfitMargin" : 100.00,
    "grossProfit" : 0.02,
    "operatingProfitMargin" : 0.00,
    "operatingProfit" : 0.00,
    "netProfitMargin" : 0.00,
    "netProfit" : 0.00
  }, {
    "date" : "2014-09-30",
    "sales" : 0.02,
    "salesGrowthYoY" : 100.00,
    "grossProfitMargin" : 100.00,
    "grossProfit" : 0.02,
    "operatingProfitMargin" : 0.00,
    "operatingProfit" : 0.00,
    "netProfitMargin" : 0.00,
    "netProfit" : 0.00
  }, {
    "date" : "2014-12-31",
    "sales" : 0.04,
    "salesGrowthYoY" : -42.86,
    "grossProfitMargin" : 50.00,
    "grossProfit" : 0.02,
    "operatingProfitMargin" : 0.00,
    "operatingProfit" : 0.00,
    "netProfitMargin" : 0.00,
    "netProfit" : 0.00
  }, {
    "date" : "2015-03-31",
    "sales" : 0.03,
    "salesGrowthYoY" : 100.00,
    "grossProfitMargin" : 100.00,
    "grossProfit" : 0.03,
    "operatingProfitMargin" : 66.67,
    "operatingProfit" : 0.02,
    "netProfitMargin" : 66.67,
    "netProfit" : 0.02
  }, {
    "date" : "2015-06-30",
    "sales" : 0.09,
    "salesGrowthYoY" : 350.00,
    "grossProfitMargin" : 100.00,
    "grossProfit" : 0.09,
    "operatingProfitMargin" : 66.67,
    "operatingProfit" : 0.06,
    "netProfitMargin" : 66.67,
    "netProfit" : 0.06
  }, {
    "date" : "2015-09-30",
    "sales" : 0.00,
    "salesGrowthYoY" : -100.00,
    "grossProfitMargin" : 0.00,
    "grossProfit" : 0.00,
    "operatingProfitMargin" : 0.00,
    "operatingProfit" : 0.00,
    "netProfitMargin" : 0.00,
    "netProfit" : 0.00
  }, {
    "date" : "2015-12-31",
    "sales" : 0.00,
    "salesGrowthYoY" : -100.00,
    "grossProfitMargin" : 0.00,
    "grossProfit" : 0.00,
    "operatingProfitMargin" : 0.00,
    "operatingProfit" : 0.00,
    "netProfitMargin" : 0.00,
    "netProfit" : 0.00
  }, {
    "date" : "2016-03-31",
    "sales" : 0.00,
    "salesGrowthYoY" : -100.00,
    "grossProfitMargin" : 0.00,
    "grossProfit" : 0.00,
    "operatingProfitMargin" : 0.00,
    "operatingProfit" : 0.00,
    "netProfitMargin" : 0.00,
    "netProfit" : 0.00
  }, {
    "date" : "2016-06-30",
    "sales" : 0.00,
    "salesGrowthYoY" : -100.00,
    "grossProfitMargin" : 0.00,
    "grossProfit" : 0.00,
    "operatingProfitMargin" : 0.00,
    "operatingProfit" : 0.00,
    "netProfitMargin" : 0.00,
    "netProfit" : 0.00
  }, {
    "date" : "2016-09-30",
    "sales" : 0.07,
    "salesGrowthYoY" : 100.00,
    "grossProfitMargin" : 100.00,
    "grossProfit" : 0.07,
    "operatingProfitMargin" : 28.57,
    "operatingProfit" : 0.02,
    "netProfitMargin" : 28.57,
    "netProfit" : 0.02
  }, {
    "date" : "2016-12-31",
    "sales" : 0.00,
    "salesGrowthYoY" : 0.00,
    "grossProfitMargin" : 0.00,
    "grossProfit" : 0.00,
    "operatingProfitMargin" : 0.00,
    "operatingProfit" : 0.00,
    "netProfitMargin" : 0.00,
    "netProfit" : 0.00
  }, {
    "date" : "2017-03-31",
    "sales" : 0.00,
    "salesGrowthYoY" : 0.00,
    "grossProfitMargin" : 0.00,
    "grossProfit" : 0.00,
    "operatingProfitMargin" : 0.00,
    "operatingProfit" : 0.00,
    "netProfitMargin" : 0.00,
    "netProfit" : 0.00
  }, {
    "date" : "2017-06-30",
    "sales" : 0.00,
    "salesGrowthYoY" : 0.00,
    "grossProfitMargin" : 0.00,
    "grossProfit" : 0.00,
    "operatingProfitMargin" : 0.00,
    "operatingProfit" : 0.00,
    "netProfitMargin" : 0.00,
    "netProfit" : 0.00
  }, {
    "date" : "2017-09-30",
    "sales" : 0.00,
    "salesGrowthYoY" : -100.00,
    "grossProfitMargin" : 0.00,
    "grossProfit" : 0.00,
    "operatingProfitMargin" : 0.00,
    "operatingProfit" : 0.00,
    "netProfitMargin" : 0.00,
    "netProfit" : 0.00
  }, {
    "date" : "2017-12-31",
    "sales" : 0.00,
    "salesGrowthYoY" : 0.00,
    "grossProfitMargin" : 0.00,
    "grossProfit" : 0.00,
    "operatingProfitMargin" : 0.00,
    "operatingProfit" : 0.00,
    "netProfitMargin" : 0.00,
    "netProfit" : 0.00
  }, {
    "date" : "2018-03-31",
    "sales" : 0.00,
    "salesGrowthYoY" : 0.00,
    "grossProfitMargin" : 0.00,
    "grossProfit" : 0.00,
    "operatingProfitMargin" : 0.00,
    "operatingProfit" : 0.00,
    "netProfitMargin" : 0.00,
    "netProfit" : 0.00
  }, {
    "date" : "2018-06-30",
    "sales" : 0.00,
    "salesGrowthYoY" : 0.00,
    "grossProfitMargin" : 0.00,
    "grossProfit" : 0.00,
    "operatingProfitMargin" : 0.00,
    "operatingProfit" : 0.00,
    "netProfitMargin" : 0.00,
    "netProfit" : 0.00
  }, {
    "date" : "2018-09-30",
    "sales" : 0.00,
    "salesGrowthYoY" : 0.00,
    "grossProfitMargin" : 0.00,
    "grossProfit" : 0.00,
    "operatingProfitMargin" : 0.00,
    "operatingProfit" : 0.00,
    "netProfitMargin" : 0.00,
    "netProfit" : 0.00
  }, {
    "date" : "2018-12-31",
    "sales" : 0.08,
    "salesGrowthYoY" : 100.00,
    "grossProfitMargin" : 100.00,
    "grossProfit" : 0.08,
    "operatingProfitMargin" : 25.00,
    "operatingProfit" : 0.02,
    "netProfitMargin" : 25.00,
    "netProfit" : 0.02
  }, {
    "date" : "2019-03-31",
    "sales" : 0.00,
    "salesGrowthYoY" : 0.00,
    "grossProfitMargin" : 0.00,
    "grossProfit" : 0.00,
    "operatingProfitMargin" : 0.00,
    "operatingProfit" : 0.00,
    "netProfitMargin" : 0.00,
    "netProfit" : 0.00
  }, {
    "date" : "2019-06-30",
    "sales" : 0.00,
    "salesGrowthYoY" : 0.00,
    "grossProfitMargin" : 0.00,
    "grossProfit" : 0.00,
    "operatingProfitMargin" : 0.00,
    "operatingProfit" : 0.00,
    "netProfitMargin" : 0.00,
    "netProfit" : 0.00
  }, {
    "date" : "2019-09-30",
    "sales" : 0.03,
    "salesGrowthYoY" : 100.00,
    "grossProfitMargin" : 100.00,
    "grossProfit" : 0.03,
    "operatingProfitMargin" : -100.00,
    "operatingProfit" : -0.03,
    "netProfitMargin" : -133.33,
    "netProfit" : -0.04
  }, {
    "date" : "2019-12-31",
    "sales" : 0.03,
    "salesGrowthYoY" : -62.50,
    "grossProfitMargin" : 100.00,
    "grossProfit" : 0.03,
    "operatingProfitMargin" : -100.00,
    "operatingProfit" : -0.03,
    "netProfitMargin" : -100.00,
    "netProfit" : -0.03
  }, {
    "date" : "2020-03-31",
    "sales" : 0.12,
    "salesGrowthYoY" : 100.00,
    "grossProfitMargin" : 100.00,
    "grossProfit" : 0.12,
    "operatingProfitMargin" : 58.33,
    "operatingProfit" : 0.07,
    "netProfitMargin" : 58.33,
    "netProfit" : 0.07
  }, {
    "date" : "2020-06-30",
    "sales" : 0.17,
    "salesGrowthYoY" : 100.00,
    "grossProfitMargin" : 100.00,
    "grossProfit" : 0.17,
    "operatingProfitMargin" : 70.59,
    "operatingProfit" : 0.12,
    "netProfitMargin" : 70.59,
    "netProfit" : 0.12
  }, {
    "date" : "2020-09-30",
    "sales" : 0.00,
    "salesGrowthYoY" : -100.00,
    "grossProfitMargin" : 0.00,
    "grossProfit" : 0.00,
    "operatingProfitMargin" : 0.00,
    "operatingProfit" : 0.00,
    "netProfitMargin" : 0.00,
    "netProfit" : 0.00
  }, {
    "date" : "2020-12-31",
    "sales" : 0.00,
    "salesGrowthYoY" : -100.00,
    "grossProfitMargin" : 0.00,
    "grossProfit" : 0.00,
    "operatingProfitMargin" : 0.00,
    "operatingProfit" : 0.00,
    "netProfitMargin" : 0.00,
    "netProfit" : 0.00
  }, {
    "date" : "2021-03-31",
    "sales" : 0.00,
    "salesGrowthYoY" : -100.00,
    "grossProfitMargin" : 0.00,
    "grossProfit" : 0.00,
    "operatingProfitMargin" : 0.00,
    "operatingProfit" : 0.00,
    "netProfitMargin" : 0.00,
    "netProfit" : 0.00
  }, {
    "date" : "2021-06-30",
    "sales" : 0.00,
    "salesGrowthYoY" : -100.00,
    "grossProfitMargin" : 0.00,
    "grossProfit" : 0.00,
    "operatingProfitMargin" : 0.00,
    "operatingProfit" : 0.00,
    "netProfitMargin" : 0.00,
    "netProfit" : 0.00
  }, {
    "date" : "2021-09-30",
    "sales" : 0.00,
    "salesGrowthYoY" : 0.00,
    "grossProfitMargin" : 0.00,
    "grossProfit" : 0.00,
    "operatingProfitMargin" : 0.00,
    "operatingProfit" : 0.00,
    "netProfitMargin" : 0.00,
    "netProfit" : 0.00
  }, {
    "date" : "2021-12-31",
    "sales" : 0.00,
    "salesGrowthYoY" : 0.00,
    "grossProfitMargin" : 0.00,
    "grossProfit" : 0.00,
    "operatingProfitMargin" : 0.00,
    "operatingProfit" : 0.00,
    "netProfitMargin" : 0.00,
    "netProfit" : 0.00
  }, {
    "date" : "2022-03-31",
    "sales" : 0.00,
    "salesGrowthYoY" : 0.00,
    "grossProfitMargin" : 0.00,
    "grossProfit" : 0.00,
    "operatingProfitMargin" : 0.00,
    "operatingProfit" : 0.00,
    "netProfitMargin" : 0.00,
    "netProfit" : 0.00
  }, {
    "date" : "2022-06-30",
    "sales" : 0.00,
    "salesGrowthYoY" : 0.00,
    "grossProfitMargin" : 0.00,
    "grossProfit" : 0.00,
    "operatingProfitMargin" : 0.00,
    "operatingProfit" : 0.00,
    "netProfitMargin" : 0.00,
    "netProfit" : 0.00
  }, {
    "date" : "2022-09-30",
    "sales" : 0.00,
    "salesGrowthYoY" : 0.00,
    "grossProfitMargin" : 0.00,
    "grossProfit" : 0.00,
    "operatingProfitMargin" : 0.00,
    "operatingProfit" : 0.00,
    "netProfitMargin" : 0.00,
    "netProfit" : 0.00
  }, {
    "date" : "2022-12-31",
    "sales" : 0.00,
    "salesGrowthYoY" : 0.00,
    "grossProfitMargin" : 0.00,
    "grossProfit" : 0.00,
    "operatingProfitMargin" : 0.00,
    "operatingProfit" : 0.00,
    "netProfitMargin" : 0.00,
    "netProfit" : 0.00
  }, {
    "date" : "2023-03-31",
    "sales" : 0.18,
    "salesGrowthYoY" : 100.00,
    "grossProfitMargin" : 100.00,
    "grossProfit" : 0.18,
    "operatingProfitMargin" : 77.78,
    "operatingProfit" : 0.14,
    "netProfitMargin" : 66.67,
    "netProfit" : 0.12
  }, {
    "date" : "2023-06-30",
    "sales" : 0.00,
    "salesGrowthYoY" : 0.00,
    "grossProfitMargin" : 0.00,
    "grossProfit" : 0.00,
    "operatingProfitMargin" : 0.00,
    "operatingProfit" : 0.00,
    "netProfitMargin" : 0.00,
    "netProfit" : 0.00
  }, {
    "date" : "2023-09-30",
    "sales" : 0.19,
    "salesGrowthYoY" : 100.00,
    "grossProfitMargin" : 100.00,
    "grossProfit" : 0.19,
    "operatingProfitMargin" : 78.95,
    "operatingProfit" : 0.15,
    "netProfitMargin" : 73.68,
    "netProfit" : 0.14
  }, {
    "date" : "2023-12-31",
    "sales" : 0.00,
    "salesGrowthYoY" : 0.00,
    "grossProfitMargin" : 0.00,
    "grossProfit" : 0.00,
    "operatingProfitMargin" : 0.00,
    "operatingProfit" : 0.00,
    "netProfitMargin" : 0.00,
    "netProfit" : 0.00
  }, {
    "date" : "2024-03-31",
    "sales" : 11.34,
    "salesGrowthYoY" : 6200.00,
    "grossProfitMargin" : 5.47,
    "grossProfit" : 0.62,
    "operatingProfitMargin" : -0.79,
    "operatingProfit" : -0.09,
    "netProfitMargin" : 5.29,
    "netProfit" : 0.60
  }, {
    "date" : "2024-06-30",
    "sales" : 0.00,
    "salesGrowthYoY" : 0.00,
    "grossProfitMargin" : 0.00,
    "grossProfit" : 0.00,
    "operatingProfitMargin" : 0.00,
    "operatingProfit" : 0.00,
    "netProfitMargin" : 0.00,
    "netProfit" : 0.00
  }, {
    "date" : "2024-09-30",
    "sales" : 0.00,
    "salesGrowthYoY" : -100.00,
    "grossProfitMargin" : 0.00,
    "grossProfit" : 0.00,
    "operatingProfitMargin" : 0.00,
    "operatingProfit" : 0.00,
    "netProfitMargin" : 0.00,
    "netProfit" : 0.00
  }, {
    "date" : "2024-12-31",
    "sales" : 0.00,
    "salesGrowthYoY" : 0.00,
    "grossProfitMargin" : 0.00,
    "grossProfit" : 0.00,
    "operatingProfitMargin" : 0.00,
    "operatingProfit" : 0.00,
    "netProfitMargin" : 0.00,
    "netProfit" : 0.00
  }, {
    "date" : "2025-03-31",
    "sales" : 5.22,
    "salesGrowthYoY" : -53.97,
    "grossProfitMargin" : 12.84,
    "grossProfit" : 0.67,
    "operatingProfitMargin" : -29.89,
    "operatingProfit" : -1.56,
    "netProfitMargin" : -17.05,
    "netProfit" : -0.89
  }, {
    "date" : "2025-06-30",
    "sales" : 4.54,
    "salesGrowthYoY" : 100.00,
    "grossProfitMargin" : 29.74,
    "grossProfit" : 1.35,
    "operatingProfitMargin" : 8.37,
    "operatingProfit" : 0.38,
    "netProfitMargin" : -13.44,
    "netProfit" : -0.61
  }, {
    "date" : "2025-09-30",
    "sales" : 7.43,
    "salesGrowthYoY" : 100.00,
    "grossProfitMargin" : 37.69,
    "grossProfit" : 2.80,
    "operatingProfitMargin" : 15.48,
    "operatingProfit" : 1.15,
    "netProfitMargin" : 11.31,
    "netProfit" : 0.84
  }, {
    "date" : "2025-12-31",
    "sales" : 1.32,
    "salesGrowthYoY" : 100.00,
    "grossProfitMargin" : 26.52,
    "grossProfit" : 0.35,
    "operatingProfitMargin" : -100.00,
    "operatingProfit" : -1.32,
    "netProfitMargin" : -126.52,
    "netProfit" : -1.67
  } ],
  "latestQuarterlyResult" : {
    "date" : "2025-12-31",
    "sales" : 1.32,
    "salesGrowthYoY" : 100.00,
    "grossProfitMargin" : 26.52,
    "grossProfit" : 0.35,
    "operatingProfitMargin" : -100.00,
    "operatingProfit" : -1.32,
    "netProfitMargin" : -126.52,
    "netProfit" : -1.67
  },
  "companyScore" : {
    "priceHigherThanDma50" : 0.00,
    "priceHigherThanDma100" : 0.00,
    "priceHigherThanDma200" : 0.00,
    "dma50HigherThanDma100" : 0.00,
    "dma50HigherThanDma200" : 0.00,
    "dma100HigherThanDma200" : 0.00,
    "pricePercentageAboveDma50" : 5.53,
    "pricePercentageAboveDma100" : 6.68,
    "pricePercentageAboveDma200" : 6.99,
    "weeklyVolumeHigherThanYearlyVolume" : 5.00,
    "salesGrowthPercentile" : 19.00,
    "operatingProfitMarginPercentile" : 16.86,
    "netProfitMarginPercentile" : 7.78,
    "totalTechnicalScore" : 24.21,
    "totalFundamentalScore" : 43.64,
    "totalScore" : 67.85
  }
}