{
  "metadata" : {
    "screenerCompanyId" : "1039",
    "companyCode" : "FORCEMOT",
    "companyName" : "Force Motors",
    "screenerCompanyLink" : "https://www.screener.in/company/FORCEMOT/consolidated/",
    "screenerTechnicalHistoryLink" : "https://www.screener.in/api/company/1039/chart/?q=Price-DMA50-DMA200-Volume&days=365",
    "screenerQuarterlyResultsLink" : "https://www.screener.in/api/company/1039/chart/?q=GPM-OPM-NPM-Quarter+Sales&days=10000",
    "attributes" : {
      "companyCode" : "FORCEMOT",
      "companyName" : "Force Motors",
      "marketCap" : 24208.00,
      "peRatio" : 29.50,
      "description" : "Force Motors Ltd was established in 1958, is the flagship company of the Abhay Firodia group. The company is in the business of manufacturing fully vertically integrated small and light CVs, multi-utility vehicles, and agricultural tractors, which it supplies to various countries in the Middle East, Asia, Latin America, and Africa. It was known as Bajaj Tempo till 2005 [1]"
    },
    "companyScore" : {
      "priceHigherThanDma50" : 5.00,
      "priceHigherThanDma100" : 5.00,
      "priceHigherThanDma200" : 5.00,
      "dma50HigherThanDma100" : 0.00,
      "dma50HigherThanDma200" : 5.00,
      "dma100HigherThanDma200" : 5.00,
      "pricePercentageAboveDma50" : 4.74,
      "pricePercentageAboveDma100" : 4.85,
      "pricePercentageAboveDma200" : 3.90,
      "weeklyVolumeHigherThanYearlyVolume" : 0.00,
      "salesGrowthPercentile" : 8.10,
      "operatingProfitMarginPercentile" : 20.00,
      "netProfitMarginPercentile" : 10.00,
      "totalTechnicalScore" : 38.49,
      "totalFundamentalScore" : 38.10,
      "totalScore" : 76.59
    }
  },
  "attributes" : {
    "companyCode" : "FORCEMOT",
    "companyName" : "Force Motors",
    "marketCap" : 24208.00,
    "peRatio" : 29.50,
    "description" : "Force Motors Ltd was established in 1958, is the flagship company of the Abhay Firodia group. The company is in the business of manufacturing fully vertically integrated small and light CVs, multi-utility vehicles, and agricultural tractors, which it supplies to various countries in the Middle East, Asia, Latin America, and Africa. It was known as Bajaj Tempo till 2005 [1]"
  },
  "technicalHistory" : [ {
    "date" : "2024-12-26",
    "price" : 6590.00,
    "dma50" : 6926.87,
    "dma100" : null,
    "dma200" : 6932.79,
    "volume" : 13012.00
  }, {
    "date" : "2024-12-27",
    "price" : 6574.65,
    "dma50" : 6913.06,
    "dma100" : null,
    "dma200" : 6929.22,
    "volume" : 9910.00
  }, {
    "date" : "2024-12-30",
    "price" : 6478.20,
    "dma50" : 6896.00,
    "dma100" : null,
    "dma200" : 6924.74,
    "volume" : 19064.00
  }, {
    "date" : "2024-12-31",
    "price" : 6512.50,
    "dma50" : 6880.96,
    "dma100" : null,
    "dma200" : 6920.63,
    "volume" : 17427.00
  }, {
    "date" : "2025-01-01",
    "price" : 6629.45,
    "dma50" : 6871.10,
    "dma100" : null,
    "dma200" : 6917.74,
    "volume" : 9086.00
  }, {
    "date" : "2025-01-02",
    "price" : 7256.85,
    "dma50" : 6886.23,
    "dma100" : null,
    "dma200" : 6921.11,
    "volume" : 312982.00
  }, {
    "date" : "2025-01-03",
    "price" : 7331.60,
    "dma50" : 6903.69,
    "dma100" : null,
    "dma200" : 6925.20,
    "volume" : 253046.00
  }, {
    "date" : "2025-01-06",
    "price" : 6864.00,
    "dma50" : 6902.14,
    "dma100" : null,
    "dma200" : 6924.59,
    "volume" : 70908.00
  }, {
    "date" : "2025-01-07",
    "price" : 6850.05,
    "dma50" : 6900.10,
    "dma100" : null,
    "dma200" : 6923.84,
    "volume" : 31752.00
  }, {
    "date" : "2025-01-08",
    "price" : 6853.25,
    "dma50" : 6898.26,
    "dma100" : null,
    "dma200" : 6923.14,
    "volume" : 29427.00
  }, {
    "date" : "2025-01-09",
    "price" : 6544.20,
    "dma50" : 6884.37,
    "dma100" : null,
    "dma200" : 6919.37,
    "volume" : 29382.00
  }, {
    "date" : "2025-01-10",
    "price" : 6536.50,
    "dma50" : 6870.73,
    "dma100" : null,
    "dma200" : 6915.56,
    "volume" : 25488.00
  }, {
    "date" : "2025-01-13",
    "price" : 6372.90,
    "dma50" : 6851.21,
    "dma100" : null,
    "dma200" : 6910.16,
    "volume" : 36280.00
  }, {
    "date" : "2025-01-14",
    "price" : 6519.95,
    "dma50" : 6838.22,
    "dma100" : null,
    "dma200" : 6906.28,
    "volume" : 28677.00
  }, {
    "date" : "2025-01-15",
    "price" : 6548.50,
    "dma50" : 6826.86,
    "dma100" : null,
    "dma200" : 6902.72,
    "volume" : 20666.00
  }, {
    "date" : "2025-01-16",
    "price" : 6597.70,
    "dma50" : 6817.87,
    "dma100" : null,
    "dma200" : 6899.68,
    "volume" : 16845.00
  }, {
    "date" : "2025-01-17",
    "price" : 6490.55,
    "dma50" : 6805.03,
    "dma100" : null,
    "dma200" : 6895.61,
    "volume" : 23999.00
  }, {
    "date" : "2025-01-20",
    "price" : 6550.65,
    "dma50" : 6795.06,
    "dma100" : null,
    "dma200" : 6892.18,
    "volume" : 11898.00
  }, {
    "date" : "2025-01-21",
    "price" : 6588.40,
    "dma50" : 6786.95,
    "dma100" : null,
    "dma200" : 6889.16,
    "volume" : 35481.00
  }, {
    "date" : "2025-01-22",
    "price" : 6515.95,
    "dma50" : 6776.33,
    "dma100" : null,
    "dma200" : 6885.44,
    "volume" : 19671.00
  }, {
    "date" : "2025-01-23",
    "price" : 6625.75,
    "dma50" : 6770.42,
    "dma100" : null,
    "dma200" : 6882.86,
    "volume" : 21955.00
  }, {
    "date" : "2025-01-24",
    "price" : 6530.25,
    "dma50" : 6761.00,
    "dma100" : null,
    "dma200" : 6879.35,
    "volume" : 19401.00
  }, {
    "date" : "2025-01-27",
    "price" : 6406.15,
    "dma50" : 6747.09,
    "dma100" : null,
    "dma200" : 6874.64,
    "volume" : 19849.00
  }, {
    "date" : "2025-01-28",
    "price" : 6397.05,
    "dma50" : 6733.36,
    "dma100" : null,
    "dma200" : 6869.89,
    "volume" : 41662.00
  }, {
    "date" : "2025-01-29",
    "price" : 6434.65,
    "dma50" : 6721.65,
    "dma100" : null,
    "dma200" : 6865.56,
    "volume" : 22466.00
  }, {
    "date" : "2025-01-30",
    "price" : 6328.00,
    "dma50" : 6706.21,
    "dma100" : null,
    "dma200" : 6860.21,
    "volume" : 16094.00
  }, {
    "date" : "2025-01-31",
    "price" : 6311.30,
    "dma50" : 6690.72,
    "dma100" : null,
    "dma200" : 6854.75,
    "volume" : 20614.00
  }, {
    "date" : "2025-02-01",
    "price" : 6501.20,
    "dma50" : 6683.29,
    "dma100" : null,
    "dma200" : 6851.23,
    "volume" : 26981.00
  }, {
    "date" : "2025-02-03",
    "price" : 6352.95,
    "dma50" : 6670.34,
    "dma100" : null,
    "dma200" : 6846.27,
    "volume" : 18967.00
  }, {
    "date" : "2025-02-04",
    "price" : 6401.85,
    "dma50" : 6659.81,
    "dma100" : null,
    "dma200" : 6841.85,
    "volume" : 11773.00
  }, {
    "date" : "2025-02-05",
    "price" : 6782.30,
    "dma50" : 6664.61,
    "dma100" : null,
    "dma200" : 6841.26,
    "volume" : 121195.00
  }, {
    "date" : "2025-02-06",
    "price" : 6591.50,
    "dma50" : 6661.74,
    "dma100" : null,
    "dma200" : 6838.77,
    "volume" : 33513.00
  }, {
    "date" : "2025-02-07",
    "price" : 6588.45,
    "dma50" : 6658.87,
    "dma100" : null,
    "dma200" : 6836.28,
    "volume" : 21397.00
  }, {
    "date" : "2025-02-10",
    "price" : 6295.00,
    "dma50" : 6644.60,
    "dma100" : null,
    "dma200" : 6830.90,
    "volume" : 31071.00
  }, {
    "date" : "2025-02-11",
    "price" : 6296.95,
    "dma50" : 6630.97,
    "dma100" : null,
    "dma200" : 6825.58,
    "volume" : 52434.00
  }, {
    "date" : "2025-02-12",
    "price" : 6687.80,
    "dma50" : 6633.20,
    "dma100" : null,
    "dma200" : 6824.21,
    "volume" : 84331.00
  }, {
    "date" : "2025-02-13",
    "price" : 6768.70,
    "dma50" : 6638.51,
    "dma100" : null,
    "dma200" : 6823.66,
    "volume" : 64377.00
  }, {
    "date" : "2025-02-14",
    "price" : 6493.00,
    "dma50" : 6632.80,
    "dma100" : null,
    "dma200" : 6820.37,
    "volume" : 63180.00
  }, {
    "date" : "2025-02-17",
    "price" : 6552.30,
    "dma50" : 6629.65,
    "dma100" : null,
    "dma200" : 6817.70,
    "volume" : 56877.00
  }, {
    "date" : "2025-02-18",
    "price" : 6579.40,
    "dma50" : 6627.68,
    "dma100" : null,
    "dma200" : 6815.33,
    "volume" : 40055.00
  }, {
    "date" : "2025-02-19",
    "price" : 6684.10,
    "dma50" : 6629.89,
    "dma100" : null,
    "dma200" : 6814.03,
    "volume" : 31868.00
  }, {
    "date" : "2025-02-20",
    "price" : 6816.80,
    "dma50" : 6637.22,
    "dma100" : null,
    "dma200" : 6814.05,
    "volume" : 35096.00
  }, {
    "date" : "2025-02-21",
    "price" : 6948.30,
    "dma50" : 6649.42,
    "dma100" : null,
    "dma200" : 6815.39,
    "volume" : 69982.00
  }, {
    "date" : "2025-02-24",
    "price" : 6802.35,
    "dma50" : 6655.41,
    "dma100" : null,
    "dma200" : 6815.26,
    "volume" : 41282.00
  }, {
    "date" : "2025-02-25",
    "price" : 6824.15,
    "dma50" : 6662.03,
    "dma100" : null,
    "dma200" : 6815.35,
    "volume" : 23618.00
  }, {
    "date" : "2025-02-27",
    "price" : 6601.45,
    "dma50" : 6659.66,
    "dma100" : null,
    "dma200" : 6813.22,
    "volume" : 25676.00
  }, {
    "date" : "2025-02-28",
    "price" : 6671.15,
    "dma50" : 6660.11,
    "dma100" : null,
    "dma200" : 6811.81,
    "volume" : 47316.00
  }, {
    "date" : "2025-03-03",
    "price" : 6944.30,
    "dma50" : 6671.25,
    "dma100" : null,
    "dma200" : 6813.13,
    "volume" : 67087.00
  }, {
    "date" : "2025-03-04",
    "price" : 7154.05,
    "dma50" : 6690.18,
    "dma100" : null,
    "dma200" : 6816.52,
    "volume" : 116883.00
  }, {
    "date" : "2025-03-05",
    "price" : 7434.35,
    "dma50" : 6719.37,
    "dma100" : null,
    "dma200" : 6822.67,
    "volume" : 140735.00
  }, {
    "date" : "2025-03-06",
    "price" : 7420.65,
    "dma50" : 6746.87,
    "dma100" : null,
    "dma200" : 6828.62,
    "volume" : 43947.00
  }, {
    "date" : "2025-03-07",
    "price" : 7660.00,
    "dma50" : 6782.68,
    "dma100" : null,
    "dma200" : 6836.89,
    "volume" : 62765.00
  }, {
    "date" : "2025-03-10",
    "price" : 7555.00,
    "dma50" : 6812.97,
    "dma100" : null,
    "dma200" : 6844.03,
    "volume" : 97838.00
  }, {
    "date" : "2025-03-11",
    "price" : 7268.75,
    "dma50" : 6830.84,
    "dma100" : null,
    "dma200" : 6848.26,
    "volume" : 90096.00
  }, {
    "date" : "2025-03-12",
    "price" : 7166.80,
    "dma50" : 6844.01,
    "dma100" : null,
    "dma200" : 6851.43,
    "volume" : 46466.00
  }, {
    "date" : "2025-03-13",
    "price" : 7239.35,
    "dma50" : 6859.52,
    "dma100" : null,
    "dma200" : 6855.29,
    "volume" : 37168.00
  }, {
    "date" : "2025-03-17",
    "price" : 7086.45,
    "dma50" : 6868.42,
    "dma100" : null,
    "dma200" : 6857.59,
    "volume" : 39490.00
  }, {
    "date" : "2025-03-18",
    "price" : 7463.05,
    "dma50" : 6891.74,
    "dma100" : null,
    "dma200" : 6863.61,
    "volume" : 61824.00
  }, {
    "date" : "2025-03-19",
    "price" : 7930.10,
    "dma50" : 6932.46,
    "dma100" : null,
    "dma200" : 6874.23,
    "volume" : 80685.00
  }, {
    "date" : "2025-03-20",
    "price" : 7981.65,
    "dma50" : 6973.60,
    "dma100" : null,
    "dma200" : 6885.24,
    "volume" : 64988.00
  }, {
    "date" : "2025-03-21",
    "price" : 8460.05,
    "dma50" : 7031.89,
    "dma100" : null,
    "dma200" : 6900.91,
    "volume" : 142443.00
  }, {
    "date" : "2025-03-24",
    "price" : 8894.55,
    "dma50" : 7104.94,
    "dma100" : null,
    "dma200" : 6920.75,
    "volume" : 119457.00
  }, {
    "date" : "2025-03-25",
    "price" : 8734.20,
    "dma50" : 7168.83,
    "dma100" : null,
    "dma200" : 6938.80,
    "volume" : 82370.00
  }, {
    "date" : "2025-03-26",
    "price" : 8766.70,
    "dma50" : 7231.49,
    "dma100" : null,
    "dma200" : 6956.98,
    "volume" : 50368.00
  }, {
    "date" : "2025-03-27",
    "price" : 8788.05,
    "dma50" : 7292.53,
    "dma100" : null,
    "dma200" : 6975.20,
    "volume" : 48962.00
  }, {
    "date" : "2025-03-28",
    "price" : 9045.75,
    "dma50" : 7361.29,
    "dma100" : null,
    "dma200" : 6995.81,
    "volume" : 225507.00
  }, {
    "date" : "2025-04-01",
    "price" : 8864.60,
    "dma50" : 7420.24,
    "dma100" : null,
    "dma200" : 7014.40,
    "volume" : 48113.00
  }, {
    "date" : "2025-04-02",
    "price" : 9217.80,
    "dma50" : 7490.73,
    "dma100" : null,
    "dma200" : 7036.32,
    "volume" : 95559.00
  }, {
    "date" : "2025-04-03",
    "price" : 9122.35,
    "dma50" : 7554.72,
    "dma100" : null,
    "dma200" : 7057.08,
    "volume" : 57395.00
  }, {
    "date" : "2025-04-04",
    "price" : 8876.10,
    "dma50" : 7606.54,
    "dma100" : null,
    "dma200" : 7075.18,
    "volume" : 48359.00
  }, {
    "date" : "2025-04-07",
    "price" : 8345.20,
    "dma50" : 7635.50,
    "dma100" : null,
    "dma200" : 7087.82,
    "volume" : 105556.00
  }, {
    "date" : "2025-04-08",
    "price" : 8433.45,
    "dma50" : 7666.80,
    "dma100" : null,
    "dma200" : 7101.21,
    "volume" : 55072.00
  }, {
    "date" : "2025-04-09",
    "price" : 8470.90,
    "dma50" : 7698.33,
    "dma100" : null,
    "dma200" : 7114.84,
    "volume" : 47013.00
  }, {
    "date" : "2025-04-11",
    "price" : 8705.05,
    "dma50" : 7737.81,
    "dma100" : null,
    "dma200" : 7130.66,
    "volume" : 36969.00
  }, {
    "date" : "2025-04-15",
    "price" : 8873.50,
    "dma50" : 7782.35,
    "dma100" : null,
    "dma200" : 7148.00,
    "volume" : 42926.00
  }, {
    "date" : "2025-04-16",
    "price" : 8622.50,
    "dma50" : 7815.29,
    "dma100" : null,
    "dma200" : 7162.67,
    "volume" : 60839.00
  }, {
    "date" : "2025-04-17",
    "price" : 8693.00,
    "dma50" : 7849.71,
    "dma100" : null,
    "dma200" : 7177.90,
    "volume" : 38877.00
  }, {
    "date" : "2025-04-21",
    "price" : 9299.50,
    "dma50" : 7906.57,
    "dma100" : null,
    "dma200" : 7199.01,
    "volume" : 183708.00
  }, {
    "date" : "2025-04-22",
    "price" : 9105.50,
    "dma50" : 7953.58,
    "dma100" : null,
    "dma200" : 7217.98,
    "volume" : 78380.00
  }, {
    "date" : "2025-04-23",
    "price" : 9107.50,
    "dma50" : 7998.84,
    "dma100" : null,
    "dma200" : 7236.78,
    "volume" : 69693.00
  }, {
    "date" : "2025-04-24",
    "price" : 9269.50,
    "dma50" : 8048.67,
    "dma100" : null,
    "dma200" : 7257.01,
    "volume" : 67396.00
  }, {
    "date" : "2025-04-25",
    "price" : 9161.50,
    "dma50" : 8092.31,
    "dma100" : null,
    "dma200" : 7275.96,
    "volume" : 118361.00
  }, {
    "date" : "2025-04-28",
    "price" : 9013.50,
    "dma50" : 8128.43,
    "dma100" : null,
    "dma200" : 7293.25,
    "volume" : 518670.00
  }, {
    "date" : "2025-04-29",
    "price" : 9026.00,
    "dma50" : 8163.63,
    "dma100" : null,
    "dma200" : 7310.49,
    "volume" : 107978.00
  }, {
    "date" : "2025-04-30",
    "price" : 8914.00,
    "dma50" : 8193.06,
    "dma100" : null,
    "dma200" : 7326.44,
    "volume" : 60947.00
  }, {
    "date" : "2025-05-02",
    "price" : 10062.50,
    "dma50" : 8266.37,
    "dma100" : null,
    "dma200" : 7353.67,
    "volume" : 842431.00
  }, {
    "date" : "2025-05-05",
    "price" : 10184.00,
    "dma50" : 8341.57,
    "dma100" : null,
    "dma200" : 7381.83,
    "volume" : 322836.00
  }, {
    "date" : "2025-05-06",
    "price" : 9981.50,
    "dma50" : 8405.88,
    "dma100" : null,
    "dma200" : 7407.70,
    "volume" : 163197.00
  }, {
    "date" : "2025-05-07",
    "price" : 10291.00,
    "dma50" : 8479.81,
    "dma100" : null,
    "dma200" : 7436.39,
    "volume" : 146397.00
  }, {
    "date" : "2025-05-08",
    "price" : 9714.50,
    "dma50" : 8528.23,
    "dma100" : null,
    "dma200" : 7459.05,
    "volume" : 120278.00
  }, {
    "date" : "2025-05-09",
    "price" : 9712.50,
    "dma50" : 8574.67,
    "dma100" : null,
    "dma200" : 7481.48,
    "volume" : 126267.00
  }, {
    "date" : "2025-05-12",
    "price" : 10757.50,
    "dma50" : 8660.27,
    "dma100" : null,
    "dma200" : 7514.07,
    "volume" : 301590.00
  }, {
    "date" : "2025-05-13",
    "price" : 10538.50,
    "dma50" : 8733.93,
    "dma100" : null,
    "dma200" : 7544.17,
    "volume" : 185869.00
  }, {
    "date" : "2025-05-14",
    "price" : 10417.50,
    "dma50" : 8799.95,
    "dma100" : null,
    "dma200" : 7572.76,
    "volume" : 170535.00
  }, {
    "date" : "2025-05-15",
    "price" : 11094.50,
    "dma50" : 8889.93,
    "dma100" : null,
    "dma200" : 7607.80,
    "volume" : 193719.00
  }, {
    "date" : "2025-05-16",
    "price" : 10954.50,
    "dma50" : 8970.89,
    "dma100" : null,
    "dma200" : 7641.10,
    "volume" : 111472.00
  }, {
    "date" : "2025-05-19",
    "price" : 10613.50,
    "dma50" : 9035.31,
    "dma100" : null,
    "dma200" : 7670.68,
    "volume" : 81226.00
  }, {
    "date" : "2025-05-20",
    "price" : 10496.00,
    "dma50" : 9092.59,
    "dma100" : null,
    "dma200" : 7698.79,
    "volume" : 66188.00
  }, {
    "date" : "2025-05-21",
    "price" : 10603.00,
    "dma50" : 9151.82,
    "dma100" : null,
    "dma200" : 7727.69,
    "volume" : 58046.00
  }, {
    "date" : "2025-05-22",
    "price" : 10514.00,
    "dma50" : 9205.24,
    "dma100" : null,
    "dma200" : 7755.41,
    "volume" : 27061.00
  }, {
    "date" : "2025-05-23",
    "price" : 10237.50,
    "dma50" : 9245.72,
    "dma100" : 7881.76,
    "dma200" : 7780.11,
    "volume" : 116044.00
  }, {
    "date" : "2025-05-26",
    "price" : 10582.50,
    "dma50" : 9298.15,
    "dma100" : 7921.84,
    "dma200" : 7807.99,
    "volume" : 76266.00
  }, {
    "date" : "2025-05-27",
    "price" : 11031.00,
    "dma50" : 9366.10,
    "dma100" : 7967.37,
    "dma200" : 7840.06,
    "volume" : 117790.00
  }, {
    "date" : "2025-05-28",
    "price" : 11764.00,
    "dma50" : 9460.14,
    "dma100" : 8019.89,
    "dma200" : 7879.11,
    "volume" : 282248.00
  }, {
    "date" : "2025-05-29",
    "price" : 12346.00,
    "dma50" : 9573.31,
    "dma100" : 8077.05,
    "dma200" : 7923.55,
    "volume" : 195775.00
  }, {
    "date" : "2025-05-30",
    "price" : 12649.50,
    "dma50" : 9693.94,
    "dma100" : 8130.98,
    "dma200" : 7970.58,
    "volume" : 144328.00
  }, {
    "date" : "2025-06-02",
    "price" : 11633.00,
    "dma50" : 9769.98,
    "dma100" : 8173.99,
    "dma200" : 8007.02,
    "volume" : 149286.00
  }, {
    "date" : "2025-06-03",
    "price" : 12012.00,
    "dma50" : 9857.91,
    "dma100" : 8225.47,
    "dma200" : 8046.87,
    "volume" : 132036.00
  }, {
    "date" : "2025-06-04",
    "price" : 12333.00,
    "dma50" : 9954.97,
    "dma100" : 8280.30,
    "dma200" : 8089.52,
    "volume" : 102780.00
  }, {
    "date" : "2025-06-05",
    "price" : 12755.00,
    "dma50" : 10064.77,
    "dma100" : 8339.32,
    "dma200" : 8135.94,
    "volume" : 148779.00
  }, {
    "date" : "2025-06-06",
    "price" : 12502.00,
    "dma50" : 10160.35,
    "dma100" : 8398.90,
    "dma200" : 8179.39,
    "volume" : 96606.00
  }, {
    "date" : "2025-06-09",
    "price" : 12162.00,
    "dma50" : 10238.85,
    "dma100" : 8455.15,
    "dma200" : 8219.01,
    "volume" : 66243.00
  }, {
    "date" : "2025-06-10",
    "price" : 12232.00,
    "dma50" : 10317.01,
    "dma100" : 8513.74,
    "dma200" : 8258.94,
    "volume" : 114966.00
  }, {
    "date" : "2025-06-11",
    "price" : 12106.00,
    "dma50" : 10387.17,
    "dma100" : 8569.60,
    "dma200" : 8297.22,
    "volume" : 63085.00
  }, {
    "date" : "2025-06-12",
    "price" : 12846.00,
    "dma50" : 10483.59,
    "dma100" : 8632.58,
    "dma200" : 8342.48,
    "volume" : 242815.00
  }, {
    "date" : "2025-06-13",
    "price" : 13351.00,
    "dma50" : 10596.04,
    "dma100" : 8700.11,
    "dma200" : 8392.32,
    "volume" : 260954.00
  }, {
    "date" : "2025-06-16",
    "price" : 13961.00,
    "dma50" : 10728.00,
    "dma100" : 8774.82,
    "dma200" : 8447.73,
    "volume" : 197509.00
  }, {
    "date" : "2025-06-17",
    "price" : 14017.00,
    "dma50" : 10856.98,
    "dma100" : 8849.48,
    "dma200" : 8503.15,
    "volume" : 224421.00
  }, {
    "date" : "2025-06-18",
    "price" : 13934.00,
    "dma50" : 10977.65,
    "dma100" : 8922.94,
    "dma200" : 8557.18,
    "volume" : 171420.00
  }, {
    "date" : "2025-06-19",
    "price" : 13705.00,
    "dma50" : 11084.60,
    "dma100" : 8994.83,
    "dma200" : 8608.41,
    "volume" : 114437.00
  }, {
    "date" : "2025-06-20",
    "price" : 14262.00,
    "dma50" : 11209.20,
    "dma100" : 9071.19,
    "dma200" : 8664.66,
    "volume" : 154049.00
  }, {
    "date" : "2025-06-23",
    "price" : 14333.00,
    "dma50" : 11331.71,
    "dma100" : 9149.22,
    "dma200" : 8721.06,
    "volume" : 118037.00
  }, {
    "date" : "2025-06-24",
    "price" : 13718.00,
    "dma50" : 11425.29,
    "dma100" : 9222.33,
    "dma200" : 8770.78,
    "volume" : 137380.00
  }, {
    "date" : "2025-06-25",
    "price" : 13887.00,
    "dma50" : 11521.82,
    "dma100" : 9297.23,
    "dma200" : 8821.69,
    "volume" : 98682.00
  }, {
    "date" : "2025-06-26",
    "price" : 14113.00,
    "dma50" : 11623.44,
    "dma100" : 9374.02,
    "dma200" : 8874.34,
    "volume" : 121453.00
  }, {
    "date" : "2025-06-27",
    "price" : 14500.00,
    "dma50" : 11736.25,
    "dma100" : 9455.74,
    "dma200" : 8930.32,
    "volume" : 120881.00
  }, {
    "date" : "2025-06-30",
    "price" : 16077.00,
    "dma50" : 11906.47,
    "dma100" : 9553.39,
    "dma200" : 9001.43,
    "volume" : 358817.00
  }, {
    "date" : "2025-07-01",
    "price" : 14736.00,
    "dma50" : 12017.43,
    "dma100" : 9635.74,
    "dma200" : 9058.49,
    "volume" : 305443.00
  }, {
    "date" : "2025-07-02",
    "price" : 14584.00,
    "dma50" : 12118.08,
    "dma100" : 9718.05,
    "dma200" : 9113.47,
    "volume" : 168253.00
  }, {
    "date" : "2025-07-03",
    "price" : 14414.00,
    "dma50" : 12208.12,
    "dma100" : 9798.17,
    "dma200" : 9166.21,
    "volume" : 146052.00
  }, {
    "date" : "2025-07-04",
    "price" : 14342.00,
    "dma50" : 12291.80,
    "dma100" : 9873.77,
    "dma200" : 9217.71,
    "volume" : 78634.00
  }, {
    "date" : "2025-07-07",
    "price" : 14840.00,
    "dma50" : 12391.73,
    "dma100" : 9956.26,
    "dma200" : 9273.65,
    "volume" : 150029.00
  }, {
    "date" : "2025-07-08",
    "price" : 15234.00,
    "dma50" : 12503.19,
    "dma100" : 10042.71,
    "dma200" : 9332.96,
    "volume" : 141890.00
  }, {
    "date" : "2025-07-09",
    "price" : 16719.00,
    "dma50" : 12668.52,
    "dma100" : 10146.95,
    "dma200" : 9406.45,
    "volume" : 685283.00
  }, {
    "date" : "2025-07-10",
    "price" : 16616.00,
    "dma50" : 12823.32,
    "dma100" : 10250.14,
    "dma200" : 9478.19,
    "volume" : 205512.00
  }, {
    "date" : "2025-07-11",
    "price" : 16421.00,
    "dma50" : 12964.41,
    "dma100" : 10347.47,
    "dma200" : 9547.27,
    "volume" : 147835.00
  }, {
    "date" : "2025-07-14",
    "price" : 16683.00,
    "dma50" : 13110.23,
    "dma100" : 10446.62,
    "dma200" : 9618.28,
    "volume" : 95403.00
  }, {
    "date" : "2025-07-15",
    "price" : 16769.00,
    "dma50" : 13253.71,
    "dma100" : 10549.38,
    "dma200" : 9689.43,
    "volume" : 111491.00
  }, {
    "date" : "2025-07-16",
    "price" : 16836.00,
    "dma50" : 13394.20,
    "dma100" : 10652.21,
    "dma200" : 9760.54,
    "volume" : 132263.00
  }, {
    "date" : "2025-07-17",
    "price" : 16842.00,
    "dma50" : 13529.40,
    "dma100" : 10754.84,
    "dma200" : 9831.00,
    "volume" : 252242.00
  }, {
    "date" : "2025-07-18",
    "price" : 16617.00,
    "dma50" : 13650.49,
    "dma100" : 10854.17,
    "dma200" : 9898.52,
    "volume" : 115588.00
  }, {
    "date" : "2025-07-21",
    "price" : 17208.00,
    "dma50" : 13790.00,
    "dma100" : 10958.08,
    "dma200" : 9971.25,
    "volume" : 147340.00
  }, {
    "date" : "2025-07-22",
    "price" : 17507.00,
    "dma50" : 13935.76,
    "dma100" : 11063.67,
    "dma200" : 10046.24,
    "volume" : 145473.00
  }, {
    "date" : "2025-07-23",
    "price" : 17140.00,
    "dma50" : 14061.42,
    "dma100" : 11167.04,
    "dma200" : 10116.82,
    "volume" : 118204.00
  }, {
    "date" : "2025-07-24",
    "price" : 19149.00,
    "dma50" : 14260.93,
    "dma100" : 11290.29,
    "dma200" : 10206.69,
    "volume" : 1313143.00
  }, {
    "date" : "2025-07-25",
    "price" : 17870.00,
    "dma50" : 14402.46,
    "dma100" : 11402.98,
    "dma200" : 10282.94,
    "volume" : 1066459.00
  }, {
    "date" : "2025-07-28",
    "price" : 18228.00,
    "dma50" : 14552.48,
    "dma100" : 11518.55,
    "dma200" : 10362.00,
    "volume" : 201897.00
  }, {
    "date" : "2025-07-29",
    "price" : 17872.00,
    "dma50" : 14682.66,
    "dma100" : 11627.82,
    "dma200" : 10436.73,
    "volume" : 138283.00
  }, {
    "date" : "2025-07-30",
    "price" : 17670.00,
    "dma50" : 14799.81,
    "dma100" : 11732.98,
    "dma200" : 10508.70,
    "volume" : 81727.00
  }, {
    "date" : "2025-07-31",
    "price" : 16944.00,
    "dma50" : 14883.90,
    "dma100" : 11828.08,
    "dma200" : 10572.73,
    "volume" : 92033.00
  }, {
    "date" : "2025-08-01",
    "price" : 16709.00,
    "dma50" : 14955.47,
    "dma100" : 11920.96,
    "dma200" : 10633.79,
    "volume" : 81978.00
  }, {
    "date" : "2025-08-04",
    "price" : 17013.00,
    "dma50" : 15036.16,
    "dma100" : 12014.49,
    "dma200" : 10697.26,
    "volume" : 72623.00
  }, {
    "date" : "2025-08-05",
    "price" : 17829.00,
    "dma50" : 15145.68,
    "dma100" : 12117.23,
    "dma200" : 10768.23,
    "volume" : 110112.00
  }, {
    "date" : "2025-08-06",
    "price" : 18164.00,
    "dma50" : 15264.05,
    "dma100" : 12226.19,
    "dma200" : 10841.82,
    "volume" : 136735.00
  }, {
    "date" : "2025-08-07",
    "price" : 18095.00,
    "dma50" : 15375.06,
    "dma100" : 12335.47,
    "dma200" : 10913.99,
    "volume" : 76669.00
  }, {
    "date" : "2025-08-08",
    "price" : 17804.00,
    "dma50" : 15470.32,
    "dma100" : 12441.11,
    "dma200" : 10982.54,
    "volume" : 61038.00
  }, {
    "date" : "2025-08-11",
    "price" : 18540.00,
    "dma50" : 15590.70,
    "dma100" : 12555.65,
    "dma200" : 11057.74,
    "volume" : 105744.00
  }, {
    "date" : "2025-08-12",
    "price" : 18919.00,
    "dma50" : 15721.22,
    "dma100" : 12670.21,
    "dma200" : 11135.96,
    "volume" : 83443.00
  }, {
    "date" : "2025-08-13",
    "price" : 20047.00,
    "dma50" : 15890.86,
    "dma100" : 12791.38,
    "dma200" : 11224.63,
    "volume" : 190808.00
  }, {
    "date" : "2025-08-14",
    "price" : 19673.00,
    "dma50" : 16039.18,
    "dma100" : 12908.29,
    "dma200" : 11308.70,
    "volume" : 114351.00
  }, {
    "date" : "2025-08-18",
    "price" : 19947.00,
    "dma50" : 16192.42,
    "dma100" : 13023.16,
    "dma200" : 11394.65,
    "volume" : 112533.00
  }, {
    "date" : "2025-08-19",
    "price" : 20869.00,
    "dma50" : 16375.82,
    "dma100" : 13142.91,
    "dma200" : 11488.92,
    "volume" : 124450.00
  }, {
    "date" : "2025-08-20",
    "price" : 20616.00,
    "dma50" : 16542.10,
    "dma100" : 13261.72,
    "dma200" : 11579.74,
    "volume" : 95967.00
  }, {
    "date" : "2025-08-21",
    "price" : 21897.00,
    "dma50" : 16752.10,
    "dma100" : 13393.03,
    "dma200" : 11682.40,
    "volume" : 167069.00
  }, {
    "date" : "2025-08-22",
    "price" : 20214.00,
    "dma50" : 16887.86,
    "dma100" : 13507.29,
    "dma200" : 11767.29,
    "volume" : 230849.00
  }, {
    "date" : "2025-08-25",
    "price" : 20172.00,
    "dma50" : 17016.65,
    "dma100" : 13618.55,
    "dma200" : 11850.92,
    "volume" : 92127.00
  }, {
    "date" : "2025-08-26",
    "price" : 19952.00,
    "dma50" : 17131.76,
    "dma100" : 13729.42,
    "dma200" : 11931.53,
    "volume" : 82579.00
  }, {
    "date" : "2025-08-28",
    "price" : 19385.00,
    "dma50" : 17220.12,
    "dma100" : 13831.10,
    "dma200" : 12005.69,
    "volume" : 78309.00
  }, {
    "date" : "2025-08-29",
    "price" : 19477.00,
    "dma50" : 17308.63,
    "dma100" : 13934.64,
    "dma200" : 12080.03,
    "volume" : 114543.00
  }, {
    "date" : "2025-09-01",
    "price" : 19092.00,
    "dma50" : 17378.56,
    "dma100" : 14036.80,
    "dma200" : 12149.80,
    "volume" : 102933.00
  }, {
    "date" : "2025-09-02",
    "price" : 19497.00,
    "dma50" : 17461.64,
    "dma100" : 14148.32,
    "dma200" : 12222.91,
    "volume" : 91293.00
  }, {
    "date" : "2025-09-03",
    "price" : 19785.00,
    "dma50" : 17552.75,
    "dma100" : 14261.83,
    "dma200" : 12298.15,
    "volume" : 91505.00
  }, {
    "date" : "2025-09-04",
    "price" : 18086.00,
    "dma50" : 17573.66,
    "dma100" : 14357.99,
    "dma200" : 12355.74,
    "volume" : 248952.00
  }, {
    "date" : "2025-09-05",
    "price" : 17725.00,
    "dma50" : 17579.60,
    "dma100" : 14448.18,
    "dma200" : 12409.17,
    "volume" : 196716.00
  }, {
    "date" : "2025-09-08",
    "price" : 17030.00,
    "dma50" : 17558.04,
    "dma100" : 14529.75,
    "dma200" : 12455.15,
    "volume" : 202483.00
  }, {
    "date" : "2025-09-09",
    "price" : 18158.00,
    "dma50" : 17581.57,
    "dma100" : 14625.10,
    "dma200" : 12511.89,
    "volume" : 175943.00
  }, {
    "date" : "2025-09-10",
    "price" : 18362.00,
    "dma50" : 17612.18,
    "dma100" : 14721.79,
    "dma200" : 12570.10,
    "volume" : 131160.00
  }, {
    "date" : "2025-09-11",
    "price" : 18021.00,
    "dma50" : 17628.21,
    "dma100" : 14809.01,
    "dma200" : 12624.34,
    "volume" : 75200.00
  }, {
    "date" : "2025-09-12",
    "price" : 18391.00,
    "dma50" : 17658.12,
    "dma100" : 14901.86,
    "dma200" : 12681.72,
    "volume" : 75472.00
  }, {
    "date" : "2025-09-15",
    "price" : 18780.00,
    "dma50" : 17702.12,
    "dma100" : 14998.59,
    "dma200" : 12742.40,
    "volume" : 65217.00
  }, {
    "date" : "2025-09-16",
    "price" : 19734.00,
    "dma50" : 17781.80,
    "dma100" : 15103.23,
    "dma200" : 12811.97,
    "volume" : 199258.00
  }, {
    "date" : "2025-09-17",
    "price" : 19850.00,
    "dma50" : 17862.91,
    "dma100" : 15210.12,
    "dma200" : 12882.00,
    "volume" : 106375.00
  }, {
    "date" : "2025-09-18",
    "price" : 18941.00,
    "dma50" : 17905.18,
    "dma100" : 15309.39,
    "dma200" : 12942.29,
    "volume" : 114114.00
  }, {
    "date" : "2025-09-19",
    "price" : 18589.00,
    "dma50" : 17932.00,
    "dma100" : 15405.02,
    "dma200" : 12998.47,
    "volume" : 380274.00
  }, {
    "date" : "2025-09-22",
    "price" : 18196.00,
    "dma50" : 17942.35,
    "dma100" : 15497.84,
    "dma200" : 13050.19,
    "volume" : 69674.00
  }, {
    "date" : "2025-09-23",
    "price" : 18111.00,
    "dma50" : 17948.97,
    "dma100" : 15578.33,
    "dma200" : 13100.54,
    "volume" : 73840.00
  }, {
    "date" : "2025-09-24",
    "price" : 18041.00,
    "dma50" : 17952.58,
    "dma100" : 15656.90,
    "dma200" : 13149.70,
    "volume" : 46800.00
  }, {
    "date" : "2025-09-25",
    "price" : 17760.00,
    "dma50" : 17945.02,
    "dma100" : 15734.68,
    "dma200" : 13195.58,
    "volume" : 48074.00
  }, {
    "date" : "2025-09-26",
    "price" : 17372.00,
    "dma50" : 17922.55,
    "dma100" : 15805.49,
    "dma200" : 13237.13,
    "volume" : 54571.00
  }, {
    "date" : "2025-09-29",
    "price" : 16954.00,
    "dma50" : 17884.57,
    "dma100" : 15877.89,
    "dma200" : 13274.12,
    "volume" : 133201.00
  }, {
    "date" : "2025-09-30",
    "price" : 16795.00,
    "dma50" : 17841.84,
    "dma100" : 15948.71,
    "dma200" : 13309.15,
    "volume" : 86453.00
  }, {
    "date" : "2025-10-01",
    "price" : 16854.00,
    "dma50" : 17803.10,
    "dma100" : 16009.68,
    "dma200" : 13344.42,
    "volume" : 77916.00
  }, {
    "date" : "2025-10-03",
    "price" : 16807.00,
    "dma50" : 17764.04,
    "dma100" : 16072.36,
    "dma200" : 13378.88,
    "volume" : 63877.00
  }, {
    "date" : "2025-10-06",
    "price" : 16333.00,
    "dma50" : 17707.92,
    "dma100" : 16131.52,
    "dma200" : 13408.27,
    "volume" : 65747.00
  }, {
    "date" : "2025-10-07",
    "price" : 15913.00,
    "dma50" : 17637.53,
    "dma100" : 16179.70,
    "dma200" : 13433.19,
    "volume" : 90761.00
  }, {
    "date" : "2025-10-08",
    "price" : 15748.00,
    "dma50" : 17563.43,
    "dma100" : 16227.64,
    "dma200" : 13456.23,
    "volume" : 80850.00
  }, {
    "date" : "2025-10-09",
    "price" : 15303.00,
    "dma50" : 17474.79,
    "dma100" : 16274.53,
    "dma200" : 13474.60,
    "volume" : 87879.00
  }, {
    "date" : "2025-10-10",
    "price" : 15781.00,
    "dma50" : 17408.36,
    "dma100" : 16327.38,
    "dma200" : 13497.55,
    "volume" : 195931.00
  }, {
    "date" : "2025-10-13",
    "price" : 16134.00,
    "dma50" : 17358.39,
    "dma100" : 16382.69,
    "dma200" : 13523.78,
    "volume" : 99529.00
  }, {
    "date" : "2025-10-14",
    "price" : 16616.00,
    "dma50" : 17329.28,
    "dma100" : 16443.71,
    "dma200" : 13554.55,
    "volume" : 172640.00
  }, {
    "date" : "2025-10-15",
    "price" : 16609.00,
    "dma50" : 17301.03,
    "dma100" : 16507.43,
    "dma200" : 13584.95,
    "volume" : 67953.00
  }, {
    "date" : "2025-10-16",
    "price" : 16623.00,
    "dma50" : 17274.44,
    "dma100" : 16567.83,
    "dma200" : 13615.18,
    "volume" : 42089.00
  }, {
    "date" : "2025-10-17",
    "price" : 17565.00,
    "dma50" : 17285.84,
    "dma100" : 16633.17,
    "dma200" : 13654.48,
    "volume" : 287405.00
  }, {
    "date" : "2025-10-20",
    "price" : 17533.00,
    "dma50" : 17295.53,
    "dma100" : 16690.86,
    "dma200" : 13693.07,
    "volume" : 82333.00
  }, {
    "date" : "2025-10-21",
    "price" : 17568.00,
    "dma50" : 17306.21,
    "dma100" : 16743.08,
    "dma200" : 13731.63,
    "volume" : 17339.00
  }, {
    "date" : "2025-10-23",
    "price" : 16675.00,
    "dma50" : 17281.46,
    "dma100" : 16783.34,
    "dma200" : 13760.91,
    "volume" : 77409.00
  }, {
    "date" : "2025-10-24",
    "price" : 16343.00,
    "dma50" : 17244.66,
    "dma100" : 16830.44,
    "dma200" : 13786.61,
    "volume" : 116566.00
  }, {
    "date" : "2025-10-27",
    "price" : 16283.00,
    "dma50" : 17206.95,
    "dma100" : 16873.15,
    "dma200" : 13811.45,
    "volume" : 74064.00
  }, {
    "date" : "2025-10-28",
    "price" : 16432.00,
    "dma50" : 17176.56,
    "dma100" : 16914.14,
    "dma200" : 13837.52,
    "volume" : 55265.00
  }, {
    "date" : "2025-10-29",
    "price" : 16648.00,
    "dma50" : 17155.83,
    "dma100" : 16953.07,
    "dma200" : 13865.49,
    "volume" : 52934.00
  }, {
    "date" : "2025-10-30",
    "price" : 17098.00,
    "dma50" : 17153.56,
    "dma100" : 16999.03,
    "dma200" : 13897.65,
    "volume" : 62434.00
  }, {
    "date" : "2025-10-31",
    "price" : 17654.00,
    "dma50" : 17173.19,
    "dma100" : 17053.95,
    "dma200" : 13935.03,
    "volume" : 144091.00
  }, {
    "date" : "2025-11-03",
    "price" : 18442.00,
    "dma50" : 17222.94,
    "dma100" : 17116.05,
    "dma200" : 13979.87,
    "volume" : 144543.00
  }, {
    "date" : "2025-11-04",
    "price" : 18279.00,
    "dma50" : 17264.36,
    "dma100" : 17177.78,
    "dma200" : 14022.65,
    "volume" : 92032.00
  }, {
    "date" : "2025-11-06",
    "price" : 17883.00,
    "dma50" : 17288.62,
    "dma100" : 17228.15,
    "dma200" : 14061.06,
    "volume" : 106992.00
  }, {
    "date" : "2025-11-07",
    "price" : 18194.00,
    "dma50" : 17324.12,
    "dma100" : 17276.58,
    "dma200" : 14102.18,
    "volume" : 107180.00
  }, {
    "date" : "2025-11-10",
    "price" : 18178.00,
    "dma50" : 17357.61,
    "dma100" : 17318.75,
    "dma200" : 14142.74,
    "volume" : 143890.00
  }, {
    "date" : "2025-11-11",
    "price" : 17555.00,
    "dma50" : 17365.35,
    "dma100" : 17354.13,
    "dma200" : 14176.69,
    "volume" : 72499.00
  }, {
    "date" : "2025-11-12",
    "price" : 17471.00,
    "dma50" : 17369.49,
    "dma100" : 17389.50,
    "dma200" : 14209.47,
    "volume" : 70327.00
  }, {
    "date" : "2025-11-13",
    "price" : 17102.00,
    "dma50" : 17359.00,
    "dma100" : 17423.47,
    "dma200" : 14238.25,
    "volume" : 54227.00
  }, {
    "date" : "2025-11-14",
    "price" : 17650.00,
    "dma50" : 17370.41,
    "dma100" : 17457.35,
    "dma200" : 14272.20,
    "volume" : 69559.00
  }, {
    "date" : "2025-11-17",
    "price" : 17574.00,
    "dma50" : 17378.40,
    "dma100" : 17489.76,
    "dma200" : 14305.05,
    "volume" : 37319.00
  }, {
    "date" : "2025-11-18",
    "price" : 17440.00,
    "dma50" : 17380.81,
    "dma100" : 17526.98,
    "dma200" : 14336.25,
    "volume" : 39964.00
  }, {
    "date" : "2025-11-19",
    "price" : 17618.00,
    "dma50" : 17390.11,
    "dma100" : 17564.29,
    "dma200" : 14368.90,
    "volume" : 51194.00
  }, {
    "date" : "2025-11-20",
    "price" : 17508.00,
    "dma50" : 17394.74,
    "dma100" : 17598.24,
    "dma200" : 14400.14,
    "volume" : 29325.00
  }, {
    "date" : "2025-11-21",
    "price" : 16901.00,
    "dma50" : 17375.38,
    "dma100" : 17622.25,
    "dma200" : 14425.02,
    "volume" : 43966.00
  }, {
    "date" : "2025-11-24",
    "price" : 16731.00,
    "dma50" : 17350.11,
    "dma100" : 17628.79,
    "dma200" : 14447.97,
    "volume" : 40304.00
  }, {
    "date" : "2025-11-25",
    "price" : 16795.00,
    "dma50" : 17328.34,
    "dma100" : 17649.38,
    "dma200" : 14471.32,
    "volume" : 29035.00
  }, {
    "date" : "2025-11-26",
    "price" : 16959.00,
    "dma50" : 17313.85,
    "dma100" : 17673.13,
    "dma200" : 14496.07,
    "volume" : 35615.00
  }, {
    "date" : "2025-11-27",
    "price" : 17248.00,
    "dma50" : 17311.27,
    "dma100" : 17701.47,
    "dma200" : 14523.46,
    "volume" : 56229.00
  }, {
    "date" : "2025-11-28",
    "price" : 17818.00,
    "dma50" : 17331.14,
    "dma100" : 17736.23,
    "dma200" : 14556.24,
    "volume" : 105304.00
  }, {
    "date" : "2025-12-01",
    "price" : 18231.00,
    "dma50" : 17366.43,
    "dma100" : 17770.14,
    "dma200" : 14592.80,
    "volume" : 84535.00
  }, {
    "date" : "2025-12-02",
    "price" : 17882.00,
    "dma50" : 17386.65,
    "dma100" : 17796.62,
    "dma200" : 14625.53,
    "volume" : 89308.00
  }, {
    "date" : "2025-12-03",
    "price" : 17583.00,
    "dma50" : 17394.35,
    "dma100" : 17805.26,
    "dma200" : 14654.96,
    "volume" : 34905.00
  }, {
    "date" : "2025-12-04",
    "price" : 17568.00,
    "dma50" : 17401.16,
    "dma100" : 17814.78,
    "dma200" : 14683.94,
    "volume" : 50280.00
  }, {
    "date" : "2025-12-05",
    "price" : 17167.00,
    "dma50" : 17391.98,
    "dma100" : 17822.24,
    "dma200" : 14708.65,
    "volume" : 39897.00
  }, {
    "date" : "2025-12-08",
    "price" : 17205.00,
    "dma50" : 17384.64,
    "dma100" : 17827.46,
    "dma200" : 14733.49,
    "volume" : 37010.00
  }, {
    "date" : "2025-12-09",
    "price" : 17112.00,
    "dma50" : 17373.95,
    "dma100" : 17830.89,
    "dma200" : 14757.16,
    "volume" : 45447.00
  }, {
    "date" : "2025-12-10",
    "price" : 16732.00,
    "dma50" : 17348.78,
    "dma100" : 17829.85,
    "dma200" : 14776.81,
    "volume" : 27392.00
  }, {
    "date" : "2025-12-11",
    "price" : 16978.00,
    "dma50" : 17334.24,
    "dma100" : 17831.21,
    "dma200" : 14798.71,
    "volume" : 41404.00
  }, {
    "date" : "2025-12-12",
    "price" : 17415.00,
    "dma50" : 17337.40,
    "dma100" : 17839.19,
    "dma200" : 14824.74,
    "volume" : 44874.00
  }, {
    "date" : "2025-12-15",
    "price" : 17301.00,
    "dma50" : 17335.98,
    "dma100" : 17840.12,
    "dma200" : 14849.38,
    "volume" : 26256.00
  }, {
    "date" : "2025-12-16",
    "price" : 17330.00,
    "dma50" : 17335.74,
    "dma100" : 17838.35,
    "dma200" : 14874.06,
    "volume" : 26717.00
  }, {
    "date" : "2025-12-17",
    "price" : 17067.00,
    "dma50" : 17325.20,
    "dma100" : 17837.62,
    "dma200" : 14895.88,
    "volume" : 22330.00
  }, {
    "date" : "2025-12-18",
    "price" : 17304.00,
    "dma50" : 17324.37,
    "dma100" : 17819.17,
    "dma200" : 14919.85,
    "volume" : 34281.00
  }, {
    "date" : "2025-12-19",
    "price" : 17801.00,
    "dma50" : 17343.06,
    "dma100" : 17818.48,
    "dma200" : 14948.51,
    "volume" : 121589.00
  }, {
    "date" : "2025-12-22",
    "price" : 18364.00,
    "dma50" : 17383.10,
    "dma100" : 17819.84,
    "dma200" : 14982.50,
    "volume" : 78193.00
  }, {
    "date" : "2025-12-23",
    "price" : 18453.00,
    "dma50" : 17425.06,
    "dma100" : 17825.65,
    "dma200" : 15017.03,
    "volume" : 40567.00
  }, {
    "date" : "2025-12-24",
    "price" : 18365.00,
    "dma50" : 17461.92,
    "dma100" : 17832.60,
    "dma200" : 15050.34,
    "volume" : 27116.00
  } ],
  "latestTechnicalAttributes" : {
    "date" : "2025-12-24",
    "price" : 18365.00,
    "dma50" : 17461.92,
    "dma100" : 17832.60,
    "dma200" : 15050.34,
    "volume" : 27116.00
  },
  "quarterlyResults" : [ {
    "date" : "2005-03-31",
    "sales" : 299.10,
    "salesGrowthYoY" : null,
    "grossProfitMargin" : 27.05,
    "grossProfit" : 80.91,
    "operatingProfitMargin" : 1.18,
    "operatingProfit" : 3.53,
    "netProfitMargin" : 0.69,
    "netProfit" : 2.06
  }, {
    "date" : "2005-06-30",
    "sales" : 188.23,
    "salesGrowthYoY" : null,
    "grossProfitMargin" : 30.91,
    "grossProfit" : 58.18,
    "operatingProfitMargin" : -0.24,
    "operatingProfit" : -0.45,
    "netProfitMargin" : 0.47,
    "netProfit" : 0.88
  }, {
    "date" : "2005-09-30",
    "sales" : 244.23,
    "salesGrowthYoY" : null,
    "grossProfitMargin" : 23.47,
    "grossProfit" : 57.32,
    "operatingProfitMargin" : 0.69,
    "operatingProfit" : 1.69,
    "netProfitMargin" : 1.54,
    "netProfit" : 3.76
  }, {
    "date" : "2005-12-31",
    "sales" : 234.37,
    "salesGrowthYoY" : null,
    "grossProfitMargin" : 26.78,
    "grossProfit" : 62.76,
    "operatingProfitMargin" : -0.36,
    "operatingProfit" : -0.84,
    "netProfitMargin" : -0.52,
    "netProfit" : -1.22
  }, {
    "date" : "2006-03-31",
    "sales" : 266.98,
    "salesGrowthYoY" : -10.74,
    "grossProfitMargin" : 19.79,
    "grossProfit" : 52.84,
    "operatingProfitMargin" : -16.21,
    "operatingProfit" : -43.28,
    "netProfitMargin" : 10.00,
    "netProfit" : 26.70
  }, {
    "date" : "2006-06-30",
    "sales" : 197.36,
    "salesGrowthYoY" : 4.85,
    "grossProfitMargin" : 23.69,
    "grossProfit" : 46.75,
    "operatingProfitMargin" : -5.15,
    "operatingProfit" : -10.16,
    "netProfitMargin" : -5.47,
    "netProfit" : -10.80
  }, {
    "date" : "2006-09-30",
    "sales" : 243.83,
    "salesGrowthYoY" : -0.16,
    "grossProfitMargin" : 22.34,
    "grossProfit" : 54.47,
    "operatingProfitMargin" : -3.77,
    "operatingProfit" : -9.19,
    "netProfitMargin" : -2.79,
    "netProfit" : -6.80
  }, {
    "date" : "2006-12-31",
    "sales" : 254.25,
    "salesGrowthYoY" : 8.48,
    "grossProfitMargin" : 21.03,
    "grossProfit" : 53.47,
    "operatingProfitMargin" : -7.24,
    "operatingProfit" : -18.41,
    "netProfitMargin" : -8.34,
    "netProfit" : -21.20
  }, {
    "date" : "2007-03-31",
    "sales" : 280.17,
    "salesGrowthYoY" : 4.94,
    "grossProfitMargin" : 21.11,
    "grossProfit" : 59.14,
    "operatingProfitMargin" : -11.56,
    "operatingProfit" : -32.39,
    "netProfitMargin" : -11.96,
    "netProfit" : -33.51
  }, {
    "date" : "2007-06-30",
    "sales" : 179.97,
    "salesGrowthYoY" : -8.81,
    "grossProfitMargin" : 24.19,
    "grossProfit" : 43.53,
    "operatingProfitMargin" : -6.05,
    "operatingProfit" : -10.89,
    "netProfitMargin" : -8.21,
    "netProfit" : -14.78
  }, {
    "date" : "2007-09-30",
    "sales" : 212.45,
    "salesGrowthYoY" : -12.87,
    "grossProfitMargin" : 21.99,
    "grossProfit" : 46.72,
    "operatingProfitMargin" : -7.99,
    "operatingProfit" : -16.97,
    "netProfitMargin" : -10.92,
    "netProfit" : -23.20
  }, {
    "date" : "2007-12-31",
    "sales" : 237.55,
    "salesGrowthYoY" : -6.57,
    "grossProfitMargin" : 19.94,
    "grossProfit" : 47.37,
    "operatingProfitMargin" : -9.08,
    "operatingProfit" : -21.57,
    "netProfitMargin" : -9.44,
    "netProfit" : -22.42
  }, {
    "date" : "2008-03-31",
    "sales" : 275.09,
    "salesGrowthYoY" : -1.81,
    "grossProfitMargin" : 16.72,
    "grossProfit" : 46.00,
    "operatingProfitMargin" : -8.47,
    "operatingProfit" : -23.30,
    "netProfitMargin" : -8.45,
    "netProfit" : -23.25
  }, {
    "date" : "2008-06-30",
    "sales" : 234.75,
    "salesGrowthYoY" : 30.44,
    "grossProfitMargin" : 20.57,
    "grossProfit" : 48.29,
    "operatingProfitMargin" : -0.76,
    "operatingProfit" : -1.78,
    "netProfitMargin" : -9.56,
    "netProfit" : -22.44
  }, {
    "date" : "2008-09-30",
    "sales" : 238.50,
    "salesGrowthYoY" : 12.26,
    "grossProfitMargin" : 17.83,
    "grossProfit" : 42.52,
    "operatingProfitMargin" : -2.92,
    "operatingProfit" : -6.96,
    "netProfitMargin" : -11.75,
    "netProfit" : -28.02
  }, {
    "date" : "2008-12-31",
    "sales" : 147.90,
    "salesGrowthYoY" : -37.74,
    "grossProfitMargin" : 26.06,
    "grossProfit" : 38.54,
    "operatingProfitMargin" : -2.93,
    "operatingProfit" : -4.33,
    "netProfitMargin" : -17.08,
    "netProfit" : -25.26
  }, {
    "date" : "2009-03-31",
    "sales" : 188.12,
    "salesGrowthYoY" : -31.62,
    "grossProfitMargin" : 17.90,
    "grossProfit" : 33.67,
    "operatingProfitMargin" : -14.09,
    "operatingProfit" : -26.51,
    "netProfitMargin" : -19.57,
    "netProfit" : -36.82
  }, {
    "date" : "2009-06-30",
    "sales" : 201.01,
    "salesGrowthYoY" : -14.37,
    "grossProfitMargin" : 25.57,
    "grossProfit" : 51.40,
    "operatingProfitMargin" : 3.76,
    "operatingProfit" : 7.56,
    "netProfitMargin" : -2.99,
    "netProfit" : -6.01
  }, {
    "date" : "2009-09-30",
    "sales" : 240.99,
    "salesGrowthYoY" : 1.04,
    "grossProfitMargin" : 29.55,
    "grossProfit" : 71.21,
    "operatingProfitMargin" : 8.58,
    "operatingProfit" : 20.68,
    "netProfitMargin" : 3.30,
    "netProfit" : 7.95
  }, {
    "date" : "2009-12-31",
    "sales" : 231.93,
    "salesGrowthYoY" : 56.82,
    "grossProfitMargin" : 30.28,
    "grossProfit" : 70.23,
    "operatingProfitMargin" : 8.12,
    "operatingProfit" : 18.83,
    "netProfitMargin" : 3.03,
    "netProfit" : 7.03
  }, {
    "date" : "2010-03-31",
    "sales" : 354.70,
    "salesGrowthYoY" : 88.55,
    "grossProfitMargin" : 29.02,
    "grossProfit" : 102.93,
    "operatingProfitMargin" : 8.84,
    "operatingProfit" : 31.36,
    "netProfitMargin" : 8.40,
    "netProfit" : 29.79
  }, {
    "date" : "2010-06-30",
    "sales" : 314.38,
    "salesGrowthYoY" : 56.40,
    "grossProfitMargin" : 30.85,
    "grossProfit" : 96.99,
    "operatingProfitMargin" : 10.94,
    "operatingProfit" : 34.39,
    "netProfitMargin" : 3.48,
    "netProfit" : 10.94
  }, {
    "date" : "2010-09-30",
    "sales" : 374.75,
    "salesGrowthYoY" : 55.50,
    "grossProfitMargin" : 29.09,
    "grossProfit" : 109.01,
    "operatingProfitMargin" : 8.19,
    "operatingProfit" : 30.69,
    "netProfitMargin" : 3.51,
    "netProfit" : 13.15
  }, {
    "date" : "2010-12-31",
    "sales" : 385.44,
    "salesGrowthYoY" : 66.19,
    "grossProfitMargin" : 28.38,
    "grossProfit" : 109.39,
    "operatingProfitMargin" : 8.66,
    "operatingProfit" : 33.38,
    "netProfitMargin" : 3.52,
    "netProfit" : 13.57
  }, {
    "date" : "2011-03-31",
    "sales" : 496.23,
    "salesGrowthYoY" : 39.90,
    "grossProfitMargin" : 34.36,
    "grossProfit" : 170.50,
    "operatingProfitMargin" : 9.75,
    "operatingProfit" : 48.38,
    "netProfitMargin" : 4.22,
    "netProfit" : 20.94
  }, {
    "date" : "2011-06-30",
    "sales" : 429.75,
    "salesGrowthYoY" : 36.70,
    "grossProfitMargin" : 33.11,
    "grossProfit" : 142.29,
    "operatingProfitMargin" : 9.66,
    "operatingProfit" : 41.51,
    "netProfitMargin" : 4.49,
    "netProfit" : 19.30
  }, {
    "date" : "2011-09-30",
    "sales" : 525.62,
    "salesGrowthYoY" : 40.26,
    "grossProfitMargin" : 31.55,
    "grossProfit" : 165.83,
    "operatingProfitMargin" : 4.98,
    "operatingProfit" : 26.18,
    "netProfitMargin" : 0.81,
    "netProfit" : 4.26
  }, {
    "date" : "2011-12-31",
    "sales" : 518.21,
    "salesGrowthYoY" : 34.45,
    "grossProfitMargin" : 29.37,
    "grossProfit" : 152.20,
    "operatingProfitMargin" : 5.11,
    "operatingProfit" : 26.48,
    "netProfitMargin" : 0.45,
    "netProfit" : 2.33
  }, {
    "date" : "2012-03-31",
    "sales" : 611.42,
    "salesGrowthYoY" : 23.21,
    "grossProfitMargin" : 27.24,
    "grossProfit" : 166.55,
    "operatingProfitMargin" : 4.39,
    "operatingProfit" : 26.84,
    "netProfitMargin" : 2.69,
    "netProfit" : 16.45
  }, {
    "date" : "2012-06-30",
    "sales" : 505.06,
    "salesGrowthYoY" : 17.52,
    "grossProfitMargin" : 27.76,
    "grossProfit" : 140.20,
    "operatingProfitMargin" : 3.40,
    "operatingProfit" : 17.17,
    "netProfitMargin" : 2.05,
    "netProfit" : 10.35
  }, {
    "date" : "2012-09-30",
    "sales" : 504.06,
    "salesGrowthYoY" : -4.10,
    "grossProfitMargin" : 28.67,
    "grossProfit" : 144.51,
    "operatingProfitMargin" : 6.13,
    "operatingProfit" : 30.90,
    "netProfitMargin" : 3.80,
    "netProfit" : 19.15
  }, {
    "date" : "2012-12-31",
    "sales" : 436.32,
    "salesGrowthYoY" : -15.80,
    "grossProfitMargin" : 28.88,
    "grossProfit" : 126.01,
    "operatingProfitMargin" : 4.38,
    "operatingProfit" : 19.11,
    "netProfitMargin" : 1.86,
    "netProfit" : 8.12
  }, {
    "date" : "2013-03-31",
    "sales" : 527.28,
    "salesGrowthYoY" : -13.76,
    "grossProfitMargin" : 29.07,
    "grossProfit" : 153.28,
    "operatingProfitMargin" : -2.52,
    "operatingProfit" : -13.29,
    "netProfitMargin" : -4.42,
    "netProfit" : -23.31
  }, {
    "date" : "2013-06-30",
    "sales" : 504.32,
    "salesGrowthYoY" : -0.15,
    "grossProfitMargin" : 32.36,
    "grossProfit" : 163.20,
    "operatingProfitMargin" : 6.45,
    "operatingProfit" : 32.53,
    "netProfitMargin" : 2.83,
    "netProfit" : 14.27
  }, {
    "date" : "2013-09-30",
    "sales" : 471.76,
    "salesGrowthYoY" : -6.41,
    "grossProfitMargin" : 30.83,
    "grossProfit" : 145.44,
    "operatingProfitMargin" : 4.18,
    "operatingProfit" : 19.72,
    "netProfitMargin" : 5.71,
    "netProfit" : 26.94
  }, {
    "date" : "2013-12-31",
    "sales" : 479.48,
    "salesGrowthYoY" : 9.89,
    "grossProfitMargin" : 24.62,
    "grossProfit" : 118.05,
    "operatingProfitMargin" : -0.44,
    "operatingProfit" : -2.11,
    "netProfitMargin" : -1.75,
    "netProfit" : -8.39
  }, {
    "date" : "2014-03-31",
    "sales" : 566.08,
    "salesGrowthYoY" : 7.36,
    "grossProfitMargin" : 31.61,
    "grossProfit" : 178.94,
    "operatingProfitMargin" : 8.22,
    "operatingProfit" : 46.53,
    "netProfitMargin" : 7.92,
    "netProfit" : 44.83
  }, {
    "date" : "2014-06-30",
    "sales" : 545.01,
    "salesGrowthYoY" : 8.07,
    "grossProfitMargin" : 29.00,
    "grossProfit" : 158.05,
    "operatingProfitMargin" : 6.71,
    "operatingProfit" : 36.57,
    "netProfitMargin" : 3.56,
    "netProfit" : 19.40
  }, {
    "date" : "2014-09-30",
    "sales" : 598.85,
    "salesGrowthYoY" : 26.94,
    "grossProfitMargin" : 31.25,
    "grossProfit" : 187.14,
    "operatingProfitMargin" : 6.00,
    "operatingProfit" : 35.93,
    "netProfitMargin" : 4.29,
    "netProfit" : 25.69
  }, {
    "date" : "2014-12-31",
    "sales" : 516.92,
    "salesGrowthYoY" : 7.81,
    "grossProfitMargin" : 30.47,
    "grossProfit" : 157.51,
    "operatingProfitMargin" : 2.88,
    "operatingProfit" : 14.89,
    "netProfitMargin" : 1.93,
    "netProfit" : 9.98
  }, {
    "date" : "2015-03-31",
    "sales" : 702.94,
    "salesGrowthYoY" : 24.18,
    "grossProfitMargin" : 31.29,
    "grossProfit" : 219.95,
    "operatingProfitMargin" : 8.48,
    "operatingProfit" : 59.61,
    "netProfitMargin" : 6.58,
    "netProfit" : 46.25
  }, {
    "date" : "2015-06-30",
    "sales" : 634.04,
    "salesGrowthYoY" : 16.34,
    "grossProfitMargin" : 28.73,
    "grossProfit" : 182.16,
    "operatingProfitMargin" : 8.55,
    "operatingProfit" : 54.21,
    "netProfitMargin" : 5.55,
    "netProfit" : 35.19
  }, {
    "date" : "2015-09-30",
    "sales" : 758.04,
    "salesGrowthYoY" : 26.58,
    "grossProfitMargin" : 28.62,
    "grossProfit" : 216.95,
    "operatingProfitMargin" : 8.61,
    "operatingProfit" : 65.27,
    "netProfitMargin" : 5.63,
    "netProfit" : 42.68
  }, {
    "date" : "2015-12-31",
    "sales" : 733.54,
    "salesGrowthYoY" : 41.91,
    "grossProfitMargin" : 26.76,
    "grossProfit" : 196.30,
    "operatingProfitMargin" : 6.45,
    "operatingProfit" : 47.31,
    "netProfitMargin" : 3.72,
    "netProfit" : 27.29
  }, {
    "date" : "2016-03-31",
    "sales" : 899.05,
    "salesGrowthYoY" : 27.90,
    "grossProfitMargin" : 28.57,
    "grossProfit" : 256.86,
    "operatingProfitMargin" : 11.93,
    "operatingProfit" : 107.26,
    "netProfitMargin" : 8.18,
    "netProfit" : 73.54
  }, {
    "date" : "2016-06-30",
    "sales" : 753.16,
    "salesGrowthYoY" : 18.79,
    "grossProfitMargin" : 28.35,
    "grossProfit" : 213.52,
    "operatingProfitMargin" : 9.54,
    "operatingProfit" : 71.85,
    "netProfitMargin" : 6.83,
    "netProfit" : 51.44
  }, {
    "date" : "2016-09-30",
    "sales" : 849.22,
    "salesGrowthYoY" : 12.03,
    "grossProfitMargin" : 28.22,
    "grossProfit" : 239.65,
    "operatingProfitMargin" : 8.84,
    "operatingProfit" : 75.07,
    "netProfitMargin" : 5.84,
    "netProfit" : 49.59
  }, {
    "date" : "2016-12-31",
    "sales" : 629.06,
    "salesGrowthYoY" : -14.24,
    "grossProfitMargin" : 28.72,
    "grossProfit" : 180.67,
    "operatingProfitMargin" : 4.59,
    "operatingProfit" : 28.87,
    "netProfitMargin" : 3.70,
    "netProfit" : 23.28
  }, {
    "date" : "2017-03-31",
    "sales" : 837.56,
    "salesGrowthYoY" : -6.84,
    "grossProfitMargin" : 27.80,
    "grossProfit" : 232.84,
    "operatingProfitMargin" : 10.98,
    "operatingProfit" : 91.96,
    "netProfitMargin" : 6.56,
    "netProfit" : 54.94
  }, {
    "date" : "2017-06-30",
    "sales" : 744.45,
    "salesGrowthYoY" : -1.16,
    "grossProfitMargin" : 24.42,
    "grossProfit" : 181.79,
    "operatingProfitMargin" : 5.01,
    "operatingProfit" : 37.30,
    "netProfitMargin" : 4.02,
    "netProfit" : 29.93
  }, {
    "date" : "2017-09-30",
    "sales" : 892.99,
    "salesGrowthYoY" : 5.15,
    "grossProfitMargin" : 25.67,
    "grossProfit" : 229.23,
    "operatingProfitMargin" : 8.93,
    "operatingProfit" : 79.74,
    "netProfitMargin" : 4.67,
    "netProfit" : 41.70
  }, {
    "date" : "2017-12-31",
    "sales" : 749.52,
    "salesGrowthYoY" : 19.15,
    "grossProfitMargin" : 24.89,
    "grossProfit" : 186.56,
    "operatingProfitMargin" : 6.07,
    "operatingProfit" : 45.50,
    "netProfitMargin" : 1.95,
    "netProfit" : 14.62
  }, {
    "date" : "2018-03-31",
    "sales" : 1040.94,
    "salesGrowthYoY" : 24.28,
    "grossProfitMargin" : 26.17,
    "grossProfit" : 272.41,
    "operatingProfitMargin" : 10.59,
    "operatingProfit" : 110.24,
    "netProfitMargin" : 5.82,
    "netProfit" : 60.58
  }, {
    "date" : "2018-06-30",
    "sales" : 889.07,
    "salesGrowthYoY" : 19.43,
    "grossProfitMargin" : 25.27,
    "grossProfit" : 224.67,
    "operatingProfitMargin" : 8.88,
    "operatingProfit" : 78.95,
    "netProfitMargin" : 4.60,
    "netProfit" : 40.90
  }, {
    "date" : "2018-09-30",
    "sales" : 878.84,
    "salesGrowthYoY" : -1.58,
    "grossProfitMargin" : 23.46,
    "grossProfit" : 206.18,
    "operatingProfitMargin" : 8.11,
    "operatingProfit" : 71.27,
    "netProfitMargin" : 4.52,
    "netProfit" : 39.72
  }, {
    "date" : "2018-12-31",
    "sales" : 823.64,
    "salesGrowthYoY" : 9.89,
    "grossProfitMargin" : 23.76,
    "grossProfit" : 195.70,
    "operatingProfitMargin" : 6.71,
    "operatingProfit" : 55.27,
    "netProfitMargin" : 3.32,
    "netProfit" : 27.34
  }, {
    "date" : "2019-03-31",
    "sales" : 1060.55,
    "salesGrowthYoY" : 1.88,
    "grossProfitMargin" : 23.11,
    "grossProfit" : 245.09,
    "operatingProfitMargin" : 6.87,
    "operatingProfit" : 72.86,
    "netProfitMargin" : 3.70,
    "netProfit" : 39.24
  }, {
    "date" : "2019-06-30",
    "sales" : 802.39,
    "salesGrowthYoY" : -9.75,
    "grossProfitMargin" : 26.66,
    "grossProfit" : 213.92,
    "operatingProfitMargin" : 8.73,
    "operatingProfit" : 70.05,
    "netProfitMargin" : 3.36,
    "netProfit" : 26.96
  }, {
    "date" : "2019-09-30",
    "sales" : 755.06,
    "salesGrowthYoY" : -14.08,
    "grossProfitMargin" : 25.32,
    "grossProfit" : 191.18,
    "operatingProfitMargin" : 5.04,
    "operatingProfit" : 38.06,
    "netProfitMargin" : 1.00,
    "netProfit" : 7.55
  }, {
    "date" : "2019-12-31",
    "sales" : 869.01,
    "salesGrowthYoY" : 5.51,
    "grossProfitMargin" : 26.85,
    "grossProfit" : 233.33,
    "operatingProfitMargin" : 9.96,
    "operatingProfit" : 86.55,
    "netProfitMargin" : 3.63,
    "netProfit" : 31.55
  }, {
    "date" : "2020-03-31",
    "sales" : 653.67,
    "salesGrowthYoY" : -38.36,
    "grossProfitMargin" : 33.50,
    "grossProfit" : 218.98,
    "operatingProfitMargin" : 11.30,
    "operatingProfit" : 73.86,
    "netProfitMargin" : 3.26,
    "netProfit" : 21.31
  }, {
    "date" : "2020-06-30",
    "sales" : 185.31,
    "salesGrowthYoY" : -76.91,
    "grossProfitMargin" : 23.29,
    "grossProfit" : 43.16,
    "operatingProfitMargin" : -27.19,
    "operatingProfit" : -50.39,
    "netProfitMargin" : -34.12,
    "netProfit" : -63.23
  }, {
    "date" : "2020-09-30",
    "sales" : 694.49,
    "salesGrowthYoY" : -8.02,
    "grossProfitMargin" : 24.62,
    "grossProfit" : 170.98,
    "operatingProfitMargin" : 9.54,
    "operatingProfit" : 66.25,
    "netProfitMargin" : 2.34,
    "netProfit" : 16.25
  }, {
    "date" : "2020-12-31",
    "sales" : 495.59,
    "salesGrowthYoY" : -42.97,
    "grossProfitMargin" : 25.78,
    "grossProfit" : 127.76,
    "operatingProfitMargin" : 6.68,
    "operatingProfit" : 33.11,
    "netProfitMargin" : -3.01,
    "netProfit" : -14.92
  }, {
    "date" : "2021-03-31",
    "sales" : 612.43,
    "salesGrowthYoY" : -6.31,
    "grossProfitMargin" : 24.85,
    "grossProfit" : 152.19,
    "operatingProfitMargin" : -5.92,
    "operatingProfit" : -36.26,
    "netProfitMargin" : -8.16,
    "netProfit" : -49.97
  }, {
    "date" : "2021-06-30",
    "sales" : 643.24,
    "salesGrowthYoY" : 247.12,
    "grossProfitMargin" : 23.16,
    "grossProfit" : 148.97,
    "operatingProfitMargin" : 5.34,
    "operatingProfit" : 34.35,
    "netProfitMargin" : 0.24,
    "netProfit" : 1.54
  }, {
    "date" : "2021-09-30",
    "sales" : 937.64,
    "salesGrowthYoY" : 35.01,
    "grossProfitMargin" : 19.92,
    "grossProfit" : 186.78,
    "operatingProfitMargin" : 4.75,
    "operatingProfit" : 44.54,
    "netProfitMargin" : 0.40,
    "netProfit" : 3.75
  }, {
    "date" : "2021-12-31",
    "sales" : 777.78,
    "salesGrowthYoY" : 56.94,
    "grossProfitMargin" : 17.22,
    "grossProfit" : 133.93,
    "operatingProfitMargin" : -1.47,
    "operatingProfit" : -11.43,
    "netProfitMargin" : -5.13,
    "netProfit" : -39.90
  }, {
    "date" : "2022-03-31",
    "sales" : 881.38,
    "salesGrowthYoY" : 43.92,
    "grossProfitMargin" : 17.15,
    "grossProfit" : 151.16,
    "operatingProfitMargin" : -0.08,
    "operatingProfit" : -0.71,
    "netProfitMargin" : -4.54,
    "netProfit" : -40.01
  }, {
    "date" : "2022-06-30",
    "sales" : 970.71,
    "salesGrowthYoY" : 50.91,
    "grossProfitMargin" : 20.93,
    "grossProfit" : 203.17,
    "operatingProfitMargin" : 4.60,
    "operatingProfit" : 44.65,
    "netProfitMargin" : -1.29,
    "netProfit" : -12.52
  }, {
    "date" : "2022-09-30",
    "sales" : 1263.97,
    "salesGrowthYoY" : 34.80,
    "grossProfitMargin" : 21.97,
    "grossProfit" : 277.69,
    "operatingProfitMargin" : 7.84,
    "operatingProfit" : 99.10,
    "netProfitMargin" : 1.58,
    "netProfit" : 19.97
  }, {
    "date" : "2022-12-31",
    "sales" : 1303.76,
    "salesGrowthYoY" : 67.63,
    "grossProfitMargin" : 21.52,
    "grossProfit" : 280.57,
    "operatingProfitMargin" : 4.99,
    "operatingProfit" : 65.06,
    "netProfitMargin" : -0.35,
    "netProfit" : -4.56
  }, {
    "date" : "2023-03-31",
    "sales" : 1490.15,
    "salesGrowthYoY" : 69.07,
    "grossProfitMargin" : 23.28,
    "grossProfit" : 346.91,
    "operatingProfitMargin" : 8.10,
    "operatingProfit" : 120.70,
    "netProfitMargin" : 2.73,
    "netProfit" : 40.68
  }, {
    "date" : "2023-06-30",
    "sales" : 1487.44,
    "salesGrowthYoY" : 53.23,
    "grossProfitMargin" : 26.33,
    "grossProfit" : 391.64,
    "operatingProfitMargin" : 12.13,
    "operatingProfit" : 180.43,
    "netProfitMargin" : 4.84,
    "netProfit" : 71.99
  }, {
    "date" : "2023-09-30",
    "sales" : 1801.57,
    "salesGrowthYoY" : 42.53,
    "grossProfitMargin" : 24.97,
    "grossProfit" : 449.85,
    "operatingProfitMargin" : 12.48,
    "operatingProfit" : 224.84,
    "netProfitMargin" : 5.45,
    "netProfit" : 98.19
  }, {
    "date" : "2023-12-31",
    "sales" : 1691.56,
    "salesGrowthYoY" : 29.74,
    "grossProfitMargin" : 27.52,
    "grossProfit" : 465.52,
    "operatingProfitMargin" : 13.26,
    "operatingProfit" : 224.30,
    "netProfitMargin" : 5.60,
    "netProfit" : 94.73
  }, {
    "date" : "2024-03-31",
    "sales" : 2011.08,
    "salesGrowthYoY" : 34.96,
    "grossProfitMargin" : 27.86,
    "grossProfit" : 560.29,
    "operatingProfitMargin" : 13.85,
    "operatingProfit" : 278.53,
    "netProfitMargin" : 6.80,
    "netProfit" : 136.75
  }, {
    "date" : "2024-06-30",
    "sales" : 1884.78,
    "salesGrowthYoY" : 26.71,
    "grossProfitMargin" : 26.47,
    "grossProfit" : 498.90,
    "operatingProfitMargin" : 13.21,
    "operatingProfit" : 248.98,
    "netProfitMargin" : 6.35,
    "netProfit" : 119.68
  }, {
    "date" : "2024-09-30",
    "sales" : 1941.20,
    "salesGrowthYoY" : 7.75,
    "grossProfitMargin" : 26.51,
    "grossProfit" : 514.61,
    "operatingProfitMargin" : 14.55,
    "operatingProfit" : 282.44,
    "netProfitMargin" : 7.25,
    "netProfit" : 140.74
  }, {
    "date" : "2024-12-31",
    "sales" : 1889.36,
    "salesGrowthYoY" : 11.69,
    "grossProfitMargin" : 24.97,
    "grossProfit" : 471.77,
    "operatingProfitMargin" : 12.26,
    "operatingProfit" : 231.64,
    "netProfitMargin" : 5.83,
    "netProfit" : 110.15
  }, {
    "date" : "2025-03-31",
    "sales" : 2355.89,
    "salesGrowthYoY" : 17.15,
    "grossProfitMargin" : 27.11,
    "grossProfit" : 638.68,
    "operatingProfitMargin" : 13.97,
    "operatingProfit" : 329.12,
    "netProfitMargin" : 7.38,
    "netProfit" : 173.86
  }, {
    "date" : "2025-06-30",
    "sales" : 2297.12,
    "salesGrowthYoY" : 21.88,
    "grossProfitMargin" : 26.67,
    "grossProfit" : 612.64,
    "operatingProfitMargin" : 14.45,
    "operatingProfit" : 331.93,
    "netProfitMargin" : 8.06,
    "netProfit" : 185.15
  }, {
    "date" : "2025-09-30",
    "sales" : 2081.27,
    "salesGrowthYoY" : 7.22,
    "grossProfitMargin" : 30.63,
    "grossProfit" : 637.49,
    "operatingProfitMargin" : 17.42,
    "operatingProfit" : 362.56,
    "netProfitMargin" : 16.79,
    "netProfit" : 349.45
  } ],
  "latestQuarterlyResult" : {
    "date" : "2025-09-30",
    "sales" : 2081.27,
    "salesGrowthYoY" : 7.22,
    "grossProfitMargin" : 30.63,
    "grossProfit" : 637.49,
    "operatingProfitMargin" : 17.42,
    "operatingProfit" : 362.56,
    "netProfitMargin" : 16.79,
    "netProfit" : 349.45
  },
  "companyScore" : {
    "priceHigherThanDma50" : 5.00,
    "priceHigherThanDma100" : 5.00,
    "priceHigherThanDma200" : 5.00,
    "dma50HigherThanDma100" : 0.00,
    "dma50HigherThanDma200" : 5.00,
    "dma100HigherThanDma200" : 5.00,
    "pricePercentageAboveDma50" : 4.74,
    "pricePercentageAboveDma100" : 4.85,
    "pricePercentageAboveDma200" : 3.90,
    "weeklyVolumeHigherThanYearlyVolume" : 0.00,
    "salesGrowthPercentile" : 8.10,
    "operatingProfitMarginPercentile" : 20.00,
    "netProfitMarginPercentile" : 10.00,
    "totalTechnicalScore" : 38.49,
    "totalFundamentalScore" : 38.10,
    "totalScore" : 76.59
  }
}