{
  "metadata" : {
    "screenerCompanyId" : "1225",
    "companyCode" : "GAEL",
    "companyName" : "Guj. Ambuja Exp",
    "screenerCompanyLink" : "https://www.screener.in/company/GAEL/consolidated/",
    "screenerTechnicalHistoryLink" : "https://www.screener.in/api/company/1225/chart/?q=Price-DMA50-DMA200-Volume&days=365",
    "screenerQuarterlyResultsLink" : "https://www.screener.in/api/company/1225/chart/?q=GPM-OPM-NPM-Quarter+Sales&days=10000",
    "attributes" : {
      "companyCode" : "GAEL",
      "companyName" : "Guj. Ambuja Exp",
      "marketCap" : 6342.00,
      "peRatio" : 31.00,
      "description" : "Gujarat Ambuja Exports is engaged in the manufacturing of Corn Starch Derivatives, Soya Derivatives, Feed Ingredients, Cotton Yarn, and Edible Oils. Since its incorporation in 1991, GAEL strives to serve the Food, Pharmaceutical, Feed, and many other industries with a long-term growth strategy in the Agro-Processing sector. (Source: Company Website)"
    },
    "companyScore" : {
      "priceHigherThanDma50" : 5.00,
      "priceHigherThanDma100" : 5.00,
      "priceHigherThanDma200" : 5.00,
      "dma50HigherThanDma100" : 5.00,
      "dma50HigherThanDma200" : 5.00,
      "dma100HigherThanDma200" : 0.00,
      "pricePercentageAboveDma50" : 4.68,
      "pricePercentageAboveDma100" : 4.18,
      "pricePercentageAboveDma200" : 4.23,
      "weeklyVolumeHigherThanYearlyVolume" : 5.00,
      "salesGrowthPercentile" : 17.50,
      "operatingProfitMarginPercentile" : 7.86,
      "netProfitMarginPercentile" : 5.48,
      "totalTechnicalScore" : 43.08,
      "totalFundamentalScore" : 30.83,
      "totalScore" : 73.91
    }
  },
  "attributes" : {
    "companyCode" : "GAEL",
    "companyName" : "Guj. Ambuja Exp",
    "marketCap" : 6342.00,
    "peRatio" : 31.00,
    "description" : "Gujarat Ambuja Exports is engaged in the manufacturing of Corn Starch Derivatives, Soya Derivatives, Feed Ingredients, Cotton Yarn, and Edible Oils. Since its incorporation in 1991, GAEL strives to serve the Food, Pharmaceutical, Feed, and many other industries with a long-term growth strategy in the Agro-Processing sector. (Source: Company Website)"
  },
  "technicalHistory" : [ {
    "date" : "2025-02-13",
    "price" : 113.38,
    "dma50" : 119.85,
    "dma100" : null,
    "dma200" : 133.33,
    "volume" : 544724.00
  }, {
    "date" : "2025-02-14",
    "price" : 106.20,
    "dma50" : 119.32,
    "dma100" : null,
    "dma200" : 133.06,
    "volume" : 1082931.00
  }, {
    "date" : "2025-02-17",
    "price" : 107.06,
    "dma50" : 118.83,
    "dma100" : null,
    "dma200" : 132.80,
    "volume" : 907021.00
  }, {
    "date" : "2025-02-18",
    "price" : 103.84,
    "dma50" : 118.25,
    "dma100" : null,
    "dma200" : 132.51,
    "volume" : 571372.00
  }, {
    "date" : "2025-02-19",
    "price" : 106.41,
    "dma50" : 117.78,
    "dma100" : null,
    "dma200" : 132.25,
    "volume" : 437768.00
  }, {
    "date" : "2025-02-20",
    "price" : 108.21,
    "dma50" : 117.41,
    "dma100" : null,
    "dma200" : 132.01,
    "volume" : 357961.00
  }, {
    "date" : "2025-02-21",
    "price" : 108.08,
    "dma50" : 117.04,
    "dma100" : null,
    "dma200" : 131.77,
    "volume" : 492606.00
  }, {
    "date" : "2025-02-24",
    "price" : 107.67,
    "dma50" : 116.67,
    "dma100" : null,
    "dma200" : 131.54,
    "volume" : 341358.00
  }, {
    "date" : "2025-02-25",
    "price" : 105.24,
    "dma50" : 116.23,
    "dma100" : null,
    "dma200" : 131.27,
    "volume" : 396241.00
  }, {
    "date" : "2025-02-27",
    "price" : 103.81,
    "dma50" : 115.74,
    "dma100" : null,
    "dma200" : 131.00,
    "volume" : 399634.00
  }, {
    "date" : "2025-02-28",
    "price" : 103.79,
    "dma50" : 115.27,
    "dma100" : null,
    "dma200" : 130.73,
    "volume" : 1568363.00
  }, {
    "date" : "2025-03-03",
    "price" : 101.18,
    "dma50" : 114.72,
    "dma100" : null,
    "dma200" : 130.44,
    "volume" : 1334208.00
  }, {
    "date" : "2025-03-04",
    "price" : 102.12,
    "dma50" : 114.22,
    "dma100" : null,
    "dma200" : 130.15,
    "volume" : 629320.00
  }, {
    "date" : "2025-03-05",
    "price" : 105.02,
    "dma50" : 113.86,
    "dma100" : null,
    "dma200" : 129.90,
    "volume" : 561966.00
  }, {
    "date" : "2025-03-06",
    "price" : 109.00,
    "dma50" : 113.67,
    "dma100" : null,
    "dma200" : 129.70,
    "volume" : 1019843.00
  }, {
    "date" : "2025-03-07",
    "price" : 108.68,
    "dma50" : 113.48,
    "dma100" : null,
    "dma200" : 129.49,
    "volume" : 733975.00
  }, {
    "date" : "2025-03-10",
    "price" : 107.08,
    "dma50" : 113.23,
    "dma100" : null,
    "dma200" : 129.26,
    "volume" : 529884.00
  }, {
    "date" : "2025-03-11",
    "price" : 105.28,
    "dma50" : 112.91,
    "dma100" : null,
    "dma200" : 129.02,
    "volume" : 672093.00
  }, {
    "date" : "2025-03-12",
    "price" : 103.14,
    "dma50" : 112.53,
    "dma100" : null,
    "dma200" : 128.77,
    "volume" : 611882.00
  }, {
    "date" : "2025-03-13",
    "price" : 101.70,
    "dma50" : 112.11,
    "dma100" : null,
    "dma200" : 128.50,
    "volume" : 782710.00
  }, {
    "date" : "2025-03-17",
    "price" : 102.74,
    "dma50" : 111.74,
    "dma100" : null,
    "dma200" : 128.24,
    "volume" : 711970.00
  }, {
    "date" : "2025-03-18",
    "price" : 103.44,
    "dma50" : 111.41,
    "dma100" : null,
    "dma200" : 127.99,
    "volume" : 1414945.00
  }, {
    "date" : "2025-03-19",
    "price" : 104.80,
    "dma50" : 111.15,
    "dma100" : null,
    "dma200" : 127.76,
    "volume" : 1037954.00
  }, {
    "date" : "2025-03-20",
    "price" : 105.16,
    "dma50" : 110.92,
    "dma100" : null,
    "dma200" : 127.54,
    "volume" : 1896335.00
  }, {
    "date" : "2025-03-21",
    "price" : 107.55,
    "dma50" : 110.79,
    "dma100" : null,
    "dma200" : 127.34,
    "volume" : 1163080.00
  }, {
    "date" : "2025-03-24",
    "price" : 107.23,
    "dma50" : 110.65,
    "dma100" : null,
    "dma200" : 127.14,
    "volume" : 1259549.00
  }, {
    "date" : "2025-03-25",
    "price" : 103.28,
    "dma50" : 110.36,
    "dma100" : null,
    "dma200" : 126.90,
    "volume" : 1063255.00
  }, {
    "date" : "2025-03-26",
    "price" : 103.11,
    "dma50" : 110.07,
    "dma100" : null,
    "dma200" : 126.67,
    "volume" : 1565924.00
  }, {
    "date" : "2025-03-27",
    "price" : 106.62,
    "dma50" : 109.94,
    "dma100" : null,
    "dma200" : 126.47,
    "volume" : 3652901.00
  }, {
    "date" : "2025-03-28",
    "price" : 102.12,
    "dma50" : 109.63,
    "dma100" : null,
    "dma200" : 126.22,
    "volume" : 1630737.00
  }, {
    "date" : "2025-04-01",
    "price" : 107.43,
    "dma50" : 109.55,
    "dma100" : null,
    "dma200" : 126.04,
    "volume" : 1243516.00
  }, {
    "date" : "2025-04-02",
    "price" : 107.63,
    "dma50" : 109.47,
    "dma100" : null,
    "dma200" : 125.85,
    "volume" : 661327.00
  }, {
    "date" : "2025-04-03",
    "price" : 110.68,
    "dma50" : 109.52,
    "dma100" : null,
    "dma200" : 125.70,
    "volume" : 1073365.00
  }, {
    "date" : "2025-04-04",
    "price" : 116.55,
    "dma50" : 109.79,
    "dma100" : null,
    "dma200" : 125.61,
    "volume" : 8120101.00
  }, {
    "date" : "2025-04-07",
    "price" : 115.82,
    "dma50" : 110.03,
    "dma100" : null,
    "dma200" : 125.51,
    "volume" : 2121437.00
  }, {
    "date" : "2025-04-08",
    "price" : 120.69,
    "dma50" : 110.45,
    "dma100" : null,
    "dma200" : 125.47,
    "volume" : 3054839.00
  }, {
    "date" : "2025-04-09",
    "price" : 109.79,
    "dma50" : 110.42,
    "dma100" : null,
    "dma200" : 125.31,
    "volume" : 2407962.00
  }, {
    "date" : "2025-04-11",
    "price" : 115.81,
    "dma50" : 110.63,
    "dma100" : null,
    "dma200" : 125.22,
    "volume" : 2445594.00
  }, {
    "date" : "2025-04-15",
    "price" : 120.20,
    "dma50" : 111.01,
    "dma100" : null,
    "dma200" : 125.17,
    "volume" : 1530627.00
  }, {
    "date" : "2025-04-16",
    "price" : 124.98,
    "dma50" : 111.56,
    "dma100" : null,
    "dma200" : 125.16,
    "volume" : 2975483.00
  }, {
    "date" : "2025-04-17",
    "price" : 126.50,
    "dma50" : 112.14,
    "dma100" : null,
    "dma200" : 125.18,
    "volume" : 1743635.00
  }, {
    "date" : "2025-04-21",
    "price" : 126.45,
    "dma50" : 112.70,
    "dma100" : null,
    "dma200" : 125.19,
    "volume" : 973518.00
  }, {
    "date" : "2025-04-22",
    "price" : 126.60,
    "dma50" : 113.25,
    "dma100" : null,
    "dma200" : 125.20,
    "volume" : 917611.00
  }, {
    "date" : "2025-04-23",
    "price" : 126.89,
    "dma50" : 113.78,
    "dma100" : null,
    "dma200" : 125.22,
    "volume" : 967786.00
  }, {
    "date" : "2025-04-24",
    "price" : 128.41,
    "dma50" : 114.36,
    "dma100" : null,
    "dma200" : 125.25,
    "volume" : 947577.00
  }, {
    "date" : "2025-04-25",
    "price" : 122.98,
    "dma50" : 114.70,
    "dma100" : null,
    "dma200" : 125.23,
    "volume" : 838697.00
  }, {
    "date" : "2025-04-28",
    "price" : 122.93,
    "dma50" : 115.02,
    "dma100" : null,
    "dma200" : 125.21,
    "volume" : 648101.00
  }, {
    "date" : "2025-04-29",
    "price" : 121.82,
    "dma50" : 115.28,
    "dma100" : null,
    "dma200" : 125.17,
    "volume" : 506979.00
  }, {
    "date" : "2025-04-30",
    "price" : 118.34,
    "dma50" : 115.40,
    "dma100" : null,
    "dma200" : 125.11,
    "volume" : 742960.00
  }, {
    "date" : "2025-05-02",
    "price" : 118.87,
    "dma50" : 115.54,
    "dma100" : null,
    "dma200" : 125.04,
    "volume" : 809130.00
  }, {
    "date" : "2025-05-05",
    "price" : 114.58,
    "dma50" : 115.50,
    "dma100" : null,
    "dma200" : 124.94,
    "volume" : 900280.00
  }, {
    "date" : "2025-05-06",
    "price" : 106.88,
    "dma50" : 115.16,
    "dma100" : null,
    "dma200" : 124.76,
    "volume" : 1966137.00
  }, {
    "date" : "2025-05-07",
    "price" : 108.88,
    "dma50" : 114.92,
    "dma100" : null,
    "dma200" : 124.60,
    "volume" : 845739.00
  }, {
    "date" : "2025-05-08",
    "price" : 109.84,
    "dma50" : 114.72,
    "dma100" : null,
    "dma200" : 124.45,
    "volume" : 1502484.00
  }, {
    "date" : "2025-05-09",
    "price" : 110.63,
    "dma50" : 114.56,
    "dma100" : null,
    "dma200" : 124.32,
    "volume" : 698071.00
  }, {
    "date" : "2025-05-12",
    "price" : 117.17,
    "dma50" : 114.66,
    "dma100" : null,
    "dma200" : 124.25,
    "volume" : 1051624.00
  }, {
    "date" : "2025-05-13",
    "price" : 120.98,
    "dma50" : 114.91,
    "dma100" : null,
    "dma200" : 124.21,
    "volume" : 1732967.00
  }, {
    "date" : "2025-05-14",
    "price" : 121.54,
    "dma50" : 115.17,
    "dma100" : null,
    "dma200" : 124.19,
    "volume" : 565763.00
  }, {
    "date" : "2025-05-15",
    "price" : 122.94,
    "dma50" : 115.47,
    "dma100" : null,
    "dma200" : 124.17,
    "volume" : 691307.00
  }, {
    "date" : "2025-05-16",
    "price" : 124.78,
    "dma50" : 115.84,
    "dma100" : null,
    "dma200" : 124.18,
    "volume" : 902643.00
  }, {
    "date" : "2025-05-19",
    "price" : 115.79,
    "dma50" : 115.84,
    "dma100" : null,
    "dma200" : 124.10,
    "volume" : 3752885.00
  }, {
    "date" : "2025-05-20",
    "price" : 114.88,
    "dma50" : 115.80,
    "dma100" : null,
    "dma200" : 124.01,
    "volume" : 989846.00
  }, {
    "date" : "2025-05-21",
    "price" : 116.73,
    "dma50" : 115.84,
    "dma100" : null,
    "dma200" : 123.93,
    "volume" : 675732.00
  }, {
    "date" : "2025-05-22",
    "price" : 116.06,
    "dma50" : 115.84,
    "dma100" : null,
    "dma200" : 123.85,
    "volume" : 550255.00
  }, {
    "date" : "2025-05-23",
    "price" : 115.85,
    "dma50" : 115.84,
    "dma100" : null,
    "dma200" : 123.78,
    "volume" : 425374.00
  }, {
    "date" : "2025-05-26",
    "price" : 114.74,
    "dma50" : 115.80,
    "dma100" : null,
    "dma200" : 123.69,
    "volume" : 445999.00
  }, {
    "date" : "2025-05-27",
    "price" : 114.10,
    "dma50" : 115.73,
    "dma100" : null,
    "dma200" : 123.59,
    "volume" : 405733.00
  }, {
    "date" : "2025-05-28",
    "price" : 115.20,
    "dma50" : 115.71,
    "dma100" : null,
    "dma200" : 123.51,
    "volume" : 520519.00
  }, {
    "date" : "2025-05-29",
    "price" : 114.35,
    "dma50" : 115.66,
    "dma100" : null,
    "dma200" : 123.42,
    "volume" : 316898.00
  }, {
    "date" : "2025-05-30",
    "price" : 116.40,
    "dma50" : 115.69,
    "dma100" : null,
    "dma200" : 123.35,
    "volume" : 919096.00
  }, {
    "date" : "2025-06-02",
    "price" : 114.49,
    "dma50" : 115.64,
    "dma100" : null,
    "dma200" : 123.26,
    "volume" : 748028.00
  }, {
    "date" : "2025-06-03",
    "price" : 115.04,
    "dma50" : 115.62,
    "dma100" : null,
    "dma200" : 123.18,
    "volume" : 428628.00
  }, {
    "date" : "2025-06-04",
    "price" : 115.01,
    "dma50" : 115.59,
    "dma100" : null,
    "dma200" : 123.09,
    "volume" : 524897.00
  }, {
    "date" : "2025-06-05",
    "price" : 119.79,
    "dma50" : 115.76,
    "dma100" : null,
    "dma200" : 123.06,
    "volume" : 1574447.00
  }, {
    "date" : "2025-06-06",
    "price" : 117.82,
    "dma50" : 115.84,
    "dma100" : null,
    "dma200" : 123.01,
    "volume" : 538149.00
  }, {
    "date" : "2025-06-09",
    "price" : 119.30,
    "dma50" : 115.98,
    "dma100" : null,
    "dma200" : 122.97,
    "volume" : 519007.00
  }, {
    "date" : "2025-06-10",
    "price" : 118.10,
    "dma50" : 116.06,
    "dma100" : null,
    "dma200" : 122.92,
    "volume" : 563571.00
  }, {
    "date" : "2025-06-11",
    "price" : 120.11,
    "dma50" : 116.22,
    "dma100" : null,
    "dma200" : 122.90,
    "volume" : 1639876.00
  }, {
    "date" : "2025-06-12",
    "price" : 116.60,
    "dma50" : 116.23,
    "dma100" : null,
    "dma200" : 122.83,
    "volume" : 598190.00
  }, {
    "date" : "2025-06-13",
    "price" : 115.99,
    "dma50" : 116.22,
    "dma100" : null,
    "dma200" : 122.77,
    "volume" : 449816.00
  }, {
    "date" : "2025-06-16",
    "price" : 115.96,
    "dma50" : 116.21,
    "dma100" : null,
    "dma200" : 122.70,
    "volume" : 409517.00
  }, {
    "date" : "2025-06-17",
    "price" : 115.50,
    "dma50" : 116.19,
    "dma100" : null,
    "dma200" : 122.63,
    "volume" : 382325.00
  }, {
    "date" : "2025-06-18",
    "price" : 113.85,
    "dma50" : 116.09,
    "dma100" : null,
    "dma200" : 122.54,
    "volume" : 302066.00
  }, {
    "date" : "2025-06-19",
    "price" : 112.56,
    "dma50" : 115.95,
    "dma100" : null,
    "dma200" : 122.44,
    "volume" : 488255.00
  }, {
    "date" : "2025-06-20",
    "price" : 111.87,
    "dma50" : 115.79,
    "dma100" : null,
    "dma200" : 122.33,
    "volume" : 346231.00
  }, {
    "date" : "2025-06-23",
    "price" : 111.65,
    "dma50" : 115.63,
    "dma100" : null,
    "dma200" : 122.23,
    "volume" : 358890.00
  }, {
    "date" : "2025-06-24",
    "price" : 112.52,
    "dma50" : 115.51,
    "dma100" : null,
    "dma200" : 122.13,
    "volume" : 410457.00
  }, {
    "date" : "2025-06-25",
    "price" : 114.59,
    "dma50" : 115.47,
    "dma100" : null,
    "dma200" : 122.06,
    "volume" : 486458.00
  }, {
    "date" : "2025-06-26",
    "price" : 112.22,
    "dma50" : 115.35,
    "dma100" : null,
    "dma200" : 121.96,
    "volume" : 698906.00
  }, {
    "date" : "2025-06-27",
    "price" : 111.38,
    "dma50" : 115.19,
    "dma100" : null,
    "dma200" : 121.85,
    "volume" : 1506757.00
  }, {
    "date" : "2025-06-30",
    "price" : 111.58,
    "dma50" : 115.05,
    "dma100" : null,
    "dma200" : 121.75,
    "volume" : 435968.00
  }, {
    "date" : "2025-07-01",
    "price" : 110.66,
    "dma50" : 114.88,
    "dma100" : null,
    "dma200" : 121.64,
    "volume" : 604265.00
  }, {
    "date" : "2025-07-02",
    "price" : 110.39,
    "dma50" : 114.70,
    "dma100" : null,
    "dma200" : 121.53,
    "volume" : 474151.00
  }, {
    "date" : "2025-07-03",
    "price" : 111.30,
    "dma50" : 114.57,
    "dma100" : null,
    "dma200" : 121.43,
    "volume" : 410407.00
  }, {
    "date" : "2025-07-04",
    "price" : 111.45,
    "dma50" : 114.45,
    "dma100" : null,
    "dma200" : 121.33,
    "volume" : 347409.00
  }, {
    "date" : "2025-07-07",
    "price" : 111.32,
    "dma50" : 114.32,
    "dma100" : null,
    "dma200" : 121.23,
    "volume" : 415386.00
  }, {
    "date" : "2025-07-08",
    "price" : 111.66,
    "dma50" : 114.22,
    "dma100" : null,
    "dma200" : 121.13,
    "volume" : 307163.00
  }, {
    "date" : "2025-07-09",
    "price" : 111.18,
    "dma50" : 114.10,
    "dma100" : null,
    "dma200" : 121.03,
    "volume" : 484693.00
  }, {
    "date" : "2025-07-10",
    "price" : 111.68,
    "dma50" : 114.00,
    "dma100" : null,
    "dma200" : 120.94,
    "volume" : 384694.00
  }, {
    "date" : "2025-07-11",
    "price" : 110.52,
    "dma50" : 113.87,
    "dma100" : null,
    "dma200" : 120.84,
    "volume" : 539696.00
  }, {
    "date" : "2025-07-14",
    "price" : 110.43,
    "dma50" : 113.73,
    "dma100" : 112.78,
    "dma200" : 120.73,
    "volume" : 283521.00
  }, {
    "date" : "2025-07-15",
    "price" : 111.54,
    "dma50" : 113.65,
    "dma100" : 112.83,
    "dma200" : 120.64,
    "volume" : 285795.00
  }, {
    "date" : "2025-07-16",
    "price" : 112.07,
    "dma50" : 113.59,
    "dma100" : 112.88,
    "dma200" : 120.56,
    "volume" : 393736.00
  }, {
    "date" : "2025-07-17",
    "price" : 113.46,
    "dma50" : 113.58,
    "dma100" : 112.98,
    "dma200" : 120.49,
    "volume" : 915794.00
  }, {
    "date" : "2025-07-18",
    "price" : 111.81,
    "dma50" : 113.51,
    "dma100" : 113.03,
    "dma200" : 120.40,
    "volume" : 294212.00
  }, {
    "date" : "2025-07-21",
    "price" : 110.02,
    "dma50" : 113.37,
    "dma100" : 113.05,
    "dma200" : 120.30,
    "volume" : 517477.00
  }, {
    "date" : "2025-07-22",
    "price" : 110.14,
    "dma50" : 113.25,
    "dma100" : 113.07,
    "dma200" : 120.20,
    "volume" : 325277.00
  }, {
    "date" : "2025-07-23",
    "price" : 111.26,
    "dma50" : 113.17,
    "dma100" : 113.11,
    "dma200" : 120.11,
    "volume" : 272383.00
  }, {
    "date" : "2025-07-24",
    "price" : 110.91,
    "dma50" : 113.08,
    "dma100" : 113.16,
    "dma200" : 120.01,
    "volume" : 406245.00
  }, {
    "date" : "2025-07-25",
    "price" : 105.49,
    "dma50" : 112.78,
    "dma100" : 113.18,
    "dma200" : 119.87,
    "volume" : 832031.00
  }, {
    "date" : "2025-07-28",
    "price" : 105.90,
    "dma50" : 112.51,
    "dma100" : 113.20,
    "dma200" : 119.73,
    "volume" : 421617.00
  }, {
    "date" : "2025-07-29",
    "price" : 106.42,
    "dma50" : 112.27,
    "dma100" : 113.25,
    "dma200" : 119.60,
    "volume" : 289184.00
  }, {
    "date" : "2025-07-30",
    "price" : 109.74,
    "dma50" : 112.17,
    "dma100" : 113.33,
    "dma200" : 119.50,
    "volume" : 1003089.00
  }, {
    "date" : "2025-07-31",
    "price" : 110.26,
    "dma50" : 112.10,
    "dma100" : 113.38,
    "dma200" : 119.41,
    "volume" : 506245.00
  }, {
    "date" : "2025-08-01",
    "price" : 110.29,
    "dma50" : 112.03,
    "dma100" : 113.39,
    "dma200" : 119.32,
    "volume" : 476872.00
  }, {
    "date" : "2025-08-04",
    "price" : 107.63,
    "dma50" : 111.86,
    "dma100" : 113.38,
    "dma200" : 119.20,
    "volume" : 419612.00
  }, {
    "date" : "2025-08-05",
    "price" : 105.48,
    "dma50" : 111.61,
    "dma100" : 113.37,
    "dma200" : 119.07,
    "volume" : 831576.00
  }, {
    "date" : "2025-08-06",
    "price" : 105.16,
    "dma50" : 111.35,
    "dma100" : 113.37,
    "dma200" : 118.93,
    "volume" : 528875.00
  }, {
    "date" : "2025-08-07",
    "price" : 104.77,
    "dma50" : 111.10,
    "dma100" : 113.38,
    "dma200" : 118.79,
    "volume" : 376026.00
  }, {
    "date" : "2025-08-08",
    "price" : 102.80,
    "dma50" : 110.77,
    "dma100" : 113.39,
    "dma200" : 118.63,
    "volume" : 320501.00
  }, {
    "date" : "2025-08-11",
    "price" : 103.97,
    "dma50" : 110.50,
    "dma100" : 113.41,
    "dma200" : 118.48,
    "volume" : 343808.00
  }, {
    "date" : "2025-08-12",
    "price" : 103.55,
    "dma50" : 110.23,
    "dma100" : 113.41,
    "dma200" : 118.33,
    "volume" : 214645.00
  }, {
    "date" : "2025-08-13",
    "price" : 104.30,
    "dma50" : 110.00,
    "dma100" : 113.40,
    "dma200" : 118.19,
    "volume" : 244628.00
  }, {
    "date" : "2025-08-14",
    "price" : 102.26,
    "dma50" : 109.69,
    "dma100" : 113.37,
    "dma200" : 118.03,
    "volume" : 261877.00
  }, {
    "date" : "2025-08-18",
    "price" : 103.69,
    "dma50" : 109.46,
    "dma100" : 113.33,
    "dma200" : 117.89,
    "volume" : 296067.00
  }, {
    "date" : "2025-08-19",
    "price" : 104.31,
    "dma50" : 109.26,
    "dma100" : 113.31,
    "dma200" : 117.76,
    "volume" : 288327.00
  }, {
    "date" : "2025-08-20",
    "price" : 105.50,
    "dma50" : 109.11,
    "dma100" : 113.33,
    "dma200" : 117.63,
    "volume" : 667871.00
  }, {
    "date" : "2025-08-21",
    "price" : 105.06,
    "dma50" : 108.95,
    "dma100" : 113.35,
    "dma200" : 117.51,
    "volume" : 319175.00
  }, {
    "date" : "2025-08-22",
    "price" : 103.54,
    "dma50" : 108.74,
    "dma100" : 113.32,
    "dma200" : 117.37,
    "volume" : 271240.00
  }, {
    "date" : "2025-08-25",
    "price" : 104.65,
    "dma50" : 108.58,
    "dma100" : 113.34,
    "dma200" : 117.24,
    "volume" : 237890.00
  }, {
    "date" : "2025-08-26",
    "price" : 102.40,
    "dma50" : 108.34,
    "dma100" : 113.29,
    "dma200" : 117.10,
    "volume" : 255503.00
  }, {
    "date" : "2025-08-28",
    "price" : 102.45,
    "dma50" : 108.11,
    "dma100" : 113.24,
    "dma200" : 116.95,
    "volume" : 326018.00
  }, {
    "date" : "2025-08-29",
    "price" : 103.36,
    "dma50" : 107.92,
    "dma100" : 113.17,
    "dma200" : 116.82,
    "volume" : 200237.00
  }, {
    "date" : "2025-09-01",
    "price" : 103.04,
    "dma50" : 107.73,
    "dma100" : 113.03,
    "dma200" : 116.68,
    "volume" : 210078.00
  }, {
    "date" : "2025-09-02",
    "price" : 105.19,
    "dma50" : 107.63,
    "dma100" : 112.93,
    "dma200" : 116.56,
    "volume" : 438935.00
  }, {
    "date" : "2025-09-03",
    "price" : 105.84,
    "dma50" : 107.56,
    "dma100" : 112.78,
    "dma200" : 116.46,
    "volume" : 310956.00
  }, {
    "date" : "2025-09-04",
    "price" : 106.43,
    "dma50" : 107.51,
    "dma100" : 112.74,
    "dma200" : 116.36,
    "volume" : 326805.00
  }, {
    "date" : "2025-09-05",
    "price" : 105.71,
    "dma50" : 107.44,
    "dma100" : 112.64,
    "dma200" : 116.25,
    "volume" : 220588.00
  }, {
    "date" : "2025-09-08",
    "price" : 107.39,
    "dma50" : 107.44,
    "dma100" : 112.51,
    "dma200" : 116.16,
    "volume" : 349237.00
  }, {
    "date" : "2025-09-09",
    "price" : 105.63,
    "dma50" : 107.37,
    "dma100" : 112.32,
    "dma200" : 116.06,
    "volume" : 373688.00
  }, {
    "date" : "2025-09-10",
    "price" : 107.92,
    "dma50" : 107.39,
    "dma100" : 112.13,
    "dma200" : 115.98,
    "volume" : 699578.00
  }, {
    "date" : "2025-09-11",
    "price" : 112.65,
    "dma50" : 107.60,
    "dma100" : 112.00,
    "dma200" : 115.94,
    "volume" : 2627180.00
  }, {
    "date" : "2025-09-12",
    "price" : 110.97,
    "dma50" : 107.73,
    "dma100" : 111.84,
    "dma200" : 115.89,
    "volume" : 471918.00
  }, {
    "date" : "2025-09-15",
    "price" : 109.43,
    "dma50" : 107.80,
    "dma100" : 111.67,
    "dma200" : 115.83,
    "volume" : 316557.00
  }, {
    "date" : "2025-09-16",
    "price" : 109.64,
    "dma50" : 107.87,
    "dma100" : 111.48,
    "dma200" : 115.77,
    "volume" : 201811.00
  }, {
    "date" : "2025-09-17",
    "price" : 110.15,
    "dma50" : 107.96,
    "dma100" : 111.35,
    "dma200" : 115.71,
    "volume" : 408483.00
  }, {
    "date" : "2025-09-18",
    "price" : 110.38,
    "dma50" : 108.05,
    "dma100" : 111.22,
    "dma200" : 115.66,
    "volume" : 351739.00
  }, {
    "date" : "2025-09-19",
    "price" : 110.10,
    "dma50" : 108.13,
    "dma100" : 111.11,
    "dma200" : 115.60,
    "volume" : 210576.00
  }, {
    "date" : "2025-09-22",
    "price" : 109.98,
    "dma50" : 108.21,
    "dma100" : 111.02,
    "dma200" : 115.55,
    "volume" : 200460.00
  }, {
    "date" : "2025-09-23",
    "price" : 109.15,
    "dma50" : 108.24,
    "dma100" : 110.93,
    "dma200" : 115.48,
    "volume" : 278141.00
  }, {
    "date" : "2025-09-24",
    "price" : 108.02,
    "dma50" : 108.23,
    "dma100" : 110.86,
    "dma200" : 115.41,
    "volume" : 194546.00
  }, {
    "date" : "2025-09-25",
    "price" : 107.12,
    "dma50" : 108.19,
    "dma100" : 110.86,
    "dma200" : 115.33,
    "volume" : 262977.00
  }, {
    "date" : "2025-09-26",
    "price" : 105.35,
    "dma50" : 108.08,
    "dma100" : 110.83,
    "dma200" : 115.23,
    "volume" : 225783.00
  }, {
    "date" : "2025-09-29",
    "price" : 105.13,
    "dma50" : 107.96,
    "dma100" : 110.78,
    "dma200" : 115.13,
    "volume" : 218043.00
  }, {
    "date" : "2025-09-30",
    "price" : 105.86,
    "dma50" : 107.88,
    "dma100" : 110.73,
    "dma200" : 115.04,
    "volume" : 343051.00
  }, {
    "date" : "2025-10-01",
    "price" : 106.63,
    "dma50" : 107.83,
    "dma100" : 110.63,
    "dma200" : 114.95,
    "volume" : 254026.00
  }, {
    "date" : "2025-10-03",
    "price" : 106.80,
    "dma50" : 107.79,
    "dma100" : 110.49,
    "dma200" : 114.87,
    "volume" : 213292.00
  }, {
    "date" : "2025-10-06",
    "price" : 105.56,
    "dma50" : 107.70,
    "dma100" : 110.33,
    "dma200" : 114.78,
    "volume" : 307030.00
  }, {
    "date" : "2025-10-07",
    "price" : 105.53,
    "dma50" : 107.62,
    "dma100" : 110.15,
    "dma200" : 114.69,
    "volume" : 286723.00
  }, {
    "date" : "2025-10-08",
    "price" : 105.07,
    "dma50" : 107.52,
    "dma100" : 109.95,
    "dma200" : 114.59,
    "volume" : 199263.00
  }, {
    "date" : "2025-10-09",
    "price" : 104.02,
    "dma50" : 107.38,
    "dma100" : 109.84,
    "dma200" : 114.49,
    "volume" : 250414.00
  }, {
    "date" : "2025-10-10",
    "price" : 104.60,
    "dma50" : 107.27,
    "dma100" : 109.73,
    "dma200" : 114.39,
    "volume" : 241923.00
  }, {
    "date" : "2025-10-13",
    "price" : 102.95,
    "dma50" : 107.10,
    "dma100" : 109.60,
    "dma200" : 114.27,
    "volume" : 329867.00
  }, {
    "date" : "2025-10-14",
    "price" : 101.74,
    "dma50" : 106.89,
    "dma100" : 109.45,
    "dma200" : 114.15,
    "volume" : 373482.00
  }, {
    "date" : "2025-10-15",
    "price" : 102.61,
    "dma50" : 106.72,
    "dma100" : 109.32,
    "dma200" : 114.03,
    "volume" : 256085.00
  }, {
    "date" : "2025-10-16",
    "price" : 106.87,
    "dma50" : 106.73,
    "dma100" : 109.24,
    "dma200" : 113.96,
    "volume" : 2367980.00
  }, {
    "date" : "2025-10-17",
    "price" : 108.68,
    "dma50" : 106.81,
    "dma100" : 109.19,
    "dma200" : 113.91,
    "volume" : 759795.00
  }, {
    "date" : "2025-10-20",
    "price" : 103.64,
    "dma50" : 106.68,
    "dma100" : 109.07,
    "dma200" : 113.81,
    "volume" : 898911.00
  }, {
    "date" : "2025-10-21",
    "price" : 107.34,
    "dma50" : 106.71,
    "dma100" : 109.00,
    "dma200" : 113.74,
    "volume" : 305295.00
  }, {
    "date" : "2025-10-23",
    "price" : 105.66,
    "dma50" : 106.67,
    "dma100" : 108.89,
    "dma200" : 113.66,
    "volume" : 635355.00
  }, {
    "date" : "2025-10-24",
    "price" : 104.60,
    "dma50" : 106.59,
    "dma100" : 108.80,
    "dma200" : 113.57,
    "volume" : 254105.00
  }, {
    "date" : "2025-10-27",
    "price" : 105.82,
    "dma50" : 106.56,
    "dma100" : 108.70,
    "dma200" : 113.50,
    "volume" : 223470.00
  }, {
    "date" : "2025-10-28",
    "price" : 106.02,
    "dma50" : 106.54,
    "dma100" : 108.61,
    "dma200" : 113.42,
    "volume" : 242300.00
  }, {
    "date" : "2025-10-29",
    "price" : 106.98,
    "dma50" : 106.55,
    "dma100" : 108.49,
    "dma200" : 113.36,
    "volume" : 308756.00
  }, {
    "date" : "2025-10-30",
    "price" : 106.38,
    "dma50" : 106.55,
    "dma100" : 108.37,
    "dma200" : 113.29,
    "volume" : 302134.00
  }, {
    "date" : "2025-10-31",
    "price" : 105.71,
    "dma50" : 106.51,
    "dma100" : 108.24,
    "dma200" : 113.21,
    "volume" : 187117.00
  }, {
    "date" : "2025-11-03",
    "price" : 107.58,
    "dma50" : 106.55,
    "dma100" : 108.13,
    "dma200" : 113.16,
    "volume" : 256720.00
  }, {
    "date" : "2025-11-04",
    "price" : 108.15,
    "dma50" : 106.62,
    "dma100" : 108.01,
    "dma200" : 113.11,
    "volume" : 357467.00
  }, {
    "date" : "2025-11-06",
    "price" : 108.65,
    "dma50" : 106.70,
    "dma100" : 107.93,
    "dma200" : 113.06,
    "volume" : 546240.00
  }, {
    "date" : "2025-11-07",
    "price" : 110.43,
    "dma50" : 106.84,
    "dma100" : 107.88,
    "dma200" : 113.04,
    "volume" : 653182.00
  }, {
    "date" : "2025-11-10",
    "price" : 111.64,
    "dma50" : 107.03,
    "dma100" : 107.83,
    "dma200" : 113.02,
    "volume" : 1721565.00
  }, {
    "date" : "2025-11-11",
    "price" : 106.59,
    "dma50" : 107.01,
    "dma100" : 107.74,
    "dma200" : 112.96,
    "volume" : 1041265.00
  }, {
    "date" : "2025-11-12",
    "price" : 107.07,
    "dma50" : 107.02,
    "dma100" : 107.68,
    "dma200" : 112.90,
    "volume" : 454918.00
  }, {
    "date" : "2025-11-13",
    "price" : 105.64,
    "dma50" : 106.96,
    "dma100" : 107.61,
    "dma200" : 112.83,
    "volume" : 353706.00
  }, {
    "date" : "2025-11-14",
    "price" : 103.32,
    "dma50" : 106.82,
    "dma100" : 107.52,
    "dma200" : 112.73,
    "volume" : 1101397.00
  }, {
    "date" : "2025-11-17",
    "price" : 103.36,
    "dma50" : 106.68,
    "dma100" : 107.44,
    "dma200" : 112.64,
    "volume" : 567160.00
  }, {
    "date" : "2025-11-18",
    "price" : 108.23,
    "dma50" : 106.74,
    "dma100" : 107.39,
    "dma200" : 112.60,
    "volume" : 5110067.00
  }, {
    "date" : "2025-11-19",
    "price" : 111.68,
    "dma50" : 106.94,
    "dma100" : 107.37,
    "dma200" : 112.59,
    "volume" : 1208701.00
  }, {
    "date" : "2025-11-20",
    "price" : 115.09,
    "dma50" : 107.26,
    "dma100" : 107.39,
    "dma200" : 112.61,
    "volume" : 3905480.00
  }, {
    "date" : "2025-11-21",
    "price" : 109.82,
    "dma50" : 107.36,
    "dma100" : 107.38,
    "dma200" : 112.58,
    "volume" : 842808.00
  }, {
    "date" : "2025-11-24",
    "price" : 107.86,
    "dma50" : 107.38,
    "dma100" : 107.34,
    "dma200" : 112.54,
    "volume" : 3524508.00
  }, {
    "date" : "2025-11-25",
    "price" : 109.07,
    "dma50" : 107.44,
    "dma100" : 107.33,
    "dma200" : 112.50,
    "volume" : 587327.00
  }, {
    "date" : "2025-11-26",
    "price" : 108.44,
    "dma50" : 107.48,
    "dma100" : 107.31,
    "dma200" : 112.46,
    "volume" : 386840.00
  }, {
    "date" : "2025-11-27",
    "price" : 107.07,
    "dma50" : 107.47,
    "dma100" : 107.26,
    "dma200" : 112.41,
    "volume" : 454052.00
  }, {
    "date" : "2025-11-28",
    "price" : 110.57,
    "dma50" : 107.59,
    "dma100" : 107.26,
    "dma200" : 112.39,
    "volume" : 821296.00
  }, {
    "date" : "2025-12-01",
    "price" : 113.25,
    "dma50" : 107.81,
    "dma100" : 107.27,
    "dma200" : 112.40,
    "volume" : 826467.00
  }, {
    "date" : "2025-12-02",
    "price" : 113.35,
    "dma50" : 108.03,
    "dma100" : 107.29,
    "dma200" : 112.41,
    "volume" : 468284.00
  }, {
    "date" : "2025-12-03",
    "price" : 116.27,
    "dma50" : 108.35,
    "dma100" : 107.34,
    "dma200" : 112.45,
    "volume" : 1621291.00
  }, {
    "date" : "2025-12-04",
    "price" : 119.44,
    "dma50" : 108.79,
    "dma100" : 107.42,
    "dma200" : 112.52,
    "volume" : 1894585.00
  }, {
    "date" : "2025-12-05",
    "price" : 115.32,
    "dma50" : 109.04,
    "dma100" : 107.47,
    "dma200" : 112.54,
    "volume" : 544427.00
  }, {
    "date" : "2025-12-08",
    "price" : 118.21,
    "dma50" : 109.40,
    "dma100" : 107.55,
    "dma200" : 112.60,
    "volume" : 1062047.00
  }, {
    "date" : "2025-12-09",
    "price" : 118.06,
    "dma50" : 109.74,
    "dma100" : 107.61,
    "dma200" : 112.65,
    "volume" : 1180527.00
  }, {
    "date" : "2025-12-10",
    "price" : 117.50,
    "dma50" : 110.05,
    "dma100" : 107.67,
    "dma200" : 112.70,
    "volume" : 812973.00
  }, {
    "date" : "2025-12-11",
    "price" : 117.31,
    "dma50" : 110.33,
    "dma100" : 107.70,
    "dma200" : 112.75,
    "volume" : 564845.00
  }, {
    "date" : "2025-12-12",
    "price" : 117.52,
    "dma50" : 110.61,
    "dma100" : 107.76,
    "dma200" : 112.80,
    "volume" : 237248.00
  }, {
    "date" : "2025-12-15",
    "price" : 118.51,
    "dma50" : 110.92,
    "dma100" : 107.85,
    "dma200" : 112.85,
    "volume" : 503063.00
  }, {
    "date" : "2025-12-16",
    "price" : 115.54,
    "dma50" : 111.10,
    "dma100" : 107.90,
    "dma200" : 112.88,
    "volume" : 493179.00
  }, {
    "date" : "2025-12-17",
    "price" : 116.12,
    "dma50" : 111.30,
    "dma100" : 107.95,
    "dma200" : 112.91,
    "volume" : 313525.00
  }, {
    "date" : "2025-12-18",
    "price" : 116.48,
    "dma50" : 111.50,
    "dma100" : 108.00,
    "dma200" : 112.95,
    "volume" : 352518.00
  }, {
    "date" : "2025-12-19",
    "price" : 123.85,
    "dma50" : 111.99,
    "dma100" : 108.19,
    "dma200" : 113.06,
    "volume" : 2551523.00
  }, {
    "date" : "2025-12-22",
    "price" : 122.31,
    "dma50" : 112.39,
    "dma100" : 108.35,
    "dma200" : 113.15,
    "volume" : 818670.00
  }, {
    "date" : "2025-12-23",
    "price" : 122.98,
    "dma50" : 112.81,
    "dma100" : 108.52,
    "dma200" : 113.25,
    "volume" : 580283.00
  }, {
    "date" : "2025-12-24",
    "price" : 125.27,
    "dma50" : 113.30,
    "dma100" : 108.67,
    "dma200" : 113.37,
    "volume" : 908111.00
  }, {
    "date" : "2025-12-26",
    "price" : 125.74,
    "dma50" : 113.78,
    "dma100" : 108.83,
    "dma200" : 113.49,
    "volume" : 1131846.00
  }, {
    "date" : "2025-12-29",
    "price" : 129.61,
    "dma50" : 114.40,
    "dma100" : 109.02,
    "dma200" : 113.65,
    "volume" : 2176576.00
  }, {
    "date" : "2025-12-30",
    "price" : 133.07,
    "dma50" : 115.14,
    "dma100" : 109.28,
    "dma200" : 113.84,
    "volume" : 4360275.00
  }, {
    "date" : "2025-12-31",
    "price" : 137.81,
    "dma50" : 116.03,
    "dma100" : 109.60,
    "dma200" : 114.08,
    "volume" : 3098148.00
  }, {
    "date" : "2026-01-01",
    "price" : 134.29,
    "dma50" : 116.74,
    "dma100" : 109.89,
    "dma200" : 114.28,
    "volume" : 1042343.00
  }, {
    "date" : "2026-01-02",
    "price" : 137.71,
    "dma50" : 117.56,
    "dma100" : 110.22,
    "dma200" : 114.52,
    "volume" : 993527.00
  }, {
    "date" : "2026-01-05",
    "price" : 137.37,
    "dma50" : 118.34,
    "dma100" : 110.56,
    "dma200" : 114.74,
    "volume" : 1647622.00
  }, {
    "date" : "2026-01-06",
    "price" : 137.78,
    "dma50" : 119.10,
    "dma100" : 110.90,
    "dma200" : 114.97,
    "volume" : 744892.00
  }, {
    "date" : "2026-01-07",
    "price" : 135.16,
    "dma50" : 119.73,
    "dma100" : 111.22,
    "dma200" : 115.17,
    "volume" : 686312.00
  }, {
    "date" : "2026-01-08",
    "price" : 130.65,
    "dma50" : 120.16,
    "dma100" : 111.48,
    "dma200" : 115.33,
    "volume" : 1239012.00
  }, {
    "date" : "2026-01-09",
    "price" : 131.39,
    "dma50" : 120.60,
    "dma100" : 111.77,
    "dma200" : 115.49,
    "volume" : 1132839.00
  }, {
    "date" : "2026-01-12",
    "price" : 140.07,
    "dma50" : 121.36,
    "dma100" : 112.14,
    "dma200" : 115.73,
    "volume" : 3098300.00
  }, {
    "date" : "2026-01-13",
    "price" : 138.07,
    "dma50" : 122.02,
    "dma100" : 112.48,
    "dma200" : 115.95,
    "volume" : 1559030.00
  }, {
    "date" : "2026-01-14",
    "price" : 140.19,
    "dma50" : 122.73,
    "dma100" : 112.82,
    "dma200" : 116.19,
    "volume" : 1263044.00
  }, {
    "date" : "2026-01-16",
    "price" : 140.13,
    "dma50" : 123.41,
    "dma100" : 113.17,
    "dma200" : 116.43,
    "volume" : 1154133.00
  }, {
    "date" : "2026-01-19",
    "price" : 139.46,
    "dma50" : 124.04,
    "dma100" : 113.53,
    "dma200" : 116.66,
    "volume" : 881375.00
  }, {
    "date" : "2026-01-20",
    "price" : 137.60,
    "dma50" : 124.58,
    "dma100" : 113.86,
    "dma200" : 116.87,
    "volume" : 1241990.00
  }, {
    "date" : "2026-01-21",
    "price" : 135.28,
    "dma50" : 125.00,
    "dma100" : 114.19,
    "dma200" : 117.05,
    "volume" : 1192207.00
  }, {
    "date" : "2026-01-22",
    "price" : 139.93,
    "dma50" : 125.58,
    "dma100" : 114.57,
    "dma200" : 117.28,
    "volume" : 726248.00
  }, {
    "date" : "2026-01-23",
    "price" : 135.93,
    "dma50" : 125.99,
    "dma100" : 114.89,
    "dma200" : 117.47,
    "volume" : 912228.00
  }, {
    "date" : "2026-01-27",
    "price" : 137.18,
    "dma50" : 126.43,
    "dma100" : 115.23,
    "dma200" : 117.66,
    "volume" : 828731.00
  }, {
    "date" : "2026-01-28",
    "price" : 138.15,
    "dma50" : 126.89,
    "dma100" : 115.56,
    "dma200" : 117.87,
    "volume" : 495014.00
  }, {
    "date" : "2026-01-29",
    "price" : 142.59,
    "dma50" : 127.50,
    "dma100" : 115.93,
    "dma200" : 118.11,
    "volume" : 1396619.00
  }, {
    "date" : "2026-01-30",
    "price" : 141.01,
    "dma50" : 128.03,
    "dma100" : 116.28,
    "dma200" : 118.34,
    "volume" : 1025237.00
  }, {
    "date" : "2026-02-01",
    "price" : 137.61,
    "dma50" : 128.41,
    "dma100" : 116.59,
    "dma200" : 118.53,
    "volume" : 3554802.00
  }, {
    "date" : "2026-02-02",
    "price" : 132.44,
    "dma50" : 128.57,
    "dma100" : 116.84,
    "dma200" : 118.67,
    "volume" : 1808190.00
  }, {
    "date" : "2026-02-03",
    "price" : 132.55,
    "dma50" : 128.72,
    "dma100" : 117.11,
    "dma200" : 118.81,
    "volume" : 1229253.00
  }, {
    "date" : "2026-02-04",
    "price" : 133.09,
    "dma50" : 128.89,
    "dma100" : 117.37,
    "dma200" : 118.95,
    "volume" : 668177.00
  }, {
    "date" : "2026-02-05",
    "price" : 128.42,
    "dma50" : 128.87,
    "dma100" : 117.52,
    "dma200" : 119.04,
    "volume" : 931150.00
  }, {
    "date" : "2026-02-06",
    "price" : 128.07,
    "dma50" : 128.84,
    "dma100" : 117.69,
    "dma200" : 119.13,
    "volume" : 934237.00
  }, {
    "date" : "2026-02-09",
    "price" : 135.87,
    "dma50" : 129.12,
    "dma100" : 117.96,
    "dma200" : 119.30,
    "volume" : 1299685.00
  }, {
    "date" : "2026-02-10",
    "price" : 135.96,
    "dma50" : 129.39,
    "dma100" : 118.22,
    "dma200" : 119.47,
    "volume" : 605685.00
  }, {
    "date" : "2026-02-11",
    "price" : 134.76,
    "dma50" : 129.60,
    "dma100" : 118.47,
    "dma200" : 119.62,
    "volume" : 545347.00
  }, {
    "date" : "2026-02-12",
    "price" : 138.32,
    "dma50" : 129.94,
    "dma100" : 118.75,
    "dma200" : 119.81,
    "volume" : 1204010.00
  } ],
  "latestTechnicalAttributes" : {
    "date" : "2026-02-12",
    "price" : 138.32,
    "dma50" : 129.94,
    "dma100" : 118.75,
    "dma200" : 119.81,
    "volume" : 1204010.00
  },
  "quarterlyResults" : [ {
    "date" : "2005-03-31",
    "sales" : 344.25,
    "salesGrowthYoY" : null,
    "grossProfitMargin" : 15.56,
    "grossProfit" : 53.57,
    "operatingProfitMargin" : 5.55,
    "operatingProfit" : 19.11,
    "netProfitMargin" : 3.33,
    "netProfit" : 11.46
  }, {
    "date" : "2005-06-30",
    "sales" : 284.75,
    "salesGrowthYoY" : null,
    "grossProfitMargin" : 18.81,
    "grossProfit" : 53.56,
    "operatingProfitMargin" : 7.07,
    "operatingProfit" : 20.13,
    "netProfitMargin" : 3.01,
    "netProfit" : 8.57
  }, {
    "date" : "2005-09-30",
    "sales" : 316.03,
    "salesGrowthYoY" : null,
    "grossProfitMargin" : 17.65,
    "grossProfit" : 55.78,
    "operatingProfitMargin" : 5.24,
    "operatingProfit" : 16.56,
    "netProfitMargin" : 2.14,
    "netProfit" : 6.76
  }, {
    "date" : "2005-12-31",
    "sales" : 343.90,
    "salesGrowthYoY" : null,
    "grossProfitMargin" : 20.78,
    "grossProfit" : 71.46,
    "operatingProfitMargin" : 6.14,
    "operatingProfit" : 21.12,
    "netProfitMargin" : 2.24,
    "netProfit" : 7.70
  }, {
    "date" : "2006-03-31",
    "sales" : 351.92,
    "salesGrowthYoY" : 2.23,
    "grossProfitMargin" : 14.72,
    "grossProfit" : 51.80,
    "operatingProfitMargin" : 5.19,
    "operatingProfit" : 18.26,
    "netProfitMargin" : 1.84,
    "netProfit" : 6.48
  }, {
    "date" : "2006-06-30",
    "sales" : 302.02,
    "salesGrowthYoY" : 6.06,
    "grossProfitMargin" : 21.05,
    "grossProfit" : 63.58,
    "operatingProfitMargin" : 7.84,
    "operatingProfit" : 23.68,
    "netProfitMargin" : 3.12,
    "netProfit" : 9.42
  }, {
    "date" : "2006-09-30",
    "sales" : 358.15,
    "salesGrowthYoY" : 13.33,
    "grossProfitMargin" : 20.63,
    "grossProfit" : 73.89,
    "operatingProfitMargin" : 7.56,
    "operatingProfit" : 27.08,
    "netProfitMargin" : 3.22,
    "netProfit" : 11.53
  }, {
    "date" : "2006-12-31",
    "sales" : 393.86,
    "salesGrowthYoY" : 14.53,
    "grossProfitMargin" : 24.96,
    "grossProfit" : 98.31,
    "operatingProfitMargin" : 8.43,
    "operatingProfit" : 33.20,
    "netProfitMargin" : 3.61,
    "netProfit" : 14.22
  }, {
    "date" : "2007-03-31",
    "sales" : 355.11,
    "salesGrowthYoY" : 0.91,
    "grossProfitMargin" : 18.19,
    "grossProfit" : 64.59,
    "operatingProfitMargin" : 5.28,
    "operatingProfit" : 18.75,
    "netProfitMargin" : 3.16,
    "netProfit" : 11.22
  }, {
    "date" : "2007-06-30",
    "sales" : 353.93,
    "salesGrowthYoY" : 17.19,
    "grossProfitMargin" : 18.94,
    "grossProfit" : 67.03,
    "operatingProfitMargin" : 8.89,
    "operatingProfit" : 31.46,
    "netProfitMargin" : 3.99,
    "netProfit" : 14.12
  }, {
    "date" : "2007-09-30",
    "sales" : 374.94,
    "salesGrowthYoY" : 4.69,
    "grossProfitMargin" : 21.96,
    "grossProfit" : 82.34,
    "operatingProfitMargin" : 10.20,
    "operatingProfit" : 38.24,
    "netProfitMargin" : 5.04,
    "netProfit" : 18.90
  }, {
    "date" : "2007-12-31",
    "sales" : 501.17,
    "salesGrowthYoY" : 27.25,
    "grossProfitMargin" : 26.69,
    "grossProfit" : 133.76,
    "operatingProfitMargin" : 11.69,
    "operatingProfit" : 58.59,
    "netProfitMargin" : 5.99,
    "netProfit" : 30.02
  }, {
    "date" : "2008-03-31",
    "sales" : 598.20,
    "salesGrowthYoY" : 68.45,
    "grossProfitMargin" : 20.18,
    "grossProfit" : 120.72,
    "operatingProfitMargin" : 4.89,
    "operatingProfit" : 29.25,
    "netProfitMargin" : 2.39,
    "netProfit" : 14.30
  }, {
    "date" : "2008-06-30",
    "sales" : 438.13,
    "salesGrowthYoY" : 23.79,
    "grossProfitMargin" : 28.72,
    "grossProfit" : 125.83,
    "operatingProfitMargin" : 9.90,
    "operatingProfit" : 43.37,
    "netProfitMargin" : 4.43,
    "netProfit" : 19.41
  }, {
    "date" : "2008-09-30",
    "sales" : 330.62,
    "salesGrowthYoY" : -11.82,
    "grossProfitMargin" : 25.11,
    "grossProfit" : 83.02,
    "operatingProfitMargin" : 10.30,
    "operatingProfit" : 34.05,
    "netProfitMargin" : 3.94,
    "netProfit" : 13.03
  }, {
    "date" : "2008-12-31",
    "sales" : 551.65,
    "salesGrowthYoY" : 10.07,
    "grossProfitMargin" : 19.97,
    "grossProfit" : 110.16,
    "operatingProfitMargin" : 2.23,
    "operatingProfit" : 12.30,
    "netProfitMargin" : -0.57,
    "netProfit" : -3.14
  }, {
    "date" : "2009-03-31",
    "sales" : 311.20,
    "salesGrowthYoY" : -47.98,
    "grossProfitMargin" : 12.91,
    "grossProfit" : 40.18,
    "operatingProfitMargin" : 0.49,
    "operatingProfit" : 1.52,
    "netProfitMargin" : -1.72,
    "netProfit" : -5.35
  }, {
    "date" : "2009-06-30",
    "sales" : 287.27,
    "salesGrowthYoY" : -34.43,
    "grossProfitMargin" : 22.02,
    "grossProfit" : 63.26,
    "operatingProfitMargin" : 8.00,
    "operatingProfit" : 22.98,
    "netProfitMargin" : 3.15,
    "netProfit" : 9.05
  }, {
    "date" : "2009-09-30",
    "sales" : 325.31,
    "salesGrowthYoY" : -1.61,
    "grossProfitMargin" : 21.97,
    "grossProfit" : 71.47,
    "operatingProfitMargin" : 7.75,
    "operatingProfit" : 25.21,
    "netProfitMargin" : 2.90,
    "netProfit" : 9.43
  }, {
    "date" : "2009-12-31",
    "sales" : 440.20,
    "salesGrowthYoY" : -20.20,
    "grossProfitMargin" : 19.72,
    "grossProfit" : 86.81,
    "operatingProfitMargin" : 5.92,
    "operatingProfit" : 26.06,
    "netProfitMargin" : 2.38,
    "netProfit" : 10.48
  }, {
    "date" : "2010-03-31",
    "sales" : 357.82,
    "salesGrowthYoY" : 14.98,
    "grossProfitMargin" : 24.84,
    "grossProfit" : 88.88,
    "operatingProfitMargin" : 10.28,
    "operatingProfit" : 36.78,
    "netProfitMargin" : 5.67,
    "netProfit" : 20.29
  }, {
    "date" : "2010-06-30",
    "sales" : 283.18,
    "salesGrowthYoY" : -1.42,
    "grossProfitMargin" : 26.70,
    "grossProfit" : 75.61,
    "operatingProfitMargin" : 9.85,
    "operatingProfit" : 27.89,
    "netProfitMargin" : 5.19,
    "netProfit" : 14.70
  }, {
    "date" : "2010-09-30",
    "sales" : 396.73,
    "salesGrowthYoY" : 21.95,
    "grossProfitMargin" : 23.03,
    "grossProfit" : 91.37,
    "operatingProfitMargin" : 9.45,
    "operatingProfit" : 37.49,
    "netProfitMargin" : 5.84,
    "netProfit" : 23.17
  }, {
    "date" : "2010-12-31",
    "sales" : 648.35,
    "salesGrowthYoY" : 47.29,
    "grossProfitMargin" : 20.86,
    "grossProfit" : 135.25,
    "operatingProfitMargin" : 7.35,
    "operatingProfit" : 47.65,
    "netProfitMargin" : 4.43,
    "netProfit" : 28.72
  }, {
    "date" : "2011-03-31",
    "sales" : 616.48,
    "salesGrowthYoY" : 72.29,
    "grossProfitMargin" : 18.95,
    "grossProfit" : 116.82,
    "operatingProfitMargin" : 5.07,
    "operatingProfit" : 31.26,
    "netProfitMargin" : 4.47,
    "netProfit" : 27.56
  }, {
    "date" : "2011-06-30",
    "sales" : 370.74,
    "salesGrowthYoY" : 30.92,
    "grossProfitMargin" : 22.89,
    "grossProfit" : 84.86,
    "operatingProfitMargin" : 8.22,
    "operatingProfit" : 30.47,
    "netProfitMargin" : 4.11,
    "netProfit" : 15.24
  }, {
    "date" : "2011-09-30",
    "sales" : 476.28,
    "salesGrowthYoY" : 20.05,
    "grossProfitMargin" : 16.69,
    "grossProfit" : 79.49,
    "operatingProfitMargin" : 0.97,
    "operatingProfit" : 4.62,
    "netProfitMargin" : -0.38,
    "netProfit" : -1.81
  }, {
    "date" : "2011-12-31",
    "sales" : 699.61,
    "salesGrowthYoY" : 7.91,
    "grossProfitMargin" : 17.48,
    "grossProfit" : 122.29,
    "operatingProfitMargin" : 5.34,
    "operatingProfit" : 37.36,
    "netProfitMargin" : 2.72,
    "netProfit" : 19.03
  }, {
    "date" : "2012-03-31",
    "sales" : 565.55,
    "salesGrowthYoY" : -8.26,
    "grossProfitMargin" : 16.94,
    "grossProfit" : 95.80,
    "operatingProfitMargin" : 5.89,
    "operatingProfit" : 33.31,
    "netProfitMargin" : 3.05,
    "netProfit" : 17.25
  }, {
    "date" : "2012-06-30",
    "sales" : 555.86,
    "salesGrowthYoY" : 49.93,
    "grossProfitMargin" : 23.18,
    "grossProfit" : 128.85,
    "operatingProfitMargin" : 8.67,
    "operatingProfit" : 48.19,
    "netProfitMargin" : 4.81,
    "netProfit" : 26.74
  }, {
    "date" : "2012-09-30",
    "sales" : 618.22,
    "salesGrowthYoY" : 29.80,
    "grossProfitMargin" : 16.40,
    "grossProfit" : 101.39,
    "operatingProfitMargin" : 4.94,
    "operatingProfit" : 30.54,
    "netProfitMargin" : 4.84,
    "netProfit" : 29.92
  }, {
    "date" : "2012-12-31",
    "sales" : 1034.72,
    "salesGrowthYoY" : 47.90,
    "grossProfitMargin" : 16.64,
    "grossProfit" : 172.18,
    "operatingProfitMargin" : 5.82,
    "operatingProfit" : 60.22,
    "netProfitMargin" : 3.35,
    "netProfit" : 34.66
  }, {
    "date" : "2013-03-31",
    "sales" : 795.82,
    "salesGrowthYoY" : 40.72,
    "grossProfitMargin" : 15.93,
    "grossProfit" : 126.77,
    "operatingProfitMargin" : 4.62,
    "operatingProfit" : 36.77,
    "netProfitMargin" : 2.77,
    "netProfit" : 22.04
  }, {
    "date" : "2013-06-30",
    "sales" : 528.89,
    "salesGrowthYoY" : -4.85,
    "grossProfitMargin" : 22.01,
    "grossProfit" : 116.41,
    "operatingProfitMargin" : 4.80,
    "operatingProfit" : 25.39,
    "netProfitMargin" : 2.06,
    "netProfit" : 10.90
  }, {
    "date" : "2013-09-30",
    "sales" : 570.09,
    "salesGrowthYoY" : -7.79,
    "grossProfitMargin" : 20.02,
    "grossProfit" : 114.13,
    "operatingProfitMargin" : 4.60,
    "operatingProfit" : 26.22,
    "netProfitMargin" : 1.85,
    "netProfit" : 10.55
  }, {
    "date" : "2013-12-31",
    "sales" : 1130.90,
    "salesGrowthYoY" : 9.30,
    "grossProfitMargin" : 18.25,
    "grossProfit" : 206.39,
    "operatingProfitMargin" : 6.34,
    "operatingProfit" : 71.70,
    "netProfitMargin" : 3.73,
    "netProfit" : 42.18
  }, {
    "date" : "2014-03-31",
    "sales" : 862.11,
    "salesGrowthYoY" : 8.33,
    "grossProfitMargin" : 21.03,
    "grossProfit" : 181.30,
    "operatingProfitMargin" : 8.32,
    "operatingProfit" : 71.73,
    "netProfitMargin" : 5.58,
    "netProfit" : 48.11
  }, {
    "date" : "2014-06-30",
    "sales" : 584.52,
    "salesGrowthYoY" : 10.52,
    "grossProfitMargin" : 25.10,
    "grossProfit" : 146.71,
    "operatingProfitMargin" : 9.42,
    "operatingProfit" : 55.06,
    "netProfitMargin" : 5.09,
    "netProfit" : 29.75
  }, {
    "date" : "2014-09-30",
    "sales" : 533.74,
    "salesGrowthYoY" : -6.38,
    "grossProfitMargin" : 21.82,
    "grossProfit" : 116.46,
    "operatingProfitMargin" : 5.44,
    "operatingProfit" : 29.04,
    "netProfitMargin" : 2.26,
    "netProfit" : 12.06
  }, {
    "date" : "2014-12-31",
    "sales" : 798.60,
    "salesGrowthYoY" : -29.38,
    "grossProfitMargin" : 19.36,
    "grossProfit" : 154.61,
    "operatingProfitMargin" : 5.62,
    "operatingProfit" : 44.88,
    "netProfitMargin" : 2.79,
    "netProfit" : 22.28
  }, {
    "date" : "2015-03-31",
    "sales" : 614.44,
    "salesGrowthYoY" : -28.73,
    "grossProfitMargin" : 21.27,
    "grossProfit" : 130.69,
    "operatingProfitMargin" : 5.81,
    "operatingProfit" : 35.70,
    "netProfitMargin" : 3.26,
    "netProfit" : 20.03
  }, {
    "date" : "2015-06-30",
    "sales" : 610.59,
    "salesGrowthYoY" : 4.46,
    "grossProfitMargin" : 24.61,
    "grossProfit" : 150.27,
    "operatingProfitMargin" : 9.04,
    "operatingProfit" : 55.20,
    "netProfitMargin" : 4.06,
    "netProfit" : 24.79
  }, {
    "date" : "2015-09-30",
    "sales" : 693.07,
    "salesGrowthYoY" : 29.85,
    "grossProfitMargin" : 20.07,
    "grossProfit" : 139.10,
    "operatingProfitMargin" : 4.71,
    "operatingProfit" : 32.64,
    "netProfitMargin" : 1.91,
    "netProfit" : 13.24
  }, {
    "date" : "2015-12-31",
    "sales" : 780.67,
    "salesGrowthYoY" : -2.25,
    "grossProfitMargin" : 19.00,
    "grossProfit" : 148.33,
    "operatingProfitMargin" : 6.35,
    "operatingProfit" : 49.57,
    "netProfitMargin" : 4.07,
    "netProfit" : 31.77
  }, {
    "date" : "2016-03-31",
    "sales" : 652.15,
    "salesGrowthYoY" : 6.14,
    "grossProfitMargin" : 21.84,
    "grossProfit" : 142.43,
    "operatingProfitMargin" : 7.37,
    "operatingProfit" : 48.06,
    "netProfitMargin" : 4.72,
    "netProfit" : 30.78
  }, {
    "date" : "2016-06-30",
    "sales" : 770.43,
    "salesGrowthYoY" : 26.18,
    "grossProfitMargin" : 23.28,
    "grossProfit" : 179.36,
    "operatingProfitMargin" : 10.49,
    "operatingProfit" : 80.82,
    "netProfitMargin" : 6.45,
    "netProfit" : 49.69
  }, {
    "date" : "2016-09-30",
    "sales" : 629.98,
    "salesGrowthYoY" : -9.10,
    "grossProfitMargin" : 22.98,
    "grossProfit" : 144.77,
    "operatingProfitMargin" : 7.90,
    "operatingProfit" : 49.77,
    "netProfitMargin" : 4.74,
    "netProfit" : 29.86
  }, {
    "date" : "2016-12-31",
    "sales" : 867.61,
    "salesGrowthYoY" : 11.14,
    "grossProfitMargin" : 21.72,
    "grossProfit" : 188.44,
    "operatingProfitMargin" : 8.57,
    "operatingProfit" : 74.35,
    "netProfitMargin" : 5.23,
    "netProfit" : 45.38
  }, {
    "date" : "2017-03-31",
    "sales" : 1063.72,
    "salesGrowthYoY" : 63.11,
    "grossProfitMargin" : 18.32,
    "grossProfit" : 194.87,
    "operatingProfitMargin" : 6.63,
    "operatingProfit" : 70.52,
    "netProfitMargin" : 3.16,
    "netProfit" : 33.61
  }, {
    "date" : "2017-06-30",
    "sales" : 691.26,
    "salesGrowthYoY" : -10.28,
    "grossProfitMargin" : 20.77,
    "grossProfit" : 143.57,
    "operatingProfitMargin" : 4.98,
    "operatingProfit" : 34.42,
    "netProfitMargin" : 2.44,
    "netProfit" : 16.87
  }, {
    "date" : "2017-09-30",
    "sales" : 775.06,
    "salesGrowthYoY" : 23.03,
    "grossProfitMargin" : 21.81,
    "grossProfit" : 169.04,
    "operatingProfitMargin" : 6.46,
    "operatingProfit" : 50.07,
    "netProfitMargin" : 2.70,
    "netProfit" : 20.93
  }, {
    "date" : "2017-12-31",
    "sales" : 1017.33,
    "salesGrowthYoY" : 17.26,
    "grossProfitMargin" : 24.29,
    "grossProfit" : 247.11,
    "operatingProfitMargin" : 10.86,
    "operatingProfit" : 110.48,
    "netProfitMargin" : 6.21,
    "netProfit" : 63.18
  }, {
    "date" : "2018-03-31",
    "sales" : 880.76,
    "salesGrowthYoY" : -17.20,
    "grossProfitMargin" : 30.11,
    "grossProfit" : 265.20,
    "operatingProfitMargin" : 13.27,
    "operatingProfit" : 116.88,
    "netProfitMargin" : 8.96,
    "netProfit" : 78.92
  }, {
    "date" : "2018-06-30",
    "sales" : 804.15,
    "salesGrowthYoY" : 16.33,
    "grossProfitMargin" : 30.03,
    "grossProfit" : 241.49,
    "operatingProfitMargin" : 12.14,
    "operatingProfit" : 97.62,
    "netProfitMargin" : 6.60,
    "netProfit" : 53.07
  }, {
    "date" : "2018-09-30",
    "sales" : 776.31,
    "salesGrowthYoY" : 0.16,
    "grossProfitMargin" : 28.59,
    "grossProfit" : 221.95,
    "operatingProfitMargin" : 9.57,
    "operatingProfit" : 74.29,
    "netProfitMargin" : 4.27,
    "netProfit" : 33.15
  }, {
    "date" : "2018-12-31",
    "sales" : 1177.47,
    "salesGrowthYoY" : 15.74,
    "grossProfitMargin" : 25.01,
    "grossProfit" : 294.49,
    "operatingProfitMargin" : 11.57,
    "operatingProfit" : 136.23,
    "netProfitMargin" : 6.83,
    "netProfit" : 80.42
  }, {
    "date" : "2019-03-31",
    "sales" : 1263.51,
    "salesGrowthYoY" : 43.46,
    "grossProfitMargin" : 18.26,
    "grossProfit" : 230.72,
    "operatingProfitMargin" : 5.08,
    "operatingProfit" : 64.19,
    "netProfitMargin" : 2.49,
    "netProfit" : 31.46
  }, {
    "date" : "2019-06-30",
    "sales" : 1011.44,
    "salesGrowthYoY" : 25.78,
    "grossProfitMargin" : 18.65,
    "grossProfit" : 188.63,
    "operatingProfitMargin" : 5.53,
    "operatingProfit" : 55.93,
    "netProfitMargin" : 2.24,
    "netProfit" : 22.66
  }, {
    "date" : "2019-09-30",
    "sales" : 908.36,
    "salesGrowthYoY" : 17.01,
    "grossProfitMargin" : 17.92,
    "grossProfit" : 162.78,
    "operatingProfitMargin" : 4.95,
    "operatingProfit" : 44.96,
    "netProfitMargin" : 1.60,
    "netProfit" : 14.53
  }, {
    "date" : "2019-12-31",
    "sales" : 998.63,
    "salesGrowthYoY" : -15.19,
    "grossProfitMargin" : 23.37,
    "grossProfit" : 233.38,
    "operatingProfitMargin" : 10.07,
    "operatingProfit" : 100.56,
    "netProfitMargin" : 5.42,
    "netProfit" : 54.13
  }, {
    "date" : "2020-03-31",
    "sales" : 898.16,
    "salesGrowthYoY" : -28.92,
    "grossProfitMargin" : 24.98,
    "grossProfit" : 224.36,
    "operatingProfitMargin" : 8.93,
    "operatingProfit" : 80.21,
    "netProfitMargin" : 6.06,
    "netProfit" : 54.43
  }, {
    "date" : "2020-06-30",
    "sales" : 828.27,
    "salesGrowthYoY" : -18.11,
    "grossProfitMargin" : 22.43,
    "grossProfit" : 185.78,
    "operatingProfitMargin" : 9.16,
    "operatingProfit" : 75.87,
    "netProfitMargin" : 4.51,
    "netProfit" : 37.35
  }, {
    "date" : "2020-09-30",
    "sales" : 989.29,
    "salesGrowthYoY" : 8.91,
    "grossProfitMargin" : 25.96,
    "grossProfit" : 256.82,
    "operatingProfitMargin" : 11.13,
    "operatingProfit" : 110.11,
    "netProfitMargin" : 7.37,
    "netProfit" : 72.91
  }, {
    "date" : "2020-12-31",
    "sales" : 1211.20,
    "salesGrowthYoY" : 21.29,
    "grossProfitMargin" : 27.40,
    "grossProfit" : 331.87,
    "operatingProfitMargin" : 12.98,
    "operatingProfit" : 157.21,
    "netProfitMargin" : 9.04,
    "netProfit" : 109.49
  }, {
    "date" : "2021-03-31",
    "sales" : 1676.54,
    "salesGrowthYoY" : 86.66,
    "grossProfitMargin" : 26.28,
    "grossProfit" : 440.59,
    "operatingProfitMargin" : 11.30,
    "operatingProfit" : 189.45,
    "netProfitMargin" : 7.06,
    "netProfit" : 118.36
  }, {
    "date" : "2021-06-30",
    "sales" : 1025.00,
    "salesGrowthYoY" : 23.75,
    "grossProfitMargin" : 32.05,
    "grossProfit" : 328.51,
    "operatingProfitMargin" : 16.36,
    "operatingProfit" : 167.69,
    "netProfitMargin" : 11.11,
    "netProfit" : 113.88
  }, {
    "date" : "2021-09-30",
    "sales" : 1151.82,
    "salesGrowthYoY" : 16.43,
    "grossProfitMargin" : 28.74,
    "grossProfit" : 331.03,
    "operatingProfitMargin" : 12.69,
    "operatingProfit" : 146.17,
    "netProfitMargin" : 8.96,
    "netProfit" : 103.20
  }, {
    "date" : "2021-12-31",
    "sales" : 1238.00,
    "salesGrowthYoY" : 2.21,
    "grossProfitMargin" : 28.84,
    "grossProfit" : 357.04,
    "operatingProfitMargin" : 12.86,
    "operatingProfit" : 159.21,
    "netProfitMargin" : 8.49,
    "netProfit" : 105.11
  }, {
    "date" : "2022-03-31",
    "sales" : 1255.49,
    "salesGrowthYoY" : -25.11,
    "grossProfitMargin" : 34.45,
    "grossProfit" : 432.52,
    "operatingProfitMargin" : 17.05,
    "operatingProfit" : 214.06,
    "netProfitMargin" : 12.21,
    "netProfit" : 153.30
  }, {
    "date" : "2022-06-30",
    "sales" : 1272.86,
    "salesGrowthYoY" : 24.18,
    "grossProfitMargin" : 31.10,
    "grossProfit" : 395.86,
    "operatingProfitMargin" : 13.12,
    "operatingProfit" : 167.00,
    "netProfitMargin" : 9.00,
    "netProfit" : 114.56
  }, {
    "date" : "2022-09-30",
    "sales" : 1077.77,
    "salesGrowthYoY" : -6.43,
    "grossProfitMargin" : 28.35,
    "grossProfit" : 305.55,
    "operatingProfitMargin" : 8.69,
    "operatingProfit" : 93.66,
    "netProfitMargin" : 5.95,
    "netProfit" : 64.13
  }, {
    "date" : "2022-12-31",
    "sales" : 1129.86,
    "salesGrowthYoY" : -8.74,
    "grossProfitMargin" : 28.64,
    "grossProfit" : 323.59,
    "operatingProfitMargin" : 9.52,
    "operatingProfit" : 107.56,
    "netProfitMargin" : 7.25,
    "netProfit" : 81.91
  }, {
    "date" : "2023-03-31",
    "sales" : 1428.50,
    "salesGrowthYoY" : 13.78,
    "grossProfitMargin" : 23.61,
    "grossProfit" : 337.27,
    "operatingProfitMargin" : 7.49,
    "operatingProfit" : 106.99,
    "netProfitMargin" : 4.87,
    "netProfit" : 69.57
  }, {
    "date" : "2023-06-30",
    "sales" : 1162.99,
    "salesGrowthYoY" : -8.63,
    "grossProfitMargin" : 27.10,
    "grossProfit" : 315.17,
    "operatingProfitMargin" : 8.79,
    "operatingProfit" : 102.23,
    "netProfitMargin" : 6.09,
    "netProfit" : 70.83
  }, {
    "date" : "2023-09-30",
    "sales" : 1115.72,
    "salesGrowthYoY" : 3.52,
    "grossProfitMargin" : 28.38,
    "grossProfit" : 316.64,
    "operatingProfitMargin" : 9.28,
    "operatingProfit" : 103.54,
    "netProfitMargin" : 7.44,
    "netProfit" : 83.01
  }, {
    "date" : "2023-12-31",
    "sales" : 1301.78,
    "salesGrowthYoY" : 15.22,
    "grossProfitMargin" : 28.37,
    "grossProfit" : 369.31,
    "operatingProfitMargin" : 9.63,
    "operatingProfit" : 125.36,
    "netProfitMargin" : 7.73,
    "netProfit" : 100.63
  }, {
    "date" : "2024-03-31",
    "sales" : 1346.44,
    "salesGrowthYoY" : -5.74,
    "grossProfitMargin" : 25.48,
    "grossProfit" : 343.07,
    "operatingProfitMargin" : 8.28,
    "operatingProfit" : 111.49,
    "netProfitMargin" : 6.79,
    "netProfit" : 91.42
  }, {
    "date" : "2024-06-30",
    "sales" : 1090.44,
    "salesGrowthYoY" : -6.24,
    "grossProfitMargin" : 28.87,
    "grossProfit" : 314.81,
    "operatingProfitMargin" : 9.70,
    "operatingProfit" : 105.77,
    "netProfitMargin" : 7.04,
    "netProfit" : 76.77
  }, {
    "date" : "2024-09-30",
    "sales" : 1124.64,
    "salesGrowthYoY" : 0.80,
    "grossProfitMargin" : 27.53,
    "grossProfit" : 309.61,
    "operatingProfitMargin" : 9.79,
    "operatingProfit" : 110.10,
    "netProfitMargin" : 6.18,
    "netProfit" : 69.50
  }, {
    "date" : "2024-12-31",
    "sales" : 1130.88,
    "salesGrowthYoY" : -13.13,
    "grossProfitMargin" : 29.66,
    "grossProfit" : 335.42,
    "operatingProfitMargin" : 10.88,
    "operatingProfit" : 123.04,
    "netProfitMargin" : 6.35,
    "netProfit" : 71.81
  }, {
    "date" : "2025-03-31",
    "sales" : 1266.62,
    "salesGrowthYoY" : -5.93,
    "grossProfitMargin" : 22.12,
    "grossProfit" : 280.18,
    "operatingProfitMargin" : 4.92,
    "operatingProfit" : 62.32,
    "netProfitMargin" : 2.58,
    "netProfit" : 32.68
  }, {
    "date" : "2025-06-30",
    "sales" : 1291.23,
    "salesGrowthYoY" : 18.41,
    "grossProfitMargin" : 24.64,
    "grossProfit" : 318.16,
    "operatingProfitMargin" : 7.46,
    "operatingProfit" : 96.33,
    "netProfitMargin" : 5.06,
    "netProfit" : 65.34
  }, {
    "date" : "2025-09-30",
    "sales" : 1486.69,
    "salesGrowthYoY" : 32.19,
    "grossProfitMargin" : 21.36,
    "grossProfit" : 317.56,
    "operatingProfitMargin" : 5.10,
    "operatingProfit" : 75.82,
    "netProfitMargin" : 2.56,
    "netProfit" : 38.06
  }, {
    "date" : "2025-12-31",
    "sales" : 1484.19,
    "salesGrowthYoY" : 31.24,
    "grossProfitMargin" : 24.39,
    "grossProfit" : 361.99,
    "operatingProfitMargin" : 6.70,
    "operatingProfit" : 99.44,
    "netProfitMargin" : 4.69,
    "netProfit" : 69.61
  } ],
  "latestQuarterlyResult" : {
    "date" : "2025-12-31",
    "sales" : 1484.19,
    "salesGrowthYoY" : 31.24,
    "grossProfitMargin" : 24.39,
    "grossProfit" : 361.99,
    "operatingProfitMargin" : 6.70,
    "operatingProfit" : 99.44,
    "netProfitMargin" : 4.69,
    "netProfit" : 69.61
  },
  "companyScore" : {
    "priceHigherThanDma50" : 5.00,
    "priceHigherThanDma100" : 5.00,
    "priceHigherThanDma200" : 5.00,
    "dma50HigherThanDma100" : 5.00,
    "dma50HigherThanDma200" : 5.00,
    "dma100HigherThanDma200" : 0.00,
    "pricePercentageAboveDma50" : 4.68,
    "pricePercentageAboveDma100" : 4.18,
    "pricePercentageAboveDma200" : 4.23,
    "weeklyVolumeHigherThanYearlyVolume" : 5.00,
    "salesGrowthPercentile" : 17.50,
    "operatingProfitMarginPercentile" : 7.86,
    "netProfitMarginPercentile" : 5.48,
    "totalTechnicalScore" : 43.08,
    "totalFundamentalScore" : 30.83,
    "totalScore" : 73.91
  }
}