{
  "metadata" : {
    "screenerCompanyId" : "1086",
    "companyCode" : "GANDHITUBE",
    "companyName" : "Gandhi Spl. Tube",
    "screenerCompanyLink" : "https://www.screener.in/company/GANDHITUBE/",
    "screenerTechnicalHistoryLink" : "https://www.screener.in/api/company/1086/chart/?q=Price-DMA50-DMA200-Volume&days=365",
    "screenerQuarterlyResultsLink" : "https://www.screener.in/api/company/1086/chart/?q=GPM-OPM-NPM-Quarter+Sales&days=10000",
    "attributes" : {
      "companyCode" : "GANDHITUBE",
      "companyName" : "Gandhi Spl. Tube",
      "marketCap" : 1122.00,
      "peRatio" : 15.60,
      "description" : "Incorporated in 1959, Gandhi Special Tubes Ltd deals in manufacturing of Seamless and Welded Steel Tubes, Nuts and generation of Wind Power [1]"
    },
    "companyScore" : {
      "priceHigherThanDma50" : 5.00,
      "priceHigherThanDma100" : 5.00,
      "priceHigherThanDma200" : 5.00,
      "dma50HigherThanDma100" : 0.00,
      "dma50HigherThanDma200" : 0.00,
      "dma100HigherThanDma200" : 5.00,
      "pricePercentageAboveDma50" : 4.02,
      "pricePercentageAboveDma100" : 4.26,
      "pricePercentageAboveDma200" : 4.08,
      "weeklyVolumeHigherThanYearlyVolume" : 5.00,
      "salesGrowthPercentile" : 15.00,
      "operatingProfitMarginPercentile" : 19.05,
      "netProfitMarginPercentile" : 9.88,
      "totalTechnicalScore" : 37.36,
      "totalFundamentalScore" : 43.93,
      "totalScore" : 81.29
    }
  },
  "attributes" : {
    "companyCode" : "GANDHITUBE",
    "companyName" : "Gandhi Spl. Tube",
    "marketCap" : 1122.00,
    "peRatio" : 15.60,
    "description" : "Incorporated in 1959, Gandhi Special Tubes Ltd deals in manufacturing of Seamless and Welded Steel Tubes, Nuts and generation of Wind Power [1]"
  },
  "technicalHistory" : [ {
    "date" : "2025-02-18",
    "price" : 619.70,
    "dma50" : 736.76,
    "dma100" : null,
    "dma200" : 765.87,
    "volume" : 4539.00
  }, {
    "date" : "2025-02-19",
    "price" : 602.60,
    "dma50" : 731.50,
    "dma100" : null,
    "dma200" : 764.25,
    "volume" : 12675.00
  }, {
    "date" : "2025-02-20",
    "price" : 610.85,
    "dma50" : 726.77,
    "dma100" : null,
    "dma200" : 762.72,
    "volume" : 6248.00
  }, {
    "date" : "2025-02-21",
    "price" : 626.15,
    "dma50" : 722.82,
    "dma100" : null,
    "dma200" : 761.36,
    "volume" : 4239.00
  }, {
    "date" : "2025-02-24",
    "price" : 612.95,
    "dma50" : 718.51,
    "dma100" : null,
    "dma200" : 759.88,
    "volume" : 2444.00
  }, {
    "date" : "2025-02-25",
    "price" : 625.80,
    "dma50" : 714.88,
    "dma100" : null,
    "dma200" : 758.55,
    "volume" : 1767.00
  }, {
    "date" : "2025-02-27",
    "price" : 609.70,
    "dma50" : 710.75,
    "dma100" : null,
    "dma200" : 757.07,
    "volume" : 3077.00
  }, {
    "date" : "2025-02-28",
    "price" : 592.75,
    "dma50" : 706.12,
    "dma100" : null,
    "dma200" : 755.43,
    "volume" : 4883.00
  }, {
    "date" : "2025-03-03",
    "price" : 620.45,
    "dma50" : 702.76,
    "dma100" : null,
    "dma200" : 754.09,
    "volume" : 7324.00
  }, {
    "date" : "2025-03-04",
    "price" : 618.45,
    "dma50" : 699.46,
    "dma100" : null,
    "dma200" : 752.74,
    "volume" : 3081.00
  }, {
    "date" : "2025-03-05",
    "price" : 634.20,
    "dma50" : 696.90,
    "dma100" : null,
    "dma200" : 751.56,
    "volume" : 2048.00
  }, {
    "date" : "2025-03-06",
    "price" : 639.10,
    "dma50" : 694.63,
    "dma100" : null,
    "dma200" : 750.44,
    "volume" : 3734.00
  }, {
    "date" : "2025-03-07",
    "price" : 628.70,
    "dma50" : 692.05,
    "dma100" : null,
    "dma200" : 749.23,
    "volume" : 13818.00
  }, {
    "date" : "2025-03-10",
    "price" : 625.90,
    "dma50" : 689.45,
    "dma100" : null,
    "dma200" : 748.00,
    "volume" : 3599.00
  }, {
    "date" : "2025-03-11",
    "price" : 621.45,
    "dma50" : 686.79,
    "dma100" : null,
    "dma200" : 746.74,
    "volume" : 6025.00
  }, {
    "date" : "2025-03-12",
    "price" : 632.30,
    "dma50" : 684.65,
    "dma100" : null,
    "dma200" : 745.61,
    "volume" : 9013.00
  }, {
    "date" : "2025-03-13",
    "price" : 728.20,
    "dma50" : 686.36,
    "dma100" : null,
    "dma200" : 745.43,
    "volume" : 225668.00
  }, {
    "date" : "2025-03-17",
    "price" : 685.45,
    "dma50" : 686.32,
    "dma100" : null,
    "dma200" : 744.84,
    "volume" : 30786.00
  }, {
    "date" : "2025-03-18",
    "price" : 704.55,
    "dma50" : 687.04,
    "dma100" : null,
    "dma200" : 744.43,
    "volume" : 16823.00
  }, {
    "date" : "2025-03-19",
    "price" : 694.40,
    "dma50" : 687.32,
    "dma100" : null,
    "dma200" : 743.94,
    "volume" : 8091.00
  }, {
    "date" : "2025-03-20",
    "price" : 688.40,
    "dma50" : 687.37,
    "dma100" : null,
    "dma200" : 743.38,
    "volume" : 5729.00
  }, {
    "date" : "2025-03-21",
    "price" : 688.15,
    "dma50" : 687.40,
    "dma100" : null,
    "dma200" : 742.83,
    "volume" : 8011.00
  }, {
    "date" : "2025-03-24",
    "price" : 704.55,
    "dma50" : 688.07,
    "dma100" : null,
    "dma200" : 742.45,
    "volume" : 9244.00
  }, {
    "date" : "2025-03-25",
    "price" : 692.45,
    "dma50" : 688.24,
    "dma100" : null,
    "dma200" : 741.96,
    "volume" : 9163.00
  }, {
    "date" : "2025-03-26",
    "price" : 671.80,
    "dma50" : 687.60,
    "dma100" : null,
    "dma200" : 741.26,
    "volume" : 8443.00
  }, {
    "date" : "2025-03-27",
    "price" : 648.20,
    "dma50" : 686.05,
    "dma100" : null,
    "dma200" : 740.33,
    "volume" : 12314.00
  }, {
    "date" : "2025-03-28",
    "price" : 647.40,
    "dma50" : 684.54,
    "dma100" : null,
    "dma200" : 739.41,
    "volume" : 8271.00
  }, {
    "date" : "2025-04-01",
    "price" : 652.00,
    "dma50" : 683.26,
    "dma100" : null,
    "dma200" : 738.54,
    "volume" : 3859.00
  }, {
    "date" : "2025-04-02",
    "price" : 667.15,
    "dma50" : 682.63,
    "dma100" : null,
    "dma200" : 737.83,
    "volume" : 2253.00
  }, {
    "date" : "2025-04-03",
    "price" : 673.55,
    "dma50" : 682.27,
    "dma100" : null,
    "dma200" : 737.19,
    "volume" : 2310.00
  }, {
    "date" : "2025-04-04",
    "price" : 656.45,
    "dma50" : 681.26,
    "dma100" : null,
    "dma200" : 736.38,
    "volume" : 3511.00
  }, {
    "date" : "2025-04-07",
    "price" : 629.30,
    "dma50" : 679.22,
    "dma100" : null,
    "dma200" : 735.32,
    "volume" : 8501.00
  }, {
    "date" : "2025-04-08",
    "price" : 668.20,
    "dma50" : 678.79,
    "dma100" : null,
    "dma200" : 734.65,
    "volume" : 5882.00
  }, {
    "date" : "2025-04-09",
    "price" : 659.30,
    "dma50" : 678.03,
    "dma100" : null,
    "dma200" : 733.90,
    "volume" : 2587.00
  }, {
    "date" : "2025-04-11",
    "price" : 672.85,
    "dma50" : 677.82,
    "dma100" : null,
    "dma200" : 733.29,
    "volume" : 2133.00
  }, {
    "date" : "2025-04-15",
    "price" : 690.45,
    "dma50" : 678.32,
    "dma100" : null,
    "dma200" : 732.87,
    "volume" : 4854.00
  }, {
    "date" : "2025-04-16",
    "price" : 692.20,
    "dma50" : 678.86,
    "dma100" : null,
    "dma200" : 732.46,
    "volume" : 2133.00
  }, {
    "date" : "2025-04-17",
    "price" : 682.30,
    "dma50" : 679.00,
    "dma100" : null,
    "dma200" : 731.96,
    "volume" : 2271.00
  }, {
    "date" : "2025-04-21",
    "price" : 674.75,
    "dma50" : 678.83,
    "dma100" : null,
    "dma200" : 731.39,
    "volume" : 4615.00
  }, {
    "date" : "2025-04-22",
    "price" : 683.60,
    "dma50" : 679.02,
    "dma100" : null,
    "dma200" : 730.92,
    "volume" : 1339.00
  }, {
    "date" : "2025-04-23",
    "price" : 679.10,
    "dma50" : 679.02,
    "dma100" : null,
    "dma200" : 730.40,
    "volume" : 2440.00
  }, {
    "date" : "2025-04-24",
    "price" : 677.45,
    "dma50" : 678.96,
    "dma100" : null,
    "dma200" : 729.88,
    "volume" : 2948.00
  }, {
    "date" : "2025-04-25",
    "price" : 670.40,
    "dma50" : 678.62,
    "dma100" : null,
    "dma200" : 729.28,
    "volume" : 2770.00
  }, {
    "date" : "2025-04-28",
    "price" : 667.10,
    "dma50" : 678.17,
    "dma100" : null,
    "dma200" : 728.67,
    "volume" : 3206.00
  }, {
    "date" : "2025-04-29",
    "price" : 666.70,
    "dma50" : 677.72,
    "dma100" : null,
    "dma200" : 728.05,
    "volume" : 1520.00
  }, {
    "date" : "2025-04-30",
    "price" : 653.65,
    "dma50" : 676.78,
    "dma100" : null,
    "dma200" : 727.31,
    "volume" : 3509.00
  }, {
    "date" : "2025-05-02",
    "price" : 649.05,
    "dma50" : 675.69,
    "dma100" : null,
    "dma200" : 726.53,
    "volume" : 2098.00
  }, {
    "date" : "2025-05-05",
    "price" : 667.15,
    "dma50" : 675.36,
    "dma100" : null,
    "dma200" : 725.94,
    "volume" : 2514.00
  }, {
    "date" : "2025-05-06",
    "price" : 660.25,
    "dma50" : 674.76,
    "dma100" : null,
    "dma200" : 725.29,
    "volume" : 4024.00
  }, {
    "date" : "2025-05-07",
    "price" : 649.65,
    "dma50" : 673.78,
    "dma100" : null,
    "dma200" : 724.53,
    "volume" : 3205.00
  }, {
    "date" : "2025-05-08",
    "price" : 650.50,
    "dma50" : 672.87,
    "dma100" : null,
    "dma200" : 723.80,
    "volume" : 2136.00
  }, {
    "date" : "2025-05-09",
    "price" : 627.45,
    "dma50" : 671.08,
    "dma100" : null,
    "dma200" : 722.84,
    "volume" : 5722.00
  }, {
    "date" : "2025-05-12",
    "price" : 651.55,
    "dma50" : 670.32,
    "dma100" : null,
    "dma200" : 722.13,
    "volume" : 5948.00
  }, {
    "date" : "2025-05-13",
    "price" : 665.95,
    "dma50" : 670.15,
    "dma100" : null,
    "dma200" : 721.57,
    "volume" : 3527.00
  }, {
    "date" : "2025-05-14",
    "price" : 669.75,
    "dma50" : 670.13,
    "dma100" : null,
    "dma200" : 721.05,
    "volume" : 1814.00
  }, {
    "date" : "2025-05-15",
    "price" : 669.20,
    "dma50" : 670.10,
    "dma100" : null,
    "dma200" : 720.54,
    "volume" : 2651.00
  }, {
    "date" : "2025-05-16",
    "price" : 685.05,
    "dma50" : 670.68,
    "dma100" : null,
    "dma200" : 720.18,
    "volume" : 4393.00
  }, {
    "date" : "2025-05-19",
    "price" : 692.15,
    "dma50" : 671.52,
    "dma100" : null,
    "dma200" : 719.91,
    "volume" : 3796.00
  }, {
    "date" : "2025-05-20",
    "price" : 690.15,
    "dma50" : 672.25,
    "dma100" : null,
    "dma200" : 719.61,
    "volume" : 1625.00
  }, {
    "date" : "2025-05-21",
    "price" : 692.40,
    "dma50" : 673.04,
    "dma100" : null,
    "dma200" : 719.34,
    "volume" : 2181.00
  }, {
    "date" : "2025-05-22",
    "price" : 686.15,
    "dma50" : 673.56,
    "dma100" : null,
    "dma200" : 719.01,
    "volume" : 1347.00
  }, {
    "date" : "2025-05-23",
    "price" : 689.55,
    "dma50" : 674.19,
    "dma100" : null,
    "dma200" : 718.72,
    "volume" : 1537.00
  }, {
    "date" : "2025-05-26",
    "price" : 716.70,
    "dma50" : 675.85,
    "dma100" : null,
    "dma200" : 718.70,
    "volume" : 9984.00
  }, {
    "date" : "2025-05-27",
    "price" : 722.50,
    "dma50" : 677.68,
    "dma100" : null,
    "dma200" : 718.73,
    "volume" : 4674.00
  }, {
    "date" : "2025-05-28",
    "price" : 711.05,
    "dma50" : 678.99,
    "dma100" : null,
    "dma200" : 718.66,
    "volume" : 2576.00
  }, {
    "date" : "2025-05-29",
    "price" : 693.40,
    "dma50" : 679.56,
    "dma100" : null,
    "dma200" : 718.41,
    "volume" : 7604.00
  }, {
    "date" : "2025-05-30",
    "price" : 694.60,
    "dma50" : 680.15,
    "dma100" : null,
    "dma200" : 718.17,
    "volume" : 2310.00
  }, {
    "date" : "2025-06-02",
    "price" : 712.90,
    "dma50" : 681.43,
    "dma100" : null,
    "dma200" : 718.12,
    "volume" : 7238.00
  }, {
    "date" : "2025-06-03",
    "price" : 706.60,
    "dma50" : 682.42,
    "dma100" : null,
    "dma200" : 718.00,
    "volume" : 3990.00
  }, {
    "date" : "2025-06-04",
    "price" : 712.75,
    "dma50" : 683.61,
    "dma100" : null,
    "dma200" : 717.95,
    "volume" : 3719.00
  }, {
    "date" : "2025-06-05",
    "price" : 721.60,
    "dma50" : 685.10,
    "dma100" : null,
    "dma200" : 717.99,
    "volume" : 3243.00
  }, {
    "date" : "2025-06-06",
    "price" : 719.75,
    "dma50" : 686.46,
    "dma100" : null,
    "dma200" : 718.00,
    "volume" : 3332.00
  }, {
    "date" : "2025-06-09",
    "price" : 720.30,
    "dma50" : 687.78,
    "dma100" : null,
    "dma200" : 718.03,
    "volume" : 4128.00
  }, {
    "date" : "2025-06-10",
    "price" : 723.55,
    "dma50" : 689.19,
    "dma100" : null,
    "dma200" : 718.08,
    "volume" : 5148.00
  }, {
    "date" : "2025-06-11",
    "price" : 722.20,
    "dma50" : 690.48,
    "dma100" : null,
    "dma200" : 718.12,
    "volume" : 1579.00
  }, {
    "date" : "2025-06-12",
    "price" : 715.45,
    "dma50" : 691.46,
    "dma100" : null,
    "dma200" : 718.10,
    "volume" : 1949.00
  }, {
    "date" : "2025-06-13",
    "price" : 701.85,
    "dma50" : 691.87,
    "dma100" : null,
    "dma200" : 717.93,
    "volume" : 10211.00
  }, {
    "date" : "2025-06-16",
    "price" : 721.35,
    "dma50" : 693.02,
    "dma100" : null,
    "dma200" : 717.97,
    "volume" : 4614.00
  }, {
    "date" : "2025-06-17",
    "price" : 709.75,
    "dma50" : 693.68,
    "dma100" : null,
    "dma200" : 717.89,
    "volume" : 1895.00
  }, {
    "date" : "2025-06-18",
    "price" : 707.00,
    "dma50" : 694.20,
    "dma100" : null,
    "dma200" : 717.78,
    "volume" : 936.00
  }, {
    "date" : "2025-06-19",
    "price" : 695.40,
    "dma50" : 694.25,
    "dma100" : null,
    "dma200" : 717.56,
    "volume" : 1361.00
  }, {
    "date" : "2025-06-20",
    "price" : 698.90,
    "dma50" : 694.43,
    "dma100" : null,
    "dma200" : 717.37,
    "volume" : 809.00
  }, {
    "date" : "2025-06-23",
    "price" : 717.00,
    "dma50" : 695.32,
    "dma100" : null,
    "dma200" : 717.37,
    "volume" : 3077.00
  }, {
    "date" : "2025-06-24",
    "price" : 705.55,
    "dma50" : 695.72,
    "dma100" : null,
    "dma200" : 717.25,
    "volume" : 5690.00
  }, {
    "date" : "2025-06-25",
    "price" : 709.10,
    "dma50" : 696.24,
    "dma100" : null,
    "dma200" : 717.17,
    "volume" : 1158.00
  }, {
    "date" : "2025-06-26",
    "price" : 713.70,
    "dma50" : 696.93,
    "dma100" : null,
    "dma200" : 717.13,
    "volume" : 808.00
  }, {
    "date" : "2025-06-27",
    "price" : 709.35,
    "dma50" : 697.41,
    "dma100" : null,
    "dma200" : 717.06,
    "volume" : 2876.00
  }, {
    "date" : "2025-06-30",
    "price" : 715.75,
    "dma50" : 698.13,
    "dma100" : null,
    "dma200" : 717.04,
    "volume" : 1595.00
  }, {
    "date" : "2025-07-01",
    "price" : 709.55,
    "dma50" : 698.58,
    "dma100" : null,
    "dma200" : 716.97,
    "volume" : 2869.00
  }, {
    "date" : "2025-07-02",
    "price" : 714.65,
    "dma50" : 699.21,
    "dma100" : null,
    "dma200" : 716.94,
    "volume" : 3385.00
  }, {
    "date" : "2025-07-03",
    "price" : 724.25,
    "dma50" : 700.19,
    "dma100" : null,
    "dma200" : 717.02,
    "volume" : 4083.00
  }, {
    "date" : "2025-07-04",
    "price" : 733.00,
    "dma50" : 701.48,
    "dma100" : null,
    "dma200" : 717.18,
    "volume" : 8096.00
  }, {
    "date" : "2025-07-07",
    "price" : 725.30,
    "dma50" : 702.41,
    "dma100" : null,
    "dma200" : 717.26,
    "volume" : 3006.00
  }, {
    "date" : "2025-07-08",
    "price" : 728.00,
    "dma50" : 703.42,
    "dma100" : null,
    "dma200" : 717.36,
    "volume" : 1876.00
  }, {
    "date" : "2025-07-09",
    "price" : 734.20,
    "dma50" : 704.62,
    "dma100" : null,
    "dma200" : 717.53,
    "volume" : 3001.00
  }, {
    "date" : "2025-07-10",
    "price" : 733.10,
    "dma50" : 705.74,
    "dma100" : null,
    "dma200" : 717.69,
    "volume" : 1391.00
  }, {
    "date" : "2025-07-11",
    "price" : 732.10,
    "dma50" : 706.77,
    "dma100" : null,
    "dma200" : 717.83,
    "volume" : 3532.00
  }, {
    "date" : "2025-07-14",
    "price" : 731.80,
    "dma50" : 707.76,
    "dma100" : null,
    "dma200" : 717.97,
    "volume" : 2499.00
  }, {
    "date" : "2025-07-15",
    "price" : 734.05,
    "dma50" : 708.79,
    "dma100" : null,
    "dma200" : 718.13,
    "volume" : 4736.00
  }, {
    "date" : "2025-07-16",
    "price" : 737.25,
    "dma50" : 709.90,
    "dma100" : null,
    "dma200" : 718.32,
    "volume" : 3075.00
  }, {
    "date" : "2025-07-17",
    "price" : 736.50,
    "dma50" : 710.95,
    "dma100" : 682.39,
    "dma200" : 718.50,
    "volume" : 1118.00
  }, {
    "date" : "2025-07-18",
    "price" : 730.70,
    "dma50" : 711.72,
    "dma100" : 683.67,
    "dma200" : 718.62,
    "volume" : 2035.00
  }, {
    "date" : "2025-07-21",
    "price" : 731.85,
    "dma50" : 712.51,
    "dma100" : 684.88,
    "dma200" : 718.75,
    "volume" : 4629.00
  }, {
    "date" : "2025-07-22",
    "price" : 766.60,
    "dma50" : 714.63,
    "dma100" : 686.29,
    "dma200" : 719.23,
    "volume" : 14640.00
  }, {
    "date" : "2025-07-23",
    "price" : 774.00,
    "dma50" : 716.96,
    "dma100" : 687.90,
    "dma200" : 719.77,
    "volume" : 15887.00
  }, {
    "date" : "2025-07-24",
    "price" : 758.80,
    "dma50" : 718.60,
    "dma100" : 689.23,
    "dma200" : 720.16,
    "volume" : 5003.00
  }, {
    "date" : "2025-07-25",
    "price" : 752.45,
    "dma50" : 719.93,
    "dma100" : 690.66,
    "dma200" : 720.48,
    "volume" : 6618.00
  }, {
    "date" : "2025-07-28",
    "price" : 761.05,
    "dma50" : 721.54,
    "dma100" : 692.34,
    "dma200" : 720.89,
    "volume" : 16179.00
  }, {
    "date" : "2025-07-29",
    "price" : 767.75,
    "dma50" : 723.35,
    "dma100" : 693.81,
    "dma200" : 721.35,
    "volume" : 12235.00
  }, {
    "date" : "2025-07-30",
    "price" : 764.95,
    "dma50" : 724.98,
    "dma100" : 695.28,
    "dma200" : 721.79,
    "volume" : 6792.00
  }, {
    "date" : "2025-07-31",
    "price" : 769.05,
    "dma50" : 726.71,
    "dma100" : 696.62,
    "dma200" : 722.26,
    "volume" : 5466.00
  }, {
    "date" : "2025-08-01",
    "price" : 779.55,
    "dma50" : 728.78,
    "dma100" : 698.03,
    "dma200" : 722.83,
    "volume" : 16474.00
  }, {
    "date" : "2025-08-04",
    "price" : 751.90,
    "dma50" : 729.69,
    "dma100" : 699.26,
    "dma200" : 723.12,
    "volume" : 10445.00
  }, {
    "date" : "2025-08-05",
    "price" : 753.50,
    "dma50" : 730.62,
    "dma100" : 700.54,
    "dma200" : 723.42,
    "volume" : 6485.00
  }, {
    "date" : "2025-08-06",
    "price" : 747.40,
    "dma50" : 731.28,
    "dma100" : 701.80,
    "dma200" : 723.66,
    "volume" : 4994.00
  }, {
    "date" : "2025-08-07",
    "price" : 734.20,
    "dma50" : 731.40,
    "dma100" : 702.82,
    "dma200" : 723.76,
    "volume" : 5282.00
  }, {
    "date" : "2025-08-08",
    "price" : 713.70,
    "dma50" : 730.70,
    "dma100" : 702.67,
    "dma200" : 723.66,
    "volume" : 10560.00
  }, {
    "date" : "2025-08-11",
    "price" : 692.35,
    "dma50" : 729.20,
    "dma100" : 702.74,
    "dma200" : 723.35,
    "volume" : 15979.00
  }, {
    "date" : "2025-08-12",
    "price" : 768.30,
    "dma50" : 730.73,
    "dma100" : 703.38,
    "dma200" : 723.80,
    "volume" : 295716.00
  }, {
    "date" : "2025-08-13",
    "price" : 761.00,
    "dma50" : 731.92,
    "dma100" : 704.04,
    "dma200" : 724.17,
    "volume" : 30371.00
  }, {
    "date" : "2025-08-14",
    "price" : 759.55,
    "dma50" : 733.00,
    "dma100" : 704.75,
    "dma200" : 724.52,
    "volume" : 11286.00
  }, {
    "date" : "2025-08-18",
    "price" : 759.85,
    "dma50" : 734.06,
    "dma100" : 705.47,
    "dma200" : 724.87,
    "volume" : 12940.00
  }, {
    "date" : "2025-08-19",
    "price" : 783.65,
    "dma50" : 736.00,
    "dma100" : 706.26,
    "dma200" : 725.46,
    "volume" : 15746.00
  }, {
    "date" : "2025-08-20",
    "price" : 778.95,
    "dma50" : 737.68,
    "dma100" : 707.13,
    "dma200" : 725.99,
    "volume" : 6011.00
  }, {
    "date" : "2025-08-21",
    "price" : 774.00,
    "dma50" : 739.11,
    "dma100" : 708.15,
    "dma200" : 726.47,
    "volume" : 4044.00
  }, {
    "date" : "2025-08-22",
    "price" : 773.20,
    "dma50" : 740.45,
    "dma100" : 709.40,
    "dma200" : 726.93,
    "volume" : 2669.00
  }, {
    "date" : "2025-08-25",
    "price" : 864.00,
    "dma50" : 745.29,
    "dma100" : 711.57,
    "dma200" : 728.30,
    "volume" : 437987.00
  }, {
    "date" : "2025-08-26",
    "price" : 832.95,
    "dma50" : 748.73,
    "dma100" : 713.38,
    "dma200" : 729.34,
    "volume" : 25436.00
  }, {
    "date" : "2025-08-28",
    "price" : 836.15,
    "dma50" : 752.16,
    "dma100" : 715.07,
    "dma200" : 730.40,
    "volume" : 13501.00
  }, {
    "date" : "2025-08-29",
    "price" : 849.00,
    "dma50" : 755.95,
    "dma100" : 716.82,
    "dma200" : 731.58,
    "volume" : 9967.00
  }, {
    "date" : "2025-09-01",
    "price" : 864.75,
    "dma50" : 760.22,
    "dma100" : 718.90,
    "dma200" : 732.91,
    "volume" : 27183.00
  }, {
    "date" : "2025-09-02",
    "price" : 863.15,
    "dma50" : 764.26,
    "dma100" : 721.24,
    "dma200" : 734.20,
    "volume" : 17944.00
  }, {
    "date" : "2025-09-03",
    "price" : 865.70,
    "dma50" : 768.24,
    "dma100" : 723.22,
    "dma200" : 735.51,
    "volume" : 9442.00
  }, {
    "date" : "2025-09-04",
    "price" : 958.00,
    "dma50" : 775.68,
    "dma100" : 726.20,
    "dma200" : 737.72,
    "volume" : 528353.00
  }, {
    "date" : "2025-09-05",
    "price" : 1000.55,
    "dma50" : 784.50,
    "dma100" : 729.48,
    "dma200" : 740.34,
    "volume" : 210329.00
  }, {
    "date" : "2025-09-08",
    "price" : 1003.80,
    "dma50" : 793.10,
    "dma100" : 732.61,
    "dma200" : 742.96,
    "volume" : 44109.00
  }, {
    "date" : "2025-09-09",
    "price" : 947.15,
    "dma50" : 799.14,
    "dma100" : 735.16,
    "dma200" : 744.99,
    "volume" : 62784.00
  }, {
    "date" : "2025-09-10",
    "price" : 948.60,
    "dma50" : 805.00,
    "dma100" : 737.83,
    "dma200" : 747.02,
    "volume" : 41528.00
  }, {
    "date" : "2025-09-11",
    "price" : 942.55,
    "dma50" : 810.39,
    "dma100" : 740.50,
    "dma200" : 748.96,
    "volume" : 27712.00
  }, {
    "date" : "2025-09-12",
    "price" : 949.30,
    "dma50" : 815.84,
    "dma100" : 743.16,
    "dma200" : 750.96,
    "volume" : 44001.00
  }, {
    "date" : "2025-09-15",
    "price" : 965.65,
    "dma50" : 821.72,
    "dma100" : 746.03,
    "dma200" : 753.09,
    "volume" : 26608.00
  }, {
    "date" : "2025-09-16",
    "price" : 975.70,
    "dma50" : 827.75,
    "dma100" : 749.01,
    "dma200" : 755.31,
    "volume" : 25776.00
  }, {
    "date" : "2025-09-17",
    "price" : 960.95,
    "dma50" : 832.98,
    "dma100" : 751.91,
    "dma200" : 757.35,
    "volume" : 16049.00
  }, {
    "date" : "2025-09-18",
    "price" : 928.15,
    "dma50" : 836.71,
    "dma100" : 754.53,
    "dma200" : 759.05,
    "volume" : 23215.00
  }, {
    "date" : "2025-09-19",
    "price" : 917.25,
    "dma50" : 839.87,
    "dma100" : 757.03,
    "dma200" : 760.63,
    "volume" : 8645.00
  }, {
    "date" : "2025-09-22",
    "price" : 928.90,
    "dma50" : 843.36,
    "dma100" : 759.78,
    "dma200" : 762.30,
    "volume" : 15187.00
  }, {
    "date" : "2025-09-23",
    "price" : 918.30,
    "dma50" : 846.30,
    "dma100" : 762.48,
    "dma200" : 763.85,
    "volume" : 10204.00
  }, {
    "date" : "2025-09-24",
    "price" : 908.90,
    "dma50" : 848.75,
    "dma100" : 764.89,
    "dma200" : 765.30,
    "volume" : 9051.00
  }, {
    "date" : "2025-09-25",
    "price" : 888.30,
    "dma50" : 850.30,
    "dma100" : 767.17,
    "dma200" : 766.52,
    "volume" : 17653.00
  }, {
    "date" : "2025-09-26",
    "price" : 927.65,
    "dma50" : 853.34,
    "dma100" : 769.95,
    "dma200" : 768.12,
    "volume" : 47911.00
  }, {
    "date" : "2025-09-29",
    "price" : 951.45,
    "dma50" : 857.18,
    "dma100" : 772.96,
    "dma200" : 769.95,
    "volume" : 224358.00
  }, {
    "date" : "2025-09-30",
    "price" : 967.90,
    "dma50" : 861.53,
    "dma100" : 776.37,
    "dma200" : 771.92,
    "volume" : 25842.00
  }, {
    "date" : "2025-10-01",
    "price" : 960.65,
    "dma50" : 865.41,
    "dma100" : 779.46,
    "dma200" : 773.80,
    "volume" : 38348.00
  }, {
    "date" : "2025-10-03",
    "price" : 943.75,
    "dma50" : 868.49,
    "dma100" : 782.24,
    "dma200" : 775.49,
    "volume" : 20519.00
  }, {
    "date" : "2025-10-06",
    "price" : 969.65,
    "dma50" : 872.45,
    "dma100" : 785.24,
    "dma200" : 777.42,
    "volume" : 27979.00
  }, {
    "date" : "2025-10-07",
    "price" : 947.75,
    "dma50" : 875.41,
    "dma100" : 788.02,
    "dma200" : 779.11,
    "volume" : 23137.00
  }, {
    "date" : "2025-10-08",
    "price" : 928.65,
    "dma50" : 877.49,
    "dma100" : 790.46,
    "dma200" : 780.60,
    "volume" : 13158.00
  }, {
    "date" : "2025-10-09",
    "price" : 948.85,
    "dma50" : 880.29,
    "dma100" : 793.02,
    "dma200" : 782.28,
    "volume" : 28731.00
  }, {
    "date" : "2025-10-10",
    "price" : 933.25,
    "dma50" : 882.37,
    "dma100" : 795.46,
    "dma200" : 783.78,
    "volume" : 40676.00
  }, {
    "date" : "2025-10-13",
    "price" : 915.95,
    "dma50" : 883.69,
    "dma100" : 797.69,
    "dma200" : 785.09,
    "volume" : 36593.00
  }, {
    "date" : "2025-10-14",
    "price" : 909.05,
    "dma50" : 884.68,
    "dma100" : 799.92,
    "dma200" : 786.33,
    "volume" : 12990.00
  }, {
    "date" : "2025-10-15",
    "price" : 882.25,
    "dma50" : 884.59,
    "dma100" : 801.85,
    "dma200" : 787.28,
    "volume" : 29350.00
  }, {
    "date" : "2025-10-16",
    "price" : 879.25,
    "dma50" : 884.38,
    "dma100" : 803.47,
    "dma200" : 788.20,
    "volume" : 28254.00
  }, {
    "date" : "2025-10-17",
    "price" : 871.10,
    "dma50" : 883.86,
    "dma100" : 804.96,
    "dma200" : 789.02,
    "volume" : 16776.00
  }, {
    "date" : "2025-10-20",
    "price" : 894.00,
    "dma50" : 884.25,
    "dma100" : 806.79,
    "dma200" : 790.07,
    "volume" : 15405.00
  }, {
    "date" : "2025-10-21",
    "price" : 917.95,
    "dma50" : 885.57,
    "dma100" : 809.03,
    "dma200" : 791.34,
    "volume" : 20093.00
  }, {
    "date" : "2025-10-23",
    "price" : 923.20,
    "dma50" : 887.05,
    "dma100" : 811.32,
    "dma200" : 792.65,
    "volume" : 17308.00
  }, {
    "date" : "2025-10-24",
    "price" : 927.65,
    "dma50" : 888.64,
    "dma100" : 813.47,
    "dma200" : 793.99,
    "volume" : 7250.00
  }, {
    "date" : "2025-10-27",
    "price" : 881.75,
    "dma50" : 888.37,
    "dma100" : 815.22,
    "dma200" : 794.87,
    "volume" : 32975.00
  }, {
    "date" : "2025-10-28",
    "price" : 888.00,
    "dma50" : 888.36,
    "dma100" : 816.97,
    "dma200" : 795.79,
    "volume" : 5828.00
  }, {
    "date" : "2025-10-29",
    "price" : 886.10,
    "dma50" : 888.27,
    "dma100" : 818.62,
    "dma200" : 796.69,
    "volume" : 4973.00
  }, {
    "date" : "2025-10-30",
    "price" : 870.10,
    "dma50" : 887.56,
    "dma100" : 820.12,
    "dma200" : 797.42,
    "volume" : 12689.00
  }, {
    "date" : "2025-10-31",
    "price" : 877.80,
    "dma50" : 887.17,
    "dma100" : 821.69,
    "dma200" : 798.22,
    "volume" : 6312.00
  }, {
    "date" : "2025-11-03",
    "price" : 869.50,
    "dma50" : 886.48,
    "dma100" : 823.15,
    "dma200" : 798.93,
    "volume" : 7110.00
  }, {
    "date" : "2025-11-04",
    "price" : 856.30,
    "dma50" : 885.30,
    "dma100" : 824.49,
    "dma200" : 799.50,
    "volume" : 7336.00
  }, {
    "date" : "2025-11-06",
    "price" : 828.95,
    "dma50" : 883.09,
    "dma100" : 825.63,
    "dma200" : 799.80,
    "volume" : 11838.00
  }, {
    "date" : "2025-11-07",
    "price" : 827.65,
    "dma50" : 880.91,
    "dma100" : 826.89,
    "dma200" : 800.07,
    "volume" : 6388.00
  }, {
    "date" : "2025-11-10",
    "price" : 830.00,
    "dma50" : 878.92,
    "dma100" : 827.97,
    "dma200" : 800.37,
    "volume" : 11700.00
  }, {
    "date" : "2025-11-11",
    "price" : 790.75,
    "dma50" : 875.46,
    "dma100" : 828.78,
    "dma200" : 800.28,
    "volume" : 67387.00
  }, {
    "date" : "2025-11-12",
    "price" : 782.95,
    "dma50" : 871.83,
    "dma100" : 829.54,
    "dma200" : 800.10,
    "volume" : 7821.00
  }, {
    "date" : "2025-11-13",
    "price" : 775.60,
    "dma50" : 868.06,
    "dma100" : 830.35,
    "dma200" : 799.86,
    "volume" : 7855.00
  }, {
    "date" : "2025-11-14",
    "price" : 779.85,
    "dma50" : 864.60,
    "dma100" : 831.16,
    "dma200" : 799.66,
    "volume" : 4365.00
  }, {
    "date" : "2025-11-17",
    "price" : 780.25,
    "dma50" : 861.29,
    "dma100" : 831.79,
    "dma200" : 799.47,
    "volume" : 4114.00
  }, {
    "date" : "2025-11-18",
    "price" : 778.70,
    "dma50" : 858.05,
    "dma100" : 832.52,
    "dma200" : 799.26,
    "volume" : 4309.00
  }, {
    "date" : "2025-11-19",
    "price" : 776.75,
    "dma50" : 854.86,
    "dma100" : 833.20,
    "dma200" : 799.04,
    "volume" : 4968.00
  }, {
    "date" : "2025-11-20",
    "price" : 778.05,
    "dma50" : 851.85,
    "dma100" : 833.84,
    "dma200" : 798.83,
    "volume" : 3201.00
  }, {
    "date" : "2025-11-21",
    "price" : 773.50,
    "dma50" : 848.78,
    "dma100" : 834.48,
    "dma200" : 798.58,
    "volume" : 3138.00
  }, {
    "date" : "2025-11-24",
    "price" : 754.35,
    "dma50" : 845.08,
    "dma100" : 834.87,
    "dma200" : 798.14,
    "volume" : 7112.00
  }, {
    "date" : "2025-11-25",
    "price" : 755.25,
    "dma50" : 841.55,
    "dma100" : 835.32,
    "dma200" : 797.71,
    "volume" : 3195.00
  }, {
    "date" : "2025-11-26",
    "price" : 764.35,
    "dma50" : 838.53,
    "dma100" : 835.82,
    "dma200" : 797.38,
    "volume" : 5042.00
  }, {
    "date" : "2025-11-27",
    "price" : 774.10,
    "dma50" : 836.00,
    "dma100" : 836.32,
    "dma200" : 797.14,
    "volume" : 2591.00
  }, {
    "date" : "2025-11-28",
    "price" : 768.95,
    "dma50" : 833.37,
    "dma100" : 836.68,
    "dma200" : 796.86,
    "volume" : 4777.00
  }, {
    "date" : "2025-12-01",
    "price" : 768.40,
    "dma50" : 830.82,
    "dma100" : 837.11,
    "dma200" : 796.58,
    "volume" : 3690.00
  }, {
    "date" : "2025-12-02",
    "price" : 764.30,
    "dma50" : 828.21,
    "dma100" : 837.47,
    "dma200" : 796.26,
    "volume" : 1727.00
  }, {
    "date" : "2025-12-03",
    "price" : 758.10,
    "dma50" : 825.46,
    "dma100" : 837.71,
    "dma200" : 795.88,
    "volume" : 3454.00
  }, {
    "date" : "2025-12-04",
    "price" : 761.00,
    "dma50" : 822.94,
    "dma100" : 837.99,
    "dma200" : 795.53,
    "volume" : 3590.00
  }, {
    "date" : "2025-12-05",
    "price" : 754.15,
    "dma50" : 820.24,
    "dma100" : 838.21,
    "dma200" : 795.12,
    "volume" : 3253.00
  }, {
    "date" : "2025-12-08",
    "price" : 730.20,
    "dma50" : 816.71,
    "dma100" : 838.20,
    "dma200" : 794.48,
    "volume" : 9335.00
  }, {
    "date" : "2025-12-09",
    "price" : 735.50,
    "dma50" : 813.52,
    "dma100" : 838.21,
    "dma200" : 793.89,
    "volume" : 3281.00
  }, {
    "date" : "2025-12-10",
    "price" : 740.90,
    "dma50" : 810.67,
    "dma100" : 838.25,
    "dma200" : 793.36,
    "volume" : 2698.00
  }, {
    "date" : "2025-12-11",
    "price" : 755.60,
    "dma50" : 808.51,
    "dma100" : 838.44,
    "dma200" : 792.99,
    "volume" : 1640.00
  }, {
    "date" : "2025-12-12",
    "price" : 749.90,
    "dma50" : 806.22,
    "dma100" : 838.63,
    "dma200" : 792.56,
    "volume" : 1842.00
  }, {
    "date" : "2025-12-15",
    "price" : 771.15,
    "dma50" : 804.84,
    "dma100" : 839.02,
    "dma200" : 792.34,
    "volume" : 1689.00
  }, {
    "date" : "2025-12-16",
    "price" : 764.60,
    "dma50" : 803.26,
    "dma100" : 839.00,
    "dma200" : 792.07,
    "volume" : 1619.00
  }, {
    "date" : "2025-12-17",
    "price" : 752.00,
    "dma50" : 801.25,
    "dma100" : 838.78,
    "dma200" : 791.67,
    "volume" : 3713.00
  }, {
    "date" : "2025-12-18",
    "price" : 747.00,
    "dma50" : 799.13,
    "dma100" : 838.66,
    "dma200" : 791.22,
    "volume" : 1387.00
  }, {
    "date" : "2025-12-19",
    "price" : 754.65,
    "dma50" : 797.38,
    "dma100" : 838.69,
    "dma200" : 790.86,
    "volume" : 2643.00
  }, {
    "date" : "2025-12-22",
    "price" : 771.10,
    "dma50" : 796.35,
    "dma100" : 838.79,
    "dma200" : 790.66,
    "volume" : 1908.00
  }, {
    "date" : "2025-12-23",
    "price" : 779.45,
    "dma50" : 795.69,
    "dma100" : 838.90,
    "dma200" : 790.55,
    "volume" : 4912.00
  }, {
    "date" : "2025-12-24",
    "price" : 763.35,
    "dma50" : 794.42,
    "dma100" : 838.89,
    "dma200" : 790.28,
    "volume" : 7141.00
  }, {
    "date" : "2025-12-26",
    "price" : 763.30,
    "dma50" : 793.20,
    "dma100" : 838.83,
    "dma200" : 790.01,
    "volume" : 2220.00
  }, {
    "date" : "2025-12-29",
    "price" : 759.65,
    "dma50" : 791.88,
    "dma100" : 838.63,
    "dma200" : 789.71,
    "volume" : 6313.00
  }, {
    "date" : "2025-12-30",
    "price" : 762.10,
    "dma50" : 790.72,
    "dma100" : 838.73,
    "dma200" : 789.44,
    "volume" : 887.00
  }, {
    "date" : "2025-12-31",
    "price" : 765.75,
    "dma50" : 789.74,
    "dma100" : 838.86,
    "dma200" : 789.20,
    "volume" : 2995.00
  }, {
    "date" : "2026-01-01",
    "price" : 796.55,
    "dma50" : 790.00,
    "dma100" : 839.35,
    "dma200" : 789.27,
    "volume" : 9337.00
  }, {
    "date" : "2026-01-02",
    "price" : 790.85,
    "dma50" : 790.04,
    "dma100" : 839.91,
    "dma200" : 789.29,
    "volume" : 4931.00
  }, {
    "date" : "2026-01-05",
    "price" : 773.70,
    "dma50" : 789.40,
    "dma100" : 840.51,
    "dma200" : 789.13,
    "volume" : 9831.00
  }, {
    "date" : "2026-01-06",
    "price" : 769.90,
    "dma50" : 788.63,
    "dma100" : 841.29,
    "dma200" : 788.94,
    "volume" : 3221.00
  }, {
    "date" : "2026-01-07",
    "price" : 758.45,
    "dma50" : 787.45,
    "dma100" : 841.19,
    "dma200" : 788.64,
    "volume" : 4141.00
  }, {
    "date" : "2026-01-08",
    "price" : 744.35,
    "dma50" : 785.76,
    "dma100" : 841.02,
    "dma200" : 788.20,
    "volume" : 2330.00
  }, {
    "date" : "2026-01-09",
    "price" : 716.35,
    "dma50" : 783.04,
    "dma100" : 840.59,
    "dma200" : 787.48,
    "volume" : 5881.00
  }, {
    "date" : "2026-01-12",
    "price" : 743.05,
    "dma50" : 781.47,
    "dma100" : 840.42,
    "dma200" : 787.04,
    "volume" : 6023.00
  }, {
    "date" : "2026-01-13",
    "price" : 751.05,
    "dma50" : 780.28,
    "dma100" : 840.10,
    "dma200" : 786.68,
    "volume" : 2789.00
  }, {
    "date" : "2026-01-14",
    "price" : 754.55,
    "dma50" : 779.27,
    "dma100" : 839.85,
    "dma200" : 786.36,
    "volume" : 2580.00
  }, {
    "date" : "2026-01-16",
    "price" : 738.10,
    "dma50" : 777.65,
    "dma100" : 839.50,
    "dma200" : 785.88,
    "volume" : 4137.00
  }, {
    "date" : "2026-01-19",
    "price" : 729.05,
    "dma50" : 775.75,
    "dma100" : 839.05,
    "dma200" : 785.32,
    "volume" : 2483.00
  }, {
    "date" : "2026-01-20",
    "price" : 706.10,
    "dma50" : 773.01,
    "dma100" : 837.47,
    "dma200" : 784.53,
    "volume" : 5903.00
  }, {
    "date" : "2026-01-21",
    "price" : 727.65,
    "dma50" : 771.24,
    "dma100" : 836.42,
    "dma200" : 783.96,
    "volume" : 4954.00
  }, {
    "date" : "2026-01-22",
    "price" : 714.65,
    "dma50" : 769.02,
    "dma100" : 835.21,
    "dma200" : 783.27,
    "volume" : 4921.00
  }, {
    "date" : "2026-01-23",
    "price" : 706.00,
    "dma50" : 766.55,
    "dma100" : 833.78,
    "dma200" : 782.51,
    "volume" : 3592.00
  }, {
    "date" : "2026-01-27",
    "price" : 697.55,
    "dma50" : 763.84,
    "dma100" : 832.10,
    "dma200" : 781.66,
    "volume" : 4690.00
  }, {
    "date" : "2026-01-28",
    "price" : 723.90,
    "dma50" : 762.27,
    "dma100" : 830.71,
    "dma200" : 781.09,
    "volume" : 2938.00
  }, {
    "date" : "2026-01-29",
    "price" : 709.40,
    "dma50" : 760.20,
    "dma100" : 829.15,
    "dma200" : 780.37,
    "volume" : 3483.00
  }, {
    "date" : "2026-01-30",
    "price" : 733.60,
    "dma50" : 759.16,
    "dma100" : 826.91,
    "dma200" : 779.91,
    "volume" : 3976.00
  }, {
    "date" : "2026-02-01",
    "price" : 700.35,
    "dma50" : 756.85,
    "dma100" : 823.90,
    "dma200" : 779.12,
    "volume" : 4076.00
  }, {
    "date" : "2026-02-02",
    "price" : 708.15,
    "dma50" : 754.94,
    "dma100" : 820.95,
    "dma200" : 778.41,
    "volume" : 2589.00
  }, {
    "date" : "2026-02-03",
    "price" : 742.90,
    "dma50" : 754.47,
    "dma100" : 818.90,
    "dma200" : 778.06,
    "volume" : 4228.00
  }, {
    "date" : "2026-02-04",
    "price" : 748.75,
    "dma50" : 754.24,
    "dma100" : 816.91,
    "dma200" : 777.76,
    "volume" : 4357.00
  }, {
    "date" : "2026-02-05",
    "price" : 738.55,
    "dma50" : 753.63,
    "dma100" : 814.87,
    "dma200" : 777.37,
    "volume" : 2248.00
  }, {
    "date" : "2026-02-06",
    "price" : 739.90,
    "dma50" : 753.09,
    "dma100" : 812.77,
    "dma200" : 777.00,
    "volume" : 1105.00
  }, {
    "date" : "2026-02-09",
    "price" : 799.65,
    "dma50" : 754.92,
    "dma100" : 811.11,
    "dma200" : 777.23,
    "volume" : 10861.00
  }, {
    "date" : "2026-02-10",
    "price" : 853.00,
    "dma50" : 758.76,
    "dma100" : 809.88,
    "dma200" : 777.98,
    "volume" : 33843.00
  }, {
    "date" : "2026-02-11",
    "price" : 815.40,
    "dma50" : 760.98,
    "dma100" : 808.43,
    "dma200" : 778.35,
    "volume" : 23111.00
  }, {
    "date" : "2026-02-12",
    "price" : 819.90,
    "dma50" : 763.29,
    "dma100" : 807.35,
    "dma200" : 778.77,
    "volume" : 8297.00
  }, {
    "date" : "2026-02-13",
    "price" : 800.90,
    "dma50" : 764.77,
    "dma100" : 806.18,
    "dma200" : 778.99,
    "volume" : 5161.00
  }, {
    "date" : "2026-02-16",
    "price" : 817.05,
    "dma50" : 766.82,
    "dma100" : 805.06,
    "dma200" : 779.37,
    "volume" : 4310.00
  }, {
    "date" : "2026-02-17",
    "price" : 924.25,
    "dma50" : 772.99,
    "dma100" : 805.12,
    "dma200" : 780.81,
    "volume" : 570376.00
  } ],
  "latestTechnicalAttributes" : {
    "date" : "2026-02-17",
    "price" : 924.25,
    "dma50" : 772.99,
    "dma100" : 805.12,
    "dma200" : 780.81,
    "volume" : 570376.00
  },
  "quarterlyResults" : [ {
    "date" : "2005-03-31",
    "sales" : 12.29,
    "salesGrowthYoY" : null,
    "grossProfitMargin" : 60.62,
    "grossProfit" : 7.45,
    "operatingProfitMargin" : 34.74,
    "operatingProfit" : 4.27,
    "netProfitMargin" : 22.54,
    "netProfit" : 2.77
  }, {
    "date" : "2005-06-30",
    "sales" : 13.91,
    "salesGrowthYoY" : null,
    "grossProfitMargin" : 60.10,
    "grossProfit" : 8.36,
    "operatingProfitMargin" : 38.82,
    "operatingProfit" : 5.40,
    "netProfitMargin" : 26.67,
    "netProfit" : 3.71
  }, {
    "date" : "2005-09-30",
    "sales" : 12.45,
    "salesGrowthYoY" : null,
    "grossProfitMargin" : 60.40,
    "grossProfit" : 7.52,
    "operatingProfitMargin" : 37.35,
    "operatingProfit" : 4.65,
    "netProfitMargin" : 22.25,
    "netProfit" : 2.77
  }, {
    "date" : "2005-12-31",
    "sales" : 14.17,
    "salesGrowthYoY" : null,
    "grossProfitMargin" : 57.87,
    "grossProfit" : 8.20,
    "operatingProfitMargin" : 38.67,
    "operatingProfit" : 5.48,
    "netProfitMargin" : 23.92,
    "netProfit" : 3.39
  }, {
    "date" : "2006-03-31",
    "sales" : 15.02,
    "salesGrowthYoY" : 22.21,
    "grossProfitMargin" : 57.52,
    "grossProfit" : 8.64,
    "operatingProfitMargin" : 33.89,
    "operatingProfit" : 5.09,
    "netProfitMargin" : 41.68,
    "netProfit" : 6.26
  }, {
    "date" : "2006-06-30",
    "sales" : 14.43,
    "salesGrowthYoY" : 3.74,
    "grossProfitMargin" : 58.42,
    "grossProfit" : 8.43,
    "operatingProfitMargin" : 39.29,
    "operatingProfit" : 5.67,
    "netProfitMargin" : 23.15,
    "netProfit" : 3.34
  }, {
    "date" : "2006-09-30",
    "sales" : 14.75,
    "salesGrowthYoY" : 18.47,
    "grossProfitMargin" : 59.46,
    "grossProfit" : 8.77,
    "operatingProfitMargin" : 38.17,
    "operatingProfit" : 5.63,
    "netProfitMargin" : 23.12,
    "netProfit" : 3.41
  }, {
    "date" : "2006-12-31",
    "sales" : 14.38,
    "salesGrowthYoY" : 1.48,
    "grossProfitMargin" : 56.68,
    "grossProfit" : 8.15,
    "operatingProfitMargin" : 36.16,
    "operatingProfit" : 5.20,
    "netProfitMargin" : 19.26,
    "netProfit" : 2.77
  }, {
    "date" : "2007-03-31",
    "sales" : 17.84,
    "salesGrowthYoY" : 18.77,
    "grossProfitMargin" : 54.71,
    "grossProfit" : 9.76,
    "operatingProfitMargin" : 33.91,
    "operatingProfit" : 6.05,
    "netProfitMargin" : 18.78,
    "netProfit" : 3.35
  }, {
    "date" : "2007-06-30",
    "sales" : 18.28,
    "salesGrowthYoY" : 26.68,
    "grossProfitMargin" : 54.10,
    "grossProfit" : 9.89,
    "operatingProfitMargin" : 36.76,
    "operatingProfit" : 6.72,
    "netProfitMargin" : 22.87,
    "netProfit" : 4.18
  }, {
    "date" : "2007-09-30",
    "sales" : 18.02,
    "salesGrowthYoY" : 22.17,
    "grossProfitMargin" : 58.05,
    "grossProfit" : 10.46,
    "operatingProfitMargin" : 40.23,
    "operatingProfit" : 7.25,
    "netProfitMargin" : 24.25,
    "netProfit" : 4.37
  }, {
    "date" : "2007-12-31",
    "sales" : 21.61,
    "salesGrowthYoY" : 50.28,
    "grossProfitMargin" : 61.41,
    "grossProfit" : 13.27,
    "operatingProfitMargin" : 42.99,
    "operatingProfit" : 9.29,
    "netProfitMargin" : 25.36,
    "netProfit" : 5.48
  }, {
    "date" : "2008-03-31",
    "sales" : 19.89,
    "salesGrowthYoY" : 11.49,
    "grossProfitMargin" : 59.98,
    "grossProfit" : 11.93,
    "operatingProfitMargin" : 35.19,
    "operatingProfit" : 7.00,
    "netProfitMargin" : 24.23,
    "netProfit" : 4.82
  }, {
    "date" : "2008-06-30",
    "sales" : 23.26,
    "salesGrowthYoY" : 27.24,
    "grossProfitMargin" : 62.98,
    "grossProfit" : 14.65,
    "operatingProfitMargin" : 48.11,
    "operatingProfit" : 11.19,
    "netProfitMargin" : 29.15,
    "netProfit" : 6.78
  }, {
    "date" : "2008-09-30",
    "sales" : 14.25,
    "salesGrowthYoY" : -20.92,
    "grossProfitMargin" : 62.81,
    "grossProfit" : 8.95,
    "operatingProfitMargin" : 42.95,
    "operatingProfit" : 6.12,
    "netProfitMargin" : 26.18,
    "netProfit" : 3.73
  }, {
    "date" : "2008-12-31",
    "sales" : 9.09,
    "salesGrowthYoY" : -57.94,
    "grossProfitMargin" : 59.52,
    "grossProfit" : 5.41,
    "operatingProfitMargin" : 38.83,
    "operatingProfit" : 3.53,
    "netProfitMargin" : 17.82,
    "netProfit" : 1.62
  }, {
    "date" : "2009-03-31",
    "sales" : 15.01,
    "salesGrowthYoY" : -24.53,
    "grossProfitMargin" : 61.96,
    "grossProfit" : 9.30,
    "operatingProfitMargin" : 42.97,
    "operatingProfit" : 6.45,
    "netProfitMargin" : 25.32,
    "netProfit" : 3.80
  }, {
    "date" : "2009-06-30",
    "sales" : 19.25,
    "salesGrowthYoY" : -17.24,
    "grossProfitMargin" : 62.65,
    "grossProfit" : 12.06,
    "operatingProfitMargin" : 46.44,
    "operatingProfit" : 8.94,
    "netProfitMargin" : 28.36,
    "netProfit" : 5.46
  }, {
    "date" : "2009-09-30",
    "sales" : 19.52,
    "salesGrowthYoY" : 36.98,
    "grossProfitMargin" : 62.19,
    "grossProfit" : 12.14,
    "operatingProfitMargin" : 44.21,
    "operatingProfit" : 8.63,
    "netProfitMargin" : 32.43,
    "netProfit" : 6.33
  }, {
    "date" : "2009-12-31",
    "sales" : 22.94,
    "salesGrowthYoY" : 152.37,
    "grossProfitMargin" : 68.79,
    "grossProfit" : 15.78,
    "operatingProfitMargin" : 53.05,
    "operatingProfit" : 12.17,
    "netProfitMargin" : 29.51,
    "netProfit" : 6.77
  }, {
    "date" : "2010-03-31",
    "sales" : 20.71,
    "salesGrowthYoY" : 37.97,
    "grossProfitMargin" : 58.91,
    "grossProfit" : 12.20,
    "operatingProfitMargin" : 40.37,
    "operatingProfit" : 8.36,
    "netProfitMargin" : 28.44,
    "netProfit" : 5.89
  }, {
    "date" : "2010-06-30",
    "sales" : 21.69,
    "salesGrowthYoY" : 12.68,
    "grossProfitMargin" : 63.02,
    "grossProfit" : 13.67,
    "operatingProfitMargin" : 47.12,
    "operatingProfit" : 10.22,
    "netProfitMargin" : 30.24,
    "netProfit" : 6.56
  }, {
    "date" : "2010-09-30",
    "sales" : 22.98,
    "salesGrowthYoY" : 17.73,
    "grossProfitMargin" : 59.49,
    "grossProfit" : 13.67,
    "operatingProfitMargin" : 41.73,
    "operatingProfit" : 9.59,
    "netProfitMargin" : 29.16,
    "netProfit" : 6.70
  }, {
    "date" : "2010-12-31",
    "sales" : 22.96,
    "salesGrowthYoY" : 0.09,
    "grossProfitMargin" : 62.06,
    "grossProfit" : 14.25,
    "operatingProfitMargin" : 43.82,
    "operatingProfit" : 10.06,
    "netProfitMargin" : 28.44,
    "netProfit" : 6.53
  }, {
    "date" : "2011-03-31",
    "sales" : 24.60,
    "salesGrowthYoY" : 18.78,
    "grossProfitMargin" : 58.70,
    "grossProfit" : 14.44,
    "operatingProfitMargin" : 41.67,
    "operatingProfit" : 10.25,
    "netProfitMargin" : 26.46,
    "netProfit" : 6.51
  }, {
    "date" : "2011-06-30",
    "sales" : 26.68,
    "salesGrowthYoY" : 23.01,
    "grossProfitMargin" : 59.86,
    "grossProfit" : 15.97,
    "operatingProfitMargin" : 44.00,
    "operatingProfit" : 11.74,
    "netProfitMargin" : 28.97,
    "netProfit" : 7.73
  }, {
    "date" : "2011-09-30",
    "sales" : 25.84,
    "salesGrowthYoY" : 12.45,
    "grossProfitMargin" : 59.06,
    "grossProfit" : 15.26,
    "operatingProfitMargin" : 40.91,
    "operatingProfit" : 10.57,
    "netProfitMargin" : 27.48,
    "netProfit" : 7.10
  }, {
    "date" : "2011-12-31",
    "sales" : 27.45,
    "salesGrowthYoY" : 19.56,
    "grossProfitMargin" : 56.47,
    "grossProfit" : 15.50,
    "operatingProfitMargin" : 37.16,
    "operatingProfit" : 10.20,
    "netProfitMargin" : 29.29,
    "netProfit" : 8.04
  }, {
    "date" : "2012-03-31",
    "sales" : 26.55,
    "salesGrowthYoY" : 7.93,
    "grossProfitMargin" : 56.27,
    "grossProfit" : 14.94,
    "operatingProfitMargin" : 36.01,
    "operatingProfit" : 9.56,
    "netProfitMargin" : 26.18,
    "netProfit" : 6.95
  }, {
    "date" : "2012-06-30",
    "sales" : 26.32,
    "salesGrowthYoY" : -1.35,
    "grossProfitMargin" : 54.94,
    "grossProfit" : 14.46,
    "operatingProfitMargin" : 36.25,
    "operatingProfit" : 9.54,
    "netProfitMargin" : 25.76,
    "netProfit" : 6.78
  }, {
    "date" : "2012-09-30",
    "sales" : 25.49,
    "salesGrowthYoY" : -1.35,
    "grossProfitMargin" : 55.75,
    "grossProfit" : 14.21,
    "operatingProfitMargin" : 36.96,
    "operatingProfit" : 9.42,
    "netProfitMargin" : 25.46,
    "netProfit" : 6.49
  }, {
    "date" : "2012-12-31",
    "sales" : 20.93,
    "salesGrowthYoY" : -23.75,
    "grossProfitMargin" : 50.31,
    "grossProfit" : 10.53,
    "operatingProfitMargin" : 31.10,
    "operatingProfit" : 6.51,
    "netProfitMargin" : 22.12,
    "netProfit" : 4.63
  }, {
    "date" : "2013-03-31",
    "sales" : 23.20,
    "salesGrowthYoY" : -12.62,
    "grossProfitMargin" : 54.22,
    "grossProfit" : 12.58,
    "operatingProfitMargin" : 29.91,
    "operatingProfit" : 6.94,
    "netProfitMargin" : 17.97,
    "netProfit" : 4.17
  }, {
    "date" : "2013-06-30",
    "sales" : 22.01,
    "salesGrowthYoY" : -16.38,
    "grossProfitMargin" : 51.39,
    "grossProfit" : 11.31,
    "operatingProfitMargin" : 34.44,
    "operatingProfit" : 7.58,
    "netProfitMargin" : 35.89,
    "netProfit" : 7.90
  }, {
    "date" : "2013-09-30",
    "sales" : 23.13,
    "salesGrowthYoY" : -9.26,
    "grossProfitMargin" : 54.09,
    "grossProfit" : 12.51,
    "operatingProfitMargin" : 35.67,
    "operatingProfit" : 8.25,
    "netProfitMargin" : 23.82,
    "netProfit" : 5.51
  }, {
    "date" : "2013-12-31",
    "sales" : 17.10,
    "salesGrowthYoY" : -18.30,
    "grossProfitMargin" : 44.68,
    "grossProfit" : 7.64,
    "operatingProfitMargin" : 21.75,
    "operatingProfit" : 3.72,
    "netProfitMargin" : 22.57,
    "netProfit" : 3.86
  }, {
    "date" : "2014-03-31",
    "sales" : 21.30,
    "salesGrowthYoY" : -8.19,
    "grossProfitMargin" : 48.73,
    "grossProfit" : 10.38,
    "operatingProfitMargin" : 31.03,
    "operatingProfit" : 6.61,
    "netProfitMargin" : 0.19,
    "netProfit" : 0.04
  }, {
    "date" : "2014-06-30",
    "sales" : 23.18,
    "salesGrowthYoY" : 5.32,
    "grossProfitMargin" : 44.39,
    "grossProfit" : 10.29,
    "operatingProfitMargin" : 24.98,
    "operatingProfit" : 5.79,
    "netProfitMargin" : 16.48,
    "netProfit" : 3.82
  }, {
    "date" : "2014-09-30",
    "sales" : 27.06,
    "salesGrowthYoY" : 16.99,
    "grossProfitMargin" : 48.45,
    "grossProfit" : 13.11,
    "operatingProfitMargin" : 27.49,
    "operatingProfit" : 7.44,
    "netProfitMargin" : 19.96,
    "netProfit" : 5.40
  }, {
    "date" : "2014-12-31",
    "sales" : 23.09,
    "salesGrowthYoY" : 35.03,
    "grossProfitMargin" : 47.38,
    "grossProfit" : 10.94,
    "operatingProfitMargin" : 24.43,
    "operatingProfit" : 5.64,
    "netProfitMargin" : 14.98,
    "netProfit" : 3.46
  }, {
    "date" : "2015-03-31",
    "sales" : 18.56,
    "salesGrowthYoY" : -12.86,
    "grossProfitMargin" : 51.51,
    "grossProfit" : 9.56,
    "operatingProfitMargin" : 23.98,
    "operatingProfit" : 4.45,
    "netProfitMargin" : 16.81,
    "netProfit" : 3.12
  }, {
    "date" : "2015-06-30",
    "sales" : 25.56,
    "salesGrowthYoY" : 10.27,
    "grossProfitMargin" : 49.84,
    "grossProfit" : 12.74,
    "operatingProfitMargin" : 27.93,
    "operatingProfit" : 7.14,
    "netProfitMargin" : 16.82,
    "netProfit" : 4.30
  }, {
    "date" : "2015-09-30",
    "sales" : 22.76,
    "salesGrowthYoY" : -15.89,
    "grossProfitMargin" : 55.49,
    "grossProfit" : 12.63,
    "operatingProfitMargin" : 35.11,
    "operatingProfit" : 7.99,
    "netProfitMargin" : 21.44,
    "netProfit" : 4.88
  }, {
    "date" : "2015-12-31",
    "sales" : 21.01,
    "salesGrowthYoY" : -9.01,
    "grossProfitMargin" : 51.64,
    "grossProfit" : 10.85,
    "operatingProfitMargin" : 25.70,
    "operatingProfit" : 5.40,
    "netProfitMargin" : 15.23,
    "netProfit" : 3.20
  }, {
    "date" : "2016-03-31",
    "sales" : 21.85,
    "salesGrowthYoY" : 17.73,
    "grossProfitMargin" : 56.11,
    "grossProfit" : 12.26,
    "operatingProfitMargin" : 29.24,
    "operatingProfit" : 6.39,
    "netProfitMargin" : 28.24,
    "netProfit" : 6.17
  }, {
    "date" : "2016-06-30",
    "sales" : 26.24,
    "salesGrowthYoY" : 2.66,
    "grossProfitMargin" : 68.60,
    "grossProfit" : 18.00,
    "operatingProfitMargin" : 35.56,
    "operatingProfit" : 9.33,
    "netProfitMargin" : 33.27,
    "netProfit" : 8.73
  }, {
    "date" : "2016-09-30",
    "sales" : 27.42,
    "salesGrowthYoY" : 20.47,
    "grossProfitMargin" : 69.33,
    "grossProfit" : 19.01,
    "operatingProfitMargin" : 34.17,
    "operatingProfit" : 9.37,
    "netProfitMargin" : 27.83,
    "netProfit" : 7.63
  }, {
    "date" : "2016-12-31",
    "sales" : 22.28,
    "salesGrowthYoY" : 6.04,
    "grossProfitMargin" : 67.73,
    "grossProfit" : 15.09,
    "operatingProfitMargin" : 30.30,
    "operatingProfit" : 6.75,
    "netProfitMargin" : 34.16,
    "netProfit" : 7.61
  }, {
    "date" : "2017-03-31",
    "sales" : 21.63,
    "salesGrowthYoY" : -1.01,
    "grossProfitMargin" : 67.55,
    "grossProfit" : 14.61,
    "operatingProfitMargin" : 34.81,
    "operatingProfit" : 7.53,
    "netProfitMargin" : 31.62,
    "netProfit" : 6.84
  }, {
    "date" : "2017-06-30",
    "sales" : 28.04,
    "salesGrowthYoY" : 6.86,
    "grossProfitMargin" : 66.26,
    "grossProfit" : 18.58,
    "operatingProfitMargin" : 37.48,
    "operatingProfit" : 10.51,
    "netProfitMargin" : 31.56,
    "netProfit" : 8.85
  }, {
    "date" : "2017-09-30",
    "sales" : 29.78,
    "salesGrowthYoY" : 8.61,
    "grossProfitMargin" : 69.61,
    "grossProfit" : 20.73,
    "operatingProfitMargin" : 38.28,
    "operatingProfit" : 11.40,
    "netProfitMargin" : 29.18,
    "netProfit" : 8.69
  }, {
    "date" : "2017-12-31",
    "sales" : 28.10,
    "salesGrowthYoY" : 26.12,
    "grossProfitMargin" : 66.80,
    "grossProfit" : 18.77,
    "operatingProfitMargin" : 37.47,
    "operatingProfit" : 10.53,
    "netProfitMargin" : 33.13,
    "netProfit" : 9.31
  }, {
    "date" : "2018-03-31",
    "sales" : 28.01,
    "salesGrowthYoY" : 29.50,
    "grossProfitMargin" : 66.80,
    "grossProfit" : 18.71,
    "operatingProfitMargin" : 30.88,
    "operatingProfit" : 8.65,
    "netProfitMargin" : 23.99,
    "netProfit" : 6.72
  }, {
    "date" : "2018-06-30",
    "sales" : 37.55,
    "salesGrowthYoY" : 33.92,
    "grossProfitMargin" : 65.97,
    "grossProfit" : 24.77,
    "operatingProfitMargin" : 39.12,
    "operatingProfit" : 14.69,
    "netProfitMargin" : 30.09,
    "netProfit" : 11.30
  }, {
    "date" : "2018-09-30",
    "sales" : 33.64,
    "salesGrowthYoY" : 12.96,
    "grossProfitMargin" : 66.88,
    "grossProfit" : 22.50,
    "operatingProfitMargin" : 38.41,
    "operatingProfit" : 12.92,
    "netProfitMargin" : 29.76,
    "netProfit" : 10.01
  }, {
    "date" : "2018-12-31",
    "sales" : 27.67,
    "salesGrowthYoY" : -1.53,
    "grossProfitMargin" : 63.25,
    "grossProfit" : 17.50,
    "operatingProfitMargin" : 33.03,
    "operatingProfit" : 9.14,
    "netProfitMargin" : 35.56,
    "netProfit" : 9.84
  }, {
    "date" : "2019-03-31",
    "sales" : 24.05,
    "salesGrowthYoY" : -14.14,
    "grossProfitMargin" : 54.59,
    "grossProfit" : 13.13,
    "operatingProfitMargin" : 37.38,
    "operatingProfit" : 8.99,
    "netProfitMargin" : 31.10,
    "netProfit" : 7.48
  }, {
    "date" : "2019-06-30",
    "sales" : 23.84,
    "salesGrowthYoY" : -36.51,
    "grossProfitMargin" : 50.71,
    "grossProfit" : 12.09,
    "operatingProfitMargin" : 31.92,
    "operatingProfit" : 7.61,
    "netProfitMargin" : 24.16,
    "netProfit" : 5.76
  }, {
    "date" : "2019-09-30",
    "sales" : 17.99,
    "salesGrowthYoY" : -46.52,
    "grossProfitMargin" : 52.86,
    "grossProfit" : 9.51,
    "operatingProfitMargin" : 28.13,
    "operatingProfit" : 5.06,
    "netProfitMargin" : 37.24,
    "netProfit" : 6.70
  }, {
    "date" : "2019-12-31",
    "sales" : 18.45,
    "salesGrowthYoY" : -33.32,
    "grossProfitMargin" : 52.68,
    "grossProfit" : 9.72,
    "operatingProfitMargin" : 29.21,
    "operatingProfit" : 5.39,
    "netProfitMargin" : 24.61,
    "netProfit" : 4.54
  }, {
    "date" : "2020-03-31",
    "sales" : 20.65,
    "salesGrowthYoY" : -14.14,
    "grossProfitMargin" : 54.58,
    "grossProfit" : 11.27,
    "operatingProfitMargin" : 27.89,
    "operatingProfit" : 5.76,
    "netProfitMargin" : 20.82,
    "netProfit" : 4.30
  }, {
    "date" : "2020-06-30",
    "sales" : 11.12,
    "salesGrowthYoY" : -53.36,
    "grossProfitMargin" : 48.83,
    "grossProfit" : 5.43,
    "operatingProfitMargin" : 23.38,
    "operatingProfit" : 2.60,
    "netProfitMargin" : 28.24,
    "netProfit" : 3.14
  }, {
    "date" : "2020-09-30",
    "sales" : 25.66,
    "salesGrowthYoY" : 42.63,
    "grossProfitMargin" : 58.07,
    "grossProfit" : 14.90,
    "operatingProfitMargin" : 39.98,
    "operatingProfit" : 10.26,
    "netProfitMargin" : 31.72,
    "netProfit" : 8.14
  }, {
    "date" : "2020-12-31",
    "sales" : 36.40,
    "salesGrowthYoY" : 97.29,
    "grossProfitMargin" : 59.12,
    "grossProfit" : 21.52,
    "operatingProfitMargin" : 42.47,
    "operatingProfit" : 15.46,
    "netProfitMargin" : 33.13,
    "netProfit" : 12.06
  }, {
    "date" : "2021-03-31",
    "sales" : 40.35,
    "salesGrowthYoY" : 95.40,
    "grossProfitMargin" : 58.04,
    "grossProfit" : 23.42,
    "operatingProfitMargin" : 40.79,
    "operatingProfit" : 16.46,
    "netProfitMargin" : 31.75,
    "netProfit" : 12.81
  }, {
    "date" : "2021-06-30",
    "sales" : 33.08,
    "salesGrowthYoY" : 197.48,
    "grossProfitMargin" : 59.13,
    "grossProfit" : 19.56,
    "operatingProfitMargin" : 40.60,
    "operatingProfit" : 13.43,
    "netProfitMargin" : 33.46,
    "netProfit" : 11.07
  }, {
    "date" : "2021-09-30",
    "sales" : 37.06,
    "salesGrowthYoY" : 44.43,
    "grossProfitMargin" : 57.61,
    "grossProfit" : 21.35,
    "operatingProfitMargin" : 37.43,
    "operatingProfit" : 13.87,
    "netProfitMargin" : 29.33,
    "netProfit" : 10.87
  }, {
    "date" : "2021-12-31",
    "sales" : 34.79,
    "salesGrowthYoY" : -4.42,
    "grossProfitMargin" : 49.58,
    "grossProfit" : 17.25,
    "operatingProfitMargin" : 32.08,
    "operatingProfit" : 11.16,
    "netProfitMargin" : 23.60,
    "netProfit" : 8.21
  }, {
    "date" : "2022-03-31",
    "sales" : 32.07,
    "salesGrowthYoY" : -20.52,
    "grossProfitMargin" : 53.82,
    "grossProfit" : 17.26,
    "operatingProfitMargin" : 33.33,
    "operatingProfit" : 10.69,
    "netProfitMargin" : 26.22,
    "netProfit" : 8.41
  }, {
    "date" : "2022-06-30",
    "sales" : 44.02,
    "salesGrowthYoY" : 33.07,
    "grossProfitMargin" : 53.86,
    "grossProfit" : 23.71,
    "operatingProfitMargin" : 37.78,
    "operatingProfit" : 16.63,
    "netProfitMargin" : 27.17,
    "netProfit" : 11.96
  }, {
    "date" : "2022-09-30",
    "sales" : 52.01,
    "salesGrowthYoY" : 40.34,
    "grossProfitMargin" : 53.28,
    "grossProfit" : 27.71,
    "operatingProfitMargin" : 37.45,
    "operatingProfit" : 19.48,
    "netProfitMargin" : 29.53,
    "netProfit" : 15.36
  }, {
    "date" : "2022-12-31",
    "sales" : 36.74,
    "salesGrowthYoY" : 5.61,
    "grossProfitMargin" : 52.69,
    "grossProfit" : 19.36,
    "operatingProfitMargin" : 31.90,
    "operatingProfit" : 11.72,
    "netProfitMargin" : 26.02,
    "netProfit" : 9.56
  }, {
    "date" : "2023-03-31",
    "sales" : 34.70,
    "salesGrowthYoY" : 8.20,
    "grossProfitMargin" : 53.08,
    "grossProfit" : 18.42,
    "operatingProfitMargin" : 37.38,
    "operatingProfit" : 12.97,
    "netProfitMargin" : 30.14,
    "netProfit" : 10.46
  }, {
    "date" : "2023-06-30",
    "sales" : 46.23,
    "salesGrowthYoY" : 5.02,
    "grossProfitMargin" : 50.75,
    "grossProfit" : 23.46,
    "operatingProfitMargin" : 37.01,
    "operatingProfit" : 17.11,
    "netProfitMargin" : 34.11,
    "netProfit" : 15.77
  }, {
    "date" : "2023-09-30",
    "sales" : 43.96,
    "salesGrowthYoY" : -15.48,
    "grossProfitMargin" : 50.91,
    "grossProfit" : 22.38,
    "operatingProfitMargin" : 35.74,
    "operatingProfit" : 15.71,
    "netProfitMargin" : 30.14,
    "netProfit" : 13.25
  }, {
    "date" : "2023-12-31",
    "sales" : 41.25,
    "salesGrowthYoY" : 12.28,
    "grossProfitMargin" : 53.45,
    "grossProfit" : 22.05,
    "operatingProfitMargin" : 37.60,
    "operatingProfit" : 15.51,
    "netProfitMargin" : 32.02,
    "netProfit" : 13.21
  }, {
    "date" : "2024-03-31",
    "sales" : 39.45,
    "salesGrowthYoY" : 13.69,
    "grossProfitMargin" : 58.35,
    "grossProfit" : 23.02,
    "operatingProfitMargin" : 40.03,
    "operatingProfit" : 15.79,
    "netProfitMargin" : 33.87,
    "netProfit" : 13.36
  }, {
    "date" : "2024-06-30",
    "sales" : 40.83,
    "salesGrowthYoY" : -11.68,
    "grossProfitMargin" : 55.57,
    "grossProfit" : 22.69,
    "operatingProfitMargin" : 38.67,
    "operatingProfit" : 15.79,
    "netProfitMargin" : 35.07,
    "netProfit" : 14.32
  }, {
    "date" : "2024-09-30",
    "sales" : 48.61,
    "salesGrowthYoY" : 10.58,
    "grossProfitMargin" : 55.54,
    "grossProfit" : 27.00,
    "operatingProfitMargin" : 40.77,
    "operatingProfit" : 19.82,
    "netProfitMargin" : 35.49,
    "netProfit" : 17.25
  }, {
    "date" : "2024-12-31",
    "sales" : 39.77,
    "salesGrowthYoY" : -3.59,
    "grossProfitMargin" : 60.62,
    "grossProfit" : 24.11,
    "operatingProfitMargin" : 42.09,
    "operatingProfit" : 16.74,
    "netProfitMargin" : 38.12,
    "netProfit" : 15.16
  }, {
    "date" : "2025-03-31",
    "sales" : 43.33,
    "salesGrowthYoY" : 9.84,
    "grossProfitMargin" : 57.65,
    "grossProfit" : 24.98,
    "operatingProfitMargin" : 36.97,
    "operatingProfit" : 16.02,
    "netProfitMargin" : 27.58,
    "netProfit" : 11.95
  }, {
    "date" : "2025-06-30",
    "sales" : 48.11,
    "salesGrowthYoY" : 17.83,
    "grossProfitMargin" : 58.08,
    "grossProfit" : 27.94,
    "operatingProfitMargin" : 43.17,
    "operatingProfit" : 20.77,
    "netProfitMargin" : 44.92,
    "netProfit" : 21.61
  }, {
    "date" : "2025-09-30",
    "sales" : 48.01,
    "salesGrowthYoY" : -1.23,
    "grossProfitMargin" : 59.70,
    "grossProfit" : 28.66,
    "operatingProfitMargin" : 43.80,
    "operatingProfit" : 21.03,
    "netProfitMargin" : 36.85,
    "netProfit" : 17.69
  }, {
    "date" : "2025-12-31",
    "sales" : 48.44,
    "salesGrowthYoY" : 21.80,
    "grossProfitMargin" : 60.98,
    "grossProfit" : 29.54,
    "operatingProfitMargin" : 46.04,
    "operatingProfit" : 22.30,
    "netProfitMargin" : 42.51,
    "netProfit" : 20.59
  } ],
  "latestQuarterlyResult" : {
    "date" : "2025-12-31",
    "sales" : 48.44,
    "salesGrowthYoY" : 21.80,
    "grossProfitMargin" : 60.98,
    "grossProfit" : 29.54,
    "operatingProfitMargin" : 46.04,
    "operatingProfit" : 22.30,
    "netProfitMargin" : 42.51,
    "netProfit" : 20.59
  },
  "companyScore" : {
    "priceHigherThanDma50" : 5.00,
    "priceHigherThanDma100" : 5.00,
    "priceHigherThanDma200" : 5.00,
    "dma50HigherThanDma100" : 0.00,
    "dma50HigherThanDma200" : 0.00,
    "dma100HigherThanDma200" : 5.00,
    "pricePercentageAboveDma50" : 4.02,
    "pricePercentageAboveDma100" : 4.26,
    "pricePercentageAboveDma200" : 4.08,
    "weeklyVolumeHigherThanYearlyVolume" : 5.00,
    "salesGrowthPercentile" : 15.00,
    "operatingProfitMarginPercentile" : 19.05,
    "netProfitMarginPercentile" : 9.88,
    "totalTechnicalScore" : 37.36,
    "totalFundamentalScore" : 43.93,
    "totalScore" : 81.29
  }
}