{
  "metadata" : {
    "screenerCompanyId" : "1154",
    "companyCode" : "GLOBUSSPR",
    "companyName" : "Globus Spirits",
    "screenerCompanyLink" : "https://www.screener.in/company/GLOBUSSPR/",
    "screenerTechnicalHistoryLink" : "https://www.screener.in/api/company/1154/chart/?q=Price-DMA50-DMA200-Volume&days=365",
    "screenerQuarterlyResultsLink" : "https://www.screener.in/api/company/1154/chart/?q=GPM-OPM-NPM-Quarter+Sales&days=10000",
    "attributes" : {
      "companyCode" : "GLOBUSSPR",
      "companyName" : "Globus Spirits",
      "marketCap" : 2772.00,
      "peRatio" : 56.70,
      "description" : "Globus Spirits Limited, established in 1992 is primarily engaged in the business of manufacture and sale of Indian Made Indian Liquor (IMIL), Indian Made Foreign Liquor (IMFL), Bulk Alcohol hand sanitizer, and Franchise Bottling. It has a unique 360⁰ model straddling across the entire alcohol value chain. It is the 1st to set up a grain distillery and launch branded DDGS in India. [1] [2] [3]"
    },
    "companyScore" : {
      "priceHigherThanDma50" : 0.00,
      "priceHigherThanDma100" : 0.00,
      "priceHigherThanDma200" : 0.00,
      "dma50HigherThanDma100" : 0.00,
      "dma50HigherThanDma200" : 5.00,
      "dma100HigherThanDma200" : 5.00,
      "pricePercentageAboveDma50" : 5.54,
      "pricePercentageAboveDma100" : 5.73,
      "pricePercentageAboveDma200" : 5.46,
      "weeklyVolumeHigherThanYearlyVolume" : 0.00,
      "salesGrowthPercentile" : 5.59,
      "operatingProfitMarginPercentile" : 7.88,
      "netProfitMarginPercentile" : 4.55,
      "totalTechnicalScore" : 26.73,
      "totalFundamentalScore" : 18.02,
      "totalScore" : 44.74
    }
  },
  "attributes" : {
    "companyCode" : "GLOBUSSPR",
    "companyName" : "Globus Spirits",
    "marketCap" : 2772.00,
    "peRatio" : 56.70,
    "description" : "Globus Spirits Limited, established in 1992 is primarily engaged in the business of manufacture and sale of Indian Made Indian Liquor (IMIL), Indian Made Foreign Liquor (IMFL), Bulk Alcohol hand sanitizer, and Franchise Bottling. It has a unique 360⁰ model straddling across the entire alcohol value chain. It is the 1st to set up a grain distillery and launch branded DDGS in India. [1] [2] [3]"
  },
  "technicalHistory" : [ {
    "date" : "2024-12-11",
    "price" : 897.75,
    "dma50" : 966.89,
    "dma100" : null,
    "dma200" : 942.63,
    "volume" : 115662.00
  }, {
    "date" : "2024-12-12",
    "price" : 885.25,
    "dma50" : 963.68,
    "dma100" : null,
    "dma200" : 942.06,
    "volume" : 92437.00
  }, {
    "date" : "2024-12-13",
    "price" : 875.90,
    "dma50" : 960.24,
    "dma100" : null,
    "dma200" : 941.40,
    "volume" : 120707.00
  }, {
    "date" : "2024-12-16",
    "price" : 895.05,
    "dma50" : 957.68,
    "dma100" : null,
    "dma200" : 940.94,
    "volume" : 186818.00
  }, {
    "date" : "2024-12-17",
    "price" : 915.10,
    "dma50" : 956.01,
    "dma100" : null,
    "dma200" : 940.68,
    "volume" : 183690.00
  }, {
    "date" : "2024-12-18",
    "price" : 890.10,
    "dma50" : 953.43,
    "dma100" : null,
    "dma200" : 940.18,
    "volume" : 110300.00
  }, {
    "date" : "2024-12-19",
    "price" : 904.00,
    "dma50" : 951.49,
    "dma100" : null,
    "dma200" : 939.82,
    "volume" : 159844.00
  }, {
    "date" : "2024-12-20",
    "price" : 879.10,
    "dma50" : 948.65,
    "dma100" : null,
    "dma200" : 939.21,
    "volume" : 92992.00
  }, {
    "date" : "2024-12-23",
    "price" : 900.45,
    "dma50" : 946.76,
    "dma100" : null,
    "dma200" : 938.83,
    "volume" : 153442.00
  }, {
    "date" : "2024-12-24",
    "price" : 893.70,
    "dma50" : 944.68,
    "dma100" : null,
    "dma200" : 938.38,
    "volume" : 82631.00
  }, {
    "date" : "2024-12-26",
    "price" : 880.20,
    "dma50" : 942.15,
    "dma100" : null,
    "dma200" : 937.80,
    "volume" : 43592.00
  }, {
    "date" : "2024-12-27",
    "price" : 879.60,
    "dma50" : 939.70,
    "dma100" : null,
    "dma200" : 937.22,
    "volume" : 42039.00
  }, {
    "date" : "2024-12-30",
    "price" : 868.90,
    "dma50" : 936.92,
    "dma100" : null,
    "dma200" : 936.54,
    "volume" : 39918.00
  }, {
    "date" : "2024-12-31",
    "price" : 868.35,
    "dma50" : 934.23,
    "dma100" : null,
    "dma200" : 935.86,
    "volume" : 64090.00
  }, {
    "date" : "2025-01-01",
    "price" : 875.70,
    "dma50" : 931.94,
    "dma100" : null,
    "dma200" : 935.26,
    "volume" : 24973.00
  }, {
    "date" : "2025-01-02",
    "price" : 893.65,
    "dma50" : 930.44,
    "dma100" : null,
    "dma200" : 934.85,
    "volume" : 66185.00
  }, {
    "date" : "2025-01-03",
    "price" : 888.90,
    "dma50" : 928.81,
    "dma100" : null,
    "dma200" : 934.39,
    "volume" : 60804.00
  }, {
    "date" : "2025-01-06",
    "price" : 845.95,
    "dma50" : 925.56,
    "dma100" : null,
    "dma200" : 933.51,
    "volume" : 91363.00
  }, {
    "date" : "2025-01-07",
    "price" : 852.25,
    "dma50" : 922.68,
    "dma100" : null,
    "dma200" : 932.70,
    "volume" : 86656.00
  }, {
    "date" : "2025-01-08",
    "price" : 846.30,
    "dma50" : 919.69,
    "dma100" : null,
    "dma200" : 931.84,
    "volume" : 54735.00
  }, {
    "date" : "2025-01-09",
    "price" : 820.60,
    "dma50" : 915.80,
    "dma100" : null,
    "dma200" : 930.74,
    "volume" : 79615.00
  }, {
    "date" : "2025-01-10",
    "price" : 799.25,
    "dma50" : 911.23,
    "dma100" : null,
    "dma200" : 929.43,
    "volume" : 91421.00
  }, {
    "date" : "2025-01-13",
    "price" : 762.55,
    "dma50" : 905.40,
    "dma100" : null,
    "dma200" : 927.77,
    "volume" : 95039.00
  }, {
    "date" : "2025-01-14",
    "price" : 780.65,
    "dma50" : 900.51,
    "dma100" : null,
    "dma200" : 926.30,
    "volume" : 94730.00
  }, {
    "date" : "2025-01-15",
    "price" : 773.25,
    "dma50" : 895.52,
    "dma100" : null,
    "dma200" : 924.78,
    "volume" : 60246.00
  }, {
    "date" : "2025-01-16",
    "price" : 799.05,
    "dma50" : 891.74,
    "dma100" : null,
    "dma200" : 923.53,
    "volume" : 84920.00
  }, {
    "date" : "2025-01-17",
    "price" : 796.15,
    "dma50" : 887.99,
    "dma100" : null,
    "dma200" : 922.26,
    "volume" : 41251.00
  }, {
    "date" : "2025-01-20",
    "price" : 926.30,
    "dma50" : 889.49,
    "dma100" : null,
    "dma200" : 922.30,
    "volume" : 2896801.00
  }, {
    "date" : "2025-01-21",
    "price" : 898.00,
    "dma50" : 889.82,
    "dma100" : null,
    "dma200" : 922.06,
    "volume" : 555329.00
  }, {
    "date" : "2025-01-22",
    "price" : 869.35,
    "dma50" : 889.02,
    "dma100" : null,
    "dma200" : 921.54,
    "volume" : 292408.00
  }, {
    "date" : "2025-01-23",
    "price" : 886.15,
    "dma50" : 888.91,
    "dma100" : null,
    "dma200" : 921.18,
    "volume" : 98776.00
  }, {
    "date" : "2025-01-24",
    "price" : 852.45,
    "dma50" : 887.48,
    "dma100" : null,
    "dma200" : 920.50,
    "volume" : 88482.00
  }, {
    "date" : "2025-01-27",
    "price" : 815.60,
    "dma50" : 884.66,
    "dma100" : null,
    "dma200" : 919.46,
    "volume" : 96702.00
  }, {
    "date" : "2025-01-28",
    "price" : 791.80,
    "dma50" : 881.02,
    "dma100" : null,
    "dma200" : 918.19,
    "volume" : 193871.00
  }, {
    "date" : "2025-01-29",
    "price" : 819.00,
    "dma50" : 878.59,
    "dma100" : null,
    "dma200" : 917.20,
    "volume" : 73430.00
  }, {
    "date" : "2025-01-30",
    "price" : 849.00,
    "dma50" : 877.43,
    "dma100" : null,
    "dma200" : 916.52,
    "volume" : 127706.00
  }, {
    "date" : "2025-01-31",
    "price" : 918.25,
    "dma50" : 879.03,
    "dma100" : null,
    "dma200" : 916.54,
    "volume" : 409802.00
  }, {
    "date" : "2025-02-01",
    "price" : 931.70,
    "dma50" : 881.09,
    "dma100" : null,
    "dma200" : 916.69,
    "volume" : 175225.00
  }, {
    "date" : "2025-02-03",
    "price" : 956.90,
    "dma50" : 884.07,
    "dma100" : null,
    "dma200" : 917.09,
    "volume" : 333168.00
  }, {
    "date" : "2025-02-04",
    "price" : 951.55,
    "dma50" : 886.71,
    "dma100" : null,
    "dma200" : 917.43,
    "volume" : 81671.00
  }, {
    "date" : "2025-02-05",
    "price" : 942.35,
    "dma50" : 888.89,
    "dma100" : null,
    "dma200" : 917.68,
    "volume" : 85184.00
  }, {
    "date" : "2025-02-06",
    "price" : 950.55,
    "dma50" : 891.31,
    "dma100" : null,
    "dma200" : 918.01,
    "volume" : 82609.00
  }, {
    "date" : "2025-02-07",
    "price" : 946.35,
    "dma50" : 893.47,
    "dma100" : null,
    "dma200" : 918.29,
    "volume" : 95964.00
  }, {
    "date" : "2025-02-10",
    "price" : 906.05,
    "dma50" : 893.96,
    "dma100" : null,
    "dma200" : 918.17,
    "volume" : 112640.00
  }, {
    "date" : "2025-02-11",
    "price" : 862.25,
    "dma50" : 892.72,
    "dma100" : null,
    "dma200" : 917.61,
    "volume" : 81990.00
  }, {
    "date" : "2025-02-12",
    "price" : 868.00,
    "dma50" : 891.75,
    "dma100" : null,
    "dma200" : 917.12,
    "volume" : 334300.00
  }, {
    "date" : "2025-02-13",
    "price" : 853.75,
    "dma50" : 890.26,
    "dma100" : null,
    "dma200" : 916.49,
    "volume" : 161307.00
  }, {
    "date" : "2025-02-14",
    "price" : 857.45,
    "dma50" : 888.97,
    "dma100" : null,
    "dma200" : 915.90,
    "volume" : 183103.00
  }, {
    "date" : "2025-02-17",
    "price" : 843.35,
    "dma50" : 887.18,
    "dma100" : null,
    "dma200" : 915.18,
    "volume" : 170629.00
  }, {
    "date" : "2025-02-18",
    "price" : 808.95,
    "dma50" : 884.12,
    "dma100" : null,
    "dma200" : 914.12,
    "volume" : 63836.00
  }, {
    "date" : "2025-02-19",
    "price" : 853.20,
    "dma50" : 882.90,
    "dma100" : null,
    "dma200" : 913.51,
    "volume" : 136730.00
  }, {
    "date" : "2025-02-20",
    "price" : 865.25,
    "dma50" : 882.21,
    "dma100" : null,
    "dma200" : 913.03,
    "volume" : 54368.00
  }, {
    "date" : "2025-02-21",
    "price" : 857.30,
    "dma50" : 881.23,
    "dma100" : null,
    "dma200" : 912.48,
    "volume" : 63496.00
  }, {
    "date" : "2025-02-24",
    "price" : 865.90,
    "dma50" : 880.63,
    "dma100" : null,
    "dma200" : 912.02,
    "volume" : 85177.00
  }, {
    "date" : "2025-02-25",
    "price" : 850.90,
    "dma50" : 879.47,
    "dma100" : null,
    "dma200" : 911.41,
    "volume" : 47176.00
  }, {
    "date" : "2025-02-27",
    "price" : 851.65,
    "dma50" : 878.38,
    "dma100" : null,
    "dma200" : 910.81,
    "volume" : 46387.00
  }, {
    "date" : "2025-02-28",
    "price" : 865.55,
    "dma50" : 877.87,
    "dma100" : null,
    "dma200" : 910.36,
    "volume" : 98215.00
  }, {
    "date" : "2025-03-03",
    "price" : 883.75,
    "dma50" : 878.10,
    "dma100" : null,
    "dma200" : 910.10,
    "volume" : 185876.00
  }, {
    "date" : "2025-03-04",
    "price" : 892.00,
    "dma50" : 878.65,
    "dma100" : null,
    "dma200" : 909.92,
    "volume" : 103520.00
  }, {
    "date" : "2025-03-05",
    "price" : 910.70,
    "dma50" : 879.91,
    "dma100" : null,
    "dma200" : 909.93,
    "volume" : 59758.00
  }, {
    "date" : "2025-03-06",
    "price" : 944.70,
    "dma50" : 882.45,
    "dma100" : null,
    "dma200" : 910.27,
    "volume" : 112972.00
  }, {
    "date" : "2025-03-07",
    "price" : 980.85,
    "dma50" : 886.31,
    "dma100" : null,
    "dma200" : 910.97,
    "volume" : 148189.00
  }, {
    "date" : "2025-03-10",
    "price" : 975.85,
    "dma50" : 889.82,
    "dma100" : null,
    "dma200" : 911.62,
    "volume" : 140841.00
  }, {
    "date" : "2025-03-11",
    "price" : 949.10,
    "dma50" : 892.14,
    "dma100" : null,
    "dma200" : 911.99,
    "volume" : 100328.00
  }, {
    "date" : "2025-03-12",
    "price" : 937.00,
    "dma50" : 893.90,
    "dma100" : null,
    "dma200" : 912.24,
    "volume" : 49198.00
  }, {
    "date" : "2025-03-13",
    "price" : 881.20,
    "dma50" : 893.40,
    "dma100" : null,
    "dma200" : 911.93,
    "volume" : 122403.00
  }, {
    "date" : "2025-03-17",
    "price" : 884.30,
    "dma50" : 893.05,
    "dma100" : null,
    "dma200" : 911.66,
    "volume" : 111718.00
  }, {
    "date" : "2025-03-18",
    "price" : 892.15,
    "dma50" : 893.01,
    "dma100" : null,
    "dma200" : 911.46,
    "volume" : 86431.00
  }, {
    "date" : "2025-03-19",
    "price" : 930.85,
    "dma50" : 894.49,
    "dma100" : null,
    "dma200" : 911.66,
    "volume" : 70710.00
  }, {
    "date" : "2025-03-20",
    "price" : 965.50,
    "dma50" : 897.28,
    "dma100" : null,
    "dma200" : 912.19,
    "volume" : 117932.00
  }, {
    "date" : "2025-03-21",
    "price" : 1009.00,
    "dma50" : 901.66,
    "dma100" : null,
    "dma200" : 913.16,
    "volume" : 202478.00
  }, {
    "date" : "2025-03-24",
    "price" : 1071.85,
    "dma50" : 908.33,
    "dma100" : null,
    "dma200" : 914.73,
    "volume" : 262637.00
  }, {
    "date" : "2025-03-25",
    "price" : 1045.65,
    "dma50" : 913.72,
    "dma100" : null,
    "dma200" : 916.04,
    "volume" : 107840.00
  }, {
    "date" : "2025-03-26",
    "price" : 1052.15,
    "dma50" : 919.15,
    "dma100" : null,
    "dma200" : 917.39,
    "volume" : 79982.00
  }, {
    "date" : "2025-03-27",
    "price" : 1067.90,
    "dma50" : 924.98,
    "dma100" : null,
    "dma200" : 918.89,
    "volume" : 91839.00
  }, {
    "date" : "2025-03-28",
    "price" : 1052.10,
    "dma50" : 929.97,
    "dma100" : null,
    "dma200" : 920.21,
    "volume" : 61150.00
  }, {
    "date" : "2025-04-01",
    "price" : 1067.05,
    "dma50" : 935.34,
    "dma100" : null,
    "dma200" : 921.68,
    "volume" : 107884.00
  }, {
    "date" : "2025-04-02",
    "price" : 1085.50,
    "dma50" : 941.23,
    "dma100" : null,
    "dma200" : 923.31,
    "volume" : 100751.00
  }, {
    "date" : "2025-04-03",
    "price" : 1101.20,
    "dma50" : 947.50,
    "dma100" : null,
    "dma200" : 925.08,
    "volume" : 94695.00
  }, {
    "date" : "2025-04-04",
    "price" : 1055.70,
    "dma50" : 951.75,
    "dma100" : null,
    "dma200" : 926.38,
    "volume" : 108504.00
  }, {
    "date" : "2025-04-07",
    "price" : 998.75,
    "dma50" : 953.59,
    "dma100" : null,
    "dma200" : 927.10,
    "volume" : 163602.00
  }, {
    "date" : "2025-04-08",
    "price" : 1005.00,
    "dma50" : 955.61,
    "dma100" : null,
    "dma200" : 927.87,
    "volume" : 81480.00
  }, {
    "date" : "2025-04-09",
    "price" : 983.40,
    "dma50" : 956.70,
    "dma100" : null,
    "dma200" : 928.42,
    "volume" : 51430.00
  }, {
    "date" : "2025-04-11",
    "price" : 1013.50,
    "dma50" : 958.92,
    "dma100" : null,
    "dma200" : 929.27,
    "volume" : 51156.00
  }, {
    "date" : "2025-04-15",
    "price" : 1041.20,
    "dma50" : 962.15,
    "dma100" : null,
    "dma200" : 930.38,
    "volume" : 50285.00
  }, {
    "date" : "2025-04-16",
    "price" : 1054.60,
    "dma50" : 965.78,
    "dma100" : null,
    "dma200" : 931.62,
    "volume" : 51218.00
  }, {
    "date" : "2025-04-17",
    "price" : 1068.40,
    "dma50" : 969.80,
    "dma100" : null,
    "dma200" : 932.98,
    "volume" : 169563.00
  }, {
    "date" : "2025-04-21",
    "price" : 1072.70,
    "dma50" : 973.84,
    "dma100" : null,
    "dma200" : 934.37,
    "volume" : 99210.00
  }, {
    "date" : "2025-04-22",
    "price" : 1083.00,
    "dma50" : 978.12,
    "dma100" : null,
    "dma200" : 935.85,
    "volume" : 117373.00
  }, {
    "date" : "2025-04-23",
    "price" : 1084.00,
    "dma50" : 982.27,
    "dma100" : null,
    "dma200" : 937.32,
    "volume" : 117097.00
  }, {
    "date" : "2025-04-24",
    "price" : 1044.20,
    "dma50" : 984.70,
    "dma100" : null,
    "dma200" : 938.39,
    "volume" : 154314.00
  }, {
    "date" : "2025-04-25",
    "price" : 1063.30,
    "dma50" : 987.78,
    "dma100" : null,
    "dma200" : 939.63,
    "volume" : 206275.00
  }, {
    "date" : "2025-04-28",
    "price" : 1043.60,
    "dma50" : 989.97,
    "dma100" : null,
    "dma200" : 940.66,
    "volume" : 78019.00
  }, {
    "date" : "2025-04-29",
    "price" : 1064.10,
    "dma50" : 992.88,
    "dma100" : null,
    "dma200" : 941.89,
    "volume" : 71549.00
  }, {
    "date" : "2025-04-30",
    "price" : 1048.70,
    "dma50" : 995.07,
    "dma100" : null,
    "dma200" : 942.96,
    "volume" : 61370.00
  }, {
    "date" : "2025-05-02",
    "price" : 1023.10,
    "dma50" : 996.16,
    "dma100" : null,
    "dma200" : 943.75,
    "volume" : 40629.00
  }, {
    "date" : "2025-05-05",
    "price" : 1007.30,
    "dma50" : 996.60,
    "dma100" : null,
    "dma200" : 944.39,
    "volume" : 88342.00
  }, {
    "date" : "2025-05-06",
    "price" : 985.40,
    "dma50" : 996.16,
    "dma100" : null,
    "dma200" : 944.79,
    "volume" : 80575.00
  }, {
    "date" : "2025-05-07",
    "price" : 974.70,
    "dma50" : 995.32,
    "dma100" : null,
    "dma200" : 945.09,
    "volume" : 57078.00
  }, {
    "date" : "2025-05-08",
    "price" : 944.70,
    "dma50" : 993.34,
    "dma100" : null,
    "dma200" : 945.09,
    "volume" : 49983.00
  }, {
    "date" : "2025-05-09",
    "price" : 944.20,
    "dma50" : 991.41,
    "dma100" : 927.69,
    "dma200" : 945.08,
    "volume" : 64514.00
  }, {
    "date" : "2025-05-12",
    "price" : 1002.50,
    "dma50" : 991.84,
    "dma100" : 928.86,
    "dma200" : 945.65,
    "volume" : 81018.00
  }, {
    "date" : "2025-05-13",
    "price" : 1017.00,
    "dma50" : 992.83,
    "dma100" : 930.27,
    "dma200" : 946.36,
    "volume" : 55342.00
  }, {
    "date" : "2025-05-14",
    "price" : 1020.10,
    "dma50" : 993.90,
    "dma100" : 931.52,
    "dma200" : 947.09,
    "volume" : 48501.00
  }, {
    "date" : "2025-05-15",
    "price" : 1068.60,
    "dma50" : 996.83,
    "dma100" : 933.06,
    "dma200" : 948.30,
    "volume" : 98219.00
  }, {
    "date" : "2025-05-16",
    "price" : 1086.80,
    "dma50" : 1000.36,
    "dma100" : 935.02,
    "dma200" : 949.68,
    "volume" : 128400.00
  }, {
    "date" : "2025-05-19",
    "price" : 1104.40,
    "dma50" : 1004.44,
    "dma100" : 937.03,
    "dma200" : 951.22,
    "volume" : 177218.00
  }, {
    "date" : "2025-05-20",
    "price" : 1081.30,
    "dma50" : 1007.45,
    "dma100" : 939.05,
    "dma200" : 952.51,
    "volume" : 389380.00
  }, {
    "date" : "2025-05-21",
    "price" : 1037.90,
    "dma50" : 1008.65,
    "dma100" : 940.42,
    "dma200" : 953.36,
    "volume" : 130982.00
  }, {
    "date" : "2025-05-22",
    "price" : 1026.00,
    "dma50" : 1009.33,
    "dma100" : 941.75,
    "dma200" : 954.09,
    "volume" : 128139.00
  }, {
    "date" : "2025-05-23",
    "price" : 1017.80,
    "dma50" : 1009.66,
    "dma100" : 943.12,
    "dma200" : 954.72,
    "volume" : 52266.00
  }, {
    "date" : "2025-05-26",
    "price" : 984.60,
    "dma50" : 1008.68,
    "dma100" : 944.17,
    "dma200" : 955.02,
    "volume" : 138523.00
  }, {
    "date" : "2025-05-27",
    "price" : 982.50,
    "dma50" : 1007.65,
    "dma100" : 945.31,
    "dma200" : 955.29,
    "volume" : 123098.00
  }, {
    "date" : "2025-05-28",
    "price" : 977.40,
    "dma50" : 1006.46,
    "dma100" : 946.40,
    "dma200" : 955.51,
    "volume" : 60942.00
  }, {
    "date" : "2025-05-29",
    "price" : 970.60,
    "dma50" : 1005.06,
    "dma100" : 947.35,
    "dma200" : 955.66,
    "volume" : 85305.00
  }, {
    "date" : "2025-05-30",
    "price" : 949.00,
    "dma50" : 1002.86,
    "dma100" : 947.90,
    "dma200" : 955.60,
    "volume" : 125081.00
  }, {
    "date" : "2025-06-02",
    "price" : 952.70,
    "dma50" : 1000.89,
    "dma100" : 948.54,
    "dma200" : 955.57,
    "volume" : 127851.00
  }, {
    "date" : "2025-06-03",
    "price" : 988.35,
    "dma50" : 1000.40,
    "dma100" : 949.96,
    "dma200" : 955.89,
    "volume" : 151043.00
  }, {
    "date" : "2025-06-04",
    "price" : 1007.80,
    "dma50" : 1000.69,
    "dma100" : 951.52,
    "dma200" : 956.41,
    "volume" : 117252.00
  }, {
    "date" : "2025-06-05",
    "price" : 1007.90,
    "dma50" : 1000.97,
    "dma100" : 953.13,
    "dma200" : 956.92,
    "volume" : 56374.00
  }, {
    "date" : "2025-06-06",
    "price" : 995.90,
    "dma50" : 1000.77,
    "dma100" : 954.89,
    "dma200" : 957.31,
    "volume" : 41139.00
  }, {
    "date" : "2025-06-09",
    "price" : 996.70,
    "dma50" : 1000.61,
    "dma100" : 956.86,
    "dma200" : 957.70,
    "volume" : 42487.00
  }, {
    "date" : "2025-06-10",
    "price" : 988.10,
    "dma50" : 1000.12,
    "dma100" : 959.12,
    "dma200" : 958.00,
    "volume" : 94835.00
  }, {
    "date" : "2025-06-11",
    "price" : 992.55,
    "dma50" : 999.83,
    "dma100" : 961.24,
    "dma200" : 958.35,
    "volume" : 144287.00
  }, {
    "date" : "2025-06-12",
    "price" : 983.50,
    "dma50" : 999.19,
    "dma100" : 963.34,
    "dma200" : 958.60,
    "volume" : 104097.00
  }, {
    "date" : "2025-06-13",
    "price" : 961.85,
    "dma50" : 997.72,
    "dma100" : 964.97,
    "dma200" : 958.63,
    "volume" : 63850.00
  }, {
    "date" : "2025-06-16",
    "price" : 975.40,
    "dma50" : 996.85,
    "dma100" : 966.76,
    "dma200" : 958.80,
    "volume" : 93677.00
  }, {
    "date" : "2025-06-17",
    "price" : 957.65,
    "dma50" : 995.31,
    "dma100" : 967.07,
    "dma200" : 958.79,
    "volume" : 61193.00
  }, {
    "date" : "2025-06-18",
    "price" : 940.70,
    "dma50" : 993.17,
    "dma100" : 967.50,
    "dma200" : 958.61,
    "volume" : 104980.00
  }, {
    "date" : "2025-06-19",
    "price" : 938.90,
    "dma50" : 991.04,
    "dma100" : 968.20,
    "dma200" : 958.41,
    "volume" : 74539.00
  }, {
    "date" : "2025-06-20",
    "price" : 944.15,
    "dma50" : 989.20,
    "dma100" : 968.78,
    "dma200" : 958.27,
    "volume" : 68476.00
  }, {
    "date" : "2025-06-23",
    "price" : 937.05,
    "dma50" : 987.16,
    "dma100" : 969.62,
    "dma200" : 958.06,
    "volume" : 42007.00
  }, {
    "date" : "2025-06-24",
    "price" : 953.60,
    "dma50" : 985.84,
    "dma100" : 971.00,
    "dma200" : 958.01,
    "volume" : 66195.00
  }, {
    "date" : "2025-06-25",
    "price" : 962.55,
    "dma50" : 984.93,
    "dma100" : 972.71,
    "dma200" : 958.06,
    "volume" : 49429.00
  }, {
    "date" : "2025-06-26",
    "price" : 955.05,
    "dma50" : 983.75,
    "dma100" : 974.07,
    "dma200" : 958.03,
    "volume" : 47248.00
  }, {
    "date" : "2025-06-27",
    "price" : 953.35,
    "dma50" : 982.56,
    "dma100" : 975.11,
    "dma200" : 957.98,
    "volume" : 43796.00
  }, {
    "date" : "2025-06-30",
    "price" : 952.65,
    "dma50" : 981.39,
    "dma100" : 975.46,
    "dma200" : 957.93,
    "volume" : 52071.00
  }, {
    "date" : "2025-07-01",
    "price" : 948.70,
    "dma50" : 980.11,
    "dma100" : 975.63,
    "dma200" : 957.84,
    "volume" : 78392.00
  }, {
    "date" : "2025-07-02",
    "price" : 950.65,
    "dma50" : 978.95,
    "dma100" : 975.56,
    "dma200" : 957.76,
    "volume" : 59566.00
  }, {
    "date" : "2025-07-03",
    "price" : 959.85,
    "dma50" : 978.20,
    "dma100" : 975.65,
    "dma200" : 957.79,
    "volume" : 86268.00
  }, {
    "date" : "2025-07-04",
    "price" : 953.50,
    "dma50" : 977.23,
    "dma100" : 975.76,
    "dma200" : 957.74,
    "volume" : 155642.00
  }, {
    "date" : "2025-07-07",
    "price" : 961.50,
    "dma50" : 976.62,
    "dma100" : 975.87,
    "dma200" : 957.78,
    "volume" : 66533.00
  }, {
    "date" : "2025-07-08",
    "price" : 943.50,
    "dma50" : 975.32,
    "dma100" : 975.84,
    "dma200" : 957.64,
    "volume" : 63048.00
  }, {
    "date" : "2025-07-09",
    "price" : 942.85,
    "dma50" : 974.05,
    "dma100" : 976.21,
    "dma200" : 957.49,
    "volume" : 97032.00
  }, {
    "date" : "2025-07-10",
    "price" : 959.90,
    "dma50" : 973.49,
    "dma100" : 977.18,
    "dma200" : 957.51,
    "volume" : 76392.00
  }, {
    "date" : "2025-07-11",
    "price" : 1008.00,
    "dma50" : 974.84,
    "dma100" : 978.58,
    "dma200" : 958.02,
    "volume" : 514363.00
  }, {
    "date" : "2025-07-14",
    "price" : 1026.60,
    "dma50" : 976.87,
    "dma100" : 980.31,
    "dma200" : 958.70,
    "volume" : 129043.00
  }, {
    "date" : "2025-07-15",
    "price" : 1031.00,
    "dma50" : 979.00,
    "dma100" : 982.05,
    "dma200" : 959.42,
    "volume" : 134093.00
  }, {
    "date" : "2025-07-16",
    "price" : 1065.75,
    "dma50" : 982.40,
    "dma100" : 984.27,
    "dma200" : 960.48,
    "volume" : 193902.00
  }, {
    "date" : "2025-07-17",
    "price" : 1093.15,
    "dma50" : 986.74,
    "dma100" : 987.11,
    "dma200" : 961.80,
    "volume" : 225957.00
  }, {
    "date" : "2025-07-18",
    "price" : 1099.80,
    "dma50" : 991.18,
    "dma100" : 989.58,
    "dma200" : 963.17,
    "volume" : 143576.00
  }, {
    "date" : "2025-07-21",
    "price" : 1109.20,
    "dma50" : 995.80,
    "dma100" : 992.02,
    "dma200" : 964.62,
    "volume" : 123880.00
  }, {
    "date" : "2025-07-22",
    "price" : 1108.85,
    "dma50" : 1000.24,
    "dma100" : 994.54,
    "dma200" : 966.06,
    "volume" : 189646.00
  }, {
    "date" : "2025-07-23",
    "price" : 1134.10,
    "dma50" : 1005.49,
    "dma100" : 997.22,
    "dma200" : 967.73,
    "volume" : 189270.00
  }, {
    "date" : "2025-07-24",
    "price" : 1199.85,
    "dma50" : 1013.11,
    "dma100" : 1000.71,
    "dma200" : 970.04,
    "volume" : 564978.00
  }, {
    "date" : "2025-07-25",
    "price" : 1245.20,
    "dma50" : 1022.21,
    "dma100" : 1004.64,
    "dma200" : 972.78,
    "volume" : 1092314.00
  }, {
    "date" : "2025-07-28",
    "price" : 1257.10,
    "dma50" : 1031.42,
    "dma100" : 1008.56,
    "dma200" : 975.61,
    "volume" : 299854.00
  }, {
    "date" : "2025-07-29",
    "price" : 1260.85,
    "dma50" : 1040.42,
    "dma100" : 1012.33,
    "dma200" : 978.45,
    "volume" : 415617.00
  }, {
    "date" : "2025-07-30",
    "price" : 1261.90,
    "dma50" : 1049.10,
    "dma100" : 1016.03,
    "dma200" : 981.27,
    "volume" : 166665.00
  }, {
    "date" : "2025-07-31",
    "price" : 1281.15,
    "dma50" : 1058.20,
    "dma100" : 1019.73,
    "dma200" : 984.25,
    "volume" : 225824.00
  }, {
    "date" : "2025-08-01",
    "price" : 1255.60,
    "dma50" : 1065.95,
    "dma100" : 1022.84,
    "dma200" : 986.95,
    "volume" : 159207.00
  }, {
    "date" : "2025-08-04",
    "price" : 1232.30,
    "dma50" : 1072.47,
    "dma100" : 1025.36,
    "dma200" : 989.39,
    "volume" : 172854.00
  }, {
    "date" : "2025-08-05",
    "price" : 1184.30,
    "dma50" : 1076.85,
    "dma100" : 1027.44,
    "dma200" : 991.33,
    "volume" : 678114.00
  }, {
    "date" : "2025-08-06",
    "price" : 1180.90,
    "dma50" : 1080.93,
    "dma100" : 1029.76,
    "dma200" : 993.22,
    "volume" : 185427.00
  }, {
    "date" : "2025-08-07",
    "price" : 1173.00,
    "dma50" : 1084.54,
    "dma100" : 1032.12,
    "dma200" : 995.01,
    "volume" : 162291.00
  }, {
    "date" : "2025-08-08",
    "price" : 1162.50,
    "dma50" : 1087.60,
    "dma100" : 1034.93,
    "dma200" : 996.67,
    "volume" : 86229.00
  }, {
    "date" : "2025-08-11",
    "price" : 1177.60,
    "dma50" : 1091.13,
    "dma100" : 1037.87,
    "dma200" : 998.47,
    "volume" : 93201.00
  }, {
    "date" : "2025-08-12",
    "price" : 1189.30,
    "dma50" : 1094.98,
    "dma100" : 1040.84,
    "dma200" : 1000.37,
    "volume" : 149813.00
  }, {
    "date" : "2025-08-13",
    "price" : 1194.00,
    "dma50" : 1098.86,
    "dma100" : 1043.47,
    "dma200" : 1002.30,
    "volume" : 66192.00
  }, {
    "date" : "2025-08-14",
    "price" : 1209.30,
    "dma50" : 1103.19,
    "dma100" : 1045.91,
    "dma200" : 1004.36,
    "volume" : 105048.00
  }, {
    "date" : "2025-08-18",
    "price" : 1200.00,
    "dma50" : 1106.99,
    "dma100" : 1047.82,
    "dma200" : 1006.30,
    "volume" : 77449.00
  }, {
    "date" : "2025-08-19",
    "price" : 1234.40,
    "dma50" : 1111.99,
    "dma100" : 1049.44,
    "dma200" : 1008.57,
    "volume" : 140484.00
  }, {
    "date" : "2025-08-20",
    "price" : 1203.50,
    "dma50" : 1115.58,
    "dma100" : 1051.02,
    "dma200" : 1010.51,
    "volume" : 154031.00
  }, {
    "date" : "2025-08-21",
    "price" : 1213.20,
    "dma50" : 1119.40,
    "dma100" : 1052.63,
    "dma200" : 1012.53,
    "volume" : 90115.00
  }, {
    "date" : "2025-08-22",
    "price" : 1248.80,
    "dma50" : 1124.48,
    "dma100" : 1054.44,
    "dma200" : 1014.88,
    "volume" : 118118.00
  }, {
    "date" : "2025-08-25",
    "price" : 1229.90,
    "dma50" : 1128.61,
    "dma100" : 1056.22,
    "dma200" : 1017.02,
    "volume" : 78895.00
  }, {
    "date" : "2025-08-26",
    "price" : 1243.30,
    "dma50" : 1133.11,
    "dma100" : 1057.98,
    "dma200" : 1019.27,
    "volume" : 98445.00
  }, {
    "date" : "2025-08-28",
    "price" : 1204.00,
    "dma50" : 1135.89,
    "dma100" : 1059.16,
    "dma200" : 1021.11,
    "volume" : 84655.00
  }, {
    "date" : "2025-08-29",
    "price" : 1204.50,
    "dma50" : 1138.58,
    "dma100" : 1060.20,
    "dma200" : 1022.94,
    "volume" : 40124.00
  }, {
    "date" : "2025-09-01",
    "price" : 1206.40,
    "dma50" : 1141.24,
    "dma100" : 1061.70,
    "dma200" : 1024.76,
    "volume" : 29738.00
  }, {
    "date" : "2025-09-02",
    "price" : 1196.50,
    "dma50" : 1143.41,
    "dma100" : 1063.68,
    "dma200" : 1026.47,
    "volume" : 64779.00
  }, {
    "date" : "2025-09-03",
    "price" : 1103.10,
    "dma50" : 1141.83,
    "dma100" : 1064.66,
    "dma200" : 1027.23,
    "volume" : 442544.00
  }, {
    "date" : "2025-09-04",
    "price" : 1061.10,
    "dma50" : 1138.66,
    "dma100" : 1065.44,
    "dma200" : 1027.57,
    "volume" : 167423.00
  }, {
    "date" : "2025-09-05",
    "price" : 1087.90,
    "dma50" : 1136.67,
    "dma100" : 1066.18,
    "dma200" : 1028.17,
    "volume" : 115350.00
  }, {
    "date" : "2025-09-08",
    "price" : 1063.60,
    "dma50" : 1133.81,
    "dma100" : 1066.41,
    "dma200" : 1028.52,
    "volume" : 88183.00
  }, {
    "date" : "2025-09-09",
    "price" : 1045.80,
    "dma50" : 1130.35,
    "dma100" : 1066.32,
    "dma200" : 1028.69,
    "volume" : 55921.00
  }, {
    "date" : "2025-09-10",
    "price" : 1038.80,
    "dma50" : 1126.76,
    "dma100" : 1066.02,
    "dma200" : 1028.79,
    "volume" : 82050.00
  }, {
    "date" : "2025-09-11",
    "price" : 1036.90,
    "dma50" : 1123.24,
    "dma100" : 1065.67,
    "dma200" : 1028.88,
    "volume" : 61969.00
  }, {
    "date" : "2025-09-12",
    "price" : 1032.90,
    "dma50" : 1119.70,
    "dma100" : 1065.17,
    "dma200" : 1028.92,
    "volume" : 49726.00
  }, {
    "date" : "2025-09-15",
    "price" : 1055.10,
    "dma50" : 1117.16,
    "dma100" : 1064.88,
    "dma200" : 1029.18,
    "volume" : 89289.00
  }, {
    "date" : "2025-09-16",
    "price" : 1053.60,
    "dma50" : 1114.67,
    "dma100" : 1064.97,
    "dma200" : 1029.42,
    "volume" : 56362.00
  }, {
    "date" : "2025-09-17",
    "price" : 1080.10,
    "dma50" : 1113.32,
    "dma100" : 1065.14,
    "dma200" : 1029.92,
    "volume" : 119274.00
  }, {
    "date" : "2025-09-18",
    "price" : 1068.60,
    "dma50" : 1111.56,
    "dma100" : 1065.39,
    "dma200" : 1030.31,
    "volume" : 75322.00
  }, {
    "date" : "2025-09-19",
    "price" : 1075.00,
    "dma50" : 1110.13,
    "dma100" : 1065.50,
    "dma200" : 1030.75,
    "volume" : 60025.00
  }, {
    "date" : "2025-09-22",
    "price" : 1089.50,
    "dma50" : 1109.32,
    "dma100" : 1065.91,
    "dma200" : 1031.34,
    "volume" : 70494.00
  }, {
    "date" : "2025-09-23",
    "price" : 1088.60,
    "dma50" : 1108.51,
    "dma100" : 1066.56,
    "dma200" : 1031.91,
    "volume" : 59359.00
  }, {
    "date" : "2025-09-24",
    "price" : 1085.80,
    "dma50" : 1107.62,
    "dma100" : 1067.35,
    "dma200" : 1032.44,
    "volume" : 47446.00
  }, {
    "date" : "2025-09-25",
    "price" : 1078.80,
    "dma50" : 1106.49,
    "dma100" : 1068.28,
    "dma200" : 1032.90,
    "volume" : 63005.00
  }, {
    "date" : "2025-09-26",
    "price" : 1045.80,
    "dma50" : 1104.11,
    "dma100" : 1068.99,
    "dma200" : 1033.03,
    "volume" : 74630.00
  }, {
    "date" : "2025-09-29",
    "price" : 1041.00,
    "dma50" : 1101.63,
    "dma100" : 1069.95,
    "dma200" : 1033.11,
    "volume" : 40067.00
  }, {
    "date" : "2025-09-30",
    "price" : 1045.00,
    "dma50" : 1099.41,
    "dma100" : 1070.96,
    "dma200" : 1033.23,
    "volume" : 38415.00
  }, {
    "date" : "2025-10-01",
    "price" : 1063.70,
    "dma50" : 1098.01,
    "dma100" : 1071.57,
    "dma200" : 1033.53,
    "volume" : 53412.00
  }, {
    "date" : "2025-10-03",
    "price" : 1069.50,
    "dma50" : 1096.89,
    "dma100" : 1072.10,
    "dma200" : 1033.89,
    "volume" : 27432.00
  }, {
    "date" : "2025-10-06",
    "price" : 1110.80,
    "dma50" : 1097.44,
    "dma100" : 1073.01,
    "dma200" : 1034.66,
    "volume" : 1610289.00
  }, {
    "date" : "2025-10-07",
    "price" : 1124.90,
    "dma50" : 1098.51,
    "dma100" : 1073.57,
    "dma200" : 1035.55,
    "volume" : 206861.00
  }, {
    "date" : "2025-10-08",
    "price" : 1109.40,
    "dma50" : 1098.94,
    "dma100" : 1073.79,
    "dma200" : 1036.29,
    "volume" : 60803.00
  }, {
    "date" : "2025-10-09",
    "price" : 1107.70,
    "dma50" : 1099.28,
    "dma100" : 1073.83,
    "dma200" : 1037.00,
    "volume" : 45604.00
  }, {
    "date" : "2025-10-10",
    "price" : 1121.50,
    "dma50" : 1100.16,
    "dma100" : 1074.23,
    "dma200" : 1037.84,
    "volume" : 79157.00
  }, {
    "date" : "2025-10-13",
    "price" : 1119.80,
    "dma50" : 1100.93,
    "dma100" : 1075.05,
    "dma200" : 1038.66,
    "volume" : 28793.00
  }, {
    "date" : "2025-10-14",
    "price" : 1081.30,
    "dma50" : 1100.16,
    "dma100" : 1075.60,
    "dma200" : 1039.08,
    "volume" : 55085.00
  }, {
    "date" : "2025-10-15",
    "price" : 1112.30,
    "dma50" : 1100.63,
    "dma100" : 1076.55,
    "dma200" : 1039.81,
    "volume" : 48780.00
  }, {
    "date" : "2025-10-16",
    "price" : 1124.30,
    "dma50" : 1101.56,
    "dma100" : 1077.94,
    "dma200" : 1040.65,
    "volume" : 63483.00
  }, {
    "date" : "2025-10-17",
    "price" : 1117.50,
    "dma50" : 1102.19,
    "dma100" : 1079.29,
    "dma200" : 1041.41,
    "volume" : 75816.00
  }, {
    "date" : "2025-10-20",
    "price" : 1114.80,
    "dma50" : 1102.68,
    "dma100" : 1080.67,
    "dma200" : 1042.14,
    "volume" : 29705.00
  }, {
    "date" : "2025-10-21",
    "price" : 1106.50,
    "dma50" : 1102.83,
    "dma100" : 1082.03,
    "dma200" : 1042.78,
    "volume" : 18261.00
  }, {
    "date" : "2025-10-23",
    "price" : 1114.70,
    "dma50" : 1103.30,
    "dma100" : 1083.68,
    "dma200" : 1043.50,
    "volume" : 29109.00
  }, {
    "date" : "2025-10-24",
    "price" : 1084.50,
    "dma50" : 1102.56,
    "dma100" : 1085.00,
    "dma200" : 1043.91,
    "volume" : 74285.00
  }, {
    "date" : "2025-10-27",
    "price" : 1065.00,
    "dma50" : 1101.09,
    "dma100" : 1085.77,
    "dma200" : 1044.12,
    "volume" : 34861.00
  }, {
    "date" : "2025-10-28",
    "price" : 1068.20,
    "dma50" : 1099.80,
    "dma100" : 1086.37,
    "dma200" : 1044.36,
    "volume" : 27076.00
  }, {
    "date" : "2025-10-29",
    "price" : 1082.90,
    "dma50" : 1099.13,
    "dma100" : 1087.12,
    "dma200" : 1044.74,
    "volume" : 47146.00
  }, {
    "date" : "2025-10-30",
    "price" : 1101.80,
    "dma50" : 1099.24,
    "dma100" : 1088.18,
    "dma200" : 1045.31,
    "volume" : 38654.00
  }, {
    "date" : "2025-10-31",
    "price" : 1156.30,
    "dma50" : 1101.48,
    "dma100" : 1089.78,
    "dma200" : 1046.41,
    "volume" : 213696.00
  }, {
    "date" : "2025-11-03",
    "price" : 1143.10,
    "dma50" : 1103.11,
    "dma100" : 1091.33,
    "dma200" : 1047.38,
    "volume" : 64962.00
  }, {
    "date" : "2025-11-04",
    "price" : 1135.80,
    "dma50" : 1104.39,
    "dma100" : 1092.76,
    "dma200" : 1048.26,
    "volume" : 35795.00
  }, {
    "date" : "2025-11-06",
    "price" : 1152.00,
    "dma50" : 1106.26,
    "dma100" : 1094.44,
    "dma200" : 1049.29,
    "volume" : 54612.00
  }, {
    "date" : "2025-11-07",
    "price" : 1139.80,
    "dma50" : 1107.57,
    "dma100" : 1096.22,
    "dma200" : 1050.19,
    "volume" : 42172.00
  }, {
    "date" : "2025-11-10",
    "price" : 1143.80,
    "dma50" : 1108.99,
    "dma100" : 1097.91,
    "dma200" : 1051.12,
    "volume" : 55073.00
  }, {
    "date" : "2025-11-11",
    "price" : 1097.70,
    "dma50" : 1108.55,
    "dma100" : 1099.31,
    "dma200" : 1051.58,
    "volume" : 69903.00
  }, {
    "date" : "2025-11-12",
    "price" : 1170.20,
    "dma50" : 1110.97,
    "dma100" : 1101.60,
    "dma200" : 1052.76,
    "volume" : 3212572.00
  }, {
    "date" : "2025-11-13",
    "price" : 1186.40,
    "dma50" : 1113.93,
    "dma100" : 1104.08,
    "dma200" : 1054.09,
    "volume" : 488936.00
  }, {
    "date" : "2025-11-14",
    "price" : 1193.30,
    "dma50" : 1117.04,
    "dma100" : 1106.57,
    "dma200" : 1055.48,
    "volume" : 99937.00
  }, {
    "date" : "2025-11-17",
    "price" : 1189.50,
    "dma50" : 1119.88,
    "dma100" : 1109.09,
    "dma200" : 1056.81,
    "volume" : 77166.00
  }, {
    "date" : "2025-11-18",
    "price" : 1167.70,
    "dma50" : 1121.76,
    "dma100" : 1111.24,
    "dma200" : 1057.92,
    "volume" : 97694.00
  }, {
    "date" : "2025-11-19",
    "price" : 1171.00,
    "dma50" : 1123.69,
    "dma100" : 1113.32,
    "dma200" : 1059.04,
    "volume" : 86296.00
  }, {
    "date" : "2025-11-20",
    "price" : 1139.70,
    "dma50" : 1124.32,
    "dma100" : 1115.17,
    "dma200" : 1059.84,
    "volume" : 213533.00
  }, {
    "date" : "2025-11-21",
    "price" : 1092.70,
    "dma50" : 1123.08,
    "dma100" : 1116.56,
    "dma200" : 1060.17,
    "volume" : 104179.00
  }, {
    "date" : "2025-11-24",
    "price" : 1051.80,
    "dma50" : 1120.28,
    "dma100" : 1117.55,
    "dma200" : 1060.09,
    "volume" : 77769.00
  }, {
    "date" : "2025-11-25",
    "price" : 1047.30,
    "dma50" : 1117.42,
    "dma100" : 1118.54,
    "dma200" : 1059.96,
    "volume" : 65313.00
  }, {
    "date" : "2025-11-26",
    "price" : 1061.30,
    "dma50" : 1115.22,
    "dma100" : 1119.64,
    "dma200" : 1059.97,
    "volume" : 38131.00
  }, {
    "date" : "2025-11-27",
    "price" : 1059.10,
    "dma50" : 1113.02,
    "dma100" : 1120.64,
    "dma200" : 1059.96,
    "volume" : 41414.00
  }, {
    "date" : "2025-11-28",
    "price" : 1064.90,
    "dma50" : 1111.13,
    "dma100" : 1121.75,
    "dma200" : 1060.01,
    "volume" : 33576.00
  }, {
    "date" : "2025-12-01",
    "price" : 1053.00,
    "dma50" : 1108.85,
    "dma100" : 1122.67,
    "dma200" : 1059.94,
    "volume" : 94881.00
  }, {
    "date" : "2025-12-02",
    "price" : 1045.10,
    "dma50" : 1106.35,
    "dma100" : 1123.68,
    "dma200" : 1059.80,
    "volume" : 30952.00
  }, {
    "date" : "2025-12-03",
    "price" : 1035.20,
    "dma50" : 1103.56,
    "dma100" : 1124.61,
    "dma200" : 1059.55,
    "volume" : 38215.00
  }, {
    "date" : "2025-12-04",
    "price" : 999.10,
    "dma50" : 1099.46,
    "dma100" : 1125.00,
    "dma200" : 1058.95,
    "volume" : 85173.00
  }, {
    "date" : "2025-12-05",
    "price" : 969.20,
    "dma50" : 1094.36,
    "dma100" : 1124.61,
    "dma200" : 1058.06,
    "volume" : 122790.00
  }, {
    "date" : "2025-12-08",
    "price" : 945.90,
    "dma50" : 1088.53,
    "dma100" : 1123.80,
    "dma200" : 1056.94,
    "volume" : 158408.00
  }, {
    "date" : "2025-12-09",
    "price" : 981.90,
    "dma50" : 1084.35,
    "dma100" : 1123.31,
    "dma200" : 1056.19,
    "volume" : 127378.00
  }, {
    "date" : "2025-12-10",
    "price" : 952.70,
    "dma50" : 1079.19,
    "dma100" : 1122.18,
    "dma200" : 1055.16,
    "volume" : 58970.00
  }, {
    "date" : "2025-12-11",
    "price" : 957.90,
    "dma50" : 1074.43,
    "dma100" : 1120.83,
    "dma200" : 1054.20,
    "volume" : 48499.00
  } ],
  "latestTechnicalAttributes" : {
    "date" : "2025-12-11",
    "price" : 957.90,
    "dma50" : 1074.43,
    "dma100" : 1120.83,
    "dma200" : 1054.20,
    "volume" : 48499.00
  },
  "quarterlyResults" : [ {
    "date" : "2009-06-30",
    "sales" : 63.68,
    "salesGrowthYoY" : null,
    "grossProfitMargin" : 39.75,
    "grossProfit" : 25.31,
    "operatingProfitMargin" : 15.92,
    "operatingProfit" : 10.14,
    "netProfitMargin" : 10.65,
    "netProfit" : 6.78
  }, {
    "date" : "2009-09-30",
    "sales" : 57.73,
    "salesGrowthYoY" : null,
    "grossProfitMargin" : 40.00,
    "grossProfit" : 23.09,
    "operatingProfitMargin" : 14.95,
    "operatingProfit" : 8.63,
    "netProfitMargin" : 8.96,
    "netProfit" : 5.17
  }, {
    "date" : "2009-12-31",
    "sales" : 67.93,
    "salesGrowthYoY" : null,
    "grossProfitMargin" : 38.66,
    "grossProfit" : 26.26,
    "operatingProfitMargin" : 14.50,
    "operatingProfit" : 9.85,
    "netProfitMargin" : 7.95,
    "netProfit" : 5.40
  }, {
    "date" : "2010-03-31",
    "sales" : 77.74,
    "salesGrowthYoY" : null,
    "grossProfitMargin" : 39.10,
    "grossProfit" : 30.40,
    "operatingProfitMargin" : 13.07,
    "operatingProfit" : 10.16,
    "netProfitMargin" : 7.44,
    "netProfit" : 5.78
  }, {
    "date" : "2010-06-30",
    "sales" : 74.13,
    "salesGrowthYoY" : 16.41,
    "grossProfitMargin" : 38.63,
    "grossProfit" : 28.64,
    "operatingProfitMargin" : 13.49,
    "operatingProfit" : 10.00,
    "netProfitMargin" : 8.49,
    "netProfit" : 6.29
  }, {
    "date" : "2010-09-30",
    "sales" : 93.70,
    "salesGrowthYoY" : 62.31,
    "grossProfitMargin" : 39.82,
    "grossProfit" : 37.31,
    "operatingProfitMargin" : 16.58,
    "operatingProfit" : 15.54,
    "netProfitMargin" : 10.27,
    "netProfit" : 9.62
  }, {
    "date" : "2010-12-31",
    "sales" : 112.31,
    "salesGrowthYoY" : 65.33,
    "grossProfitMargin" : 41.41,
    "grossProfit" : 46.51,
    "operatingProfitMargin" : 17.26,
    "operatingProfit" : 19.38,
    "netProfitMargin" : 10.11,
    "netProfit" : 11.35
  }, {
    "date" : "2011-03-31",
    "sales" : 89.34,
    "salesGrowthYoY" : 14.92,
    "grossProfitMargin" : 49.33,
    "grossProfit" : 44.07,
    "operatingProfitMargin" : 18.96,
    "operatingProfit" : 16.94,
    "netProfitMargin" : 12.35,
    "netProfit" : 11.03
  }, {
    "date" : "2011-06-30",
    "sales" : 115.63,
    "salesGrowthYoY" : 55.98,
    "grossProfitMargin" : 47.81,
    "grossProfit" : 55.28,
    "operatingProfitMargin" : 16.86,
    "operatingProfit" : 19.50,
    "netProfitMargin" : 10.01,
    "netProfit" : 11.57
  }, {
    "date" : "2011-09-30",
    "sales" : 132.60,
    "salesGrowthYoY" : 41.52,
    "grossProfitMargin" : 46.61,
    "grossProfit" : 61.80,
    "operatingProfitMargin" : 12.90,
    "operatingProfit" : 17.11,
    "netProfitMargin" : 7.30,
    "netProfit" : 9.68
  }, {
    "date" : "2011-12-31",
    "sales" : 152.90,
    "salesGrowthYoY" : 36.14,
    "grossProfitMargin" : 44.66,
    "grossProfit" : 68.29,
    "operatingProfitMargin" : 12.78,
    "operatingProfit" : 19.54,
    "netProfitMargin" : 7.68,
    "netProfit" : 11.74
  }, {
    "date" : "2012-03-31",
    "sales" : 141.77,
    "salesGrowthYoY" : 58.69,
    "grossProfitMargin" : 38.51,
    "grossProfit" : 54.60,
    "operatingProfitMargin" : 12.82,
    "operatingProfit" : 18.17,
    "netProfitMargin" : 5.60,
    "netProfit" : 7.94
  }, {
    "date" : "2012-06-30",
    "sales" : 131.29,
    "salesGrowthYoY" : 13.54,
    "grossProfitMargin" : 36.38,
    "grossProfit" : 47.76,
    "operatingProfitMargin" : 14.30,
    "operatingProfit" : 18.77,
    "netProfitMargin" : 7.26,
    "netProfit" : 9.53
  }, {
    "date" : "2012-09-30",
    "sales" : 132.72,
    "salesGrowthYoY" : 0.09,
    "grossProfitMargin" : 47.26,
    "grossProfit" : 62.72,
    "operatingProfitMargin" : 15.34,
    "operatingProfit" : 20.36,
    "netProfitMargin" : 8.04,
    "netProfit" : 10.67
  }, {
    "date" : "2012-12-31",
    "sales" : 135.18,
    "salesGrowthYoY" : -11.59,
    "grossProfitMargin" : 41.07,
    "grossProfit" : 55.52,
    "operatingProfitMargin" : 14.96,
    "operatingProfit" : 20.22,
    "netProfitMargin" : 7.92,
    "netProfit" : 10.71
  }, {
    "date" : "2013-03-31",
    "sales" : 127.74,
    "salesGrowthYoY" : -9.90,
    "grossProfitMargin" : 38.73,
    "grossProfit" : 49.47,
    "operatingProfitMargin" : 8.56,
    "operatingProfit" : 10.93,
    "netProfitMargin" : 2.58,
    "netProfit" : 3.30
  }, {
    "date" : "2013-06-30",
    "sales" : 130.03,
    "salesGrowthYoY" : -0.96,
    "grossProfitMargin" : 40.98,
    "grossProfit" : 53.29,
    "operatingProfitMargin" : 15.21,
    "operatingProfit" : 19.78,
    "netProfitMargin" : 7.08,
    "netProfit" : 9.21
  }, {
    "date" : "2013-09-30",
    "sales" : 121.14,
    "salesGrowthYoY" : -8.73,
    "grossProfitMargin" : 39.01,
    "grossProfit" : 47.26,
    "operatingProfitMargin" : 7.74,
    "operatingProfit" : 9.38,
    "netProfitMargin" : 3.70,
    "netProfit" : 4.48
  }, {
    "date" : "2013-12-31",
    "sales" : 124.53,
    "salesGrowthYoY" : -7.88,
    "grossProfitMargin" : 34.08,
    "grossProfit" : 42.44,
    "operatingProfitMargin" : 6.43,
    "operatingProfit" : 8.01,
    "netProfitMargin" : 0.08,
    "netProfit" : 0.10
  }, {
    "date" : "2014-03-31",
    "sales" : 120.81,
    "salesGrowthYoY" : -5.43,
    "grossProfitMargin" : 37.43,
    "grossProfit" : 45.22,
    "operatingProfitMargin" : 6.46,
    "operatingProfit" : 7.80,
    "netProfitMargin" : -5.13,
    "netProfit" : -6.20
  }, {
    "date" : "2014-06-30",
    "sales" : 140.96,
    "salesGrowthYoY" : 8.41,
    "grossProfitMargin" : 33.17,
    "grossProfit" : 46.76,
    "operatingProfitMargin" : 8.75,
    "operatingProfit" : 12.33,
    "netProfitMargin" : 1.53,
    "netProfit" : 2.16
  }, {
    "date" : "2014-09-30",
    "sales" : 136.49,
    "salesGrowthYoY" : 12.67,
    "grossProfitMargin" : 42.48,
    "grossProfit" : 57.98,
    "operatingProfitMargin" : 8.37,
    "operatingProfit" : 11.42,
    "netProfitMargin" : 0.90,
    "netProfit" : 1.23
  }, {
    "date" : "2014-12-31",
    "sales" : 155.56,
    "salesGrowthYoY" : 24.92,
    "grossProfitMargin" : 38.58,
    "grossProfit" : 60.02,
    "operatingProfitMargin" : 6.32,
    "operatingProfit" : 9.83,
    "netProfitMargin" : 0.07,
    "netProfit" : 0.11
  }, {
    "date" : "2015-03-31",
    "sales" : 152.66,
    "salesGrowthYoY" : 26.36,
    "grossProfitMargin" : 45.17,
    "grossProfit" : 68.96,
    "operatingProfitMargin" : 9.92,
    "operatingProfit" : 15.14,
    "netProfitMargin" : 2.34,
    "netProfit" : 3.57
  }, {
    "date" : "2015-06-30",
    "sales" : 157.76,
    "salesGrowthYoY" : 11.92,
    "grossProfitMargin" : 41.45,
    "grossProfit" : 65.39,
    "operatingProfitMargin" : 10.05,
    "operatingProfit" : 15.85,
    "netProfitMargin" : 2.20,
    "netProfit" : 3.47
  }, {
    "date" : "2015-09-30",
    "sales" : 161.82,
    "salesGrowthYoY" : 18.56,
    "grossProfitMargin" : 42.47,
    "grossProfit" : 68.72,
    "operatingProfitMargin" : 8.24,
    "operatingProfit" : 13.33,
    "netProfitMargin" : 0.78,
    "netProfit" : 1.26
  }, {
    "date" : "2015-12-31",
    "sales" : 196.66,
    "salesGrowthYoY" : 26.42,
    "grossProfitMargin" : 41.96,
    "grossProfit" : 82.52,
    "operatingProfitMargin" : 9.52,
    "operatingProfit" : 18.72,
    "netProfitMargin" : 1.77,
    "netProfit" : 3.48
  }, {
    "date" : "2016-03-31",
    "sales" : 190.98,
    "salesGrowthYoY" : 25.10,
    "grossProfitMargin" : 41.99,
    "grossProfit" : 80.19,
    "operatingProfitMargin" : 11.53,
    "operatingProfit" : 22.02,
    "netProfitMargin" : 2.26,
    "netProfit" : 4.32
  }, {
    "date" : "2016-06-30",
    "sales" : 191.17,
    "salesGrowthYoY" : 21.18,
    "grossProfitMargin" : 39.74,
    "grossProfit" : 75.97,
    "operatingProfitMargin" : 10.00,
    "operatingProfit" : 19.12,
    "netProfitMargin" : 4.22,
    "netProfit" : 8.07
  }, {
    "date" : "2016-09-30",
    "sales" : 158.73,
    "salesGrowthYoY" : -1.91,
    "grossProfitMargin" : 38.92,
    "grossProfit" : 61.78,
    "operatingProfitMargin" : 7.01,
    "operatingProfit" : 11.13,
    "netProfitMargin" : 1.08,
    "netProfit" : 1.71
  }, {
    "date" : "2016-12-31",
    "sales" : 216.22,
    "salesGrowthYoY" : 9.95,
    "grossProfitMargin" : 39.49,
    "grossProfit" : 85.39,
    "operatingProfitMargin" : 7.55,
    "operatingProfit" : 16.32,
    "netProfitMargin" : 1.83,
    "netProfit" : 3.96
  }, {
    "date" : "2017-03-31",
    "sales" : 208.12,
    "salesGrowthYoY" : 8.97,
    "grossProfitMargin" : 40.05,
    "grossProfit" : 83.35,
    "operatingProfitMargin" : 4.31,
    "operatingProfit" : 8.97,
    "netProfitMargin" : 1.13,
    "netProfit" : 2.35
  }, {
    "date" : "2017-06-30",
    "sales" : 232.37,
    "salesGrowthYoY" : 21.55,
    "grossProfitMargin" : 35.11,
    "grossProfit" : 81.59,
    "operatingProfitMargin" : 7.35,
    "operatingProfit" : 17.08,
    "netProfitMargin" : 0.68,
    "netProfit" : 1.58
  }, {
    "date" : "2017-09-30",
    "sales" : 201.59,
    "salesGrowthYoY" : 27.00,
    "grossProfitMargin" : 41.62,
    "grossProfit" : 83.90,
    "operatingProfitMargin" : 8.81,
    "operatingProfit" : 17.76,
    "netProfitMargin" : 1.37,
    "netProfit" : 2.76
  }, {
    "date" : "2017-12-31",
    "sales" : 224.81,
    "salesGrowthYoY" : 3.97,
    "grossProfitMargin" : 39.28,
    "grossProfit" : 88.31,
    "operatingProfitMargin" : 7.54,
    "operatingProfit" : 16.95,
    "netProfitMargin" : 0.56,
    "netProfit" : 1.26
  }, {
    "date" : "2018-03-31",
    "sales" : 196.31,
    "salesGrowthYoY" : -5.67,
    "grossProfitMargin" : 42.99,
    "grossProfit" : 84.39,
    "operatingProfitMargin" : 9.00,
    "operatingProfit" : 17.67,
    "netProfitMargin" : 0.70,
    "netProfit" : 1.37
  }, {
    "date" : "2018-06-30",
    "sales" : 231.51,
    "salesGrowthYoY" : -0.37,
    "grossProfitMargin" : 41.14,
    "grossProfit" : 95.24,
    "operatingProfitMargin" : 11.40,
    "operatingProfit" : 26.39,
    "netProfitMargin" : 3.26,
    "netProfit" : 7.55
  }, {
    "date" : "2018-09-30",
    "sales" : 225.14,
    "salesGrowthYoY" : 11.68,
    "grossProfitMargin" : 40.41,
    "grossProfit" : 90.98,
    "operatingProfitMargin" : 8.63,
    "operatingProfit" : 19.43,
    "netProfitMargin" : 1.25,
    "netProfit" : 2.81
  }, {
    "date" : "2018-12-31",
    "sales" : 256.78,
    "salesGrowthYoY" : 14.22,
    "grossProfitMargin" : 38.53,
    "grossProfit" : 98.94,
    "operatingProfitMargin" : 8.14,
    "operatingProfit" : 20.90,
    "netProfitMargin" : 2.27,
    "netProfit" : 5.83
  }, {
    "date" : "2019-03-31",
    "sales" : 270.89,
    "salesGrowthYoY" : 37.99,
    "grossProfitMargin" : 37.54,
    "grossProfit" : 101.69,
    "operatingProfitMargin" : 10.15,
    "operatingProfit" : 27.50,
    "netProfitMargin" : 5.31,
    "netProfit" : 14.38
  }, {
    "date" : "2019-06-30",
    "sales" : 295.62,
    "salesGrowthYoY" : 27.69,
    "grossProfitMargin" : 37.11,
    "grossProfit" : 109.70,
    "operatingProfitMargin" : 9.78,
    "operatingProfit" : 28.91,
    "netProfitMargin" : 3.19,
    "netProfit" : 9.43
  }, {
    "date" : "2019-09-30",
    "sales" : 271.68,
    "salesGrowthYoY" : 20.67,
    "grossProfitMargin" : 41.21,
    "grossProfit" : 111.96,
    "operatingProfitMargin" : 11.61,
    "operatingProfit" : 31.54,
    "netProfitMargin" : 5.03,
    "netProfit" : 13.67
  }, {
    "date" : "2019-12-31",
    "sales" : 326.19,
    "salesGrowthYoY" : 27.03,
    "grossProfitMargin" : 35.25,
    "grossProfit" : 114.98,
    "operatingProfitMargin" : 10.86,
    "operatingProfit" : 35.42,
    "netProfitMargin" : 4.50,
    "netProfit" : 14.68
  }, {
    "date" : "2020-03-31",
    "sales" : 269.54,
    "salesGrowthYoY" : -0.50,
    "grossProfitMargin" : 42.18,
    "grossProfit" : 113.69,
    "operatingProfitMargin" : 13.80,
    "operatingProfit" : 37.20,
    "netProfitMargin" : 8.00,
    "netProfit" : 21.56
  }, {
    "date" : "2020-06-30",
    "sales" : 229.17,
    "salesGrowthYoY" : -22.48,
    "grossProfitMargin" : 39.44,
    "grossProfit" : 90.38,
    "operatingProfitMargin" : 17.68,
    "operatingProfit" : 40.52,
    "netProfitMargin" : 8.78,
    "netProfit" : 20.12
  }, {
    "date" : "2020-09-30",
    "sales" : 327.61,
    "salesGrowthYoY" : 20.59,
    "grossProfitMargin" : 45.97,
    "grossProfit" : 150.60,
    "operatingProfitMargin" : 18.32,
    "operatingProfit" : 60.02,
    "netProfitMargin" : 9.19,
    "netProfit" : 30.11
  }, {
    "date" : "2020-12-31",
    "sales" : 316.39,
    "salesGrowthYoY" : -3.00,
    "grossProfitMargin" : 48.82,
    "grossProfit" : 154.46,
    "operatingProfitMargin" : 21.32,
    "operatingProfit" : 67.45,
    "netProfitMargin" : 12.06,
    "netProfit" : 38.16
  }, {
    "date" : "2021-03-31",
    "sales" : 356.68,
    "salesGrowthYoY" : 32.33,
    "grossProfitMargin" : 51.08,
    "grossProfit" : 182.19,
    "operatingProfitMargin" : 24.80,
    "operatingProfit" : 88.46,
    "netProfitMargin" : 14.88,
    "netProfit" : 53.07
  }, {
    "date" : "2021-06-30",
    "sales" : 370.52,
    "salesGrowthYoY" : 61.68,
    "grossProfitMargin" : 50.35,
    "grossProfit" : 186.56,
    "operatingProfitMargin" : 26.48,
    "operatingProfit" : 98.11,
    "netProfitMargin" : 15.02,
    "netProfit" : 55.65
  }, {
    "date" : "2021-09-30",
    "sales" : 382.22,
    "salesGrowthYoY" : 16.67,
    "grossProfitMargin" : 48.40,
    "grossProfit" : 184.99,
    "operatingProfitMargin" : 22.97,
    "operatingProfit" : 87.80,
    "netProfitMargin" : 13.74,
    "netProfit" : 52.52
  }, {
    "date" : "2021-12-31",
    "sales" : 347.06,
    "salesGrowthYoY" : 9.69,
    "grossProfitMargin" : 48.21,
    "grossProfit" : 167.32,
    "operatingProfitMargin" : 16.81,
    "operatingProfit" : 58.34,
    "netProfitMargin" : 8.79,
    "netProfit" : 30.51
  }, {
    "date" : "2022-03-31",
    "sales" : 479.37,
    "salesGrowthYoY" : 34.40,
    "grossProfitMargin" : 42.12,
    "grossProfit" : 201.91,
    "operatingProfitMargin" : 17.60,
    "operatingProfit" : 84.37,
    "netProfitMargin" : 10.13,
    "netProfit" : 48.56
  }, {
    "date" : "2022-06-30",
    "sales" : 495.41,
    "salesGrowthYoY" : 33.71,
    "grossProfitMargin" : 41.04,
    "grossProfit" : 203.32,
    "operatingProfitMargin" : 13.85,
    "operatingProfit" : 68.61,
    "netProfitMargin" : 7.52,
    "netProfit" : 37.25
  }, {
    "date" : "2022-09-30",
    "sales" : 480.29,
    "salesGrowthYoY" : 25.66,
    "grossProfitMargin" : 41.10,
    "grossProfit" : 197.40,
    "operatingProfitMargin" : 9.35,
    "operatingProfit" : 44.91,
    "netProfitMargin" : 4.61,
    "netProfit" : 22.14
  }, {
    "date" : "2022-12-31",
    "sales" : 592.39,
    "salesGrowthYoY" : 70.69,
    "grossProfitMargin" : 39.99,
    "grossProfit" : 236.90,
    "operatingProfitMargin" : 9.93,
    "operatingProfit" : 58.82,
    "netProfitMargin" : 4.55,
    "netProfit" : 26.95
  }, {
    "date" : "2023-03-31",
    "sales" : 540.96,
    "salesGrowthYoY" : 12.85,
    "grossProfitMargin" : 41.61,
    "grossProfit" : 225.09,
    "operatingProfitMargin" : 13.54,
    "operatingProfit" : 73.25,
    "netProfitMargin" : 6.62,
    "netProfit" : 35.81
  }, {
    "date" : "2023-06-30",
    "sales" : 570.09,
    "salesGrowthYoY" : 15.07,
    "grossProfitMargin" : 40.90,
    "grossProfit" : 233.17,
    "operatingProfitMargin" : 12.68,
    "operatingProfit" : 72.29,
    "netProfitMargin" : 6.80,
    "netProfit" : 38.77
  }, {
    "date" : "2023-09-30",
    "sales" : 567.16,
    "salesGrowthYoY" : 18.09,
    "grossProfitMargin" : 32.55,
    "grossProfit" : 184.61,
    "operatingProfitMargin" : 6.62,
    "operatingProfit" : 37.55,
    "netProfitMargin" : 2.30,
    "netProfit" : 13.04
  }, {
    "date" : "2023-12-31",
    "sales" : 687.49,
    "salesGrowthYoY" : 16.05,
    "grossProfitMargin" : 27.52,
    "grossProfit" : 189.20,
    "operatingProfitMargin" : 5.85,
    "operatingProfit" : 40.22,
    "netProfitMargin" : 6.48,
    "netProfit" : 44.55
  }, {
    "date" : "2024-03-31",
    "sales" : 589.94,
    "salesGrowthYoY" : 9.05,
    "grossProfitMargin" : 28.28,
    "grossProfit" : 166.84,
    "operatingProfitMargin" : 3.44,
    "operatingProfit" : 20.29,
    "netProfitMargin" : 0.06,
    "netProfit" : 0.35
  }, {
    "date" : "2024-06-30",
    "sales" : 642.11,
    "salesGrowthYoY" : 12.63,
    "grossProfitMargin" : 28.95,
    "grossProfit" : 185.89,
    "operatingProfitMargin" : 7.53,
    "operatingProfit" : 48.35,
    "netProfitMargin" : 2.55,
    "netProfit" : 16.37
  }, {
    "date" : "2024-09-30",
    "sales" : 637.86,
    "salesGrowthYoY" : 12.47,
    "grossProfitMargin" : 28.85,
    "grossProfit" : 184.02,
    "operatingProfitMargin" : 4.74,
    "operatingProfit" : 30.23,
    "netProfitMargin" : 0.24,
    "netProfit" : 1.53
  }, {
    "date" : "2024-12-31",
    "sales" : 601.51,
    "salesGrowthYoY" : -12.51,
    "grossProfitMargin" : 29.26,
    "grossProfit" : 176.00,
    "operatingProfitMargin" : 5.75,
    "operatingProfit" : 34.59,
    "netProfitMargin" : 0.12,
    "netProfit" : 0.72
  }, {
    "date" : "2025-03-31",
    "sales" : 654.48,
    "salesGrowthYoY" : 10.94,
    "grossProfitMargin" : 30.32,
    "grossProfit" : 198.44,
    "operatingProfitMargin" : 5.98,
    "operatingProfit" : 39.14,
    "netProfitMargin" : 0.96,
    "netProfit" : 6.28
  }, {
    "date" : "2025-06-30",
    "sales" : 699.02,
    "salesGrowthYoY" : 8.86,
    "grossProfitMargin" : 30.97,
    "grossProfit" : 216.49,
    "operatingProfitMargin" : 8.26,
    "operatingProfit" : 57.74,
    "netProfitMargin" : 2.65,
    "netProfit" : 18.52
  }, {
    "date" : "2025-09-30",
    "sales" : 660.61,
    "salesGrowthYoY" : 3.57,
    "grossProfitMargin" : 32.94,
    "grossProfit" : 217.60,
    "operatingProfitMargin" : 9.04,
    "operatingProfit" : 59.72,
    "netProfitMargin" : 3.53,
    "netProfit" : 23.32
  } ],
  "latestQuarterlyResult" : {
    "date" : "2025-09-30",
    "sales" : 660.61,
    "salesGrowthYoY" : 3.57,
    "grossProfitMargin" : 32.94,
    "grossProfit" : 217.60,
    "operatingProfitMargin" : 9.04,
    "operatingProfit" : 59.72,
    "netProfitMargin" : 3.53,
    "netProfit" : 23.32
  },
  "companyScore" : {
    "priceHigherThanDma50" : 0.00,
    "priceHigherThanDma100" : 0.00,
    "priceHigherThanDma200" : 0.00,
    "dma50HigherThanDma100" : 0.00,
    "dma50HigherThanDma200" : 5.00,
    "dma100HigherThanDma200" : 5.00,
    "pricePercentageAboveDma50" : 5.54,
    "pricePercentageAboveDma100" : 5.73,
    "pricePercentageAboveDma200" : 5.46,
    "weeklyVolumeHigherThanYearlyVolume" : 0.00,
    "salesGrowthPercentile" : 5.59,
    "operatingProfitMarginPercentile" : 7.88,
    "netProfitMarginPercentile" : 4.55,
    "totalTechnicalScore" : 26.73,
    "totalFundamentalScore" : 18.02,
    "totalScore" : 44.74
  }
}