{
  "metadata" : {
    "screenerCompanyId" : "1158",
    "companyCode" : "GMMPFAUDLR",
    "companyName" : "GMM Pfaudler",
    "screenerCompanyLink" : "https://www.screener.in/company/GMMPFAUDLR/consolidated/",
    "screenerTechnicalHistoryLink" : "https://www.screener.in/api/company/1158/chart/?q=Price-DMA50-DMA200-Volume&days=365",
    "screenerQuarterlyResultsLink" : "https://www.screener.in/api/company/1158/chart/?q=GPM-OPM-NPM-Quarter+Sales&days=10000",
    "attributes" : {
      "companyCode" : "GMMPFAUDLR",
      "companyName" : "GMM Pfaudler",
      "marketCap" : 4823.00,
      "peRatio" : 43.50,
      "description" : "GMM Pfaudler manufactures corrosion resistant glass-lined equipments [1]. It is a leading supplier of process equipments to the pharmaceutical and chemical industries [2]. Over the years GMMP has diversified its product portfolio to include Mixing Systems, Filtration & Drying Equipment, Engineered Systems and Heavy Engineering Equipments."
    },
    "companyScore" : {
      "priceHigherThanDma50" : 0.00,
      "priceHigherThanDma100" : 0.00,
      "priceHigherThanDma200" : 0.00,
      "dma50HigherThanDma100" : 0.00,
      "dma50HigherThanDma200" : 0.00,
      "dma100HigherThanDma200" : 5.00,
      "pricePercentageAboveDma50" : 5.34,
      "pricePercentageAboveDma100" : 5.48,
      "pricePercentageAboveDma200" : 5.47,
      "weeklyVolumeHigherThanYearlyVolume" : 0.00,
      "salesGrowthPercentile" : 15.44,
      "operatingProfitMarginPercentile" : 9.40,
      "netProfitMarginPercentile" : 3.73,
      "totalTechnicalScore" : 21.28,
      "totalFundamentalScore" : 28.58,
      "totalScore" : 49.86
    }
  },
  "attributes" : {
    "companyCode" : "GMMPFAUDLR",
    "companyName" : "GMM Pfaudler",
    "marketCap" : 4823.00,
    "peRatio" : 43.50,
    "description" : "GMM Pfaudler manufactures corrosion resistant glass-lined equipments [1]. It is a leading supplier of process equipments to the pharmaceutical and chemical industries [2]. Over the years GMMP has diversified its product portfolio to include Mixing Systems, Filtration & Drying Equipment, Engineered Systems and Heavy Engineering Equipments."
  },
  "technicalHistory" : [ {
    "date" : "2024-12-16",
    "price" : 1248.05,
    "dma50" : 1302.70,
    "dma100" : null,
    "dma200" : 1376.04,
    "volume" : 62468.00
  }, {
    "date" : "2024-12-17",
    "price" : 1243.90,
    "dma50" : 1300.39,
    "dma100" : null,
    "dma200" : 1374.73,
    "volume" : 56503.00
  }, {
    "date" : "2024-12-18",
    "price" : 1238.85,
    "dma50" : 1297.98,
    "dma100" : null,
    "dma200" : 1373.37,
    "volume" : 39326.00
  }, {
    "date" : "2024-12-19",
    "price" : 1246.75,
    "dma50" : 1295.97,
    "dma100" : null,
    "dma200" : 1372.11,
    "volume" : 67057.00
  }, {
    "date" : "2024-12-20",
    "price" : 1219.10,
    "dma50" : 1292.95,
    "dma100" : null,
    "dma200" : 1370.59,
    "volume" : 147434.00
  }, {
    "date" : "2024-12-23",
    "price" : 1197.45,
    "dma50" : 1289.21,
    "dma100" : null,
    "dma200" : 1368.87,
    "volume" : 60687.00
  }, {
    "date" : "2024-12-24",
    "price" : 1211.40,
    "dma50" : 1286.16,
    "dma100" : null,
    "dma200" : 1367.30,
    "volume" : 33578.00
  }, {
    "date" : "2024-12-26",
    "price" : 1193.55,
    "dma50" : 1282.53,
    "dma100" : null,
    "dma200" : 1365.57,
    "volume" : 50432.00
  }, {
    "date" : "2024-12-27",
    "price" : 1190.15,
    "dma50" : 1278.90,
    "dma100" : null,
    "dma200" : 1363.83,
    "volume" : 50654.00
  }, {
    "date" : "2024-12-30",
    "price" : 1185.30,
    "dma50" : 1275.23,
    "dma100" : null,
    "dma200" : 1362.05,
    "volume" : 44618.00
  }, {
    "date" : "2024-12-31",
    "price" : 1178.55,
    "dma50" : 1271.44,
    "dma100" : null,
    "dma200" : 1360.23,
    "volume" : 186758.00
  }, {
    "date" : "2025-01-01",
    "price" : 1180.20,
    "dma50" : 1267.86,
    "dma100" : null,
    "dma200" : 1358.43,
    "volume" : 57721.00
  }, {
    "date" : "2025-01-02",
    "price" : 1236.95,
    "dma50" : 1266.65,
    "dma100" : null,
    "dma200" : 1357.23,
    "volume" : 138550.00
  }, {
    "date" : "2025-01-03",
    "price" : 1210.55,
    "dma50" : 1264.45,
    "dma100" : null,
    "dma200" : 1355.77,
    "volume" : 36856.00
  }, {
    "date" : "2025-01-06",
    "price" : 1193.20,
    "dma50" : 1261.66,
    "dma100" : null,
    "dma200" : 1354.15,
    "volume" : 88836.00
  }, {
    "date" : "2025-01-07",
    "price" : 1202.35,
    "dma50" : 1259.33,
    "dma100" : null,
    "dma200" : 1352.64,
    "volume" : 32885.00
  }, {
    "date" : "2025-01-08",
    "price" : 1193.00,
    "dma50" : 1256.73,
    "dma100" : null,
    "dma200" : 1351.05,
    "volume" : 22159.00
  }, {
    "date" : "2025-01-09",
    "price" : 1218.15,
    "dma50" : 1255.22,
    "dma100" : null,
    "dma200" : 1349.73,
    "volume" : 63511.00
  }, {
    "date" : "2025-01-10",
    "price" : 1216.65,
    "dma50" : 1253.70,
    "dma100" : null,
    "dma200" : 1348.40,
    "volume" : 529991.00
  }, {
    "date" : "2025-01-13",
    "price" : 1198.15,
    "dma50" : 1251.53,
    "dma100" : null,
    "dma200" : 1346.91,
    "volume" : 161447.00
  }, {
    "date" : "2025-01-14",
    "price" : 1200.95,
    "dma50" : 1249.54,
    "dma100" : null,
    "dma200" : 1345.46,
    "volume" : 107175.00
  }, {
    "date" : "2025-01-15",
    "price" : 1194.65,
    "dma50" : 1247.39,
    "dma100" : null,
    "dma200" : 1343.96,
    "volume" : 34459.00
  }, {
    "date" : "2025-01-16",
    "price" : 1210.55,
    "dma50" : 1245.95,
    "dma100" : null,
    "dma200" : 1342.63,
    "volume" : 46126.00
  }, {
    "date" : "2025-01-17",
    "price" : 1208.85,
    "dma50" : 1244.49,
    "dma100" : null,
    "dma200" : 1341.30,
    "volume" : 34302.00
  }, {
    "date" : "2025-01-20",
    "price" : 1202.40,
    "dma50" : 1242.84,
    "dma100" : null,
    "dma200" : 1339.91,
    "volume" : 82461.00
  }, {
    "date" : "2025-01-21",
    "price" : 1198.55,
    "dma50" : 1241.10,
    "dma100" : null,
    "dma200" : 1338.51,
    "volume" : 36314.00
  }, {
    "date" : "2025-01-22",
    "price" : 1192.25,
    "dma50" : 1239.19,
    "dma100" : null,
    "dma200" : 1337.05,
    "volume" : 43490.00
  }, {
    "date" : "2025-01-23",
    "price" : 1189.50,
    "dma50" : 1237.24,
    "dma100" : null,
    "dma200" : 1335.58,
    "volume" : 34587.00
  }, {
    "date" : "2025-01-24",
    "price" : 1181.40,
    "dma50" : 1235.05,
    "dma100" : null,
    "dma200" : 1334.05,
    "volume" : 25437.00
  }, {
    "date" : "2025-01-27",
    "price" : 1130.75,
    "dma50" : 1230.96,
    "dma100" : null,
    "dma200" : 1332.03,
    "volume" : 174687.00
  }, {
    "date" : "2025-01-28",
    "price" : 1127.75,
    "dma50" : 1226.91,
    "dma100" : null,
    "dma200" : 1330.00,
    "volume" : 65405.00
  }, {
    "date" : "2025-01-29",
    "price" : 1167.30,
    "dma50" : 1224.57,
    "dma100" : null,
    "dma200" : 1328.38,
    "volume" : 32659.00
  }, {
    "date" : "2025-01-30",
    "price" : 1149.85,
    "dma50" : 1221.64,
    "dma100" : null,
    "dma200" : 1326.60,
    "volume" : 39441.00
  }, {
    "date" : "2025-01-31",
    "price" : 1189.75,
    "dma50" : 1220.39,
    "dma100" : null,
    "dma200" : 1325.24,
    "volume" : 46363.00
  }, {
    "date" : "2025-02-01",
    "price" : 1199.90,
    "dma50" : 1219.59,
    "dma100" : null,
    "dma200" : 1323.99,
    "volume" : 38350.00
  }, {
    "date" : "2025-02-03",
    "price" : 1180.00,
    "dma50" : 1218.04,
    "dma100" : null,
    "dma200" : 1322.56,
    "volume" : 58775.00
  }, {
    "date" : "2025-02-04",
    "price" : 1171.20,
    "dma50" : 1216.20,
    "dma100" : null,
    "dma200" : 1321.05,
    "volume" : 28336.00
  }, {
    "date" : "2025-02-05",
    "price" : 1186.15,
    "dma50" : 1215.02,
    "dma100" : null,
    "dma200" : 1319.71,
    "volume" : 34307.00
  }, {
    "date" : "2025-02-06",
    "price" : 1199.35,
    "dma50" : 1214.41,
    "dma100" : null,
    "dma200" : 1318.51,
    "volume" : 61117.00
  }, {
    "date" : "2025-02-07",
    "price" : 1188.75,
    "dma50" : 1213.40,
    "dma100" : null,
    "dma200" : 1317.22,
    "volume" : 74353.00
  }, {
    "date" : "2025-02-10",
    "price" : 1191.90,
    "dma50" : 1212.56,
    "dma100" : null,
    "dma200" : 1315.97,
    "volume" : 115547.00
  }, {
    "date" : "2025-02-11",
    "price" : 1175.35,
    "dma50" : 1211.10,
    "dma100" : null,
    "dma200" : 1314.57,
    "volume" : 73759.00
  }, {
    "date" : "2025-02-12",
    "price" : 1148.65,
    "dma50" : 1208.65,
    "dma100" : null,
    "dma200" : 1312.92,
    "volume" : 72499.00
  }, {
    "date" : "2025-02-13",
    "price" : 1157.15,
    "dma50" : 1206.63,
    "dma100" : null,
    "dma200" : 1311.37,
    "volume" : 47152.00
  }, {
    "date" : "2025-02-14",
    "price" : 1127.10,
    "dma50" : 1203.51,
    "dma100" : null,
    "dma200" : 1309.54,
    "volume" : 49281.00
  }, {
    "date" : "2025-02-17",
    "price" : 1134.80,
    "dma50" : 1200.82,
    "dma100" : null,
    "dma200" : 1307.80,
    "volume" : 47929.00
  }, {
    "date" : "2025-02-18",
    "price" : 1121.05,
    "dma50" : 1197.69,
    "dma100" : null,
    "dma200" : 1305.94,
    "volume" : 53508.00
  }, {
    "date" : "2025-02-19",
    "price" : 1113.75,
    "dma50" : 1194.40,
    "dma100" : null,
    "dma200" : 1304.03,
    "volume" : 69245.00
  }, {
    "date" : "2025-02-20",
    "price" : 1121.05,
    "dma50" : 1191.52,
    "dma100" : null,
    "dma200" : 1302.21,
    "volume" : 25347.00
  }, {
    "date" : "2025-02-21",
    "price" : 1115.75,
    "dma50" : 1188.55,
    "dma100" : null,
    "dma200" : 1300.35,
    "volume" : 37344.00
  }, {
    "date" : "2025-02-24",
    "price" : 1101.55,
    "dma50" : 1185.14,
    "dma100" : null,
    "dma200" : 1298.38,
    "volume" : 32477.00
  }, {
    "date" : "2025-02-25",
    "price" : 1099.45,
    "dma50" : 1181.78,
    "dma100" : null,
    "dma200" : 1296.40,
    "volume" : 27394.00
  }, {
    "date" : "2025-02-27",
    "price" : 1100.50,
    "dma50" : 1178.59,
    "dma100" : null,
    "dma200" : 1294.45,
    "volume" : 55040.00
  }, {
    "date" : "2025-02-28",
    "price" : 1107.10,
    "dma50" : 1175.79,
    "dma100" : null,
    "dma200" : 1292.58,
    "volume" : 105608.00
  }, {
    "date" : "2025-03-03",
    "price" : 1095.00,
    "dma50" : 1172.62,
    "dma100" : null,
    "dma200" : 1290.62,
    "volume" : 143749.00
  }, {
    "date" : "2025-03-04",
    "price" : 1094.95,
    "dma50" : 1169.57,
    "dma100" : null,
    "dma200" : 1288.67,
    "volume" : 111285.00
  }, {
    "date" : "2025-03-05",
    "price" : 1089.20,
    "dma50" : 1166.42,
    "dma100" : null,
    "dma200" : 1286.69,
    "volume" : 52988.00
  }, {
    "date" : "2025-03-06",
    "price" : 1101.60,
    "dma50" : 1163.88,
    "dma100" : null,
    "dma200" : 1284.84,
    "volume" : 80209.00
  }, {
    "date" : "2025-03-07",
    "price" : 1112.20,
    "dma50" : 1161.85,
    "dma100" : null,
    "dma200" : 1283.13,
    "volume" : 77324.00
  }, {
    "date" : "2025-03-10",
    "price" : 1117.35,
    "dma50" : 1160.11,
    "dma100" : null,
    "dma200" : 1281.48,
    "volume" : 82634.00
  }, {
    "date" : "2025-03-11",
    "price" : 1092.55,
    "dma50" : 1157.46,
    "dma100" : null,
    "dma200" : 1279.60,
    "volume" : 54322.00
  }, {
    "date" : "2025-03-12",
    "price" : 1057.25,
    "dma50" : 1153.53,
    "dma100" : null,
    "dma200" : 1277.38,
    "volume" : 57878.00
  }, {
    "date" : "2025-03-13",
    "price" : 1051.80,
    "dma50" : 1149.54,
    "dma100" : null,
    "dma200" : 1275.14,
    "volume" : 125732.00
  }, {
    "date" : "2025-03-17",
    "price" : 1003.55,
    "dma50" : 1143.81,
    "dma100" : null,
    "dma200" : 1272.44,
    "volume" : 105468.00
  }, {
    "date" : "2025-03-18",
    "price" : 1016.10,
    "dma50" : 1138.80,
    "dma100" : null,
    "dma200" : 1269.89,
    "volume" : 102940.00
  }, {
    "date" : "2025-03-19",
    "price" : 1057.65,
    "dma50" : 1135.62,
    "dma100" : null,
    "dma200" : 1267.78,
    "volume" : 95186.00
  }, {
    "date" : "2025-03-20",
    "price" : 1051.70,
    "dma50" : 1132.33,
    "dma100" : null,
    "dma200" : 1265.63,
    "volume" : 66812.00
  }, {
    "date" : "2025-03-21",
    "price" : 1047.45,
    "dma50" : 1129.00,
    "dma100" : null,
    "dma200" : 1263.45,
    "volume" : 103210.00
  }, {
    "date" : "2025-03-24",
    "price" : 1049.70,
    "dma50" : 1125.89,
    "dma100" : null,
    "dma200" : 1261.33,
    "volume" : 197515.00
  }, {
    "date" : "2025-03-25",
    "price" : 1051.55,
    "dma50" : 1122.98,
    "dma100" : null,
    "dma200" : 1259.24,
    "volume" : 153684.00
  }, {
    "date" : "2025-03-26",
    "price" : 1049.75,
    "dma50" : 1120.11,
    "dma100" : null,
    "dma200" : 1257.16,
    "volume" : 244609.00
  }, {
    "date" : "2025-03-27",
    "price" : 1050.70,
    "dma50" : 1117.38,
    "dma100" : null,
    "dma200" : 1255.10,
    "volume" : 141873.00
  }, {
    "date" : "2025-03-28",
    "price" : 1013.90,
    "dma50" : 1113.33,
    "dma100" : null,
    "dma200" : 1252.70,
    "volume" : 172846.00
  }, {
    "date" : "2025-04-01",
    "price" : 1037.20,
    "dma50" : 1110.34,
    "dma100" : null,
    "dma200" : 1250.56,
    "volume" : 59230.00
  }, {
    "date" : "2025-04-02",
    "price" : 1050.75,
    "dma50" : 1108.00,
    "dma100" : null,
    "dma200" : 1248.57,
    "volume" : 60338.00
  }, {
    "date" : "2025-04-03",
    "price" : 1033.95,
    "dma50" : 1105.10,
    "dma100" : null,
    "dma200" : 1246.43,
    "volume" : 28342.00
  }, {
    "date" : "2025-04-04",
    "price" : 1035.50,
    "dma50" : 1102.37,
    "dma100" : null,
    "dma200" : 1244.33,
    "volume" : 61442.00
  }, {
    "date" : "2025-04-07",
    "price" : 1027.55,
    "dma50" : 1099.44,
    "dma100" : null,
    "dma200" : 1242.18,
    "volume" : 105930.00
  }, {
    "date" : "2025-04-08",
    "price" : 1024.60,
    "dma50" : 1096.50,
    "dma100" : null,
    "dma200" : 1240.01,
    "volume" : 28593.00
  }, {
    "date" : "2025-04-09",
    "price" : 1020.00,
    "dma50" : 1093.50,
    "dma100" : null,
    "dma200" : 1237.82,
    "volume" : 26937.00
  }, {
    "date" : "2025-04-11",
    "price" : 1062.55,
    "dma50" : 1092.29,
    "dma100" : null,
    "dma200" : 1236.08,
    "volume" : 139531.00
  }, {
    "date" : "2025-04-15",
    "price" : 1050.00,
    "dma50" : 1090.63,
    "dma100" : null,
    "dma200" : 1234.23,
    "volume" : 37072.00
  }, {
    "date" : "2025-04-16",
    "price" : 1049.10,
    "dma50" : 1089.00,
    "dma100" : null,
    "dma200" : 1232.39,
    "volume" : 30367.00
  }, {
    "date" : "2025-04-17",
    "price" : 1103.00,
    "dma50" : 1089.55,
    "dma100" : null,
    "dma200" : 1231.10,
    "volume" : 369906.00
  }, {
    "date" : "2025-04-21",
    "price" : 1112.00,
    "dma50" : 1090.43,
    "dma100" : null,
    "dma200" : 1229.91,
    "volume" : 69523.00
  }, {
    "date" : "2025-04-22",
    "price" : 1093.50,
    "dma50" : 1090.55,
    "dma100" : null,
    "dma200" : 1228.56,
    "volume" : 49946.00
  }, {
    "date" : "2025-04-23",
    "price" : 1101.40,
    "dma50" : 1090.98,
    "dma100" : null,
    "dma200" : 1227.29,
    "volume" : 32232.00
  }, {
    "date" : "2025-04-24",
    "price" : 1098.40,
    "dma50" : 1091.27,
    "dma100" : null,
    "dma200" : 1226.01,
    "volume" : 30945.00
  }, {
    "date" : "2025-04-25",
    "price" : 1087.20,
    "dma50" : 1091.11,
    "dma100" : null,
    "dma200" : 1224.63,
    "volume" : 44014.00
  }, {
    "date" : "2025-04-28",
    "price" : 1072.40,
    "dma50" : 1090.37,
    "dma100" : null,
    "dma200" : 1223.11,
    "volume" : 38089.00
  }, {
    "date" : "2025-04-29",
    "price" : 1064.60,
    "dma50" : 1089.36,
    "dma100" : null,
    "dma200" : 1221.54,
    "volume" : 21827.00
  }, {
    "date" : "2025-04-30",
    "price" : 1025.80,
    "dma50" : 1086.87,
    "dma100" : null,
    "dma200" : 1219.59,
    "volume" : 83372.00
  }, {
    "date" : "2025-05-02",
    "price" : 1022.40,
    "dma50" : 1084.34,
    "dma100" : null,
    "dma200" : 1217.63,
    "volume" : 37732.00
  }, {
    "date" : "2025-05-05",
    "price" : 1028.70,
    "dma50" : 1082.16,
    "dma100" : null,
    "dma200" : 1215.75,
    "volume" : 39095.00
  }, {
    "date" : "2025-05-06",
    "price" : 1013.00,
    "dma50" : 1079.45,
    "dma100" : null,
    "dma200" : 1213.73,
    "volume" : 51087.00
  }, {
    "date" : "2025-05-07",
    "price" : 1032.50,
    "dma50" : 1077.61,
    "dma100" : null,
    "dma200" : 1211.93,
    "volume" : 30239.00
  }, {
    "date" : "2025-05-08",
    "price" : 1030.30,
    "dma50" : 1075.75,
    "dma100" : null,
    "dma200" : 1210.12,
    "volume" : 42030.00
  }, {
    "date" : "2025-05-09",
    "price" : 1027.90,
    "dma50" : 1073.88,
    "dma100" : null,
    "dma200" : 1208.30,
    "volume" : 27652.00
  }, {
    "date" : "2025-05-12",
    "price" : 1049.70,
    "dma50" : 1072.93,
    "dma100" : null,
    "dma200" : 1206.73,
    "volume" : 44191.00
  }, {
    "date" : "2025-05-13",
    "price" : 1076.70,
    "dma50" : 1073.08,
    "dma100" : null,
    "dma200" : 1205.43,
    "volume" : 70493.00
  }, {
    "date" : "2025-05-14",
    "price" : 1094.60,
    "dma50" : 1073.92,
    "dma100" : 1121.68,
    "dma200" : 1204.33,
    "volume" : 38704.00
  }, {
    "date" : "2025-05-15",
    "price" : 1119.40,
    "dma50" : 1075.70,
    "dma100" : 1120.44,
    "dma200" : 1203.48,
    "volume" : 99885.00
  }, {
    "date" : "2025-05-16",
    "price" : 1107.50,
    "dma50" : 1076.95,
    "dma100" : 1119.13,
    "dma200" : 1202.53,
    "volume" : 63000.00
  }, {
    "date" : "2025-05-19",
    "price" : 1126.60,
    "dma50" : 1078.90,
    "dma100" : 1117.92,
    "dma200" : 1201.77,
    "volume" : 69269.00
  }, {
    "date" : "2025-05-20",
    "price" : 1201.70,
    "dma50" : 1083.71,
    "dma100" : 1117.75,
    "dma200" : 1201.77,
    "volume" : 664454.00
  }, {
    "date" : "2025-05-21",
    "price" : 1265.80,
    "dma50" : 1090.85,
    "dma100" : 1118.43,
    "dma200" : 1202.41,
    "volume" : 277152.00
  }, {
    "date" : "2025-05-22",
    "price" : 1171.30,
    "dma50" : 1094.01,
    "dma100" : 1118.03,
    "dma200" : 1202.10,
    "volume" : 337515.00
  }, {
    "date" : "2025-05-23",
    "price" : 1121.70,
    "dma50" : 1095.09,
    "dma100" : 1117.31,
    "dma200" : 1201.30,
    "volume" : 179602.00
  }, {
    "date" : "2025-05-26",
    "price" : 1104.90,
    "dma50" : 1095.48,
    "dma100" : 1116.46,
    "dma200" : 1200.34,
    "volume" : 82895.00
  }, {
    "date" : "2025-05-27",
    "price" : 1133.50,
    "dma50" : 1096.97,
    "dma100" : 1115.94,
    "dma200" : 1199.68,
    "volume" : 63827.00
  }, {
    "date" : "2025-05-28",
    "price" : 1141.60,
    "dma50" : 1098.72,
    "dma100" : 1115.57,
    "dma200" : 1199.10,
    "volume" : 44963.00
  }, {
    "date" : "2025-05-29",
    "price" : 1135.00,
    "dma50" : 1100.14,
    "dma100" : 1115.12,
    "dma200" : 1198.46,
    "volume" : 22568.00
  }, {
    "date" : "2025-05-30",
    "price" : 1132.40,
    "dma50" : 1101.41,
    "dma100" : 1114.08,
    "dma200" : 1197.80,
    "volume" : 26835.00
  }, {
    "date" : "2025-06-02",
    "price" : 1133.00,
    "dma50" : 1102.65,
    "dma100" : 1113.30,
    "dma200" : 1197.16,
    "volume" : 34564.00
  }, {
    "date" : "2025-06-03",
    "price" : 1119.30,
    "dma50" : 1103.30,
    "dma100" : 1112.56,
    "dma200" : 1196.38,
    "volume" : 18476.00
  }, {
    "date" : "2025-06-04",
    "price" : 1112.00,
    "dma50" : 1103.64,
    "dma100" : 1111.66,
    "dma200" : 1195.54,
    "volume" : 29830.00
  }, {
    "date" : "2025-06-05",
    "price" : 1138.70,
    "dma50" : 1105.02,
    "dma100" : 1111.12,
    "dma200" : 1194.98,
    "volume" : 38588.00
  }, {
    "date" : "2025-06-06",
    "price" : 1129.20,
    "dma50" : 1105.96,
    "dma100" : 1110.23,
    "dma200" : 1194.32,
    "volume" : 31056.00
  }, {
    "date" : "2025-06-09",
    "price" : 1135.10,
    "dma50" : 1107.11,
    "dma100" : 1109.41,
    "dma200" : 1193.74,
    "volume" : 75576.00
  }, {
    "date" : "2025-06-10",
    "price" : 1137.50,
    "dma50" : 1108.30,
    "dma100" : 1108.80,
    "dma200" : 1193.18,
    "volume" : 45037.00
  }, {
    "date" : "2025-06-11",
    "price" : 1140.50,
    "dma50" : 1109.56,
    "dma100" : 1108.20,
    "dma200" : 1192.65,
    "volume" : 47131.00
  }, {
    "date" : "2025-06-12",
    "price" : 1140.90,
    "dma50" : 1110.79,
    "dma100" : 1107.66,
    "dma200" : 1192.14,
    "volume" : 38911.00
  }, {
    "date" : "2025-06-13",
    "price" : 1118.10,
    "dma50" : 1111.08,
    "dma100" : 1106.74,
    "dma200" : 1191.40,
    "volume" : 39623.00
  }, {
    "date" : "2025-06-16",
    "price" : 1116.00,
    "dma50" : 1111.27,
    "dma100" : 1105.81,
    "dma200" : 1190.65,
    "volume" : 33365.00
  }, {
    "date" : "2025-06-17",
    "price" : 1112.20,
    "dma50" : 1111.31,
    "dma100" : 1104.91,
    "dma200" : 1189.87,
    "volume" : 32345.00
  }, {
    "date" : "2025-06-18",
    "price" : 1166.30,
    "dma50" : 1113.46,
    "dma100" : 1104.59,
    "dma200" : 1189.63,
    "volume" : 267688.00
  }, {
    "date" : "2025-06-19",
    "price" : 1152.60,
    "dma50" : 1115.00,
    "dma100" : 1104.19,
    "dma200" : 1189.27,
    "volume" : 65813.00
  }, {
    "date" : "2025-06-20",
    "price" : 1152.60,
    "dma50" : 1116.47,
    "dma100" : 1103.82,
    "dma200" : 1188.90,
    "volume" : 376038.00
  }, {
    "date" : "2025-06-23",
    "price" : 1179.50,
    "dma50" : 1118.94,
    "dma100" : 1103.80,
    "dma200" : 1188.81,
    "volume" : 178421.00
  }, {
    "date" : "2025-06-24",
    "price" : 1175.40,
    "dma50" : 1121.16,
    "dma100" : 1104.25,
    "dma200" : 1188.67,
    "volume" : 86114.00
  }, {
    "date" : "2025-06-25",
    "price" : 1187.90,
    "dma50" : 1123.78,
    "dma100" : 1104.85,
    "dma200" : 1188.67,
    "volume" : 44191.00
  }, {
    "date" : "2025-06-26",
    "price" : 1185.90,
    "dma50" : 1126.21,
    "dma100" : 1105.03,
    "dma200" : 1188.64,
    "volume" : 68142.00
  }, {
    "date" : "2025-06-27",
    "price" : 1190.60,
    "dma50" : 1128.74,
    "dma100" : 1105.44,
    "dma200" : 1188.66,
    "volume" : 66799.00
  }, {
    "date" : "2025-06-30",
    "price" : 1191.30,
    "dma50" : 1131.19,
    "dma100" : 1105.46,
    "dma200" : 1188.68,
    "volume" : 44112.00
  }, {
    "date" : "2025-07-01",
    "price" : 1214.10,
    "dma50" : 1134.44,
    "dma100" : 1105.60,
    "dma200" : 1188.94,
    "volume" : 80299.00
  }, {
    "date" : "2025-07-02",
    "price" : 1217.40,
    "dma50" : 1137.69,
    "dma100" : 1105.97,
    "dma200" : 1189.22,
    "volume" : 53347.00
  }, {
    "date" : "2025-07-03",
    "price" : 1239.80,
    "dma50" : 1141.70,
    "dma100" : 1106.66,
    "dma200" : 1189.72,
    "volume" : 120065.00
  }, {
    "date" : "2025-07-04",
    "price" : 1271.80,
    "dma50" : 1146.80,
    "dma100" : 1107.52,
    "dma200" : 1190.54,
    "volume" : 156156.00
  }, {
    "date" : "2025-07-07",
    "price" : 1278.80,
    "dma50" : 1151.98,
    "dma100" : 1108.31,
    "dma200" : 1191.42,
    "volume" : 60992.00
  }, {
    "date" : "2025-07-08",
    "price" : 1277.30,
    "dma50" : 1156.89,
    "dma100" : 1109.20,
    "dma200" : 1192.27,
    "volume" : 69919.00
  }, {
    "date" : "2025-07-09",
    "price" : 1286.30,
    "dma50" : 1161.97,
    "dma100" : 1110.14,
    "dma200" : 1193.21,
    "volume" : 39323.00
  }, {
    "date" : "2025-07-10",
    "price" : 1305.20,
    "dma50" : 1167.58,
    "dma100" : 1111.44,
    "dma200" : 1194.32,
    "volume" : 89069.00
  }, {
    "date" : "2025-07-11",
    "price" : 1293.60,
    "dma50" : 1172.53,
    "dma100" : 1112.89,
    "dma200" : 1195.31,
    "volume" : 48462.00
  }, {
    "date" : "2025-07-14",
    "price" : 1334.80,
    "dma50" : 1178.89,
    "dma100" : 1114.66,
    "dma200" : 1196.70,
    "volume" : 74280.00
  }, {
    "date" : "2025-07-15",
    "price" : 1335.60,
    "dma50" : 1185.03,
    "dma100" : 1116.75,
    "dma200" : 1198.08,
    "volume" : 50586.00
  }, {
    "date" : "2025-07-16",
    "price" : 1315.10,
    "dma50" : 1190.14,
    "dma100" : 1118.55,
    "dma200" : 1199.25,
    "volume" : 51857.00
  }, {
    "date" : "2025-07-17",
    "price" : 1325.70,
    "dma50" : 1195.45,
    "dma100" : 1120.60,
    "dma200" : 1200.50,
    "volume" : 26312.00
  }, {
    "date" : "2025-07-18",
    "price" : 1315.20,
    "dma50" : 1200.15,
    "dma100" : 1122.61,
    "dma200" : 1201.65,
    "volume" : 42118.00
  }, {
    "date" : "2025-07-21",
    "price" : 1314.20,
    "dma50" : 1204.62,
    "dma100" : 1124.55,
    "dma200" : 1202.77,
    "volume" : 36302.00
  }, {
    "date" : "2025-07-22",
    "price" : 1315.30,
    "dma50" : 1208.96,
    "dma100" : 1126.54,
    "dma200" : 1203.88,
    "volume" : 26319.00
  }, {
    "date" : "2025-07-23",
    "price" : 1302.30,
    "dma50" : 1212.62,
    "dma100" : 1128.55,
    "dma200" : 1204.86,
    "volume" : 27343.00
  }, {
    "date" : "2025-07-24",
    "price" : 1307.00,
    "dma50" : 1216.32,
    "dma100" : 1130.62,
    "dma200" : 1205.88,
    "volume" : 31112.00
  }, {
    "date" : "2025-07-25",
    "price" : 1315.60,
    "dma50" : 1220.22,
    "dma100" : 1132.77,
    "dma200" : 1206.97,
    "volume" : 47538.00
  }, {
    "date" : "2025-07-28",
    "price" : 1292.10,
    "dma50" : 1223.03,
    "dma100" : 1134.62,
    "dma200" : 1207.82,
    "volume" : 44437.00
  }, {
    "date" : "2025-07-29",
    "price" : 1281.40,
    "dma50" : 1225.32,
    "dma100" : 1136.49,
    "dma200" : 1208.55,
    "volume" : 40560.00
  }, {
    "date" : "2025-07-30",
    "price" : 1356.00,
    "dma50" : 1230.45,
    "dma100" : 1139.10,
    "dma200" : 1210.02,
    "volume" : 161628.00
  }, {
    "date" : "2025-07-31",
    "price" : 1403.00,
    "dma50" : 1237.21,
    "dma100" : 1142.24,
    "dma200" : 1211.94,
    "volume" : 275730.00
  }, {
    "date" : "2025-08-01",
    "price" : 1402.20,
    "dma50" : 1243.68,
    "dma100" : 1145.24,
    "dma200" : 1213.83,
    "volume" : 126177.00
  }, {
    "date" : "2025-08-04",
    "price" : 1330.70,
    "dma50" : 1247.10,
    "dma100" : 1147.43,
    "dma200" : 1214.99,
    "volume" : 83052.00
  }, {
    "date" : "2025-08-05",
    "price" : 1328.20,
    "dma50" : 1250.28,
    "dma100" : 1149.54,
    "dma200" : 1216.12,
    "volume" : 56284.00
  }, {
    "date" : "2025-08-06",
    "price" : 1312.10,
    "dma50" : 1252.70,
    "dma100" : 1151.73,
    "dma200" : 1217.08,
    "volume" : 26659.00
  }, {
    "date" : "2025-08-07",
    "price" : 1290.60,
    "dma50" : 1254.19,
    "dma100" : 1154.07,
    "dma200" : 1217.81,
    "volume" : 32671.00
  }, {
    "date" : "2025-08-08",
    "price" : 1283.40,
    "dma50" : 1255.33,
    "dma100" : 1156.38,
    "dma200" : 1218.46,
    "volume" : 54653.00
  }, {
    "date" : "2025-08-11",
    "price" : 1309.10,
    "dma50" : 1257.44,
    "dma100" : 1159.44,
    "dma200" : 1219.36,
    "volume" : 83560.00
  }, {
    "date" : "2025-08-12",
    "price" : 1295.40,
    "dma50" : 1258.93,
    "dma100" : 1162.23,
    "dma200" : 1220.12,
    "volume" : 28279.00
  }, {
    "date" : "2025-08-13",
    "price" : 1293.30,
    "dma50" : 1260.28,
    "dma100" : 1164.59,
    "dma200" : 1220.85,
    "volume" : 21799.00
  }, {
    "date" : "2025-08-14",
    "price" : 1273.50,
    "dma50" : 1260.80,
    "dma100" : 1166.80,
    "dma200" : 1221.37,
    "volume" : 15999.00
  }, {
    "date" : "2025-08-18",
    "price" : 1301.70,
    "dma50" : 1262.40,
    "dma100" : 1169.35,
    "dma200" : 1222.17,
    "volume" : 27511.00
  }, {
    "date" : "2025-08-19",
    "price" : 1282.80,
    "dma50" : 1263.20,
    "dma100" : 1171.68,
    "dma200" : 1222.77,
    "volume" : 47916.00
  }, {
    "date" : "2025-08-20",
    "price" : 1259.10,
    "dma50" : 1263.04,
    "dma100" : 1173.75,
    "dma200" : 1223.14,
    "volume" : 53151.00
  }, {
    "date" : "2025-08-21",
    "price" : 1230.50,
    "dma50" : 1261.76,
    "dma100" : 1175.56,
    "dma200" : 1223.21,
    "volume" : 210629.00
  }, {
    "date" : "2025-08-22",
    "price" : 1221.10,
    "dma50" : 1260.17,
    "dma100" : 1177.27,
    "dma200" : 1223.19,
    "volume" : 40273.00
  }, {
    "date" : "2025-08-25",
    "price" : 1216.40,
    "dma50" : 1258.45,
    "dma100" : 1179.29,
    "dma200" : 1223.12,
    "volume" : 25876.00
  }, {
    "date" : "2025-08-26",
    "price" : 1202.90,
    "dma50" : 1256.27,
    "dma100" : 1180.95,
    "dma200" : 1222.92,
    "volume" : 38401.00
  }, {
    "date" : "2025-08-28",
    "price" : 1191.20,
    "dma50" : 1253.72,
    "dma100" : 1182.35,
    "dma200" : 1222.60,
    "volume" : 48604.00
  }, {
    "date" : "2025-08-29",
    "price" : 1178.00,
    "dma50" : 1250.75,
    "dma100" : 1183.79,
    "dma200" : 1222.16,
    "volume" : 38717.00
  }, {
    "date" : "2025-09-01",
    "price" : 1172.40,
    "dma50" : 1247.68,
    "dma100" : 1185.16,
    "dma200" : 1221.66,
    "volume" : 56758.00
  }, {
    "date" : "2025-09-02",
    "price" : 1184.50,
    "dma50" : 1245.20,
    "dma100" : 1186.73,
    "dma200" : 1221.29,
    "volume" : 41897.00
  }, {
    "date" : "2025-09-03",
    "price" : 1169.60,
    "dma50" : 1242.24,
    "dma100" : 1188.18,
    "dma200" : 1220.78,
    "volume" : 54075.00
  }, {
    "date" : "2025-09-04",
    "price" : 1160.30,
    "dma50" : 1239.02,
    "dma100" : 1189.58,
    "dma200" : 1220.18,
    "volume" : 36070.00
  }, {
    "date" : "2025-09-05",
    "price" : 1158.90,
    "dma50" : 1235.88,
    "dma100" : 1190.55,
    "dma200" : 1219.57,
    "volume" : 35970.00
  }, {
    "date" : "2025-09-08",
    "price" : 1162.50,
    "dma50" : 1233.00,
    "dma100" : 1191.67,
    "dma200" : 1219.00,
    "volume" : 41231.00
  }, {
    "date" : "2025-09-09",
    "price" : 1161.60,
    "dma50" : 1230.20,
    "dma100" : 1192.80,
    "dma200" : 1218.43,
    "volume" : 39970.00
  }, {
    "date" : "2025-09-10",
    "price" : 1158.40,
    "dma50" : 1227.39,
    "dma100" : 1193.35,
    "dma200" : 1217.83,
    "volume" : 43158.00
  }, {
    "date" : "2025-09-11",
    "price" : 1147.80,
    "dma50" : 1224.27,
    "dma100" : 1193.71,
    "dma200" : 1217.14,
    "volume" : 27656.00
  }, {
    "date" : "2025-09-12",
    "price" : 1144.10,
    "dma50" : 1221.12,
    "dma100" : 1194.22,
    "dma200" : 1216.41,
    "volume" : 44776.00
  }, {
    "date" : "2025-09-15",
    "price" : 1158.50,
    "dma50" : 1218.67,
    "dma100" : 1194.79,
    "dma200" : 1215.83,
    "volume" : 78968.00
  }, {
    "date" : "2025-09-16",
    "price" : 1149.90,
    "dma50" : 1215.97,
    "dma100" : 1195.30,
    "dma200" : 1215.18,
    "volume" : 83551.00
  }, {
    "date" : "2025-09-17",
    "price" : 1144.00,
    "dma50" : 1213.15,
    "dma100" : 1195.87,
    "dma200" : 1214.47,
    "volume" : 61748.00
  }, {
    "date" : "2025-09-18",
    "price" : 1131.50,
    "dma50" : 1209.95,
    "dma100" : 1196.46,
    "dma200" : 1213.64,
    "volume" : 40392.00
  }, {
    "date" : "2025-09-19",
    "price" : 1125.70,
    "dma50" : 1206.64,
    "dma100" : 1197.07,
    "dma200" : 1212.77,
    "volume" : 204950.00
  }, {
    "date" : "2025-09-22",
    "price" : 1123.90,
    "dma50" : 1203.40,
    "dma100" : 1198.05,
    "dma200" : 1211.88,
    "volume" : 116044.00
  }, {
    "date" : "2025-09-23",
    "price" : 1110.50,
    "dma50" : 1199.76,
    "dma100" : 1198.93,
    "dma200" : 1210.87,
    "volume" : 54031.00
  }, {
    "date" : "2025-09-24",
    "price" : 1102.20,
    "dma50" : 1195.93,
    "dma100" : 1199.67,
    "dma200" : 1209.79,
    "volume" : 56816.00
  }, {
    "date" : "2025-09-25",
    "price" : 1071.60,
    "dma50" : 1191.05,
    "dma100" : 1200.25,
    "dma200" : 1208.42,
    "volume" : 74839.00
  }, {
    "date" : "2025-09-26",
    "price" : 1059.80,
    "dma50" : 1185.91,
    "dma100" : 1200.53,
    "dma200" : 1206.94,
    "volume" : 39463.00
  }, {
    "date" : "2025-09-29",
    "price" : 1048.20,
    "dma50" : 1180.51,
    "dma100" : 1200.71,
    "dma200" : 1205.36,
    "volume" : 42882.00
  }, {
    "date" : "2025-09-30",
    "price" : 1059.70,
    "dma50" : 1175.77,
    "dma100" : 1201.02,
    "dma200" : 1203.91,
    "volume" : 37413.00
  }, {
    "date" : "2025-10-01",
    "price" : 1053.10,
    "dma50" : 1170.96,
    "dma100" : 1201.06,
    "dma200" : 1202.41,
    "volume" : 55522.00
  }, {
    "date" : "2025-10-03",
    "price" : 1044.70,
    "dma50" : 1166.01,
    "dma100" : 1200.74,
    "dma200" : 1200.84,
    "volume" : 48013.00
  }, {
    "date" : "2025-10-06",
    "price" : 1020.60,
    "dma50" : 1160.30,
    "dma100" : 1200.00,
    "dma200" : 1199.05,
    "volume" : 1019212.00
  }, {
    "date" : "2025-10-07",
    "price" : 1055.40,
    "dma50" : 1156.19,
    "dma100" : 1199.36,
    "dma200" : 1197.62,
    "volume" : 985755.00
  }, {
    "date" : "2025-10-08",
    "price" : 1089.20,
    "dma50" : 1153.56,
    "dma100" : 1199.18,
    "dma200" : 1196.54,
    "volume" : 316902.00
  }, {
    "date" : "2025-10-09",
    "price" : 1048.20,
    "dma50" : 1149.43,
    "dma100" : 1198.39,
    "dma200" : 1195.06,
    "volume" : 107385.00
  }, {
    "date" : "2025-10-10",
    "price" : 1059.20,
    "dma50" : 1145.89,
    "dma100" : 1196.97,
    "dma200" : 1193.71,
    "volume" : 417776.00
  }, {
    "date" : "2025-10-13",
    "price" : 1065.50,
    "dma50" : 1142.74,
    "dma100" : 1194.96,
    "dma200" : 1192.44,
    "volume" : 173462.00
  }, {
    "date" : "2025-10-14",
    "price" : 1039.70,
    "dma50" : 1138.70,
    "dma100" : 1193.65,
    "dma200" : 1190.92,
    "volume" : 244769.00
  }, {
    "date" : "2025-10-15",
    "price" : 1065.60,
    "dma50" : 1135.83,
    "dma100" : 1193.09,
    "dma200" : 1189.67,
    "volume" : 113133.00
  }, {
    "date" : "2025-10-16",
    "price" : 1066.60,
    "dma50" : 1133.12,
    "dma100" : 1192.70,
    "dma200" : 1188.44,
    "volume" : 135766.00
  }, {
    "date" : "2025-10-17",
    "price" : 1072.20,
    "dma50" : 1130.73,
    "dma100" : 1192.09,
    "dma200" : 1187.29,
    "volume" : 79826.00
  }, {
    "date" : "2025-10-20",
    "price" : 1155.90,
    "dma50" : 1131.72,
    "dma100" : 1192.23,
    "dma200" : 1186.98,
    "volume" : 707667.00
  }, {
    "date" : "2025-10-21",
    "price" : 1167.80,
    "dma50" : 1133.13,
    "dma100" : 1192.56,
    "dma200" : 1186.78,
    "volume" : 56962.00
  }, {
    "date" : "2025-10-23",
    "price" : 1170.70,
    "dma50" : 1134.60,
    "dma100" : 1192.94,
    "dma200" : 1186.62,
    "volume" : 121595.00
  }, {
    "date" : "2025-10-24",
    "price" : 1181.40,
    "dma50" : 1136.44,
    "dma100" : 1193.43,
    "dma200" : 1186.57,
    "volume" : 147481.00
  }, {
    "date" : "2025-10-27",
    "price" : 1215.50,
    "dma50" : 1139.54,
    "dma100" : 1194.39,
    "dma200" : 1186.86,
    "volume" : 248586.00
  }, {
    "date" : "2025-10-28",
    "price" : 1212.10,
    "dma50" : 1142.39,
    "dma100" : 1195.39,
    "dma200" : 1187.11,
    "volume" : 127566.00
  }, {
    "date" : "2025-10-29",
    "price" : 1232.60,
    "dma50" : 1145.92,
    "dma100" : 1196.33,
    "dma200" : 1187.56,
    "volume" : 124623.00
  }, {
    "date" : "2025-10-30",
    "price" : 1276.40,
    "dma50" : 1151.04,
    "dma100" : 1197.80,
    "dma200" : 1188.45,
    "volume" : 257866.00
  }, {
    "date" : "2025-10-31",
    "price" : 1289.40,
    "dma50" : 1156.47,
    "dma100" : 1199.35,
    "dma200" : 1189.45,
    "volume" : 167156.00
  }, {
    "date" : "2025-11-03",
    "price" : 1297.70,
    "dma50" : 1162.00,
    "dma100" : 1200.95,
    "dma200" : 1190.53,
    "volume" : 275984.00
  }, {
    "date" : "2025-11-04",
    "price" : 1282.80,
    "dma50" : 1166.74,
    "dma100" : 1202.37,
    "dma200" : 1191.45,
    "volume" : 168534.00
  }, {
    "date" : "2025-11-06",
    "price" : 1281.50,
    "dma50" : 1171.24,
    "dma100" : 1203.78,
    "dma200" : 1192.34,
    "volume" : 362423.00
  }, {
    "date" : "2025-11-07",
    "price" : 1230.10,
    "dma50" : 1173.55,
    "dma100" : 1204.90,
    "dma200" : 1192.72,
    "volume" : 930627.00
  }, {
    "date" : "2025-11-10",
    "price" : 1246.10,
    "dma50" : 1176.40,
    "dma100" : 1206.20,
    "dma200" : 1193.25,
    "volume" : 245856.00
  }, {
    "date" : "2025-11-11",
    "price" : 1251.60,
    "dma50" : 1179.34,
    "dma100" : 1207.59,
    "dma200" : 1193.83,
    "volume" : 103575.00
  }, {
    "date" : "2025-11-12",
    "price" : 1261.60,
    "dma50" : 1182.57,
    "dma100" : 1208.54,
    "dma200" : 1194.51,
    "volume" : 96093.00
  }, {
    "date" : "2025-11-13",
    "price" : 1251.40,
    "dma50" : 1185.27,
    "dma100" : 1209.53,
    "dma200" : 1195.07,
    "volume" : 212555.00
  }, {
    "date" : "2025-11-14",
    "price" : 1224.60,
    "dma50" : 1186.81,
    "dma100" : 1210.25,
    "dma200" : 1195.37,
    "volume" : 150579.00
  }, {
    "date" : "2025-11-17",
    "price" : 1214.20,
    "dma50" : 1187.89,
    "dma100" : 1210.60,
    "dma200" : 1195.55,
    "volume" : 946257.00
  }, {
    "date" : "2025-11-18",
    "price" : 1238.00,
    "dma50" : 1189.85,
    "dma100" : 1211.23,
    "dma200" : 1195.98,
    "volume" : 164517.00
  }, {
    "date" : "2025-11-19",
    "price" : 1240.10,
    "dma50" : 1191.82,
    "dma100" : 1211.75,
    "dma200" : 1196.41,
    "volume" : 65339.00
  }, {
    "date" : "2025-11-20",
    "price" : 1240.60,
    "dma50" : 1193.73,
    "dma100" : 1212.29,
    "dma200" : 1196.85,
    "volume" : 99096.00
  }, {
    "date" : "2025-11-21",
    "price" : 1189.70,
    "dma50" : 1193.58,
    "dma100" : 1212.29,
    "dma200" : 1196.78,
    "volume" : 83947.00
  }, {
    "date" : "2025-11-24",
    "price" : 1154.60,
    "dma50" : 1192.05,
    "dma100" : 1211.92,
    "dma200" : 1196.36,
    "volume" : 79577.00
  }, {
    "date" : "2025-11-25",
    "price" : 1160.50,
    "dma50" : 1190.81,
    "dma100" : 1211.38,
    "dma200" : 1196.01,
    "volume" : 52363.00
  }, {
    "date" : "2025-11-26",
    "price" : 1157.00,
    "dma50" : 1189.48,
    "dma100" : 1210.78,
    "dma200" : 1195.62,
    "volume" : 56652.00
  }, {
    "date" : "2025-11-27",
    "price" : 1138.60,
    "dma50" : 1187.49,
    "dma100" : 1209.77,
    "dma200" : 1195.05,
    "volume" : 33960.00
  }, {
    "date" : "2025-11-28",
    "price" : 1122.90,
    "dma50" : 1184.96,
    "dma100" : 1208.28,
    "dma200" : 1194.33,
    "volume" : 45201.00
  }, {
    "date" : "2025-12-01",
    "price" : 1109.20,
    "dma50" : 1181.99,
    "dma100" : 1206.58,
    "dma200" : 1193.49,
    "volume" : 48867.00
  }, {
    "date" : "2025-12-02",
    "price" : 1098.60,
    "dma50" : 1178.72,
    "dma100" : 1204.79,
    "dma200" : 1192.54,
    "volume" : 47268.00
  }, {
    "date" : "2025-12-03",
    "price" : 1111.10,
    "dma50" : 1176.06,
    "dma100" : 1203.04,
    "dma200" : 1191.73,
    "volume" : 56562.00
  }, {
    "date" : "2025-12-04",
    "price" : 1100.50,
    "dma50" : 1173.10,
    "dma100" : 1201.00,
    "dma200" : 1190.82,
    "volume" : 47116.00
  }, {
    "date" : "2025-12-05",
    "price" : 1089.10,
    "dma50" : 1169.81,
    "dma100" : 1198.95,
    "dma200" : 1189.81,
    "volume" : 53438.00
  }, {
    "date" : "2025-12-08",
    "price" : 1064.80,
    "dma50" : 1165.69,
    "dma100" : 1196.25,
    "dma200" : 1188.57,
    "volume" : 82882.00
  }, {
    "date" : "2025-12-09",
    "price" : 1065.30,
    "dma50" : 1161.75,
    "dma100" : 1193.55,
    "dma200" : 1187.34,
    "volume" : 138479.00
  }, {
    "date" : "2025-12-10",
    "price" : 1039.10,
    "dma50" : 1156.94,
    "dma100" : 1190.79,
    "dma200" : 1185.87,
    "volume" : 112765.00
  }, {
    "date" : "2025-12-11",
    "price" : 1061.60,
    "dma50" : 1153.20,
    "dma100" : 1188.15,
    "dma200" : 1184.63,
    "volume" : 77513.00
  }, {
    "date" : "2025-12-12",
    "price" : 1072.70,
    "dma50" : 1150.05,
    "dma100" : 1185.72,
    "dma200" : 1183.52,
    "volume" : 64008.00
  } ],
  "latestTechnicalAttributes" : {
    "date" : "2025-12-12",
    "price" : 1072.70,
    "dma50" : 1150.05,
    "dma100" : 1185.72,
    "dma200" : 1183.52,
    "volume" : 64008.00
  },
  "quarterlyResults" : [ {
    "date" : "2005-03-31",
    "sales" : 25.69,
    "salesGrowthYoY" : null,
    "grossProfitMargin" : 51.54,
    "grossProfit" : 13.24,
    "operatingProfitMargin" : 21.41,
    "operatingProfit" : 5.50,
    "netProfitMargin" : 13.23,
    "netProfit" : 3.40
  }, {
    "date" : "2005-06-30",
    "sales" : 23.39,
    "salesGrowthYoY" : null,
    "grossProfitMargin" : 51.77,
    "grossProfit" : 12.11,
    "operatingProfitMargin" : 18.68,
    "operatingProfit" : 4.37,
    "netProfitMargin" : 11.37,
    "netProfit" : 2.66
  }, {
    "date" : "2005-09-30",
    "sales" : 26.51,
    "salesGrowthYoY" : null,
    "grossProfitMargin" : 45.57,
    "grossProfit" : 12.08,
    "operatingProfitMargin" : 16.18,
    "operatingProfit" : 4.29,
    "netProfitMargin" : 9.47,
    "netProfit" : 2.51
  }, {
    "date" : "2005-12-31",
    "sales" : 24.51,
    "salesGrowthYoY" : null,
    "grossProfitMargin" : 53.53,
    "grossProfit" : 13.12,
    "operatingProfitMargin" : 21.87,
    "operatingProfit" : 5.36,
    "netProfitMargin" : 14.16,
    "netProfit" : 3.47
  }, {
    "date" : "2006-03-31",
    "sales" : 27.35,
    "salesGrowthYoY" : 6.46,
    "grossProfitMargin" : 50.16,
    "grossProfit" : 13.72,
    "operatingProfitMargin" : 15.65,
    "operatingProfit" : 4.28,
    "netProfitMargin" : 12.43,
    "netProfit" : 3.40
  }, {
    "date" : "2006-06-30",
    "sales" : 25.54,
    "salesGrowthYoY" : 9.19,
    "grossProfitMargin" : 49.84,
    "grossProfit" : 12.73,
    "operatingProfitMargin" : 18.72,
    "operatingProfit" : 4.78,
    "netProfitMargin" : 11.71,
    "netProfit" : 2.99
  }, {
    "date" : "2006-09-30",
    "sales" : 26.55,
    "salesGrowthYoY" : 0.15,
    "grossProfitMargin" : 46.97,
    "grossProfit" : 12.47,
    "operatingProfitMargin" : 17.14,
    "operatingProfit" : 4.55,
    "netProfitMargin" : 11.64,
    "netProfit" : 3.09
  }, {
    "date" : "2006-12-31",
    "sales" : 30.31,
    "salesGrowthYoY" : 23.66,
    "grossProfitMargin" : 48.04,
    "grossProfit" : 14.56,
    "operatingProfitMargin" : 16.79,
    "operatingProfit" : 5.09,
    "netProfitMargin" : 13.36,
    "netProfit" : 4.05
  }, {
    "date" : "2007-03-31",
    "sales" : 32.54,
    "salesGrowthYoY" : 18.98,
    "grossProfitMargin" : 49.05,
    "grossProfit" : 15.96,
    "operatingProfitMargin" : 17.27,
    "operatingProfit" : 5.62,
    "netProfitMargin" : 9.50,
    "netProfit" : 3.09
  }, {
    "date" : "2007-06-30",
    "sales" : 28.98,
    "salesGrowthYoY" : 13.47,
    "grossProfitMargin" : 50.07,
    "grossProfit" : 14.51,
    "operatingProfitMargin" : 18.43,
    "operatingProfit" : 5.34,
    "netProfitMargin" : 12.08,
    "netProfit" : 3.50
  }, {
    "date" : "2007-09-30",
    "sales" : 30.70,
    "salesGrowthYoY" : 15.63,
    "grossProfitMargin" : 50.03,
    "grossProfit" : 15.36,
    "operatingProfitMargin" : 15.93,
    "operatingProfit" : 4.89,
    "netProfitMargin" : 11.40,
    "netProfit" : 3.50
  }, {
    "date" : "2007-12-31",
    "sales" : 40.25,
    "salesGrowthYoY" : 32.79,
    "grossProfitMargin" : 49.49,
    "grossProfit" : 19.92,
    "operatingProfitMargin" : 13.94,
    "operatingProfit" : 5.61,
    "netProfitMargin" : 10.04,
    "netProfit" : 4.04
  }, {
    "date" : "2008-03-31",
    "sales" : 42.50,
    "salesGrowthYoY" : 30.61,
    "grossProfitMargin" : 40.24,
    "grossProfit" : 17.10,
    "operatingProfitMargin" : 12.73,
    "operatingProfit" : 5.41,
    "netProfitMargin" : 9.39,
    "netProfit" : 3.99
  }, {
    "date" : "2008-06-30",
    "sales" : 34.95,
    "salesGrowthYoY" : 20.60,
    "grossProfitMargin" : 43.69,
    "grossProfit" : 15.27,
    "operatingProfitMargin" : 14.33,
    "operatingProfit" : 5.01,
    "netProfitMargin" : 11.62,
    "netProfit" : 4.06
  }, {
    "date" : "2008-09-30",
    "sales" : 40.39,
    "salesGrowthYoY" : 31.56,
    "grossProfitMargin" : 40.85,
    "grossProfit" : 16.50,
    "operatingProfitMargin" : 13.34,
    "operatingProfit" : 5.39,
    "netProfitMargin" : 6.71,
    "netProfit" : 2.71
  }, {
    "date" : "2008-12-31",
    "sales" : 28.91,
    "salesGrowthYoY" : -28.17,
    "grossProfitMargin" : 43.38,
    "grossProfit" : 12.54,
    "operatingProfitMargin" : 7.02,
    "operatingProfit" : 2.03,
    "netProfitMargin" : 4.64,
    "netProfit" : 1.34
  }, {
    "date" : "2009-03-31",
    "sales" : 42.44,
    "salesGrowthYoY" : -0.14,
    "grossProfitMargin" : 36.55,
    "grossProfit" : 15.51,
    "operatingProfitMargin" : 10.51,
    "operatingProfit" : 4.46,
    "netProfitMargin" : 5.61,
    "netProfit" : 2.38
  }, {
    "date" : "2009-06-30",
    "sales" : 33.47,
    "salesGrowthYoY" : -4.23,
    "grossProfitMargin" : 40.36,
    "grossProfit" : 13.51,
    "operatingProfitMargin" : 10.07,
    "operatingProfit" : 3.37,
    "netProfitMargin" : 7.71,
    "netProfit" : 2.58
  }, {
    "date" : "2009-09-30",
    "sales" : 42.28,
    "salesGrowthYoY" : 4.68,
    "grossProfitMargin" : 40.44,
    "grossProfit" : 17.10,
    "operatingProfitMargin" : 11.12,
    "operatingProfit" : 4.70,
    "netProfitMargin" : 7.24,
    "netProfit" : 3.06
  }, {
    "date" : "2009-12-31",
    "sales" : 32.59,
    "salesGrowthYoY" : 12.73,
    "grossProfitMargin" : 48.11,
    "grossProfit" : 15.68,
    "operatingProfitMargin" : 12.18,
    "operatingProfit" : 3.97,
    "netProfitMargin" : 6.26,
    "netProfit" : 2.04
  }, {
    "date" : "2010-03-31",
    "sales" : 46.03,
    "salesGrowthYoY" : 8.46,
    "grossProfitMargin" : 47.23,
    "grossProfit" : 21.74,
    "operatingProfitMargin" : 12.40,
    "operatingProfit" : 5.71,
    "netProfitMargin" : 7.65,
    "netProfit" : 3.52
  }, {
    "date" : "2010-06-30",
    "sales" : 28.95,
    "salesGrowthYoY" : -13.50,
    "grossProfitMargin" : 48.53,
    "grossProfit" : 14.05,
    "operatingProfitMargin" : 8.46,
    "operatingProfit" : 2.45,
    "netProfitMargin" : 6.60,
    "netProfit" : 1.91
  }, {
    "date" : "2010-09-30",
    "sales" : 32.57,
    "salesGrowthYoY" : -22.97,
    "grossProfitMargin" : 51.30,
    "grossProfit" : 16.71,
    "operatingProfitMargin" : 17.96,
    "operatingProfit" : 5.85,
    "netProfitMargin" : 10.84,
    "netProfit" : 3.53
  }, {
    "date" : "2010-12-31",
    "sales" : 38.04,
    "salesGrowthYoY" : 16.72,
    "grossProfitMargin" : 47.24,
    "grossProfit" : 17.97,
    "operatingProfitMargin" : 13.30,
    "operatingProfit" : 5.06,
    "netProfitMargin" : 7.52,
    "netProfit" : 2.86
  }, {
    "date" : "2011-03-31",
    "sales" : 44.46,
    "salesGrowthYoY" : -3.41,
    "grossProfitMargin" : 37.02,
    "grossProfit" : 16.46,
    "operatingProfitMargin" : 10.35,
    "operatingProfit" : 4.60,
    "netProfitMargin" : 6.12,
    "netProfit" : 2.72
  }, {
    "date" : "2011-06-30",
    "sales" : 42.77,
    "salesGrowthYoY" : 47.74,
    "grossProfitMargin" : 38.27,
    "grossProfit" : 16.37,
    "operatingProfitMargin" : 8.98,
    "operatingProfit" : 3.84,
    "netProfitMargin" : 6.17,
    "netProfit" : 2.64
  }, {
    "date" : "2011-09-30",
    "sales" : 43.09,
    "salesGrowthYoY" : 32.30,
    "grossProfitMargin" : 42.79,
    "grossProfit" : 18.44,
    "operatingProfitMargin" : 9.35,
    "operatingProfit" : 4.03,
    "netProfitMargin" : 3.99,
    "netProfit" : 1.72
  }, {
    "date" : "2011-12-31",
    "sales" : 54.12,
    "salesGrowthYoY" : 42.27,
    "grossProfitMargin" : 29.08,
    "grossProfit" : 15.74,
    "operatingProfitMargin" : 6.25,
    "operatingProfit" : 3.38,
    "netProfitMargin" : 2.99,
    "netProfit" : 1.62
  }, {
    "date" : "2012-03-31",
    "sales" : 61.84,
    "salesGrowthYoY" : 39.09,
    "grossProfitMargin" : 29.58,
    "grossProfit" : 18.29,
    "operatingProfitMargin" : 8.04,
    "operatingProfit" : 4.97,
    "netProfitMargin" : 5.11,
    "netProfit" : 3.16
  }, {
    "date" : "2012-06-30",
    "sales" : 43.34,
    "salesGrowthYoY" : 1.33,
    "grossProfitMargin" : 38.26,
    "grossProfit" : 16.58,
    "operatingProfitMargin" : 9.97,
    "operatingProfit" : 4.32,
    "netProfitMargin" : 6.48,
    "netProfit" : 2.81
  }, {
    "date" : "2012-09-30",
    "sales" : 44.26,
    "salesGrowthYoY" : 2.72,
    "grossProfitMargin" : 40.71,
    "grossProfit" : 18.02,
    "operatingProfitMargin" : 9.62,
    "operatingProfit" : 4.26,
    "netProfitMargin" : 5.54,
    "netProfit" : 2.45
  }, {
    "date" : "2012-12-31",
    "sales" : 36.51,
    "salesGrowthYoY" : -32.54,
    "grossProfitMargin" : 41.96,
    "grossProfit" : 15.32,
    "operatingProfitMargin" : 8.46,
    "operatingProfit" : 3.09,
    "netProfitMargin" : 5.20,
    "netProfit" : 1.90
  }, {
    "date" : "2013-03-31",
    "sales" : 43.40,
    "salesGrowthYoY" : -29.82,
    "grossProfitMargin" : 37.86,
    "grossProfit" : 16.43,
    "operatingProfitMargin" : 6.41,
    "operatingProfit" : 2.78,
    "netProfitMargin" : 5.78,
    "netProfit" : 2.51
  }, {
    "date" : "2013-06-30",
    "sales" : 39.45,
    "salesGrowthYoY" : -8.98,
    "grossProfitMargin" : 44.89,
    "grossProfit" : 17.71,
    "operatingProfitMargin" : 8.52,
    "operatingProfit" : 3.36,
    "netProfitMargin" : 4.39,
    "netProfit" : 1.73
  }, {
    "date" : "2013-09-30",
    "sales" : 49.69,
    "salesGrowthYoY" : 12.27,
    "grossProfitMargin" : 41.82,
    "grossProfit" : 20.78,
    "operatingProfitMargin" : 12.38,
    "operatingProfit" : 6.15,
    "netProfitMargin" : 7.14,
    "netProfit" : 3.55
  }, {
    "date" : "2013-12-31",
    "sales" : 54.95,
    "salesGrowthYoY" : 50.51,
    "grossProfitMargin" : 41.69,
    "grossProfit" : 22.91,
    "operatingProfitMargin" : 12.30,
    "operatingProfit" : 6.76,
    "netProfitMargin" : 7.50,
    "netProfit" : 4.12
  }, {
    "date" : "2014-03-31",
    "sales" : 56.42,
    "salesGrowthYoY" : 30.00,
    "grossProfitMargin" : 48.62,
    "grossProfit" : 27.43,
    "operatingProfitMargin" : 18.04,
    "operatingProfit" : 10.18,
    "netProfitMargin" : 8.65,
    "netProfit" : 4.88
  }, {
    "date" : "2014-06-30",
    "sales" : 47.02,
    "salesGrowthYoY" : 19.19,
    "grossProfitMargin" : 52.59,
    "grossProfit" : 24.73,
    "operatingProfitMargin" : 13.31,
    "operatingProfit" : 6.26,
    "netProfitMargin" : 6.91,
    "netProfit" : 3.25
  }, {
    "date" : "2014-09-30",
    "sales" : 57.48,
    "salesGrowthYoY" : 15.68,
    "grossProfitMargin" : 50.96,
    "grossProfit" : 29.29,
    "operatingProfitMargin" : 16.39,
    "operatingProfit" : 9.42,
    "netProfitMargin" : 9.38,
    "netProfit" : 5.39
  }, {
    "date" : "2014-12-31",
    "sales" : 59.55,
    "salesGrowthYoY" : 8.37,
    "grossProfitMargin" : 48.11,
    "grossProfit" : 28.65,
    "operatingProfitMargin" : 13.55,
    "operatingProfit" : 8.07,
    "netProfitMargin" : 7.61,
    "netProfit" : 4.53
  }, {
    "date" : "2015-03-31",
    "sales" : 59.95,
    "salesGrowthYoY" : 6.26,
    "grossProfitMargin" : 45.22,
    "grossProfit" : 27.11,
    "operatingProfitMargin" : 12.44,
    "operatingProfit" : 7.46,
    "netProfitMargin" : 6.72,
    "netProfit" : 4.03
  }, {
    "date" : "2015-06-30",
    "sales" : 54.64,
    "salesGrowthYoY" : 16.21,
    "grossProfitMargin" : 45.08,
    "grossProfit" : 24.63,
    "operatingProfitMargin" : 9.06,
    "operatingProfit" : 4.95,
    "netProfitMargin" : 5.31,
    "netProfit" : 2.90
  }, {
    "date" : "2015-09-30",
    "sales" : 54.77,
    "salesGrowthYoY" : -4.71,
    "grossProfitMargin" : 50.05,
    "grossProfit" : 27.41,
    "operatingProfitMargin" : 14.44,
    "operatingProfit" : 7.91,
    "netProfitMargin" : 8.36,
    "netProfit" : 4.58
  }, {
    "date" : "2015-12-31",
    "sales" : 60.53,
    "salesGrowthYoY" : 1.65,
    "grossProfitMargin" : 48.70,
    "grossProfit" : 29.48,
    "operatingProfitMargin" : 15.03,
    "operatingProfit" : 9.10,
    "netProfitMargin" : 8.41,
    "netProfit" : 5.09
  }, {
    "date" : "2016-03-31",
    "sales" : 59.65,
    "salesGrowthYoY" : -0.50,
    "grossProfitMargin" : 58.47,
    "grossProfit" : 34.88,
    "operatingProfitMargin" : 16.66,
    "operatingProfit" : 9.94,
    "netProfitMargin" : 9.71,
    "netProfit" : 5.79
  }, {
    "date" : "2016-06-30",
    "sales" : 57.14,
    "salesGrowthYoY" : 4.58,
    "grossProfitMargin" : 56.48,
    "grossProfit" : 32.27,
    "operatingProfitMargin" : 15.30,
    "operatingProfit" : 8.74,
    "netProfitMargin" : 9.36,
    "netProfit" : 5.35
  }, {
    "date" : "2016-09-30",
    "sales" : 63.08,
    "salesGrowthYoY" : 15.17,
    "grossProfitMargin" : 59.04,
    "grossProfit" : 37.24,
    "operatingProfitMargin" : 17.09,
    "operatingProfit" : 10.78,
    "netProfitMargin" : 11.32,
    "netProfit" : 7.14
  }, {
    "date" : "2016-12-31",
    "sales" : 66.64,
    "salesGrowthYoY" : 10.09,
    "grossProfitMargin" : 56.29,
    "grossProfit" : 37.51,
    "operatingProfitMargin" : 15.83,
    "operatingProfit" : 10.55,
    "netProfitMargin" : 9.29,
    "netProfit" : 6.19
  }, {
    "date" : "2017-03-31",
    "sales" : 79.45,
    "salesGrowthYoY" : 33.19,
    "grossProfitMargin" : 54.81,
    "grossProfit" : 43.55,
    "operatingProfitMargin" : 13.51,
    "operatingProfit" : 10.73,
    "netProfitMargin" : 9.31,
    "netProfit" : 7.40
  }, {
    "date" : "2017-06-30",
    "sales" : 68.86,
    "salesGrowthYoY" : 20.51,
    "grossProfitMargin" : 55.55,
    "grossProfit" : 38.25,
    "operatingProfitMargin" : 11.44,
    "operatingProfit" : 7.88,
    "netProfitMargin" : 8.06,
    "netProfit" : 5.55
  }, {
    "date" : "2017-09-30",
    "sales" : 76.42,
    "salesGrowthYoY" : 21.15,
    "grossProfitMargin" : 58.65,
    "grossProfit" : 44.82,
    "operatingProfitMargin" : 15.18,
    "operatingProfit" : 11.60,
    "netProfitMargin" : 9.20,
    "netProfit" : 7.03
  }, {
    "date" : "2017-12-31",
    "sales" : 79.24,
    "salesGrowthYoY" : 18.91,
    "grossProfitMargin" : 59.79,
    "grossProfit" : 47.38,
    "operatingProfitMargin" : 15.55,
    "operatingProfit" : 12.32,
    "netProfitMargin" : 9.30,
    "netProfit" : 7.37
  }, {
    "date" : "2018-03-31",
    "sales" : 87.89,
    "salesGrowthYoY" : 10.62,
    "grossProfitMargin" : 57.63,
    "grossProfit" : 50.65,
    "operatingProfitMargin" : 16.38,
    "operatingProfit" : 14.40,
    "netProfitMargin" : 9.59,
    "netProfit" : 8.43
  }, {
    "date" : "2018-06-30",
    "sales" : 93.21,
    "salesGrowthYoY" : 35.36,
    "grossProfitMargin" : 54.23,
    "grossProfit" : 50.55,
    "operatingProfitMargin" : 16.37,
    "operatingProfit" : 15.26,
    "netProfitMargin" : 9.75,
    "netProfit" : 9.09
  }, {
    "date" : "2018-09-30",
    "sales" : 99.18,
    "salesGrowthYoY" : 29.78,
    "grossProfitMargin" : 51.43,
    "grossProfit" : 51.01,
    "operatingProfitMargin" : 16.22,
    "operatingProfit" : 16.09,
    "netProfitMargin" : 9.88,
    "netProfit" : 9.80
  }, {
    "date" : "2018-12-31",
    "sales" : 105.59,
    "salesGrowthYoY" : 33.25,
    "grossProfitMargin" : 51.55,
    "grossProfit" : 54.43,
    "operatingProfitMargin" : 16.32,
    "operatingProfit" : 17.23,
    "netProfitMargin" : 10.38,
    "netProfit" : 10.96
  }, {
    "date" : "2019-03-31",
    "sales" : 120.72,
    "salesGrowthYoY" : 37.35,
    "grossProfitMargin" : 49.64,
    "grossProfit" : 59.93,
    "operatingProfitMargin" : 14.07,
    "operatingProfit" : 16.99,
    "netProfitMargin" : 8.93,
    "netProfit" : 10.78
  }, {
    "date" : "2019-06-30",
    "sales" : 130.25,
    "salesGrowthYoY" : 39.74,
    "grossProfitMargin" : 54.17,
    "grossProfit" : 70.56,
    "operatingProfitMargin" : 18.37,
    "operatingProfit" : 23.93,
    "netProfitMargin" : 11.26,
    "netProfit" : 14.67
  }, {
    "date" : "2019-09-30",
    "sales" : 136.10,
    "salesGrowthYoY" : 37.23,
    "grossProfitMargin" : 54.85,
    "grossProfit" : 74.65,
    "operatingProfitMargin" : 19.62,
    "operatingProfit" : 26.70,
    "netProfitMargin" : 13.24,
    "netProfit" : 18.02
  }, {
    "date" : "2019-12-31",
    "sales" : 136.62,
    "salesGrowthYoY" : 29.39,
    "grossProfitMargin" : 54.77,
    "grossProfit" : 74.83,
    "operatingProfitMargin" : 20.99,
    "operatingProfit" : 28.68,
    "netProfitMargin" : 14.23,
    "netProfit" : 19.44
  }, {
    "date" : "2020-03-31",
    "sales" : 113.38,
    "salesGrowthYoY" : -6.08,
    "grossProfitMargin" : 55.92,
    "grossProfit" : 63.40,
    "operatingProfitMargin" : 17.78,
    "operatingProfit" : 20.16,
    "netProfitMargin" : 8.85,
    "netProfit" : 10.03
  }, {
    "date" : "2020-06-30",
    "sales" : 130.90,
    "salesGrowthYoY" : 0.50,
    "grossProfitMargin" : 50.22,
    "grossProfit" : 65.74,
    "operatingProfitMargin" : 18.56,
    "operatingProfit" : 24.30,
    "netProfitMargin" : 12.49,
    "netProfit" : 16.35
  }, {
    "date" : "2020-09-30",
    "sales" : 154.14,
    "salesGrowthYoY" : 13.25,
    "grossProfitMargin" : 58.62,
    "grossProfit" : 90.36,
    "operatingProfitMargin" : 23.84,
    "operatingProfit" : 36.75,
    "netProfitMargin" : 16.26,
    "netProfit" : 25.06
  }, {
    "date" : "2020-12-31",
    "sales" : 165.73,
    "salesGrowthYoY" : 21.31,
    "grossProfitMargin" : 57.85,
    "grossProfit" : 95.87,
    "operatingProfitMargin" : 24.30,
    "operatingProfit" : 40.27,
    "netProfitMargin" : 13.40,
    "netProfit" : 22.21
  }, {
    "date" : "2021-03-31",
    "sales" : 190.04,
    "salesGrowthYoY" : 67.61,
    "grossProfitMargin" : 60.41,
    "grossProfit" : 114.80,
    "operatingProfitMargin" : 27.53,
    "operatingProfit" : 52.32,
    "netProfitMargin" : 16.56,
    "netProfit" : 31.47
  }, {
    "date" : "2021-06-30",
    "sales" : 171.35,
    "salesGrowthYoY" : 30.90,
    "grossProfitMargin" : 60.58,
    "grossProfit" : 103.80,
    "operatingProfitMargin" : 25.52,
    "operatingProfit" : 43.73,
    "netProfitMargin" : 15.09,
    "netProfit" : 25.86
  }, {
    "date" : "2021-09-30",
    "sales" : 205.95,
    "salesGrowthYoY" : 33.61,
    "grossProfitMargin" : 57.72,
    "grossProfit" : 118.87,
    "operatingProfitMargin" : 24.78,
    "operatingProfit" : 51.03,
    "netProfitMargin" : 14.19,
    "netProfit" : 29.22
  }, {
    "date" : "2021-12-31",
    "sales" : 208.97,
    "salesGrowthYoY" : 26.09,
    "grossProfitMargin" : 53.17,
    "grossProfit" : 111.11,
    "operatingProfitMargin" : 18.11,
    "operatingProfit" : 37.84,
    "netProfitMargin" : 9.35,
    "netProfit" : 19.54
  }, {
    "date" : "2022-03-31",
    "sales" : 228.54,
    "salesGrowthYoY" : 20.26,
    "grossProfitMargin" : 52.51,
    "grossProfit" : 120.01,
    "operatingProfitMargin" : 17.15,
    "operatingProfit" : 39.19,
    "netProfitMargin" : 8.90,
    "netProfit" : 20.34
  }, {
    "date" : "2022-06-30",
    "sales" : 249.01,
    "salesGrowthYoY" : 45.32,
    "grossProfitMargin" : 50.11,
    "grossProfit" : 124.78,
    "operatingProfitMargin" : 16.33,
    "operatingProfit" : 40.66,
    "netProfitMargin" : 8.38,
    "netProfit" : 20.87
  }, {
    "date" : "2022-09-30",
    "sales" : 256.13,
    "salesGrowthYoY" : 24.37,
    "grossProfitMargin" : 54.15,
    "grossProfit" : 138.69,
    "operatingProfitMargin" : 16.51,
    "operatingProfit" : 42.29,
    "netProfitMargin" : 8.34,
    "netProfit" : 21.36
  }, {
    "date" : "2022-12-31",
    "sales" : 276.59,
    "salesGrowthYoY" : 32.36,
    "grossProfitMargin" : 49.58,
    "grossProfit" : 137.13,
    "operatingProfitMargin" : 15.78,
    "operatingProfit" : 43.65,
    "netProfitMargin" : 8.12,
    "netProfit" : 22.46
  }, {
    "date" : "2023-03-31",
    "sales" : 293.06,
    "salesGrowthYoY" : 28.23,
    "grossProfitMargin" : 49.78,
    "grossProfit" : 145.89,
    "operatingProfitMargin" : 15.24,
    "operatingProfit" : 44.66,
    "netProfitMargin" : 6.86,
    "netProfit" : 20.10
  }, {
    "date" : "2023-06-30",
    "sales" : 280.15,
    "salesGrowthYoY" : 12.51,
    "grossProfitMargin" : 47.85,
    "grossProfit" : 134.05,
    "operatingProfitMargin" : 14.35,
    "operatingProfit" : 40.20,
    "netProfitMargin" : 6.02,
    "netProfit" : 16.87
  }, {
    "date" : "2023-09-30",
    "sales" : 266.31,
    "salesGrowthYoY" : 3.97,
    "grossProfitMargin" : 49.26,
    "grossProfit" : 131.18,
    "operatingProfitMargin" : 14.49,
    "operatingProfit" : 38.59,
    "netProfitMargin" : 5.93,
    "netProfit" : 15.79
  }, {
    "date" : "2023-12-31",
    "sales" : 259.62,
    "salesGrowthYoY" : -6.14,
    "grossProfitMargin" : 45.99,
    "grossProfit" : 119.40,
    "operatingProfitMargin" : 12.16,
    "operatingProfit" : 31.57,
    "netProfitMargin" : 4.16,
    "netProfit" : 10.80
  }, {
    "date" : "2024-03-31",
    "sales" : 224.53,
    "salesGrowthYoY" : -23.38,
    "grossProfitMargin" : 54.21,
    "grossProfit" : 121.72,
    "operatingProfitMargin" : 12.65,
    "operatingProfit" : 28.40,
    "netProfitMargin" : 3.39,
    "netProfit" : 7.61
  }, {
    "date" : "2024-06-30",
    "sales" : 223.09,
    "salesGrowthYoY" : -20.37,
    "grossProfitMargin" : 46.56,
    "grossProfit" : 103.87,
    "operatingProfitMargin" : 11.24,
    "operatingProfit" : 25.08,
    "netProfitMargin" : 3.38,
    "netProfit" : 7.54
  }, {
    "date" : "2024-09-30",
    "sales" : 208.02,
    "salesGrowthYoY" : -21.89,
    "grossProfitMargin" : 47.33,
    "grossProfit" : 98.46,
    "operatingProfitMargin" : 10.77,
    "operatingProfit" : 22.40,
    "netProfitMargin" : 3.76,
    "netProfit" : 7.82
  }, {
    "date" : "2024-12-31",
    "sales" : 237.80,
    "salesGrowthYoY" : -8.40,
    "grossProfitMargin" : 49.29,
    "grossProfit" : 117.21,
    "operatingProfitMargin" : 12.09,
    "operatingProfit" : 28.75,
    "netProfitMargin" : 4.94,
    "netProfit" : 11.75
  }, {
    "date" : "2025-03-31",
    "sales" : 252.22,
    "salesGrowthYoY" : 12.33,
    "grossProfitMargin" : 50.00,
    "grossProfit" : 126.11,
    "operatingProfitMargin" : 13.53,
    "operatingProfit" : 34.13,
    "netProfitMargin" : 6.01,
    "netProfit" : 15.16
  }, {
    "date" : "2025-06-30",
    "sales" : 231.19,
    "salesGrowthYoY" : 3.63,
    "grossProfitMargin" : 53.46,
    "grossProfit" : 123.59,
    "operatingProfitMargin" : 15.71,
    "operatingProfit" : 36.32,
    "netProfitMargin" : 7.22,
    "netProfit" : 16.69
  }, {
    "date" : "2025-09-30",
    "sales" : 271.73,
    "salesGrowthYoY" : 30.63,
    "grossProfitMargin" : 52.67,
    "grossProfit" : 143.12,
    "operatingProfitMargin" : 14.39,
    "operatingProfit" : 39.10,
    "netProfitMargin" : 7.47,
    "netProfit" : 20.30
  } ],
  "latestQuarterlyResult" : {
    "date" : "2025-09-30",
    "sales" : 271.73,
    "salesGrowthYoY" : 30.63,
    "grossProfitMargin" : 52.67,
    "grossProfit" : 143.12,
    "operatingProfitMargin" : 14.39,
    "operatingProfit" : 39.10,
    "netProfitMargin" : 7.47,
    "netProfit" : 20.30
  },
  "companyScore" : {
    "priceHigherThanDma50" : 0.00,
    "priceHigherThanDma100" : 0.00,
    "priceHigherThanDma200" : 0.00,
    "dma50HigherThanDma100" : 0.00,
    "dma50HigherThanDma200" : 0.00,
    "dma100HigherThanDma200" : 5.00,
    "pricePercentageAboveDma50" : 5.34,
    "pricePercentageAboveDma100" : 5.48,
    "pricePercentageAboveDma200" : 5.47,
    "weeklyVolumeHigherThanYearlyVolume" : 0.00,
    "salesGrowthPercentile" : 15.44,
    "operatingProfitMarginPercentile" : 9.40,
    "netProfitMarginPercentile" : 3.73,
    "totalTechnicalScore" : 21.28,
    "totalFundamentalScore" : 28.58,
    "totalScore" : 49.86
  }
}