{
  "metadata" : {
    "screenerCompanyId" : "1159",
    "companyCode" : "GMRAIRPORT",
    "companyName" : "GMR Airports",
    "screenerCompanyLink" : "https://www.screener.in/company/GMRAIRPORT",
    "screenerTechnicalHistoryLink" : "https://www.screener.in/api/company/1159/chart/?q=Price-DMA50-DMA200-Volume&days=365",
    "screenerQuarterlyResultsLink" : "https://www.screener.in/api/company/1159/chart/?q=GPM-OPM-NPM-Quarter+Sales&days=10000",
    "attributes" : {
      "companyCode" : "GMRAIRPORT",
      "companyName" : "GMR Airports",
      "marketCap" : 113720.00,
      "peRatio" : 0.00,
      "description" : "GMR Infrastructure is mainly engaged in development, maintenance and operation of airports, generation of power, coal mining and exploration activities, development of highways, development, maintenance and operation of special economic zones, and construction business including Engineering, Procurement and Construction (EPC) contracting activities.(Source : 201903 Annual Report Page No: 145)"
    },
    "companyScore" : {
      "priceHigherThanDma50" : 5.00,
      "priceHigherThanDma100" : 5.00,
      "priceHigherThanDma200" : 5.00,
      "dma50HigherThanDma100" : 5.00,
      "dma50HigherThanDma200" : 5.00,
      "dma100HigherThanDma200" : 5.00,
      "pricePercentageAboveDma50" : 4.42,
      "pricePercentageAboveDma100" : 4.17,
      "pricePercentageAboveDma200" : 3.97,
      "weeklyVolumeHigherThanYearlyVolume" : 5.00,
      "salesGrowthPercentile" : 17.11,
      "operatingProfitMarginPercentile" : 19.96,
      "netProfitMarginPercentile" : 9.80,
      "totalTechnicalScore" : 47.56,
      "totalFundamentalScore" : 46.87,
      "totalScore" : 94.43
    }
  },
  "attributes" : {
    "companyCode" : "GMRAIRPORT",
    "companyName" : "GMR Airports",
    "marketCap" : 113720.00,
    "peRatio" : 0.00,
    "description" : "GMR Infrastructure is mainly engaged in development, maintenance and operation of airports, generation of power, coal mining and exploration activities, development of highways, development, maintenance and operation of special economic zones, and construction business including Engineering, Procurement and Construction (EPC) contracting activities.(Source : 201903 Annual Report Page No: 145)"
  },
  "technicalHistory" : [ {
    "date" : "2024-12-02",
    "price" : 83.32,
    "dma50" : 83.80,
    "dma100" : null,
    "dma200" : 84.42,
    "volume" : 15278221.00
  }, {
    "date" : "2024-12-03",
    "price" : 83.51,
    "dma50" : 83.79,
    "dma100" : null,
    "dma200" : 84.41,
    "volume" : 17417872.00
  }, {
    "date" : "2024-12-04",
    "price" : 83.85,
    "dma50" : 83.79,
    "dma100" : null,
    "dma200" : 84.40,
    "volume" : 10483772.00
  }, {
    "date" : "2024-12-05",
    "price" : 84.00,
    "dma50" : 83.80,
    "dma100" : null,
    "dma200" : 84.40,
    "volume" : 6951816.00
  }, {
    "date" : "2024-12-06",
    "price" : 84.53,
    "dma50" : 83.82,
    "dma100" : null,
    "dma200" : 84.40,
    "volume" : 8178192.00
  }, {
    "date" : "2024-12-09",
    "price" : 86.21,
    "dma50" : 83.92,
    "dma100" : null,
    "dma200" : 84.42,
    "volume" : 20038269.00
  }, {
    "date" : "2024-12-10",
    "price" : 85.06,
    "dma50" : 83.96,
    "dma100" : null,
    "dma200" : 84.43,
    "volume" : 7946950.00
  }, {
    "date" : "2024-12-11",
    "price" : 85.53,
    "dma50" : 84.02,
    "dma100" : null,
    "dma200" : 84.44,
    "volume" : 120183.00
  }, {
    "date" : "2024-12-12",
    "price" : 84.43,
    "dma50" : 84.04,
    "dma100" : null,
    "dma200" : 84.44,
    "volume" : 7780200.00
  }, {
    "date" : "2024-12-13",
    "price" : 83.90,
    "dma50" : 84.03,
    "dma100" : null,
    "dma200" : 84.43,
    "volume" : 8041665.00
  }, {
    "date" : "2024-12-16",
    "price" : 83.91,
    "dma50" : 84.03,
    "dma100" : null,
    "dma200" : 84.43,
    "volume" : 4624275.00
  }, {
    "date" : "2024-12-17",
    "price" : 83.42,
    "dma50" : 84.01,
    "dma100" : null,
    "dma200" : 84.42,
    "volume" : 13597898.00
  }, {
    "date" : "2024-12-18",
    "price" : 82.21,
    "dma50" : 83.94,
    "dma100" : null,
    "dma200" : 84.39,
    "volume" : 7770948.00
  }, {
    "date" : "2024-12-19",
    "price" : 80.61,
    "dma50" : 83.81,
    "dma100" : null,
    "dma200" : 84.36,
    "volume" : 5236202.00
  }, {
    "date" : "2024-12-20",
    "price" : 78.65,
    "dma50" : 83.60,
    "dma100" : null,
    "dma200" : 84.30,
    "volume" : 10361637.00
  }, {
    "date" : "2024-12-23",
    "price" : 79.31,
    "dma50" : 83.43,
    "dma100" : null,
    "dma200" : 84.25,
    "volume" : 19843109.00
  }, {
    "date" : "2024-12-24",
    "price" : 79.15,
    "dma50" : 83.27,
    "dma100" : null,
    "dma200" : 84.20,
    "volume" : 6641723.00
  }, {
    "date" : "2024-12-26",
    "price" : 79.03,
    "dma50" : 83.10,
    "dma100" : null,
    "dma200" : 84.15,
    "volume" : 12523085.00
  }, {
    "date" : "2024-12-27",
    "price" : 79.06,
    "dma50" : 82.94,
    "dma100" : null,
    "dma200" : 84.10,
    "volume" : 10481385.00
  }, {
    "date" : "2024-12-30",
    "price" : 77.32,
    "dma50" : 82.72,
    "dma100" : null,
    "dma200" : 84.03,
    "volume" : 17213847.00
  }, {
    "date" : "2024-12-31",
    "price" : 78.59,
    "dma50" : 82.56,
    "dma100" : null,
    "dma200" : 83.98,
    "volume" : 14382383.00
  }, {
    "date" : "2025-01-01",
    "price" : 78.56,
    "dma50" : 82.40,
    "dma100" : null,
    "dma200" : 83.92,
    "volume" : 3813712.00
  }, {
    "date" : "2025-01-02",
    "price" : 78.65,
    "dma50" : 82.26,
    "dma100" : null,
    "dma200" : 83.87,
    "volume" : 5186052.00
  }, {
    "date" : "2025-01-03",
    "price" : 78.73,
    "dma50" : 82.12,
    "dma100" : null,
    "dma200" : 83.82,
    "volume" : 6393563.00
  }, {
    "date" : "2025-01-06",
    "price" : 76.37,
    "dma50" : 81.89,
    "dma100" : null,
    "dma200" : 83.74,
    "volume" : 20124626.00
  }, {
    "date" : "2025-01-07",
    "price" : 76.66,
    "dma50" : 81.69,
    "dma100" : null,
    "dma200" : 83.67,
    "volume" : 6658099.00
  }, {
    "date" : "2025-01-08",
    "price" : 76.77,
    "dma50" : 81.49,
    "dma100" : null,
    "dma200" : 83.60,
    "volume" : 10069670.00
  }, {
    "date" : "2025-01-09",
    "price" : 76.12,
    "dma50" : 81.28,
    "dma100" : null,
    "dma200" : 83.53,
    "volume" : 5711039.00
  }, {
    "date" : "2025-01-10",
    "price" : 74.48,
    "dma50" : 81.02,
    "dma100" : null,
    "dma200" : 83.44,
    "volume" : 11870194.00
  }, {
    "date" : "2025-01-13",
    "price" : 69.69,
    "dma50" : 80.57,
    "dma100" : null,
    "dma200" : 83.30,
    "volume" : 18888723.00
  }, {
    "date" : "2025-01-14",
    "price" : 72.44,
    "dma50" : 80.25,
    "dma100" : null,
    "dma200" : 83.20,
    "volume" : 47838332.00
  }, {
    "date" : "2025-01-15",
    "price" : 74.31,
    "dma50" : 80.02,
    "dma100" : null,
    "dma200" : 83.11,
    "volume" : 10460387.00
  }, {
    "date" : "2025-01-16",
    "price" : 74.68,
    "dma50" : 79.81,
    "dma100" : null,
    "dma200" : 83.02,
    "volume" : 13614958.00
  }, {
    "date" : "2025-01-17",
    "price" : 76.08,
    "dma50" : 79.66,
    "dma100" : null,
    "dma200" : 82.95,
    "volume" : 8892845.00
  }, {
    "date" : "2025-01-20",
    "price" : 76.75,
    "dma50" : 79.55,
    "dma100" : null,
    "dma200" : 82.89,
    "volume" : 8473424.00
  }, {
    "date" : "2025-01-21",
    "price" : 74.37,
    "dma50" : 79.35,
    "dma100" : null,
    "dma200" : 82.81,
    "volume" : 10428764.00
  }, {
    "date" : "2025-01-22",
    "price" : 73.03,
    "dma50" : 79.10,
    "dma100" : null,
    "dma200" : 82.71,
    "volume" : 15385554.00
  }, {
    "date" : "2025-01-23",
    "price" : 73.50,
    "dma50" : 78.88,
    "dma100" : null,
    "dma200" : 82.62,
    "volume" : 6947731.00
  }, {
    "date" : "2025-01-24",
    "price" : 71.43,
    "dma50" : 78.59,
    "dma100" : null,
    "dma200" : 82.51,
    "volume" : 11145829.00
  }, {
    "date" : "2025-01-27",
    "price" : 70.53,
    "dma50" : 78.27,
    "dma100" : null,
    "dma200" : 82.39,
    "volume" : 13056225.00
  }, {
    "date" : "2025-01-28",
    "price" : 71.13,
    "dma50" : 77.99,
    "dma100" : null,
    "dma200" : 82.28,
    "volume" : 14879257.00
  }, {
    "date" : "2025-01-29",
    "price" : 71.19,
    "dma50" : 77.72,
    "dma100" : null,
    "dma200" : 82.17,
    "volume" : 27005661.00
  }, {
    "date" : "2025-01-30",
    "price" : 71.19,
    "dma50" : 77.47,
    "dma100" : null,
    "dma200" : 82.06,
    "volume" : 19993912.00
  }, {
    "date" : "2025-01-31",
    "price" : 72.69,
    "dma50" : 77.28,
    "dma100" : null,
    "dma200" : 81.96,
    "volume" : 15149376.00
  }, {
    "date" : "2025-02-01",
    "price" : 73.79,
    "dma50" : 77.14,
    "dma100" : null,
    "dma200" : 81.88,
    "volume" : 22150268.00
  }, {
    "date" : "2025-02-03",
    "price" : 73.50,
    "dma50" : 77.00,
    "dma100" : null,
    "dma200" : 81.80,
    "volume" : 12745265.00
  }, {
    "date" : "2025-02-04",
    "price" : 74.51,
    "dma50" : 76.90,
    "dma100" : null,
    "dma200" : 81.73,
    "volume" : 11815507.00
  }, {
    "date" : "2025-02-05",
    "price" : 75.54,
    "dma50" : 76.85,
    "dma100" : null,
    "dma200" : 81.66,
    "volume" : 11526304.00
  }, {
    "date" : "2025-02-06",
    "price" : 74.67,
    "dma50" : 76.76,
    "dma100" : null,
    "dma200" : 81.59,
    "volume" : 12905484.00
  }, {
    "date" : "2025-02-07",
    "price" : 74.54,
    "dma50" : 76.68,
    "dma100" : null,
    "dma200" : 81.52,
    "volume" : 9184868.00
  }, {
    "date" : "2025-02-10",
    "price" : 73.62,
    "dma50" : 76.56,
    "dma100" : null,
    "dma200" : 81.45,
    "volume" : 6587236.00
  }, {
    "date" : "2025-02-11",
    "price" : 71.88,
    "dma50" : 76.37,
    "dma100" : null,
    "dma200" : 81.35,
    "volume" : 11574343.00
  }, {
    "date" : "2025-02-12",
    "price" : 72.10,
    "dma50" : 76.21,
    "dma100" : null,
    "dma200" : 81.26,
    "volume" : 12410771.00
  }, {
    "date" : "2025-02-13",
    "price" : 72.56,
    "dma50" : 76.06,
    "dma100" : null,
    "dma200" : 81.17,
    "volume" : 6932512.00
  }, {
    "date" : "2025-02-14",
    "price" : 70.45,
    "dma50" : 75.84,
    "dma100" : null,
    "dma200" : 81.07,
    "volume" : 18482496.00
  }, {
    "date" : "2025-02-17",
    "price" : 70.22,
    "dma50" : 75.62,
    "dma100" : null,
    "dma200" : 80.96,
    "volume" : 25385800.00
  }, {
    "date" : "2025-02-18",
    "price" : 70.74,
    "dma50" : 75.43,
    "dma100" : null,
    "dma200" : 80.86,
    "volume" : 14442675.00
  }, {
    "date" : "2025-02-19",
    "price" : 70.17,
    "dma50" : 75.23,
    "dma100" : null,
    "dma200" : 80.75,
    "volume" : 20478767.00
  }, {
    "date" : "2025-02-20",
    "price" : 71.45,
    "dma50" : 75.08,
    "dma100" : null,
    "dma200" : 80.66,
    "volume" : 14138256.00
  }, {
    "date" : "2025-02-21",
    "price" : 69.91,
    "dma50" : 74.87,
    "dma100" : null,
    "dma200" : 80.55,
    "volume" : 7615595.00
  }, {
    "date" : "2025-02-24",
    "price" : 69.68,
    "dma50" : 74.67,
    "dma100" : null,
    "dma200" : 80.44,
    "volume" : 11330507.00
  }, {
    "date" : "2025-02-25",
    "price" : 69.67,
    "dma50" : 74.47,
    "dma100" : null,
    "dma200" : 80.33,
    "volume" : 4272832.00
  }, {
    "date" : "2025-02-27",
    "price" : 69.26,
    "dma50" : 74.27,
    "dma100" : null,
    "dma200" : 80.22,
    "volume" : 9243558.00
  }, {
    "date" : "2025-02-28",
    "price" : 69.45,
    "dma50" : 74.08,
    "dma100" : null,
    "dma200" : 80.12,
    "volume" : 22565763.00
  }, {
    "date" : "2025-03-03",
    "price" : 69.77,
    "dma50" : 73.91,
    "dma100" : null,
    "dma200" : 80.01,
    "volume" : 9478757.00
  }, {
    "date" : "2025-03-04",
    "price" : 71.19,
    "dma50" : 73.81,
    "dma100" : null,
    "dma200" : 79.93,
    "volume" : 8710089.00
  }, {
    "date" : "2025-03-05",
    "price" : 74.18,
    "dma50" : 73.82,
    "dma100" : null,
    "dma200" : 79.87,
    "volume" : 12160405.00
  }, {
    "date" : "2025-03-06",
    "price" : 73.71,
    "dma50" : 73.82,
    "dma100" : null,
    "dma200" : 79.81,
    "volume" : 7317578.00
  }, {
    "date" : "2025-03-07",
    "price" : 72.70,
    "dma50" : 73.77,
    "dma100" : null,
    "dma200" : 79.74,
    "volume" : 7699672.00
  }, {
    "date" : "2025-03-10",
    "price" : 71.81,
    "dma50" : 73.69,
    "dma100" : null,
    "dma200" : 79.66,
    "volume" : 5751722.00
  }, {
    "date" : "2025-03-11",
    "price" : 74.16,
    "dma50" : 73.71,
    "dma100" : null,
    "dma200" : 79.60,
    "volume" : 12334311.00
  }, {
    "date" : "2025-03-12",
    "price" : 73.58,
    "dma50" : 73.71,
    "dma100" : null,
    "dma200" : 79.54,
    "volume" : 5834701.00
  }, {
    "date" : "2025-03-13",
    "price" : 74.38,
    "dma50" : 73.73,
    "dma100" : null,
    "dma200" : 79.49,
    "volume" : 8390616.00
  }, {
    "date" : "2025-03-17",
    "price" : 74.13,
    "dma50" : 73.75,
    "dma100" : null,
    "dma200" : 79.44,
    "volume" : 8742373.00
  }, {
    "date" : "2025-03-18",
    "price" : 74.97,
    "dma50" : 73.80,
    "dma100" : null,
    "dma200" : 79.39,
    "volume" : 7017984.00
  }, {
    "date" : "2025-03-19",
    "price" : 76.62,
    "dma50" : 73.91,
    "dma100" : null,
    "dma200" : 79.37,
    "volume" : 7368275.00
  }, {
    "date" : "2025-03-20",
    "price" : 76.61,
    "dma50" : 74.01,
    "dma100" : null,
    "dma200" : 79.34,
    "volume" : 9846571.00
  }, {
    "date" : "2025-03-21",
    "price" : 77.42,
    "dma50" : 74.15,
    "dma100" : null,
    "dma200" : 79.32,
    "volume" : 10080155.00
  }, {
    "date" : "2025-03-24",
    "price" : 77.75,
    "dma50" : 74.29,
    "dma100" : null,
    "dma200" : 79.31,
    "volume" : 8261610.00
  }, {
    "date" : "2025-03-25",
    "price" : 75.67,
    "dma50" : 74.34,
    "dma100" : null,
    "dma200" : 79.27,
    "volume" : 5397404.00
  }, {
    "date" : "2025-03-26",
    "price" : 76.29,
    "dma50" : 74.42,
    "dma100" : null,
    "dma200" : 79.24,
    "volume" : 40486935.00
  }, {
    "date" : "2025-03-27",
    "price" : 75.95,
    "dma50" : 74.48,
    "dma100" : null,
    "dma200" : 79.21,
    "volume" : 28723700.00
  }, {
    "date" : "2025-03-28",
    "price" : 75.66,
    "dma50" : 74.53,
    "dma100" : null,
    "dma200" : 79.17,
    "volume" : 30637514.00
  }, {
    "date" : "2025-04-01",
    "price" : 77.36,
    "dma50" : 74.64,
    "dma100" : null,
    "dma200" : 79.15,
    "volume" : 14318649.00
  }, {
    "date" : "2025-04-02",
    "price" : 78.86,
    "dma50" : 74.80,
    "dma100" : null,
    "dma200" : 79.15,
    "volume" : 15277632.00
  }, {
    "date" : "2025-04-03",
    "price" : 82.74,
    "dma50" : 75.11,
    "dma100" : null,
    "dma200" : 79.19,
    "volume" : 26561523.00
  }, {
    "date" : "2025-04-04",
    "price" : 80.77,
    "dma50" : 75.34,
    "dma100" : null,
    "dma200" : 79.20,
    "volume" : 30689495.00
  }, {
    "date" : "2025-04-07",
    "price" : 82.29,
    "dma50" : 75.61,
    "dma100" : null,
    "dma200" : 79.23,
    "volume" : 60323356.00
  }, {
    "date" : "2025-04-08",
    "price" : 85.29,
    "dma50" : 75.99,
    "dma100" : null,
    "dma200" : 79.29,
    "volume" : 24880248.00
  }, {
    "date" : "2025-04-09",
    "price" : 85.66,
    "dma50" : 76.37,
    "dma100" : null,
    "dma200" : 79.36,
    "volume" : 15065023.00
  }, {
    "date" : "2025-04-11",
    "price" : 85.66,
    "dma50" : 76.73,
    "dma100" : null,
    "dma200" : 79.42,
    "volume" : 52527672.00
  }, {
    "date" : "2025-04-15",
    "price" : 86.00,
    "dma50" : 77.10,
    "dma100" : null,
    "dma200" : 79.48,
    "volume" : 28426768.00
  }, {
    "date" : "2025-04-16",
    "price" : 85.63,
    "dma50" : 77.43,
    "dma100" : null,
    "dma200" : 79.55,
    "volume" : 7772388.00
  }, {
    "date" : "2025-04-17",
    "price" : 86.50,
    "dma50" : 77.79,
    "dma100" : null,
    "dma200" : 79.61,
    "volume" : 8824434.00
  }, {
    "date" : "2025-04-21",
    "price" : 86.76,
    "dma50" : 78.14,
    "dma100" : null,
    "dma200" : 79.69,
    "volume" : 9909232.00
  }, {
    "date" : "2025-04-22",
    "price" : 86.60,
    "dma50" : 78.47,
    "dma100" : null,
    "dma200" : 79.75,
    "volume" : 13127288.00
  }, {
    "date" : "2025-04-23",
    "price" : 87.45,
    "dma50" : 78.82,
    "dma100" : null,
    "dma200" : 79.83,
    "volume" : 8130106.00
  }, {
    "date" : "2025-04-24",
    "price" : 88.96,
    "dma50" : 79.22,
    "dma100" : null,
    "dma200" : 79.92,
    "volume" : 17295728.00
  }, {
    "date" : "2025-04-25",
    "price" : 85.37,
    "dma50" : 79.46,
    "dma100" : null,
    "dma200" : 79.98,
    "volume" : 18976397.00
  }, {
    "date" : "2025-04-28",
    "price" : 88.15,
    "dma50" : 79.80,
    "dma100" : null,
    "dma200" : 80.06,
    "volume" : 16102550.00
  }, {
    "date" : "2025-04-29",
    "price" : 89.50,
    "dma50" : 80.18,
    "dma100" : 77.35,
    "dma200" : 80.15,
    "volume" : 41347532.00
  }, {
    "date" : "2025-04-30",
    "price" : 87.27,
    "dma50" : 80.46,
    "dma100" : 77.39,
    "dma200" : 80.22,
    "volume" : 22418848.00
  }, {
    "date" : "2025-05-02",
    "price" : 87.19,
    "dma50" : 80.72,
    "dma100" : 77.43,
    "dma200" : 80.29,
    "volume" : 6994544.00
  }, {
    "date" : "2025-05-05",
    "price" : 88.16,
    "dma50" : 81.02,
    "dma100" : 77.47,
    "dma200" : 80.37,
    "volume" : 6074103.00
  }, {
    "date" : "2025-05-06",
    "price" : 86.38,
    "dma50" : 81.23,
    "dma100" : 77.49,
    "dma200" : 80.43,
    "volume" : 5604222.00
  }, {
    "date" : "2025-05-07",
    "price" : 87.00,
    "dma50" : 81.45,
    "dma100" : 77.49,
    "dma200" : 80.50,
    "volume" : 8024532.00
  }, {
    "date" : "2025-05-08",
    "price" : 84.60,
    "dma50" : 81.58,
    "dma100" : 77.49,
    "dma200" : 80.54,
    "volume" : 6800365.00
  }, {
    "date" : "2025-05-09",
    "price" : 84.18,
    "dma50" : 81.68,
    "dma100" : 77.48,
    "dma200" : 80.57,
    "volume" : 9873235.00
  }, {
    "date" : "2025-05-12",
    "price" : 88.03,
    "dma50" : 81.93,
    "dma100" : 77.51,
    "dma200" : 80.65,
    "volume" : 19788035.00
  }, {
    "date" : "2025-05-13",
    "price" : 87.20,
    "dma50" : 82.13,
    "dma100" : 77.54,
    "dma200" : 80.71,
    "volume" : 5211149.00
  }, {
    "date" : "2025-05-14",
    "price" : 87.61,
    "dma50" : 82.35,
    "dma100" : 77.58,
    "dma200" : 80.78,
    "volume" : 4776054.00
  }, {
    "date" : "2025-05-15",
    "price" : 89.10,
    "dma50" : 82.61,
    "dma100" : 77.64,
    "dma200" : 80.86,
    "volume" : 10799760.00
  }, {
    "date" : "2025-05-16",
    "price" : 91.09,
    "dma50" : 82.95,
    "dma100" : 77.73,
    "dma200" : 80.96,
    "volume" : 18083966.00
  }, {
    "date" : "2025-05-19",
    "price" : 87.42,
    "dma50" : 83.12,
    "dma100" : 77.80,
    "dma200" : 81.03,
    "volume" : 14869839.00
  }, {
    "date" : "2025-05-20",
    "price" : 85.81,
    "dma50" : 83.23,
    "dma100" : 77.87,
    "dma200" : 81.08,
    "volume" : 7626486.00
  }, {
    "date" : "2025-05-21",
    "price" : 87.58,
    "dma50" : 83.40,
    "dma100" : 77.95,
    "dma200" : 81.14,
    "volume" : 9322394.00
  }, {
    "date" : "2025-05-22",
    "price" : 88.97,
    "dma50" : 83.62,
    "dma100" : 78.05,
    "dma200" : 81.22,
    "volume" : 11817362.00
  }, {
    "date" : "2025-05-23",
    "price" : 86.83,
    "dma50" : 83.74,
    "dma100" : 78.13,
    "dma200" : 81.28,
    "volume" : 16022211.00
  }, {
    "date" : "2025-05-26",
    "price" : 86.52,
    "dma50" : 83.85,
    "dma100" : 78.20,
    "dma200" : 81.33,
    "volume" : 7910110.00
  }, {
    "date" : "2025-05-27",
    "price" : 86.74,
    "dma50" : 83.96,
    "dma100" : 78.29,
    "dma200" : 81.38,
    "volume" : 9452755.00
  }, {
    "date" : "2025-05-28",
    "price" : 86.31,
    "dma50" : 84.06,
    "dma100" : 78.37,
    "dma200" : 81.43,
    "volume" : 5118770.00
  }, {
    "date" : "2025-05-29",
    "price" : 86.41,
    "dma50" : 84.15,
    "dma100" : 78.45,
    "dma200" : 81.48,
    "volume" : 5512324.00
  }, {
    "date" : "2025-05-30",
    "price" : 84.11,
    "dma50" : 84.15,
    "dma100" : 78.50,
    "dma200" : 81.51,
    "volume" : 22657274.00
  }, {
    "date" : "2025-06-02",
    "price" : 85.54,
    "dma50" : 84.20,
    "dma100" : 78.57,
    "dma200" : 81.55,
    "volume" : 7547561.00
  }, {
    "date" : "2025-06-03",
    "price" : 85.31,
    "dma50" : 84.24,
    "dma100" : 78.66,
    "dma200" : 81.58,
    "volume" : 7459334.00
  }, {
    "date" : "2025-06-04",
    "price" : 83.98,
    "dma50" : 84.23,
    "dma100" : 78.74,
    "dma200" : 81.61,
    "volume" : 10017572.00
  }, {
    "date" : "2025-06-05",
    "price" : 84.88,
    "dma50" : 84.26,
    "dma100" : 78.82,
    "dma200" : 81.64,
    "volume" : 7304836.00
  }, {
    "date" : "2025-06-06",
    "price" : 86.30,
    "dma50" : 84.34,
    "dma100" : 78.92,
    "dma200" : 81.69,
    "volume" : 7325670.00
  }, {
    "date" : "2025-06-09",
    "price" : 86.34,
    "dma50" : 84.42,
    "dma100" : 79.04,
    "dma200" : 81.73,
    "volume" : 7038319.00
  }, {
    "date" : "2025-06-10",
    "price" : 85.10,
    "dma50" : 84.44,
    "dma100" : 79.19,
    "dma200" : 81.77,
    "volume" : 8410851.00
  }, {
    "date" : "2025-06-11",
    "price" : 84.43,
    "dma50" : 84.44,
    "dma100" : 79.31,
    "dma200" : 81.79,
    "volume" : 5121871.00
  }, {
    "date" : "2025-06-12",
    "price" : 81.83,
    "dma50" : 84.34,
    "dma100" : 79.39,
    "dma200" : 81.79,
    "volume" : 8266057.00
  }, {
    "date" : "2025-06-13",
    "price" : 80.95,
    "dma50" : 84.21,
    "dma100" : 79.45,
    "dma200" : 81.78,
    "volume" : 21618158.00
  }, {
    "date" : "2025-06-16",
    "price" : 83.60,
    "dma50" : 84.18,
    "dma100" : 79.52,
    "dma200" : 81.80,
    "volume" : 11939163.00
  }, {
    "date" : "2025-06-17",
    "price" : 82.72,
    "dma50" : 84.13,
    "dma100" : 79.58,
    "dma200" : 81.81,
    "volume" : 6869488.00
  }, {
    "date" : "2025-06-18",
    "price" : 82.70,
    "dma50" : 84.07,
    "dma100" : 79.67,
    "dma200" : 81.82,
    "volume" : 6898879.00
  }, {
    "date" : "2025-06-19",
    "price" : 80.56,
    "dma50" : 83.93,
    "dma100" : 79.74,
    "dma200" : 81.81,
    "volume" : 13145880.00
  }, {
    "date" : "2025-06-20",
    "price" : 81.02,
    "dma50" : 83.82,
    "dma100" : 79.82,
    "dma200" : 81.80,
    "volume" : 72143395.00
  }, {
    "date" : "2025-06-23",
    "price" : 81.42,
    "dma50" : 83.73,
    "dma100" : 79.92,
    "dma200" : 81.80,
    "volume" : 8196909.00
  }, {
    "date" : "2025-06-24",
    "price" : 83.19,
    "dma50" : 83.70,
    "dma100" : 80.04,
    "dma200" : 81.81,
    "volume" : 12400372.00
  }, {
    "date" : "2025-06-25",
    "price" : 83.55,
    "dma50" : 83.70,
    "dma100" : 80.17,
    "dma200" : 81.83,
    "volume" : 13366597.00
  }, {
    "date" : "2025-06-26",
    "price" : 84.85,
    "dma50" : 83.74,
    "dma100" : 80.30,
    "dma200" : 81.86,
    "volume" : 14348722.00
  }, {
    "date" : "2025-06-27",
    "price" : 84.72,
    "dma50" : 83.78,
    "dma100" : 80.44,
    "dma200" : 81.89,
    "volume" : 12155153.00
  }, {
    "date" : "2025-06-30",
    "price" : 85.23,
    "dma50" : 83.84,
    "dma100" : 80.57,
    "dma200" : 81.92,
    "volume" : 8974824.00
  }, {
    "date" : "2025-07-01",
    "price" : 86.07,
    "dma50" : 83.93,
    "dma100" : 80.69,
    "dma200" : 81.96,
    "volume" : 14533622.00
  }, {
    "date" : "2025-07-02",
    "price" : 88.38,
    "dma50" : 84.10,
    "dma100" : 80.84,
    "dma200" : 82.02,
    "volume" : 28906587.00
  }, {
    "date" : "2025-07-03",
    "price" : 88.45,
    "dma50" : 84.27,
    "dma100" : 80.98,
    "dma200" : 82.09,
    "volume" : 23399980.00
  }, {
    "date" : "2025-07-04",
    "price" : 89.91,
    "dma50" : 84.49,
    "dma100" : 81.12,
    "dma200" : 82.17,
    "volume" : 17526125.00
  }, {
    "date" : "2025-07-07",
    "price" : 90.05,
    "dma50" : 84.71,
    "dma100" : 81.27,
    "dma200" : 82.24,
    "volume" : 9357230.00
  }, {
    "date" : "2025-07-08",
    "price" : 91.23,
    "dma50" : 84.97,
    "dma100" : 81.44,
    "dma200" : 82.33,
    "volume" : 17163751.00
  }, {
    "date" : "2025-07-09",
    "price" : 92.80,
    "dma50" : 85.27,
    "dma100" : 81.63,
    "dma200" : 82.44,
    "volume" : 24932974.00
  }, {
    "date" : "2025-07-10",
    "price" : 92.25,
    "dma50" : 85.55,
    "dma100" : 81.84,
    "dma200" : 82.54,
    "volume" : 7765371.00
  }, {
    "date" : "2025-07-11",
    "price" : 90.48,
    "dma50" : 85.74,
    "dma100" : 82.02,
    "dma200" : 82.61,
    "volume" : 7150348.00
  }, {
    "date" : "2025-07-14",
    "price" : 91.64,
    "dma50" : 85.97,
    "dma100" : 82.21,
    "dma200" : 82.70,
    "volume" : 10986013.00
  }, {
    "date" : "2025-07-15",
    "price" : 91.97,
    "dma50" : 86.21,
    "dma100" : 82.43,
    "dma200" : 82.80,
    "volume" : 12176949.00
  }, {
    "date" : "2025-07-16",
    "price" : 93.84,
    "dma50" : 86.51,
    "dma100" : 82.66,
    "dma200" : 82.91,
    "volume" : 13901609.00
  }, {
    "date" : "2025-07-17",
    "price" : 94.56,
    "dma50" : 86.82,
    "dma100" : 82.90,
    "dma200" : 83.02,
    "volume" : 17954242.00
  }, {
    "date" : "2025-07-18",
    "price" : 94.28,
    "dma50" : 87.11,
    "dma100" : 83.14,
    "dma200" : 83.13,
    "volume" : 19329306.00
  }, {
    "date" : "2025-07-21",
    "price" : 93.49,
    "dma50" : 87.36,
    "dma100" : 83.36,
    "dma200" : 83.24,
    "volume" : 5116194.00
  }, {
    "date" : "2025-07-22",
    "price" : 91.89,
    "dma50" : 87.54,
    "dma100" : 83.58,
    "dma200" : 83.32,
    "volume" : 7841199.00
  }, {
    "date" : "2025-07-23",
    "price" : 91.42,
    "dma50" : 87.69,
    "dma100" : 83.80,
    "dma200" : 83.40,
    "volume" : 10175239.00
  }, {
    "date" : "2025-07-24",
    "price" : 91.84,
    "dma50" : 87.86,
    "dma100" : 84.02,
    "dma200" : 83.49,
    "volume" : 6892335.00
  }, {
    "date" : "2025-07-25",
    "price" : 89.90,
    "dma50" : 87.94,
    "dma100" : 84.23,
    "dma200" : 83.55,
    "volume" : 5233218.00
  }, {
    "date" : "2025-07-28",
    "price" : 89.62,
    "dma50" : 88.00,
    "dma100" : 84.43,
    "dma200" : 83.61,
    "volume" : 9713686.00
  }, {
    "date" : "2025-07-29",
    "price" : 90.18,
    "dma50" : 88.09,
    "dma100" : 84.63,
    "dma200" : 83.68,
    "volume" : 7428332.00
  }, {
    "date" : "2025-07-30",
    "price" : 89.76,
    "dma50" : 88.15,
    "dma100" : 84.82,
    "dma200" : 83.74,
    "volume" : 10360368.00
  }, {
    "date" : "2025-07-31",
    "price" : 90.01,
    "dma50" : 88.23,
    "dma100" : 84.98,
    "dma200" : 83.80,
    "volume" : 10575803.00
  }, {
    "date" : "2025-08-01",
    "price" : 89.37,
    "dma50" : 88.27,
    "dma100" : 85.13,
    "dma200" : 83.86,
    "volume" : 13007067.00
  }, {
    "date" : "2025-08-04",
    "price" : 91.48,
    "dma50" : 88.40,
    "dma100" : 85.32,
    "dma200" : 83.93,
    "volume" : 16830252.00
  }, {
    "date" : "2025-08-05",
    "price" : 92.80,
    "dma50" : 88.57,
    "dma100" : 85.53,
    "dma200" : 84.02,
    "volume" : 13839162.00
  }, {
    "date" : "2025-08-06",
    "price" : 91.21,
    "dma50" : 88.67,
    "dma100" : 85.70,
    "dma200" : 84.09,
    "volume" : 13494888.00
  }, {
    "date" : "2025-08-07",
    "price" : 90.66,
    "dma50" : 88.75,
    "dma100" : 85.87,
    "dma200" : 84.16,
    "volume" : 11579415.00
  }, {
    "date" : "2025-08-08",
    "price" : 89.10,
    "dma50" : 88.77,
    "dma100" : 86.02,
    "dma200" : 84.21,
    "volume" : 5836207.00
  }, {
    "date" : "2025-08-11",
    "price" : 89.24,
    "dma50" : 88.78,
    "dma100" : 86.17,
    "dma200" : 84.26,
    "volume" : 3611095.00
  }, {
    "date" : "2025-08-12",
    "price" : 88.24,
    "dma50" : 88.76,
    "dma100" : 86.30,
    "dma200" : 84.30,
    "volume" : 5753334.00
  }, {
    "date" : "2025-08-13",
    "price" : 88.69,
    "dma50" : 88.76,
    "dma100" : 86.42,
    "dma200" : 84.34,
    "volume" : 14036575.00
  }, {
    "date" : "2025-08-14",
    "price" : 90.78,
    "dma50" : 88.84,
    "dma100" : 86.57,
    "dma200" : 84.40,
    "volume" : 7797232.00
  }, {
    "date" : "2025-08-18",
    "price" : 90.26,
    "dma50" : 88.89,
    "dma100" : 86.69,
    "dma200" : 84.46,
    "volume" : 5646992.00
  }, {
    "date" : "2025-08-19",
    "price" : 90.43,
    "dma50" : 88.95,
    "dma100" : 86.82,
    "dma200" : 84.52,
    "volume" : 6372018.00
  }, {
    "date" : "2025-08-20",
    "price" : 91.02,
    "dma50" : 89.04,
    "dma100" : 86.97,
    "dma200" : 84.59,
    "volume" : 6728999.00
  }, {
    "date" : "2025-08-21",
    "price" : 88.95,
    "dma50" : 89.03,
    "dma100" : 87.10,
    "dma200" : 84.63,
    "volume" : 6205681.00
  }, {
    "date" : "2025-08-22",
    "price" : 89.54,
    "dma50" : 89.05,
    "dma100" : 87.24,
    "dma200" : 84.68,
    "volume" : 8852365.00
  }, {
    "date" : "2025-08-25",
    "price" : 88.84,
    "dma50" : 89.04,
    "dma100" : 87.37,
    "dma200" : 84.72,
    "volume" : 7950294.00
  }, {
    "date" : "2025-08-26",
    "price" : 88.62,
    "dma50" : 89.03,
    "dma100" : 87.48,
    "dma200" : 84.76,
    "volume" : 10069435.00
  }, {
    "date" : "2025-08-28",
    "price" : 86.42,
    "dma50" : 88.93,
    "dma100" : 87.56,
    "dma200" : 84.78,
    "volume" : 10534346.00
  }, {
    "date" : "2025-08-29",
    "price" : 86.02,
    "dma50" : 88.81,
    "dma100" : 87.59,
    "dma200" : 84.79,
    "volume" : 10586096.00
  }, {
    "date" : "2025-09-01",
    "price" : 87.28,
    "dma50" : 88.75,
    "dma100" : 87.66,
    "dma200" : 84.81,
    "volume" : 9839840.00
  }, {
    "date" : "2025-09-02",
    "price" : 87.01,
    "dma50" : 88.68,
    "dma100" : 87.70,
    "dma200" : 84.83,
    "volume" : 4499855.00
  }, {
    "date" : "2025-09-03",
    "price" : 87.23,
    "dma50" : 88.63,
    "dma100" : 87.72,
    "dma200" : 84.86,
    "volume" : 4123531.00
  }, {
    "date" : "2025-09-04",
    "price" : 86.52,
    "dma50" : 88.54,
    "dma100" : 87.73,
    "dma200" : 84.87,
    "volume" : 4668130.00
  }, {
    "date" : "2025-09-05",
    "price" : 86.03,
    "dma50" : 88.44,
    "dma100" : 87.73,
    "dma200" : 84.89,
    "volume" : 6620669.00
  }, {
    "date" : "2025-09-08",
    "price" : 86.27,
    "dma50" : 88.36,
    "dma100" : 87.74,
    "dma200" : 84.90,
    "volume" : 5760068.00
  }, {
    "date" : "2025-09-09",
    "price" : 86.81,
    "dma50" : 88.30,
    "dma100" : 87.75,
    "dma200" : 84.92,
    "volume" : 15440716.00
  }, {
    "date" : "2025-09-10",
    "price" : 87.12,
    "dma50" : 88.25,
    "dma100" : 87.75,
    "dma200" : 84.94,
    "volume" : 6110712.00
  }, {
    "date" : "2025-09-11",
    "price" : 87.52,
    "dma50" : 88.22,
    "dma100" : 87.76,
    "dma200" : 84.97,
    "volume" : 101844942.00
  }, {
    "date" : "2025-09-12",
    "price" : 88.13,
    "dma50" : 88.22,
    "dma100" : 87.78,
    "dma200" : 85.00,
    "volume" : 86441167.00
  }, {
    "date" : "2025-09-15",
    "price" : 89.21,
    "dma50" : 88.26,
    "dma100" : 87.80,
    "dma200" : 85.04,
    "volume" : 16860967.00
  }, {
    "date" : "2025-09-16",
    "price" : 92.85,
    "dma50" : 88.44,
    "dma100" : 87.83,
    "dma200" : 85.12,
    "volume" : 35059769.00
  }, {
    "date" : "2025-09-17",
    "price" : 91.90,
    "dma50" : 88.57,
    "dma100" : 87.90,
    "dma200" : 85.19,
    "volume" : 9669243.00
  }, {
    "date" : "2025-09-18",
    "price" : 91.71,
    "dma50" : 88.70,
    "dma100" : 87.94,
    "dma200" : 85.25,
    "volume" : 5055030.00
  }, {
    "date" : "2025-09-19",
    "price" : 92.71,
    "dma50" : 88.85,
    "dma100" : 87.97,
    "dma200" : 85.32,
    "volume" : 19476642.00
  }, {
    "date" : "2025-09-22",
    "price" : 91.17,
    "dma50" : 88.95,
    "dma100" : 88.01,
    "dma200" : 85.38,
    "volume" : 4978979.00
  }, {
    "date" : "2025-09-23",
    "price" : 90.57,
    "dma50" : 89.01,
    "dma100" : 88.04,
    "dma200" : 85.43,
    "volume" : 6164534.00
  }, {
    "date" : "2025-09-24",
    "price" : 89.04,
    "dma50" : 89.01,
    "dma100" : 88.05,
    "dma200" : 85.47,
    "volume" : 4492363.00
  }, {
    "date" : "2025-09-25",
    "price" : 89.12,
    "dma50" : 89.01,
    "dma100" : 88.08,
    "dma200" : 85.51,
    "volume" : 7965193.00
  }, {
    "date" : "2025-09-26",
    "price" : 87.21,
    "dma50" : 88.94,
    "dma100" : 88.08,
    "dma200" : 85.52,
    "volume" : 8003938.00
  }, {
    "date" : "2025-09-29",
    "price" : 87.11,
    "dma50" : 88.87,
    "dma100" : 88.10,
    "dma200" : 85.54,
    "volume" : 8525256.00
  }, {
    "date" : "2025-09-30",
    "price" : 87.23,
    "dma50" : 88.81,
    "dma100" : 88.13,
    "dma200" : 85.56,
    "volume" : 13407653.00
  }, {
    "date" : "2025-10-01",
    "price" : 89.61,
    "dma50" : 88.84,
    "dma100" : 88.15,
    "dma200" : 85.60,
    "volume" : 5514849.00
  }, {
    "date" : "2025-10-03",
    "price" : 89.21,
    "dma50" : 88.85,
    "dma100" : 88.17,
    "dma200" : 85.63,
    "volume" : 7291406.00
  }, {
    "date" : "2025-10-06",
    "price" : 88.70,
    "dma50" : 88.85,
    "dma100" : 88.18,
    "dma200" : 85.66,
    "volume" : 7851957.00
  }, {
    "date" : "2025-10-07",
    "price" : 88.35,
    "dma50" : 88.83,
    "dma100" : 88.17,
    "dma200" : 85.69,
    "volume" : 3420141.00
  }, {
    "date" : "2025-10-08",
    "price" : 87.62,
    "dma50" : 88.78,
    "dma100" : 88.14,
    "dma200" : 85.71,
    "volume" : 6974485.00
  }, {
    "date" : "2025-10-09",
    "price" : 90.69,
    "dma50" : 88.86,
    "dma100" : 88.17,
    "dma200" : 85.76,
    "volume" : 12717310.00
  }, {
    "date" : "2025-10-10",
    "price" : 90.12,
    "dma50" : 88.91,
    "dma100" : 88.21,
    "dma200" : 85.80,
    "volume" : 5093565.00
  }, {
    "date" : "2025-10-13",
    "price" : 89.87,
    "dma50" : 88.94,
    "dma100" : 88.24,
    "dma200" : 85.84,
    "volume" : 5036849.00
  }, {
    "date" : "2025-10-14",
    "price" : 88.74,
    "dma50" : 88.94,
    "dma100" : 88.23,
    "dma200" : 85.87,
    "volume" : 4204712.00
  }, {
    "date" : "2025-10-15",
    "price" : 90.15,
    "dma50" : 88.98,
    "dma100" : 88.27,
    "dma200" : 85.91,
    "volume" : 4766649.00
  }, {
    "date" : "2025-10-16",
    "price" : 90.62,
    "dma50" : 89.05,
    "dma100" : 88.31,
    "dma200" : 85.96,
    "volume" : 6812654.00
  }, {
    "date" : "2025-10-17",
    "price" : 90.11,
    "dma50" : 89.09,
    "dma100" : 88.34,
    "dma200" : 86.00,
    "volume" : 5776892.00
  }, {
    "date" : "2025-10-20",
    "price" : 91.97,
    "dma50" : 89.20,
    "dma100" : 88.40,
    "dma200" : 86.06,
    "volume" : 8782975.00
  }, {
    "date" : "2025-10-21",
    "price" : 91.99,
    "dma50" : 89.31,
    "dma100" : 88.46,
    "dma200" : 86.12,
    "volume" : 1843322.00
  }, {
    "date" : "2025-10-23",
    "price" : 92.29,
    "dma50" : 89.43,
    "dma100" : 88.54,
    "dma200" : 86.18,
    "volume" : 22977824.00
  }, {
    "date" : "2025-10-24",
    "price" : 93.19,
    "dma50" : 89.58,
    "dma100" : 88.61,
    "dma200" : 86.25,
    "volume" : 27633222.00
  }, {
    "date" : "2025-10-27",
    "price" : 92.34,
    "dma50" : 89.68,
    "dma100" : 88.68,
    "dma200" : 86.31,
    "volume" : 9568426.00
  }, {
    "date" : "2025-10-28",
    "price" : 92.64,
    "dma50" : 89.80,
    "dma100" : 88.77,
    "dma200" : 86.37,
    "volume" : 11595873.00
  }, {
    "date" : "2025-10-29",
    "price" : 92.99,
    "dma50" : 89.92,
    "dma100" : 88.85,
    "dma200" : 86.44,
    "volume" : 15302718.00
  }, {
    "date" : "2025-10-30",
    "price" : 94.45,
    "dma50" : 90.10,
    "dma100" : 88.93,
    "dma200" : 86.52,
    "volume" : 27905566.00
  }, {
    "date" : "2025-10-31",
    "price" : 93.89,
    "dma50" : 90.25,
    "dma100" : 89.01,
    "dma200" : 86.59,
    "volume" : 12696368.00
  }, {
    "date" : "2025-11-03",
    "price" : 93.35,
    "dma50" : 90.37,
    "dma100" : 89.09,
    "dma200" : 86.66,
    "volume" : 4023802.00
  }, {
    "date" : "2025-11-04",
    "price" : 95.11,
    "dma50" : 90.56,
    "dma100" : 89.20,
    "dma200" : 86.74,
    "volume" : 16492467.00
  }, {
    "date" : "2025-11-06",
    "price" : 94.41,
    "dma50" : 90.71,
    "dma100" : 89.32,
    "dma200" : 86.82,
    "volume" : 11370770.00
  }, {
    "date" : "2025-11-07",
    "price" : 95.68,
    "dma50" : 90.90,
    "dma100" : 89.47,
    "dma200" : 86.91,
    "volume" : 17547562.00
  }, {
    "date" : "2025-11-10",
    "price" : 95.59,
    "dma50" : 91.09,
    "dma100" : 89.59,
    "dma200" : 87.00,
    "volume" : 11159761.00
  }, {
    "date" : "2025-11-11",
    "price" : 95.51,
    "dma50" : 91.26,
    "dma100" : 89.72,
    "dma200" : 87.08,
    "volume" : 6396548.00
  }, {
    "date" : "2025-11-12",
    "price" : 95.40,
    "dma50" : 91.42,
    "dma100" : 89.85,
    "dma200" : 87.16,
    "volume" : 10827055.00
  }, {
    "date" : "2025-11-13",
    "price" : 95.43,
    "dma50" : 91.58,
    "dma100" : 89.99,
    "dma200" : 87.25,
    "volume" : 11211231.00
  }, {
    "date" : "2025-11-14",
    "price" : 95.65,
    "dma50" : 91.74,
    "dma100" : 90.14,
    "dma200" : 87.33,
    "volume" : 29670490.00
  }, {
    "date" : "2025-11-17",
    "price" : 97.70,
    "dma50" : 91.97,
    "dma100" : 90.30,
    "dma200" : 87.43,
    "volume" : 16930028.00
  }, {
    "date" : "2025-11-18",
    "price" : 103.74,
    "dma50" : 92.44,
    "dma100" : 90.51,
    "dma200" : 87.59,
    "volume" : 110026881.00
  }, {
    "date" : "2025-11-19",
    "price" : 102.90,
    "dma50" : 92.85,
    "dma100" : 90.70,
    "dma200" : 87.75,
    "volume" : 26392296.00
  }, {
    "date" : "2025-11-20",
    "price" : 103.27,
    "dma50" : 93.25,
    "dma100" : 90.89,
    "dma200" : 87.90,
    "volume" : 23069736.00
  }, {
    "date" : "2025-11-21",
    "price" : 104.00,
    "dma50" : 93.68,
    "dma100" : 91.08,
    "dma200" : 88.06,
    "volume" : 38210624.00
  }, {
    "date" : "2025-11-24",
    "price" : 103.65,
    "dma50" : 94.07,
    "dma100" : 91.26,
    "dma200" : 88.22,
    "volume" : 31193736.00
  }, {
    "date" : "2025-11-25",
    "price" : 104.22,
    "dma50" : 94.47,
    "dma100" : 91.45,
    "dma200" : 88.38,
    "volume" : 27959569.00
  }, {
    "date" : "2025-11-26",
    "price" : 106.76,
    "dma50" : 94.95,
    "dma100" : 91.63,
    "dma200" : 88.56,
    "volume" : 29007141.00
  }, {
    "date" : "2025-11-27",
    "price" : 106.66,
    "dma50" : 95.41,
    "dma100" : 91.81,
    "dma200" : 88.74,
    "volume" : 14405358.00
  }, {
    "date" : "2025-11-28",
    "price" : 108.29,
    "dma50" : 95.91,
    "dma100" : 91.99,
    "dma200" : 88.93,
    "volume" : 26420746.00
  }, {
    "date" : "2025-12-01",
    "price" : 107.50,
    "dma50" : 96.37,
    "dma100" : 92.17,
    "dma200" : 89.12,
    "volume" : 40984483.00
  } ],
  "latestTechnicalAttributes" : {
    "date" : "2025-12-01",
    "price" : 107.50,
    "dma50" : 96.37,
    "dma100" : 92.17,
    "dma200" : 89.12,
    "volume" : 40984483.00
  },
  "quarterlyResults" : [ {
    "date" : "2005-12-31",
    "sales" : 0.00,
    "salesGrowthYoY" : null,
    "grossProfitMargin" : 0.00,
    "grossProfit" : 0.00,
    "operatingProfitMargin" : 0.00,
    "operatingProfit" : 0.00,
    "netProfitMargin" : 0.00,
    "netProfit" : 0.00
  }, {
    "date" : "2006-03-31",
    "sales" : 51.78,
    "salesGrowthYoY" : null,
    "grossProfitMargin" : 100.00,
    "grossProfit" : 51.78,
    "operatingProfitMargin" : 99.09,
    "operatingProfit" : 51.31,
    "netProfitMargin" : 93.20,
    "netProfit" : 48.26
  }, {
    "date" : "2006-06-30",
    "sales" : 0.00,
    "salesGrowthYoY" : null,
    "grossProfitMargin" : 0.00,
    "grossProfit" : 0.00,
    "operatingProfitMargin" : 0.00,
    "operatingProfit" : 0.00,
    "netProfitMargin" : 0.00,
    "netProfit" : 0.00
  }, {
    "date" : "2006-09-30",
    "sales" : 0.00,
    "salesGrowthYoY" : null,
    "grossProfitMargin" : 0.00,
    "grossProfit" : 0.00,
    "operatingProfitMargin" : 0.00,
    "operatingProfit" : 0.00,
    "netProfitMargin" : 0.00,
    "netProfit" : 0.00
  }, {
    "date" : "2006-12-31",
    "sales" : 0.00,
    "salesGrowthYoY" : 0.00,
    "grossProfitMargin" : 0.00,
    "grossProfit" : 0.00,
    "operatingProfitMargin" : 0.00,
    "operatingProfit" : 0.00,
    "netProfitMargin" : 0.00,
    "netProfit" : 0.00
  }, {
    "date" : "2007-03-31",
    "sales" : 22.01,
    "salesGrowthYoY" : -57.49,
    "grossProfitMargin" : 100.00,
    "grossProfit" : 22.01,
    "operatingProfitMargin" : 73.19,
    "operatingProfit" : 16.11,
    "netProfitMargin" : 56.20,
    "netProfit" : 12.37
  }, {
    "date" : "2007-06-30",
    "sales" : 7.07,
    "salesGrowthYoY" : 100.00,
    "grossProfitMargin" : 100.00,
    "grossProfit" : 7.07,
    "operatingProfitMargin" : 82.60,
    "operatingProfit" : 5.84,
    "netProfitMargin" : 10.33,
    "netProfit" : 0.73
  }, {
    "date" : "2007-09-30",
    "sales" : 15.75,
    "salesGrowthYoY" : 100.00,
    "grossProfitMargin" : 100.00,
    "grossProfit" : 15.75,
    "operatingProfitMargin" : 90.35,
    "operatingProfit" : 14.23,
    "netProfitMargin" : 56.70,
    "netProfit" : 8.93
  }, {
    "date" : "2007-12-31",
    "sales" : 17.96,
    "salesGrowthYoY" : 100.00,
    "grossProfitMargin" : 100.00,
    "grossProfit" : 17.96,
    "operatingProfitMargin" : 94.10,
    "operatingProfit" : 16.90,
    "netProfitMargin" : 87.31,
    "netProfit" : 15.68
  }, {
    "date" : "2008-03-31",
    "sales" : 61.99,
    "salesGrowthYoY" : 181.64,
    "grossProfitMargin" : 100.00,
    "grossProfit" : 61.99,
    "operatingProfitMargin" : 72.00,
    "operatingProfit" : 44.63,
    "netProfitMargin" : 60.27,
    "netProfit" : 37.36
  }, {
    "date" : "2008-06-30",
    "sales" : 55.44,
    "salesGrowthYoY" : 684.16,
    "grossProfitMargin" : 100.00,
    "grossProfit" : 55.44,
    "operatingProfitMargin" : 86.17,
    "operatingProfit" : 47.77,
    "netProfitMargin" : 75.56,
    "netProfit" : 41.89
  }, {
    "date" : "2008-09-30",
    "sales" : 40.72,
    "salesGrowthYoY" : 158.54,
    "grossProfitMargin" : 100.00,
    "grossProfit" : 40.72,
    "operatingProfitMargin" : 74.41,
    "operatingProfit" : 30.30,
    "netProfitMargin" : 59.41,
    "netProfit" : 24.19
  }, {
    "date" : "2008-12-31",
    "sales" : 37.20,
    "salesGrowthYoY" : 107.13,
    "grossProfitMargin" : 100.00,
    "grossProfit" : 37.20,
    "operatingProfitMargin" : 86.69,
    "operatingProfit" : 32.25,
    "netProfitMargin" : 59.87,
    "netProfit" : 22.27
  }, {
    "date" : "2009-03-31",
    "sales" : 25.59,
    "salesGrowthYoY" : -58.72,
    "grossProfitMargin" : 100.00,
    "grossProfit" : 25.59,
    "operatingProfitMargin" : 53.69,
    "operatingProfit" : 13.74,
    "netProfitMargin" : 36.42,
    "netProfit" : 9.32
  }, {
    "date" : "2009-06-30",
    "sales" : 17.48,
    "salesGrowthYoY" : -68.47,
    "grossProfitMargin" : 100.00,
    "grossProfit" : 17.48,
    "operatingProfitMargin" : 64.76,
    "operatingProfit" : 11.32,
    "netProfitMargin" : 20.37,
    "netProfit" : 3.56
  }, {
    "date" : "2009-09-30",
    "sales" : 39.58,
    "salesGrowthYoY" : -2.80,
    "grossProfitMargin" : 100.00,
    "grossProfit" : 39.58,
    "operatingProfitMargin" : 53.01,
    "operatingProfit" : 20.98,
    "netProfitMargin" : 28.27,
    "netProfit" : 11.19
  }, {
    "date" : "2009-12-31",
    "sales" : 51.78,
    "salesGrowthYoY" : 39.19,
    "grossProfitMargin" : 100.00,
    "grossProfit" : 51.78,
    "operatingProfitMargin" : 46.60,
    "operatingProfit" : 24.13,
    "netProfitMargin" : 3.55,
    "netProfit" : 1.84
  }, {
    "date" : "2010-03-31",
    "sales" : 57.50,
    "salesGrowthYoY" : 124.70,
    "grossProfitMargin" : 122.05,
    "grossProfit" : 70.18,
    "operatingProfitMargin" : 25.77,
    "operatingProfit" : 14.82,
    "netProfitMargin" : -5.44,
    "netProfit" : -3.13
  }, {
    "date" : "2010-06-30",
    "sales" : 76.69,
    "salesGrowthYoY" : 338.73,
    "grossProfitMargin" : 98.41,
    "grossProfit" : 75.47,
    "operatingProfitMargin" : 58.81,
    "operatingProfit" : 45.10,
    "netProfitMargin" : -9.08,
    "netProfit" : -6.96
  }, {
    "date" : "2010-09-30",
    "sales" : 127.05,
    "salesGrowthYoY" : 221.00,
    "grossProfitMargin" : 94.56,
    "grossProfit" : 120.14,
    "operatingProfitMargin" : 42.61,
    "operatingProfit" : 54.14,
    "netProfitMargin" : 7.06,
    "netProfit" : 8.97
  }, {
    "date" : "2010-12-31",
    "sales" : 142.07,
    "salesGrowthYoY" : 174.37,
    "grossProfitMargin" : 103.11,
    "grossProfit" : 146.49,
    "operatingProfitMargin" : 36.43,
    "operatingProfit" : 51.76,
    "netProfitMargin" : 12.04,
    "netProfit" : 17.11
  }, {
    "date" : "2011-03-31",
    "sales" : 381.59,
    "salesGrowthYoY" : 563.63,
    "grossProfitMargin" : 84.65,
    "grossProfit" : 323.02,
    "operatingProfitMargin" : 23.00,
    "operatingProfit" : 87.77,
    "netProfitMargin" : 10.42,
    "netProfit" : 39.76
  }, {
    "date" : "2011-06-30",
    "sales" : 266.80,
    "salesGrowthYoY" : 247.89,
    "grossProfitMargin" : 77.22,
    "grossProfit" : 206.02,
    "operatingProfitMargin" : 30.19,
    "operatingProfit" : 80.55,
    "netProfitMargin" : 9.18,
    "netProfit" : 24.49
  }, {
    "date" : "2011-09-30",
    "sales" : 348.25,
    "salesGrowthYoY" : 174.10,
    "grossProfitMargin" : 79.64,
    "grossProfit" : 277.35,
    "operatingProfitMargin" : 23.95,
    "operatingProfit" : 83.41,
    "netProfitMargin" : 16.76,
    "netProfit" : 58.37
  }, {
    "date" : "2011-12-31",
    "sales" : 395.97,
    "salesGrowthYoY" : 178.71,
    "grossProfitMargin" : 75.57,
    "grossProfit" : 299.23,
    "operatingProfitMargin" : 22.16,
    "operatingProfit" : 87.75,
    "netProfitMargin" : 19.19,
    "netProfit" : 75.99
  }, {
    "date" : "2012-03-31",
    "sales" : 370.86,
    "salesGrowthYoY" : -2.81,
    "grossProfitMargin" : 71.36,
    "grossProfit" : 264.65,
    "operatingProfitMargin" : 8.04,
    "operatingProfit" : 29.82,
    "netProfitMargin" : -10.39,
    "netProfit" : -38.53
  }, {
    "date" : "2012-06-30",
    "sales" : 487.18,
    "salesGrowthYoY" : 82.60,
    "grossProfitMargin" : 26.58,
    "grossProfit" : 129.49,
    "operatingProfitMargin" : 17.64,
    "operatingProfit" : 85.94,
    "netProfitMargin" : 3.70,
    "netProfit" : 18.03
  }, {
    "date" : "2012-09-30",
    "sales" : 342.47,
    "salesGrowthYoY" : -1.66,
    "grossProfitMargin" : 32.64,
    "grossProfit" : 111.78,
    "operatingProfitMargin" : 20.73,
    "operatingProfit" : 70.99,
    "netProfitMargin" : -6.86,
    "netProfit" : -23.49
  }, {
    "date" : "2012-12-31",
    "sales" : 281.00,
    "salesGrowthYoY" : -29.04,
    "grossProfitMargin" : 40.63,
    "grossProfit" : 114.17,
    "operatingProfitMargin" : 27.38,
    "operatingProfit" : 76.94,
    "netProfitMargin" : -4.46,
    "netProfit" : -12.53
  }, {
    "date" : "2013-03-31",
    "sales" : 322.14,
    "salesGrowthYoY" : -13.14,
    "grossProfitMargin" : 51.34,
    "grossProfit" : 165.39,
    "operatingProfitMargin" : 36.91,
    "operatingProfit" : 118.90,
    "netProfitMargin" : 4.78,
    "netProfit" : 15.40
  }, {
    "date" : "2013-06-30",
    "sales" : 263.40,
    "salesGrowthYoY" : -45.93,
    "grossProfitMargin" : 44.86,
    "grossProfit" : 118.16,
    "operatingProfitMargin" : 33.09,
    "operatingProfit" : 87.16,
    "netProfitMargin" : 2.02,
    "netProfit" : 5.32
  }, {
    "date" : "2013-09-30",
    "sales" : 163.38,
    "salesGrowthYoY" : -52.29,
    "grossProfitMargin" : 65.36,
    "grossProfit" : 106.79,
    "operatingProfitMargin" : 44.53,
    "operatingProfit" : 72.75,
    "netProfitMargin" : -17.74,
    "netProfit" : -28.98
  }, {
    "date" : "2013-12-31",
    "sales" : 154.11,
    "salesGrowthYoY" : -45.16,
    "grossProfitMargin" : 63.62,
    "grossProfit" : 98.04,
    "operatingProfitMargin" : 51.31,
    "operatingProfit" : 79.07,
    "netProfitMargin" : -19.56,
    "netProfit" : -30.14
  }, {
    "date" : "2014-03-31",
    "sales" : 205.40,
    "salesGrowthYoY" : -36.24,
    "grossProfitMargin" : 30.51,
    "grossProfit" : 62.67,
    "operatingProfitMargin" : 10.56,
    "operatingProfit" : 21.69,
    "netProfitMargin" : -50.87,
    "netProfit" : -104.49
  }, {
    "date" : "2014-06-30",
    "sales" : 161.16,
    "salesGrowthYoY" : -38.82,
    "grossProfitMargin" : 60.45,
    "grossProfit" : 97.42,
    "operatingProfitMargin" : 48.97,
    "operatingProfit" : 78.92,
    "netProfitMargin" : -36.76,
    "netProfit" : -59.24
  }, {
    "date" : "2014-09-30",
    "sales" : 142.99,
    "salesGrowthYoY" : -12.48,
    "grossProfitMargin" : 91.00,
    "grossProfit" : 130.12,
    "operatingProfitMargin" : 79.75,
    "operatingProfit" : 114.03,
    "netProfitMargin" : -12.62,
    "netProfit" : -18.05
  }, {
    "date" : "2014-12-31",
    "sales" : 171.09,
    "salesGrowthYoY" : 11.02,
    "grossProfitMargin" : 85.18,
    "grossProfit" : 145.73,
    "operatingProfitMargin" : 75.04,
    "operatingProfit" : 128.39,
    "netProfitMargin" : -7.54,
    "netProfit" : -12.90
  }, {
    "date" : "2015-03-31",
    "sales" : 174.50,
    "salesGrowthYoY" : -15.04,
    "grossProfitMargin" : 87.30,
    "grossProfit" : 152.34,
    "operatingProfitMargin" : 73.48,
    "operatingProfit" : 128.22,
    "netProfitMargin" : -0.03,
    "netProfit" : -0.05
  }, {
    "date" : "2015-06-30",
    "sales" : 269.19,
    "salesGrowthYoY" : 67.03,
    "grossProfitMargin" : 94.93,
    "grossProfit" : 255.54,
    "operatingProfitMargin" : 87.84,
    "operatingProfit" : 236.46,
    "netProfitMargin" : 5.28,
    "netProfit" : 14.21
  }, {
    "date" : "2015-09-30",
    "sales" : 281.19,
    "salesGrowthYoY" : 96.65,
    "grossProfitMargin" : 97.73,
    "grossProfit" : 274.81,
    "operatingProfitMargin" : 85.06,
    "operatingProfit" : 239.18,
    "netProfitMargin" : 11.75,
    "netProfit" : 33.04
  }, {
    "date" : "2015-12-31",
    "sales" : 294.48,
    "salesGrowthYoY" : 72.12,
    "grossProfitMargin" : 98.79,
    "grossProfit" : 290.92,
    "operatingProfitMargin" : 89.00,
    "operatingProfit" : 262.09,
    "netProfitMargin" : 30.03,
    "netProfit" : 88.43
  }, {
    "date" : "2016-03-31",
    "sales" : 394.31,
    "salesGrowthYoY" : 125.97,
    "grossProfitMargin" : 96.93,
    "grossProfit" : 382.20,
    "operatingProfitMargin" : 70.93,
    "operatingProfit" : 279.68,
    "netProfitMargin" : 18.76,
    "netProfit" : 73.97
  }, {
    "date" : "2016-06-30",
    "sales" : 361.26,
    "salesGrowthYoY" : 34.20,
    "grossProfitMargin" : 87.37,
    "grossProfit" : 315.63,
    "operatingProfitMargin" : 78.72,
    "operatingProfit" : 284.38,
    "netProfitMargin" : 17.82,
    "netProfit" : 64.38
  }, {
    "date" : "2016-09-30",
    "sales" : 330.62,
    "salesGrowthYoY" : 17.58,
    "grossProfitMargin" : 95.03,
    "grossProfit" : 314.19,
    "operatingProfitMargin" : 76.57,
    "operatingProfit" : 253.16,
    "netProfitMargin" : 9.16,
    "netProfit" : 30.28
  }, {
    "date" : "2016-12-31",
    "sales" : 216.25,
    "salesGrowthYoY" : -26.57,
    "grossProfitMargin" : 90.25,
    "grossProfit" : 195.17,
    "operatingProfitMargin" : 53.98,
    "operatingProfit" : 116.73,
    "netProfitMargin" : -18.00,
    "netProfit" : -38.92
  }, {
    "date" : "2017-03-31",
    "sales" : 271.64,
    "salesGrowthYoY" : -31.11,
    "grossProfitMargin" : 78.28,
    "grossProfit" : 212.64,
    "operatingProfitMargin" : 22.25,
    "operatingProfit" : 60.44,
    "netProfitMargin" : -44.59,
    "netProfit" : -121.12
  }, {
    "date" : "2017-06-30",
    "sales" : 319.95,
    "salesGrowthYoY" : -11.43,
    "grossProfitMargin" : 71.30,
    "grossProfit" : 228.12,
    "operatingProfitMargin" : 28.93,
    "operatingProfit" : 92.56,
    "netProfitMargin" : -28.09,
    "netProfit" : -89.87
  }, {
    "date" : "2017-09-30",
    "sales" : 201.00,
    "salesGrowthYoY" : -39.21,
    "grossProfitMargin" : 80.01,
    "grossProfit" : 160.82,
    "operatingProfitMargin" : 42.71,
    "operatingProfit" : 85.85,
    "netProfitMargin" : -48.01,
    "netProfit" : -96.50
  }, {
    "date" : "2017-12-31",
    "sales" : 308.32,
    "salesGrowthYoY" : 42.58,
    "grossProfitMargin" : 66.52,
    "grossProfit" : 205.09,
    "operatingProfitMargin" : 28.14,
    "operatingProfit" : 86.76,
    "netProfitMargin" : -48.69,
    "netProfit" : -150.12
  }, {
    "date" : "2018-03-31",
    "sales" : 276.74,
    "salesGrowthYoY" : 1.88,
    "grossProfitMargin" : 48.94,
    "grossProfit" : 135.44,
    "operatingProfitMargin" : 10.36,
    "operatingProfit" : 28.67,
    "netProfitMargin" : -56.75,
    "netProfit" : -157.05
  }, {
    "date" : "2018-06-30",
    "sales" : 286.65,
    "salesGrowthYoY" : -10.41,
    "grossProfitMargin" : 68.56,
    "grossProfit" : 196.53,
    "operatingProfitMargin" : 32.95,
    "operatingProfit" : 94.45,
    "netProfitMargin" : -33.78,
    "netProfit" : -96.83
  }, {
    "date" : "2018-09-30",
    "sales" : 255.37,
    "salesGrowthYoY" : 27.05,
    "grossProfitMargin" : 68.50,
    "grossProfit" : 174.93,
    "operatingProfitMargin" : 32.82,
    "operatingProfit" : 83.81,
    "netProfitMargin" : -41.75,
    "netProfit" : -106.62
  }, {
    "date" : "2018-12-31",
    "sales" : 266.55,
    "salesGrowthYoY" : -13.55,
    "grossProfitMargin" : 69.92,
    "grossProfit" : 186.37,
    "operatingProfitMargin" : -11.22,
    "operatingProfit" : -29.91,
    "netProfitMargin" : -95.02,
    "netProfit" : -253.28
  }, {
    "date" : "2019-03-31",
    "sales" : 292.47,
    "salesGrowthYoY" : 5.68,
    "grossProfitMargin" : 70.07,
    "grossProfit" : 204.93,
    "operatingProfitMargin" : 34.25,
    "operatingProfit" : 100.17,
    "netProfitMargin" : -36.39,
    "netProfit" : -106.43
  }, {
    "date" : "2019-06-30",
    "sales" : 312.34,
    "salesGrowthYoY" : 8.96,
    "grossProfitMargin" : 62.03,
    "grossProfit" : 193.74,
    "operatingProfitMargin" : 31.11,
    "operatingProfit" : 97.17,
    "netProfitMargin" : -40.32,
    "netProfit" : -125.94
  }, {
    "date" : "2019-09-30",
    "sales" : 227.93,
    "salesGrowthYoY" : -10.75,
    "grossProfitMargin" : 74.40,
    "grossProfit" : 169.58,
    "operatingProfitMargin" : 41.05,
    "operatingProfit" : 93.57,
    "netProfitMargin" : -80.06,
    "netProfit" : -182.48
  }, {
    "date" : "2019-12-31",
    "sales" : 261.70,
    "salesGrowthYoY" : -1.82,
    "grossProfitMargin" : 66.49,
    "grossProfit" : 174.00,
    "operatingProfitMargin" : 41.08,
    "operatingProfit" : 107.51,
    "netProfitMargin" : -70.46,
    "netProfit" : -184.39
  }, {
    "date" : "2020-03-31",
    "sales" : 353.13,
    "salesGrowthYoY" : 20.74,
    "grossProfitMargin" : 72.89,
    "grossProfit" : 257.40,
    "operatingProfitMargin" : 41.53,
    "operatingProfit" : 146.65,
    "netProfitMargin" : -8.71,
    "netProfit" : -30.76
  }, {
    "date" : "2020-06-30",
    "sales" : 298.59,
    "salesGrowthYoY" : -4.40,
    "grossProfitMargin" : 58.89,
    "grossProfit" : 175.84,
    "operatingProfitMargin" : 36.75,
    "operatingProfit" : 109.73,
    "netProfitMargin" : -56.46,
    "netProfit" : -168.58
  }, {
    "date" : "2020-09-30",
    "sales" : 283.78,
    "salesGrowthYoY" : 24.50,
    "grossProfitMargin" : 69.30,
    "grossProfit" : 196.66,
    "operatingProfitMargin" : 44.81,
    "operatingProfit" : 127.16,
    "netProfitMargin" : -29.69,
    "netProfit" : -84.25
  }, {
    "date" : "2020-12-31",
    "sales" : 4.32,
    "salesGrowthYoY" : -98.35,
    "grossProfitMargin" : 100.00,
    "grossProfit" : 4.32,
    "operatingProfitMargin" : -9774.31,
    "operatingProfit" : -422.25,
    "netProfitMargin" : -10038.66,
    "netProfit" : -433.67
  }, {
    "date" : "2021-03-31",
    "sales" : 1.11,
    "salesGrowthYoY" : -99.69,
    "grossProfitMargin" : 100.00,
    "grossProfit" : 1.11,
    "operatingProfitMargin" : -36822.52,
    "operatingProfit" : -408.73,
    "netProfitMargin" : -38420.72,
    "netProfit" : -426.47
  }, {
    "date" : "2021-06-30",
    "sales" : 1.69,
    "salesGrowthYoY" : -99.43,
    "grossProfitMargin" : 100.00,
    "grossProfit" : 1.69,
    "operatingProfitMargin" : -311.24,
    "operatingProfit" : -5.26,
    "netProfitMargin" : 767.46,
    "netProfit" : 12.97
  }, {
    "date" : "2021-09-30",
    "sales" : 0.35,
    "salesGrowthYoY" : -99.88,
    "grossProfitMargin" : 100.00,
    "grossProfit" : 0.35,
    "operatingProfitMargin" : -2077.14,
    "operatingProfit" : -7.27,
    "netProfitMargin" : -7637.14,
    "netProfit" : -26.73
  }, {
    "date" : "2021-12-31",
    "sales" : 8.85,
    "salesGrowthYoY" : 104.86,
    "grossProfitMargin" : 100.00,
    "grossProfit" : 8.85,
    "operatingProfitMargin" : 39.77,
    "operatingProfit" : 3.52,
    "netProfitMargin" : -181.81,
    "netProfit" : -16.09
  }, {
    "date" : "2022-03-31",
    "sales" : 28.17,
    "salesGrowthYoY" : 2437.84,
    "grossProfitMargin" : 29.53,
    "grossProfit" : 8.32,
    "operatingProfitMargin" : 14.34,
    "operatingProfit" : 4.04,
    "netProfitMargin" : -378.27,
    "netProfit" : -106.56
  }, {
    "date" : "2022-06-30",
    "sales" : 23.40,
    "salesGrowthYoY" : 1284.62,
    "grossProfitMargin" : 97.18,
    "grossProfit" : 22.74,
    "operatingProfitMargin" : 13.85,
    "operatingProfit" : 3.24,
    "netProfitMargin" : -90.34,
    "netProfit" : -21.14
  }, {
    "date" : "2022-09-30",
    "sales" : 21.93,
    "salesGrowthYoY" : 6165.71,
    "grossProfitMargin" : 100.00,
    "grossProfit" : 21.93,
    "operatingProfitMargin" : 15.64,
    "operatingProfit" : 3.43,
    "netProfitMargin" : -71.14,
    "netProfit" : -15.60
  }, {
    "date" : "2022-12-31",
    "sales" : 28.44,
    "salesGrowthYoY" : 221.36,
    "grossProfitMargin" : 100.00,
    "grossProfit" : 28.44,
    "operatingProfitMargin" : 15.51,
    "operatingProfit" : 4.41,
    "netProfitMargin" : -33.79,
    "netProfit" : -9.61
  }, {
    "date" : "2023-03-31",
    "sales" : 28.17,
    "salesGrowthYoY" : 0.00,
    "grossProfitMargin" : 100.00,
    "grossProfit" : 28.17,
    "operatingProfitMargin" : -105.01,
    "operatingProfit" : -29.58,
    "netProfitMargin" : -229.50,
    "netProfit" : -64.65
  }, {
    "date" : "2023-06-30",
    "sales" : 150.46,
    "salesGrowthYoY" : 542.99,
    "grossProfitMargin" : 100.00,
    "grossProfit" : 150.46,
    "operatingProfitMargin" : 53.90,
    "operatingProfit" : 81.10,
    "netProfitMargin" : -69.61,
    "netProfit" : -104.74
  }, {
    "date" : "2023-09-30",
    "sales" : 65.34,
    "salesGrowthYoY" : 197.95,
    "grossProfitMargin" : 100.00,
    "grossProfit" : 65.34,
    "operatingProfitMargin" : 70.46,
    "operatingProfit" : 46.04,
    "netProfitMargin" : 29.63,
    "netProfit" : 19.36
  }, {
    "date" : "2023-12-31",
    "sales" : 197.03,
    "salesGrowthYoY" : 592.79,
    "grossProfitMargin" : 99.72,
    "grossProfit" : 196.48,
    "operatingProfitMargin" : 40.72,
    "operatingProfit" : 80.23,
    "netProfitMargin" : -98.27,
    "netProfit" : -193.62
  }, {
    "date" : "2024-03-31",
    "sales" : 297.11,
    "salesGrowthYoY" : 954.70,
    "grossProfitMargin" : 99.72,
    "grossProfit" : 296.28,
    "operatingProfitMargin" : 33.02,
    "operatingProfit" : 98.11,
    "netProfitMargin" : -49.86,
    "netProfit" : -148.14
  }, {
    "date" : "2024-06-30",
    "sales" : 202.34,
    "salesGrowthYoY" : 34.48,
    "grossProfitMargin" : 99.85,
    "grossProfit" : 202.04,
    "operatingProfitMargin" : 43.80,
    "operatingProfit" : 88.62,
    "netProfitMargin" : -71.99,
    "netProfit" : -145.66
  }, {
    "date" : "2024-09-30",
    "sales" : 282.42,
    "salesGrowthYoY" : 332.23,
    "grossProfitMargin" : 99.82,
    "grossProfit" : 281.91,
    "operatingProfitMargin" : 40.39,
    "operatingProfit" : 114.07,
    "netProfitMargin" : -60.30,
    "netProfit" : -170.30
  }, {
    "date" : "2024-12-31",
    "sales" : 270.92,
    "salesGrowthYoY" : 37.50,
    "grossProfitMargin" : 99.43,
    "grossProfit" : 269.38,
    "operatingProfitMargin" : 44.49,
    "operatingProfit" : 120.53,
    "netProfitMargin" : -18.25,
    "netProfit" : -49.44
  }, {
    "date" : "2025-03-31",
    "sales" : 507.72,
    "salesGrowthYoY" : 70.89,
    "grossProfitMargin" : 99.50,
    "grossProfit" : 505.18,
    "operatingProfitMargin" : 70.58,
    "operatingProfit" : 358.35,
    "netProfitMargin" : 13.50,
    "netProfit" : 68.54
  }, {
    "date" : "2025-06-30",
    "sales" : 477.97,
    "salesGrowthYoY" : 136.22,
    "grossProfitMargin" : 99.79,
    "grossProfit" : 476.97,
    "operatingProfitMargin" : 22.91,
    "operatingProfit" : 109.50,
    "netProfitMargin" : -37.24,
    "netProfit" : -178.00
  }, {
    "date" : "2025-09-30",
    "sales" : 945.10,
    "salesGrowthYoY" : 234.64,
    "grossProfitMargin" : 84.24,
    "grossProfit" : 796.15,
    "operatingProfitMargin" : 25.27,
    "operatingProfit" : 238.83,
    "netProfitMargin" : -14.11,
    "netProfit" : -133.35
  } ],
  "latestQuarterlyResult" : {
    "date" : "2025-09-30",
    "sales" : 945.10,
    "salesGrowthYoY" : 234.64,
    "grossProfitMargin" : 84.24,
    "grossProfit" : 796.15,
    "operatingProfitMargin" : 25.27,
    "operatingProfit" : 238.83,
    "netProfitMargin" : -14.11,
    "netProfit" : -133.35
  },
  "companyScore" : {
    "priceHigherThanDma50" : 5.00,
    "priceHigherThanDma100" : 5.00,
    "priceHigherThanDma200" : 5.00,
    "dma50HigherThanDma100" : 5.00,
    "dma50HigherThanDma200" : 5.00,
    "dma100HigherThanDma200" : 5.00,
    "pricePercentageAboveDma50" : 4.42,
    "pricePercentageAboveDma100" : 4.17,
    "pricePercentageAboveDma200" : 3.97,
    "weeklyVolumeHigherThanYearlyVolume" : 5.00,
    "salesGrowthPercentile" : 17.11,
    "operatingProfitMarginPercentile" : 19.96,
    "netProfitMarginPercentile" : 9.80,
    "totalTechnicalScore" : 47.56,
    "totalFundamentalScore" : 46.87,
    "totalScore" : 94.43
  }
}