{
  "metadata" : {
    "screenerCompanyId" : "1198",
    "companyCode" : "GRASIM",
    "companyName" : "Grasim Inds",
    "screenerCompanyLink" : "https://www.screener.in/company/GRASIM/consolidated/",
    "screenerTechnicalHistoryLink" : "https://www.screener.in/api/company/1198/chart/?q=Price-DMA50-DMA200-Volume&days=365",
    "screenerQuarterlyResultsLink" : "https://www.screener.in/api/company/1198/chart/?q=GPM-OPM-NPM-Quarter+Sales&days=10000",
    "attributes" : {
      "companyCode" : "GRASIM",
      "companyName" : "Grasim Inds",
      "marketCap" : 192414.00,
      "peRatio" : 44.50,
      "description" : "Grasim Industries Limited is the flagship company of the Aditya Birla group, it ranks amongst India's largest private sector companies. On standalone basis, GIL’s core businesses comprise of viscose Staple fibre (VSF), caustic soda, speciality chemicals, rayon-grade wood pulp (RGWP) with plants at multiple locations. It also has certain other businesses such as fertiliser, textile, etc. [1]"
    },
    "companyScore" : {
      "priceHigherThanDma50" : 5.00,
      "priceHigherThanDma100" : 5.00,
      "priceHigherThanDma200" : 5.00,
      "dma50HigherThanDma100" : 0.00,
      "dma50HigherThanDma200" : 5.00,
      "dma100HigherThanDma200" : 5.00,
      "pricePercentageAboveDma50" : 4.93,
      "pricePercentageAboveDma100" : 4.95,
      "pricePercentageAboveDma200" : 4.82,
      "weeklyVolumeHigherThanYearlyVolume" : 0.00,
      "salesGrowthPercentile" : 14.18,
      "operatingProfitMarginPercentile" : 7.35,
      "netProfitMarginPercentile" : 5.37,
      "totalTechnicalScore" : 39.70,
      "totalFundamentalScore" : 26.90,
      "totalScore" : 66.60
    }
  },
  "attributes" : {
    "companyCode" : "GRASIM",
    "companyName" : "Grasim Inds",
    "marketCap" : 192414.00,
    "peRatio" : 44.50,
    "description" : "Grasim Industries Limited is the flagship company of the Aditya Birla group, it ranks amongst India's largest private sector companies. On standalone basis, GIL’s core businesses comprise of viscose Staple fibre (VSF), caustic soda, speciality chemicals, rayon-grade wood pulp (RGWP) with plants at multiple locations. It also has certain other businesses such as fertiliser, textile, etc. [1]"
  },
  "technicalHistory" : [ {
    "date" : "2024-12-26",
    "price" : 2482.05,
    "dma50" : 2622.32,
    "dma100" : null,
    "dma200" : 2523.07,
    "volume" : 565585.00
  }, {
    "date" : "2024-12-27",
    "price" : 2480.30,
    "dma50" : 2616.75,
    "dma100" : null,
    "dma200" : 2522.64,
    "volume" : 497332.00
  }, {
    "date" : "2024-12-30",
    "price" : 2443.50,
    "dma50" : 2609.95,
    "dma100" : null,
    "dma200" : 2521.85,
    "volume" : 770066.00
  }, {
    "date" : "2024-12-31",
    "price" : 2442.70,
    "dma50" : 2603.39,
    "dma100" : null,
    "dma200" : 2521.07,
    "volume" : 550430.00
  }, {
    "date" : "2025-01-01",
    "price" : 2442.15,
    "dma50" : 2597.07,
    "dma100" : null,
    "dma200" : 2520.28,
    "volume" : 583314.00
  }, {
    "date" : "2025-01-02",
    "price" : 2543.95,
    "dma50" : 2594.99,
    "dma100" : null,
    "dma200" : 2520.52,
    "volume" : 990220.00
  }, {
    "date" : "2025-01-03",
    "price" : 2510.00,
    "dma50" : 2591.65,
    "dma100" : null,
    "dma200" : 2520.41,
    "volume" : 599437.00
  }, {
    "date" : "2025-01-06",
    "price" : 2460.55,
    "dma50" : 2586.51,
    "dma100" : null,
    "dma200" : 2519.82,
    "volume" : 400971.00
  }, {
    "date" : "2025-01-07",
    "price" : 2467.25,
    "dma50" : 2581.84,
    "dma100" : null,
    "dma200" : 2519.29,
    "volume" : 519885.00
  }, {
    "date" : "2025-01-08",
    "price" : 2435.75,
    "dma50" : 2576.11,
    "dma100" : null,
    "dma200" : 2518.46,
    "volume" : 563439.00
  }, {
    "date" : "2025-01-09",
    "price" : 2410.40,
    "dma50" : 2569.61,
    "dma100" : null,
    "dma200" : 2517.39,
    "volume" : 770031.00
  }, {
    "date" : "2025-01-10",
    "price" : 2364.10,
    "dma50" : 2561.55,
    "dma100" : null,
    "dma200" : 2515.86,
    "volume" : 418536.00
  }, {
    "date" : "2025-01-13",
    "price" : 2288.15,
    "dma50" : 2550.83,
    "dma100" : null,
    "dma200" : 2513.60,
    "volume" : 432323.00
  }, {
    "date" : "2025-01-14",
    "price" : 2310.60,
    "dma50" : 2541.41,
    "dma100" : null,
    "dma200" : 2511.58,
    "volume" : 870763.00
  }, {
    "date" : "2025-01-15",
    "price" : 2317.55,
    "dma50" : 2532.63,
    "dma100" : null,
    "dma200" : 2509.65,
    "volume" : 587956.00
  }, {
    "date" : "2025-01-16",
    "price" : 2350.70,
    "dma50" : 2525.49,
    "dma100" : null,
    "dma200" : 2508.06,
    "volume" : 1400638.00
  }, {
    "date" : "2025-01-17",
    "price" : 2375.85,
    "dma50" : 2519.63,
    "dma100" : null,
    "dma200" : 2506.75,
    "volume" : 446239.00
  }, {
    "date" : "2025-01-20",
    "price" : 2402.00,
    "dma50" : 2515.01,
    "dma100" : null,
    "dma200" : 2505.71,
    "volume" : 687715.00
  }, {
    "date" : "2025-01-21",
    "price" : 2367.50,
    "dma50" : 2509.23,
    "dma100" : null,
    "dma200" : 2504.33,
    "volume" : 320236.00
  }, {
    "date" : "2025-01-22",
    "price" : 2388.15,
    "dma50" : 2504.48,
    "dma100" : null,
    "dma200" : 2503.18,
    "volume" : 340967.00
  }, {
    "date" : "2025-01-23",
    "price" : 2461.15,
    "dma50" : 2502.78,
    "dma100" : null,
    "dma200" : 2502.76,
    "volume" : 601128.00
  }, {
    "date" : "2025-01-24",
    "price" : 2490.75,
    "dma50" : 2502.31,
    "dma100" : null,
    "dma200" : 2502.64,
    "volume" : 1516330.00
  }, {
    "date" : "2025-01-27",
    "price" : 2458.05,
    "dma50" : 2500.57,
    "dma100" : null,
    "dma200" : 2502.19,
    "volume" : 460705.00
  }, {
    "date" : "2025-01-28",
    "price" : 2411.30,
    "dma50" : 2497.07,
    "dma100" : null,
    "dma200" : 2501.29,
    "volume" : 743420.00
  }, {
    "date" : "2025-01-29",
    "price" : 2453.65,
    "dma50" : 2495.37,
    "dma100" : null,
    "dma200" : 2500.82,
    "volume" : 201709.00
  }, {
    "date" : "2025-01-30",
    "price" : 2491.70,
    "dma50" : 2495.23,
    "dma100" : null,
    "dma200" : 2500.72,
    "volume" : 403511.00
  }, {
    "date" : "2025-01-31",
    "price" : 2508.85,
    "dma50" : 2495.76,
    "dma100" : null,
    "dma200" : 2500.81,
    "volume" : 440656.00
  }, {
    "date" : "2025-02-01",
    "price" : 2440.75,
    "dma50" : 2493.60,
    "dma100" : null,
    "dma200" : 2500.21,
    "volume" : 440015.00
  }, {
    "date" : "2025-02-03",
    "price" : 2473.65,
    "dma50" : 2492.82,
    "dma100" : null,
    "dma200" : 2499.94,
    "volume" : 431840.00
  }, {
    "date" : "2025-02-04",
    "price" : 2484.70,
    "dma50" : 2492.50,
    "dma100" : null,
    "dma200" : 2499.79,
    "volume" : 343994.00
  }, {
    "date" : "2025-02-05",
    "price" : 2490.00,
    "dma50" : 2492.40,
    "dma100" : null,
    "dma200" : 2499.69,
    "volume" : 467896.00
  }, {
    "date" : "2025-02-06",
    "price" : 2499.00,
    "dma50" : 2492.66,
    "dma100" : null,
    "dma200" : 2499.69,
    "volume" : 600485.00
  }, {
    "date" : "2025-02-07",
    "price" : 2487.60,
    "dma50" : 2492.46,
    "dma100" : null,
    "dma200" : 2499.57,
    "volume" : 758054.00
  }, {
    "date" : "2025-02-10",
    "price" : 2473.25,
    "dma50" : 2491.71,
    "dma100" : null,
    "dma200" : 2499.31,
    "volume" : 730398.00
  }, {
    "date" : "2025-02-11",
    "price" : 2491.45,
    "dma50" : 2491.70,
    "dma100" : null,
    "dma200" : 2499.23,
    "volume" : 1744685.00
  }, {
    "date" : "2025-02-12",
    "price" : 2484.95,
    "dma50" : 2491.44,
    "dma100" : null,
    "dma200" : 2499.09,
    "volume" : 471215.00
  }, {
    "date" : "2025-02-13",
    "price" : 2490.10,
    "dma50" : 2491.38,
    "dma100" : null,
    "dma200" : 2499.00,
    "volume" : 746624.00
  }, {
    "date" : "2025-02-14",
    "price" : 2431.30,
    "dma50" : 2489.03,
    "dma100" : null,
    "dma200" : 2498.32,
    "volume" : 703707.00
  }, {
    "date" : "2025-02-17",
    "price" : 2463.85,
    "dma50" : 2488.04,
    "dma100" : null,
    "dma200" : 2497.98,
    "volume" : 659615.00
  }, {
    "date" : "2025-02-18",
    "price" : 2463.20,
    "dma50" : 2487.07,
    "dma100" : null,
    "dma200" : 2497.63,
    "volume" : 600984.00
  }, {
    "date" : "2025-02-19",
    "price" : 2463.20,
    "dma50" : 2486.13,
    "dma100" : null,
    "dma200" : 2497.29,
    "volume" : 292389.00
  }, {
    "date" : "2025-02-20",
    "price" : 2453.70,
    "dma50" : 2484.86,
    "dma100" : null,
    "dma200" : 2496.86,
    "volume" : 430942.00
  }, {
    "date" : "2025-02-21",
    "price" : 2431.05,
    "dma50" : 2482.75,
    "dma100" : null,
    "dma200" : 2496.20,
    "volume" : 509021.00
  }, {
    "date" : "2025-02-24",
    "price" : 2393.70,
    "dma50" : 2479.26,
    "dma100" : null,
    "dma200" : 2495.18,
    "volume" : 546086.00
  }, {
    "date" : "2025-02-25",
    "price" : 2379.30,
    "dma50" : 2475.34,
    "dma100" : null,
    "dma200" : 2494.03,
    "volume" : 500815.00
  }, {
    "date" : "2025-02-27",
    "price" : 2339.95,
    "dma50" : 2470.03,
    "dma100" : null,
    "dma200" : 2492.50,
    "volume" : 1074585.00
  }, {
    "date" : "2025-02-28",
    "price" : 2306.65,
    "dma50" : 2463.62,
    "dma100" : null,
    "dma200" : 2490.65,
    "volume" : 1165096.00
  }, {
    "date" : "2025-03-03",
    "price" : 2377.45,
    "dma50" : 2460.24,
    "dma100" : null,
    "dma200" : 2489.52,
    "volume" : 798602.00
  }, {
    "date" : "2025-03-04",
    "price" : 2394.65,
    "dma50" : 2457.67,
    "dma100" : null,
    "dma200" : 2488.58,
    "volume" : 525898.00
  }, {
    "date" : "2025-03-05",
    "price" : 2391.65,
    "dma50" : 2455.08,
    "dma100" : null,
    "dma200" : 2487.61,
    "volume" : 806878.00
  }, {
    "date" : "2025-03-06",
    "price" : 2393.65,
    "dma50" : 2452.67,
    "dma100" : null,
    "dma200" : 2486.68,
    "volume" : 761210.00
  }, {
    "date" : "2025-03-07",
    "price" : 2407.25,
    "dma50" : 2450.89,
    "dma100" : null,
    "dma200" : 2485.89,
    "volume" : 321402.00
  }, {
    "date" : "2025-03-10",
    "price" : 2383.95,
    "dma50" : 2448.26,
    "dma100" : null,
    "dma200" : 2484.87,
    "volume" : 699763.00
  }, {
    "date" : "2025-03-11",
    "price" : 2413.55,
    "dma50" : 2446.90,
    "dma100" : null,
    "dma200" : 2484.16,
    "volume" : 452082.00
  }, {
    "date" : "2025-03-12",
    "price" : 2398.90,
    "dma50" : 2445.02,
    "dma100" : null,
    "dma200" : 2483.31,
    "volume" : 594207.00
  }, {
    "date" : "2025-03-13",
    "price" : 2370.20,
    "dma50" : 2442.09,
    "dma100" : null,
    "dma200" : 2482.19,
    "volume" : 487885.00
  }, {
    "date" : "2025-03-17",
    "price" : 2399.35,
    "dma50" : 2440.41,
    "dma100" : null,
    "dma200" : 2481.36,
    "volume" : 655600.00
  }, {
    "date" : "2025-03-18",
    "price" : 2421.65,
    "dma50" : 2439.67,
    "dma100" : null,
    "dma200" : 2480.77,
    "volume" : 465992.00
  }, {
    "date" : "2025-03-19",
    "price" : 2458.20,
    "dma50" : 2440.40,
    "dma100" : null,
    "dma200" : 2480.55,
    "volume" : 423169.00
  }, {
    "date" : "2025-03-20",
    "price" : 2468.15,
    "dma50" : 2441.49,
    "dma100" : null,
    "dma200" : 2480.42,
    "volume" : 328296.00
  }, {
    "date" : "2025-03-21",
    "price" : 2469.40,
    "dma50" : 2442.58,
    "dma100" : null,
    "dma200" : 2480.31,
    "volume" : 1390236.00
  }, {
    "date" : "2025-03-24",
    "price" : 2513.20,
    "dma50" : 2445.35,
    "dma100" : null,
    "dma200" : 2480.64,
    "volume" : 601918.00
  }, {
    "date" : "2025-03-25",
    "price" : 2569.45,
    "dma50" : 2450.22,
    "dma100" : null,
    "dma200" : 2481.52,
    "volume" : 1019445.00
  }, {
    "date" : "2025-03-26",
    "price" : 2581.60,
    "dma50" : 2455.37,
    "dma100" : null,
    "dma200" : 2482.52,
    "volume" : 565200.00
  }, {
    "date" : "2025-03-27",
    "price" : 2618.70,
    "dma50" : 2461.78,
    "dma100" : null,
    "dma200" : 2483.87,
    "volume" : 1254335.00
  }, {
    "date" : "2025-03-28",
    "price" : 2611.15,
    "dma50" : 2467.63,
    "dma100" : null,
    "dma200" : 2485.14,
    "volume" : 438585.00
  }, {
    "date" : "2025-04-01",
    "price" : 2619.00,
    "dma50" : 2473.57,
    "dma100" : null,
    "dma200" : 2486.47,
    "volume" : 327467.00
  }, {
    "date" : "2025-04-02",
    "price" : 2616.50,
    "dma50" : 2479.18,
    "dma100" : null,
    "dma200" : 2487.77,
    "volume" : 416792.00
  }, {
    "date" : "2025-04-03",
    "price" : 2651.90,
    "dma50" : 2485.95,
    "dma100" : null,
    "dma200" : 2489.40,
    "volume" : 309191.00
  }, {
    "date" : "2025-04-04",
    "price" : 2616.90,
    "dma50" : 2491.08,
    "dma100" : null,
    "dma200" : 2490.67,
    "volume" : 304083.00
  }, {
    "date" : "2025-04-07",
    "price" : 2509.10,
    "dma50" : 2491.79,
    "dma100" : null,
    "dma200" : 2490.85,
    "volume" : 980522.00
  }, {
    "date" : "2025-04-08",
    "price" : 2590.05,
    "dma50" : 2495.64,
    "dma100" : null,
    "dma200" : 2491.84,
    "volume" : 1302577.00
  }, {
    "date" : "2025-04-09",
    "price" : 2557.75,
    "dma50" : 2498.08,
    "dma100" : null,
    "dma200" : 2492.49,
    "volume" : 496944.00
  }, {
    "date" : "2025-04-11",
    "price" : 2651.25,
    "dma50" : 2504.09,
    "dma100" : null,
    "dma200" : 2494.07,
    "volume" : 681878.00
  }, {
    "date" : "2025-04-15",
    "price" : 2718.60,
    "dma50" : 2512.50,
    "dma100" : null,
    "dma200" : 2496.31,
    "volume" : 829827.00
  }, {
    "date" : "2025-04-16",
    "price" : 2702.80,
    "dma50" : 2519.96,
    "dma100" : null,
    "dma200" : 2498.36,
    "volume" : 469106.00
  }, {
    "date" : "2025-04-17",
    "price" : 2760.70,
    "dma50" : 2529.40,
    "dma100" : null,
    "dma200" : 2500.97,
    "volume" : 1085342.00
  }, {
    "date" : "2025-04-21",
    "price" : 2756.90,
    "dma50" : 2538.32,
    "dma100" : null,
    "dma200" : 2503.52,
    "volume" : 336730.00
  }, {
    "date" : "2025-04-22",
    "price" : 2749.40,
    "dma50" : 2546.60,
    "dma100" : null,
    "dma200" : 2505.97,
    "volume" : 213557.00
  }, {
    "date" : "2025-04-23",
    "price" : 2685.60,
    "dma50" : 2552.05,
    "dma100" : null,
    "dma200" : 2507.75,
    "volume" : 610329.00
  }, {
    "date" : "2025-04-24",
    "price" : 2729.20,
    "dma50" : 2559.00,
    "dma100" : null,
    "dma200" : 2509.96,
    "volume" : 568898.00
  }, {
    "date" : "2025-04-25",
    "price" : 2734.80,
    "dma50" : 2565.89,
    "dma100" : null,
    "dma200" : 2512.19,
    "volume" : 653679.00
  }, {
    "date" : "2025-04-28",
    "price" : 2753.40,
    "dma50" : 2573.25,
    "dma100" : null,
    "dma200" : 2514.59,
    "volume" : 420133.00
  }, {
    "date" : "2025-04-29",
    "price" : 2745.70,
    "dma50" : 2580.01,
    "dma100" : null,
    "dma200" : 2516.89,
    "volume" : 894320.00
  }, {
    "date" : "2025-04-30",
    "price" : 2737.50,
    "dma50" : 2586.19,
    "dma100" : null,
    "dma200" : 2519.09,
    "volume" : 667134.00
  }, {
    "date" : "2025-05-02",
    "price" : 2718.30,
    "dma50" : 2591.37,
    "dma100" : null,
    "dma200" : 2521.07,
    "volume" : 1012340.00
  }, {
    "date" : "2025-05-05",
    "price" : 2755.10,
    "dma50" : 2597.79,
    "dma100" : null,
    "dma200" : 2523.40,
    "volume" : 665125.00
  }, {
    "date" : "2025-05-06",
    "price" : 2728.70,
    "dma50" : 2602.92,
    "dma100" : null,
    "dma200" : 2525.44,
    "volume" : 294743.00
  }, {
    "date" : "2025-05-07",
    "price" : 2699.90,
    "dma50" : 2606.72,
    "dma100" : null,
    "dma200" : 2527.18,
    "volume" : 434339.00
  }, {
    "date" : "2025-05-08",
    "price" : 2698.70,
    "dma50" : 2610.33,
    "dma100" : null,
    "dma200" : 2528.89,
    "volume" : 977944.00
  }, {
    "date" : "2025-05-09",
    "price" : 2634.80,
    "dma50" : 2611.29,
    "dma100" : null,
    "dma200" : 2529.94,
    "volume" : 452054.00
  }, {
    "date" : "2025-05-12",
    "price" : 2742.80,
    "dma50" : 2616.45,
    "dma100" : null,
    "dma200" : 2532.06,
    "volume" : 506544.00
  }, {
    "date" : "2025-05-13",
    "price" : 2708.70,
    "dma50" : 2620.07,
    "dma100" : null,
    "dma200" : 2533.82,
    "volume" : 321860.00
  }, {
    "date" : "2025-05-14",
    "price" : 2737.20,
    "dma50" : 2624.66,
    "dma100" : null,
    "dma200" : 2535.84,
    "volume" : 337821.00
  }, {
    "date" : "2025-05-15",
    "price" : 2824.80,
    "dma50" : 2632.51,
    "dma100" : null,
    "dma200" : 2538.71,
    "volume" : 1375419.00
  }, {
    "date" : "2025-05-16",
    "price" : 2804.20,
    "dma50" : 2639.24,
    "dma100" : null,
    "dma200" : 2541.36,
    "volume" : 714880.00
  }, {
    "date" : "2025-05-19",
    "price" : 2727.00,
    "dma50" : 2642.68,
    "dma100" : null,
    "dma200" : 2543.20,
    "volume" : 583948.00
  }, {
    "date" : "2025-05-20",
    "price" : 2720.80,
    "dma50" : 2645.75,
    "dma100" : null,
    "dma200" : 2544.97,
    "volume" : 525842.00
  }, {
    "date" : "2025-05-21",
    "price" : 2706.90,
    "dma50" : 2648.14,
    "dma100" : null,
    "dma200" : 2546.58,
    "volume" : 310251.00
  }, {
    "date" : "2025-05-22",
    "price" : 2674.60,
    "dma50" : 2649.18,
    "dma100" : null,
    "dma200" : 2547.86,
    "volume" : 549457.00
  }, {
    "date" : "2025-05-23",
    "price" : 2659.40,
    "dma50" : 2649.58,
    "dma100" : 2530.89,
    "dma200" : 2548.96,
    "volume" : 1011021.00
  }, {
    "date" : "2025-05-26",
    "price" : 2656.40,
    "dma50" : 2649.85,
    "dma100" : 2532.65,
    "dma200" : 2550.03,
    "volume" : 442020.00
  }, {
    "date" : "2025-05-27",
    "price" : 2614.20,
    "dma50" : 2648.45,
    "dma100" : 2534.36,
    "dma200" : 2550.67,
    "volume" : 899377.00
  }, {
    "date" : "2025-05-28",
    "price" : 2577.60,
    "dma50" : 2645.67,
    "dma100" : 2535.71,
    "dma200" : 2550.94,
    "volume" : 862162.00
  }, {
    "date" : "2025-05-29",
    "price" : 2573.60,
    "dma50" : 2642.85,
    "dma100" : 2537.02,
    "dma200" : 2551.17,
    "volume" : 620233.00
  }, {
    "date" : "2025-05-30",
    "price" : 2545.80,
    "dma50" : 2639.04,
    "dma100" : 2537.04,
    "dma200" : 2551.11,
    "volume" : 1211299.00
  }, {
    "date" : "2025-06-02",
    "price" : 2524.10,
    "dma50" : 2634.53,
    "dma100" : 2537.18,
    "dma200" : 2550.84,
    "volume" : 1213858.00
  }, {
    "date" : "2025-06-03",
    "price" : 2552.40,
    "dma50" : 2631.31,
    "dma100" : 2538.10,
    "dma200" : 2550.86,
    "volume" : 1502838.00
  }, {
    "date" : "2025-06-04",
    "price" : 2549.70,
    "dma50" : 2628.11,
    "dma100" : 2538.92,
    "dma200" : 2550.85,
    "volume" : 532579.00
  }, {
    "date" : "2025-06-05",
    "price" : 2554.40,
    "dma50" : 2625.22,
    "dma100" : 2540.11,
    "dma200" : 2550.88,
    "volume" : 962905.00
  }, {
    "date" : "2025-06-06",
    "price" : 2574.40,
    "dma50" : 2623.23,
    "dma100" : 2541.75,
    "dma200" : 2551.12,
    "volume" : 420050.00
  }, {
    "date" : "2025-06-09",
    "price" : 2608.50,
    "dma50" : 2622.65,
    "dma100" : 2544.19,
    "dma200" : 2551.69,
    "volume" : 564150.00
  }, {
    "date" : "2025-06-10",
    "price" : 2708.00,
    "dma50" : 2626.00,
    "dma100" : 2548.39,
    "dma200" : 2553.24,
    "volume" : 3094571.00
  }, {
    "date" : "2025-06-11",
    "price" : 2722.20,
    "dma50" : 2629.77,
    "dma100" : 2552.51,
    "dma200" : 2554.92,
    "volume" : 836066.00
  }, {
    "date" : "2025-06-12",
    "price" : 2689.10,
    "dma50" : 2632.10,
    "dma100" : 2556.22,
    "dma200" : 2556.26,
    "volume" : 553084.00
  }, {
    "date" : "2025-06-13",
    "price" : 2663.80,
    "dma50" : 2633.34,
    "dma100" : 2559.36,
    "dma200" : 2557.33,
    "volume" : 551324.00
  }, {
    "date" : "2025-06-16",
    "price" : 2704.90,
    "dma50" : 2636.15,
    "dma100" : 2562.65,
    "dma200" : 2558.80,
    "volume" : 504805.00
  }, {
    "date" : "2025-06-17",
    "price" : 2671.40,
    "dma50" : 2637.53,
    "dma100" : 2565.34,
    "dma200" : 2559.92,
    "volume" : 246964.00
  }, {
    "date" : "2025-06-18",
    "price" : 2675.40,
    "dma50" : 2639.01,
    "dma100" : 2568.42,
    "dma200" : 2561.07,
    "volume" : 346165.00
  }, {
    "date" : "2025-06-19",
    "price" : 2693.20,
    "dma50" : 2641.14,
    "dma100" : 2571.47,
    "dma200" : 2562.38,
    "volume" : 618113.00
  }, {
    "date" : "2025-06-20",
    "price" : 2712.60,
    "dma50" : 2643.94,
    "dma100" : 2573.98,
    "dma200" : 2563.88,
    "volume" : 1237165.00
  }, {
    "date" : "2025-06-23",
    "price" : 2723.70,
    "dma50" : 2647.07,
    "dma100" : 2576.31,
    "dma200" : 2565.47,
    "volume" : 737882.00
  }, {
    "date" : "2025-06-24",
    "price" : 2780.90,
    "dma50" : 2652.32,
    "dma100" : 2579.54,
    "dma200" : 2567.61,
    "volume" : 1573237.00
  }, {
    "date" : "2025-06-25",
    "price" : 2831.80,
    "dma50" : 2659.36,
    "dma100" : 2583.75,
    "dma200" : 2570.24,
    "volume" : 955882.00
  }, {
    "date" : "2025-06-26",
    "price" : 2883.30,
    "dma50" : 2668.14,
    "dma100" : 2588.04,
    "dma200" : 2573.35,
    "volume" : 1427278.00
  }, {
    "date" : "2025-06-27",
    "price" : 2861.10,
    "dma50" : 2675.71,
    "dma100" : 2591.74,
    "dma200" : 2576.22,
    "volume" : 688860.00
  }, {
    "date" : "2025-06-30",
    "price" : 2844.50,
    "dma50" : 2682.32,
    "dma100" : 2595.09,
    "dma200" : 2578.89,
    "volume" : 451816.00
  }, {
    "date" : "2025-07-01",
    "price" : 2848.10,
    "dma50" : 2688.83,
    "dma100" : 2599.17,
    "dma200" : 2581.57,
    "volume" : 543735.00
  }, {
    "date" : "2025-07-02",
    "price" : 2849.80,
    "dma50" : 2695.14,
    "dma100" : 2602.93,
    "dma200" : 2584.23,
    "volume" : 930963.00
  }, {
    "date" : "2025-07-03",
    "price" : 2817.60,
    "dma50" : 2699.94,
    "dma100" : 2606.26,
    "dma200" : 2586.56,
    "volume" : 401526.00
  }, {
    "date" : "2025-07-04",
    "price" : 2805.90,
    "dma50" : 2704.10,
    "dma100" : 2609.42,
    "dma200" : 2588.74,
    "volume" : 290444.00
  }, {
    "date" : "2025-07-07",
    "price" : 2779.10,
    "dma50" : 2707.04,
    "dma100" : 2612.22,
    "dma200" : 2590.63,
    "volume" : 284493.00
  }, {
    "date" : "2025-07-08",
    "price" : 2820.80,
    "dma50" : 2711.50,
    "dma100" : 2615.55,
    "dma200" : 2592.92,
    "volume" : 857838.00
  }, {
    "date" : "2025-07-09",
    "price" : 2797.90,
    "dma50" : 2714.89,
    "dma100" : 2618.80,
    "dma200" : 2594.96,
    "volume" : 681113.00
  }, {
    "date" : "2025-07-10",
    "price" : 2775.10,
    "dma50" : 2717.25,
    "dma100" : 2621.63,
    "dma200" : 2596.76,
    "volume" : 791555.00
  }, {
    "date" : "2025-07-11",
    "price" : 2762.00,
    "dma50" : 2719.00,
    "dma100" : 2624.40,
    "dma200" : 2598.40,
    "volume" : 483452.00
  }, {
    "date" : "2025-07-14",
    "price" : 2784.40,
    "dma50" : 2721.57,
    "dma100" : 2627.35,
    "dma200" : 2600.25,
    "volume" : 3001844.00
  }, {
    "date" : "2025-07-15",
    "price" : 2778.60,
    "dma50" : 2723.80,
    "dma100" : 2630.82,
    "dma200" : 2602.03,
    "volume" : 488937.00
  }, {
    "date" : "2025-07-16",
    "price" : 2762.40,
    "dma50" : 2725.32,
    "dma100" : 2633.80,
    "dma200" : 2603.62,
    "volume" : 413636.00
  }, {
    "date" : "2025-07-17",
    "price" : 2766.30,
    "dma50" : 2726.93,
    "dma100" : 2636.84,
    "dma200" : 2605.24,
    "volume" : 751636.00
  }, {
    "date" : "2025-07-18",
    "price" : 2728.50,
    "dma50" : 2726.99,
    "dma100" : 2639.49,
    "dma200" : 2606.47,
    "volume" : 803207.00
  }, {
    "date" : "2025-07-21",
    "price" : 2741.90,
    "dma50" : 2727.57,
    "dma100" : 2642.37,
    "dma200" : 2607.81,
    "volume" : 695565.00
  }, {
    "date" : "2025-07-22",
    "price" : 2722.70,
    "dma50" : 2727.38,
    "dma100" : 2645.29,
    "dma200" : 2608.96,
    "volume" : 675994.00
  }, {
    "date" : "2025-07-23",
    "price" : 2709.10,
    "dma50" : 2726.66,
    "dma100" : 2648.44,
    "dma200" : 2609.95,
    "volume" : 404705.00
  }, {
    "date" : "2025-07-24",
    "price" : 2735.90,
    "dma50" : 2727.03,
    "dma100" : 2652.01,
    "dma200" : 2611.21,
    "volume" : 1135842.00
  }, {
    "date" : "2025-07-25",
    "price" : 2708.60,
    "dma50" : 2726.30,
    "dma100" : 2655.69,
    "dma200" : 2612.18,
    "volume" : 364799.00
  }, {
    "date" : "2025-07-28",
    "price" : 2727.20,
    "dma50" : 2726.34,
    "dma100" : 2659.90,
    "dma200" : 2613.32,
    "volume" : 581085.00
  }, {
    "date" : "2025-07-29",
    "price" : 2743.00,
    "dma50" : 2726.99,
    "dma100" : 2663.55,
    "dma200" : 2614.61,
    "volume" : 773888.00
  }, {
    "date" : "2025-07-30",
    "price" : 2758.60,
    "dma50" : 2728.23,
    "dma100" : 2667.19,
    "dma200" : 2616.04,
    "volume" : 794593.00
  }, {
    "date" : "2025-07-31",
    "price" : 2746.40,
    "dma50" : 2728.94,
    "dma100" : 2670.74,
    "dma200" : 2617.34,
    "volume" : 586693.00
  }, {
    "date" : "2025-08-01",
    "price" : 2722.20,
    "dma50" : 2728.68,
    "dma100" : 2674.03,
    "dma200" : 2618.38,
    "volume" : 335282.00
  }, {
    "date" : "2025-08-04",
    "price" : 2787.80,
    "dma50" : 2731.00,
    "dma100" : 2677.83,
    "dma200" : 2620.07,
    "volume" : 579428.00
  }, {
    "date" : "2025-08-05",
    "price" : 2797.20,
    "dma50" : 2733.59,
    "dma100" : 2681.97,
    "dma200" : 2621.83,
    "volume" : 797521.00
  }, {
    "date" : "2025-08-06",
    "price" : 2765.80,
    "dma50" : 2734.86,
    "dma100" : 2685.49,
    "dma200" : 2623.26,
    "volume" : 398782.00
  }, {
    "date" : "2025-08-07",
    "price" : 2743.70,
    "dma50" : 2735.20,
    "dma100" : 2688.94,
    "dma200" : 2624.46,
    "volume" : 598809.00
  }, {
    "date" : "2025-08-08",
    "price" : 2691.60,
    "dma50" : 2733.49,
    "dma100" : 2692.15,
    "dma200" : 2625.13,
    "volume" : 1180737.00
  }, {
    "date" : "2025-08-11",
    "price" : 2758.90,
    "dma50" : 2734.49,
    "dma100" : 2695.75,
    "dma200" : 2626.46,
    "volume" : 1253213.00
  }, {
    "date" : "2025-08-12",
    "price" : 2740.40,
    "dma50" : 2734.72,
    "dma100" : 2698.93,
    "dma200" : 2627.60,
    "volume" : 560510.00
  }, {
    "date" : "2025-08-13",
    "price" : 2745.90,
    "dma50" : 2735.16,
    "dma100" : 2701.81,
    "dma200" : 2628.77,
    "volume" : 483117.00
  }, {
    "date" : "2025-08-14",
    "price" : 2764.90,
    "dma50" : 2736.33,
    "dma100" : 2704.78,
    "dma200" : 2630.13,
    "volume" : 626163.00
  }, {
    "date" : "2025-08-18",
    "price" : 2845.90,
    "dma50" : 2740.62,
    "dma100" : 2708.54,
    "dma200" : 2632.27,
    "volume" : 1300237.00
  }, {
    "date" : "2025-08-19",
    "price" : 2828.30,
    "dma50" : 2744.06,
    "dma100" : 2711.69,
    "dma200" : 2634.22,
    "volume" : 382639.00
  }, {
    "date" : "2025-08-20",
    "price" : 2864.90,
    "dma50" : 2748.80,
    "dma100" : 2714.65,
    "dma200" : 2636.52,
    "volume" : 938208.00
  }, {
    "date" : "2025-08-21",
    "price" : 2881.20,
    "dma50" : 2753.99,
    "dma100" : 2717.64,
    "dma200" : 2638.95,
    "volume" : 1152502.00
  }, {
    "date" : "2025-08-22",
    "price" : 2813.80,
    "dma50" : 2756.34,
    "dma100" : 2719.59,
    "dma200" : 2640.69,
    "volume" : 685613.00
  }, {
    "date" : "2025-08-25",
    "price" : 2811.40,
    "dma50" : 2758.50,
    "dma100" : 2721.60,
    "dma200" : 2642.39,
    "volume" : 600714.00
  }, {
    "date" : "2025-08-26",
    "price" : 2796.20,
    "dma50" : 2759.98,
    "dma100" : 2723.37,
    "dma200" : 2643.92,
    "volume" : 433318.00
  }, {
    "date" : "2025-08-28",
    "price" : 2784.30,
    "dma50" : 2760.93,
    "dma100" : 2725.05,
    "dma200" : 2645.32,
    "volume" : 534042.00
  }, {
    "date" : "2025-08-29",
    "price" : 2775.60,
    "dma50" : 2761.51,
    "dma100" : 2726.28,
    "dma200" : 2646.62,
    "volume" : 545412.00
  }, {
    "date" : "2025-09-01",
    "price" : 2803.90,
    "dma50" : 2763.17,
    "dma100" : 2728.15,
    "dma200" : 2648.18,
    "volume" : 504435.00
  }, {
    "date" : "2025-09-02",
    "price" : 2779.80,
    "dma50" : 2763.82,
    "dma100" : 2730.86,
    "dma200" : 2649.49,
    "volume" : 472709.00
  }, {
    "date" : "2025-09-03",
    "price" : 2781.40,
    "dma50" : 2764.51,
    "dma100" : 2732.77,
    "dma200" : 2650.80,
    "volume" : 605318.00
  }, {
    "date" : "2025-09-04",
    "price" : 2809.80,
    "dma50" : 2766.29,
    "dma100" : 2735.30,
    "dma200" : 2652.39,
    "volume" : 1248150.00
  }, {
    "date" : "2025-09-05",
    "price" : 2804.00,
    "dma50" : 2767.76,
    "dma100" : 2736.82,
    "dma200" : 2653.89,
    "volume" : 520926.00
  }, {
    "date" : "2025-09-08",
    "price" : 2804.10,
    "dma50" : 2769.19,
    "dma100" : 2737.68,
    "dma200" : 2655.39,
    "volume" : 232393.00
  }, {
    "date" : "2025-09-09",
    "price" : 2795.90,
    "dma50" : 2770.24,
    "dma100" : 2738.61,
    "dma200" : 2656.79,
    "volume" : 392229.00
  }, {
    "date" : "2025-09-10",
    "price" : 2785.80,
    "dma50" : 2770.85,
    "dma100" : 2738.86,
    "dma200" : 2658.07,
    "volume" : 426955.00
  }, {
    "date" : "2025-09-11",
    "price" : 2799.00,
    "dma50" : 2771.95,
    "dma100" : 2739.28,
    "dma200" : 2659.47,
    "volume" : 222632.00
  }, {
    "date" : "2025-09-12",
    "price" : 2802.00,
    "dma50" : 2773.13,
    "dma100" : 2739.81,
    "dma200" : 2660.89,
    "volume" : 170522.00
  }, {
    "date" : "2025-09-15",
    "price" : 2802.40,
    "dma50" : 2774.28,
    "dma100" : 2740.97,
    "dma200" : 2662.30,
    "volume" : 299935.00
  }, {
    "date" : "2025-09-16",
    "price" : 2843.00,
    "dma50" : 2776.97,
    "dma100" : 2742.11,
    "dma200" : 2664.10,
    "volume" : 609362.00
  }, {
    "date" : "2025-09-17",
    "price" : 2865.40,
    "dma50" : 2780.44,
    "dma100" : 2743.42,
    "dma200" : 2666.10,
    "volume" : 790639.00
  }, {
    "date" : "2025-09-18",
    "price" : 2878.80,
    "dma50" : 2784.30,
    "dma100" : 2744.67,
    "dma200" : 2668.22,
    "volume" : 522317.00
  }, {
    "date" : "2025-09-19",
    "price" : 2877.90,
    "dma50" : 2787.97,
    "dma100" : 2745.99,
    "dma200" : 2670.30,
    "volume" : 802387.00
  }, {
    "date" : "2025-09-22",
    "price" : 2854.10,
    "dma50" : 2790.56,
    "dma100" : 2747.16,
    "dma200" : 2672.13,
    "volume" : 764225.00
  }, {
    "date" : "2025-09-23",
    "price" : 2813.50,
    "dma50" : 2791.46,
    "dma100" : 2748.11,
    "dma200" : 2673.54,
    "volume" : 711793.00
  }, {
    "date" : "2025-09-24",
    "price" : 2807.40,
    "dma50" : 2792.09,
    "dma100" : 2748.64,
    "dma200" : 2674.87,
    "volume" : 367658.00
  }, {
    "date" : "2025-09-25",
    "price" : 2778.60,
    "dma50" : 2791.56,
    "dma100" : 2749.13,
    "dma200" : 2675.90,
    "volume" : 729698.00
  }, {
    "date" : "2025-09-26",
    "price" : 2746.80,
    "dma50" : 2789.80,
    "dma100" : 2749.60,
    "dma200" : 2676.61,
    "volume" : 529160.00
  }, {
    "date" : "2025-09-29",
    "price" : 2746.90,
    "dma50" : 2788.12,
    "dma100" : 2750.09,
    "dma200" : 2677.31,
    "volume" : 546537.00
  }, {
    "date" : "2025-09-30",
    "price" : 2756.90,
    "dma50" : 2786.90,
    "dma100" : 2751.31,
    "dma200" : 2678.10,
    "volume" : 446144.00
  }, {
    "date" : "2025-10-01",
    "price" : 2789.70,
    "dma50" : 2787.01,
    "dma100" : 2751.78,
    "dma200" : 2679.21,
    "volume" : 398355.00
  }, {
    "date" : "2025-10-03",
    "price" : 2791.40,
    "dma50" : 2787.18,
    "dma100" : 2752.60,
    "dma200" : 2680.33,
    "volume" : 722813.00
  }, {
    "date" : "2025-10-06",
    "price" : 2807.40,
    "dma50" : 2787.97,
    "dma100" : 2753.30,
    "dma200" : 2681.59,
    "volume" : 346562.00
  }, {
    "date" : "2025-10-07",
    "price" : 2808.00,
    "dma50" : 2788.76,
    "dma100" : 2753.14,
    "dma200" : 2682.85,
    "volume" : 248344.00
  }, {
    "date" : "2025-10-08",
    "price" : 2778.20,
    "dma50" : 2788.34,
    "dma100" : 2752.88,
    "dma200" : 2683.80,
    "volume" : 364788.00
  }, {
    "date" : "2025-10-09",
    "price" : 2810.60,
    "dma50" : 2789.22,
    "dma100" : 2753.71,
    "dma200" : 2685.06,
    "volume" : 411666.00
  }, {
    "date" : "2025-10-10",
    "price" : 2811.00,
    "dma50" : 2790.07,
    "dma100" : 2754.61,
    "dma200" : 2686.31,
    "volume" : 590080.00
  }, {
    "date" : "2025-10-13",
    "price" : 2798.00,
    "dma50" : 2790.38,
    "dma100" : 2755.53,
    "dma200" : 2687.42,
    "volume" : 302020.00
  }, {
    "date" : "2025-10-14",
    "price" : 2775.80,
    "dma50" : 2789.81,
    "dma100" : 2756.54,
    "dma200" : 2688.30,
    "volume" : 336477.00
  }, {
    "date" : "2025-10-15",
    "price" : 2816.80,
    "dma50" : 2790.87,
    "dma100" : 2758.11,
    "dma200" : 2689.58,
    "volume" : 485687.00
  }, {
    "date" : "2025-10-16",
    "price" : 2859.80,
    "dma50" : 2793.57,
    "dma100" : 2760.15,
    "dma200" : 2691.28,
    "volume" : 561347.00
  }, {
    "date" : "2025-10-17",
    "price" : 2836.20,
    "dma50" : 2795.24,
    "dma100" : 2762.37,
    "dma200" : 2692.72,
    "volume" : 338401.00
  }, {
    "date" : "2025-10-20",
    "price" : 2854.00,
    "dma50" : 2797.55,
    "dma100" : 2765.13,
    "dma200" : 2694.32,
    "volume" : 402079.00
  }, {
    "date" : "2025-10-21",
    "price" : 2870.70,
    "dma50" : 2800.42,
    "dma100" : 2768.10,
    "dma200" : 2696.08,
    "volume" : 54078.00
  }, {
    "date" : "2025-10-23",
    "price" : 2864.60,
    "dma50" : 2802.93,
    "dma100" : 2771.29,
    "dma200" : 2697.75,
    "volume" : 517608.00
  }, {
    "date" : "2025-10-24",
    "price" : 2841.30,
    "dma50" : 2804.44,
    "dma100" : 2774.46,
    "dma200" : 2699.18,
    "volume" : 464526.00
  }, {
    "date" : "2025-10-27",
    "price" : 2923.90,
    "dma50" : 2809.12,
    "dma100" : 2778.18,
    "dma200" : 2701.42,
    "volume" : 778209.00
  }, {
    "date" : "2025-10-28",
    "price" : 2932.90,
    "dma50" : 2813.98,
    "dma100" : 2782.01,
    "dma200" : 2703.72,
    "volume" : 1078352.00
  }, {
    "date" : "2025-10-29",
    "price" : 2958.70,
    "dma50" : 2819.65,
    "dma100" : 2786.05,
    "dma200" : 2706.26,
    "volume" : 751349.00
  }, {
    "date" : "2025-10-30",
    "price" : 2950.40,
    "dma50" : 2824.78,
    "dma100" : 2789.81,
    "dma200" : 2708.69,
    "volume" : 477357.00
  }, {
    "date" : "2025-10-31",
    "price" : 2891.70,
    "dma50" : 2827.40,
    "dma100" : 2792.64,
    "dma200" : 2710.51,
    "volume" : 585776.00
  }, {
    "date" : "2025-11-03",
    "price" : 2899.90,
    "dma50" : 2830.25,
    "dma100" : 2794.56,
    "dma200" : 2712.39,
    "volume" : 307138.00
  }, {
    "date" : "2025-11-04",
    "price" : 2882.00,
    "dma50" : 2832.28,
    "dma100" : 2796.16,
    "dma200" : 2714.08,
    "volume" : 242257.00
  }, {
    "date" : "2025-11-06",
    "price" : 2700.10,
    "dma50" : 2827.09,
    "dma100" : 2796.27,
    "dma200" : 2713.94,
    "volume" : 2035981.00
  }, {
    "date" : "2025-11-07",
    "price" : 2724.60,
    "dma50" : 2823.07,
    "dma100" : 2796.88,
    "dma200" : 2714.05,
    "volume" : 1119848.00
  }, {
    "date" : "2025-11-10",
    "price" : 2762.90,
    "dma50" : 2820.71,
    "dma100" : 2797.46,
    "dma200" : 2714.53,
    "volume" : 497317.00
  }, {
    "date" : "2025-11-11",
    "price" : 2775.80,
    "dma50" : 2818.95,
    "dma100" : 2798.50,
    "dma200" : 2715.14,
    "volume" : 405684.00
  }, {
    "date" : "2025-11-12",
    "price" : 2767.40,
    "dma50" : 2816.93,
    "dma100" : 2799.42,
    "dma200" : 2715.66,
    "volume" : 538513.00
  }, {
    "date" : "2025-11-13",
    "price" : 2777.80,
    "dma50" : 2815.40,
    "dma100" : 2800.27,
    "dma200" : 2716.28,
    "volume" : 693242.00
  }, {
    "date" : "2025-11-14",
    "price" : 2783.40,
    "dma50" : 2814.14,
    "dma100" : 2800.98,
    "dma200" : 2716.95,
    "volume" : 1249415.00
  }, {
    "date" : "2025-11-17",
    "price" : 2790.30,
    "dma50" : 2813.21,
    "dma100" : 2801.64,
    "dma200" : 2717.68,
    "volume" : 464457.00
  }, {
    "date" : "2025-11-18",
    "price" : 2762.00,
    "dma50" : 2811.20,
    "dma100" : 2801.45,
    "dma200" : 2718.12,
    "volume" : 442282.00
  }, {
    "date" : "2025-11-19",
    "price" : 2744.70,
    "dma50" : 2808.59,
    "dma100" : 2800.58,
    "dma200" : 2718.39,
    "volume" : 609688.00
  }, {
    "date" : "2025-11-20",
    "price" : 2748.60,
    "dma50" : 2806.24,
    "dma100" : 2799.23,
    "dma200" : 2718.69,
    "volume" : 643955.00
  }, {
    "date" : "2025-11-21",
    "price" : 2734.80,
    "dma50" : 2803.44,
    "dma100" : 2797.97,
    "dma200" : 2718.85,
    "volume" : 474796.00
  }, {
    "date" : "2025-11-24",
    "price" : 2688.70,
    "dma50" : 2798.94,
    "dma100" : 2796.41,
    "dma200" : 2718.55,
    "volume" : 923248.00
  }, {
    "date" : "2025-11-25",
    "price" : 2686.80,
    "dma50" : 2794.54,
    "dma100" : 2794.80,
    "dma200" : 2718.23,
    "volume" : 561903.00
  }, {
    "date" : "2025-11-26",
    "price" : 2744.00,
    "dma50" : 2792.56,
    "dma100" : 2793.74,
    "dma200" : 2718.49,
    "volume" : 447530.00
  }, {
    "date" : "2025-11-27",
    "price" : 2740.00,
    "dma50" : 2790.50,
    "dma100" : 2792.97,
    "dma200" : 2718.70,
    "volume" : 403462.00
  }, {
    "date" : "2025-11-28",
    "price" : 2739.40,
    "dma50" : 2788.49,
    "dma100" : 2792.30,
    "dma200" : 2718.91,
    "volume" : 300336.00
  }, {
    "date" : "2025-12-01",
    "price" : 2731.50,
    "dma50" : 2786.26,
    "dma100" : 2791.83,
    "dma200" : 2719.03,
    "volume" : 292582.00
  }, {
    "date" : "2025-12-02",
    "price" : 2735.00,
    "dma50" : 2784.25,
    "dma100" : 2790.97,
    "dma200" : 2719.19,
    "volume" : 392575.00
  }, {
    "date" : "2025-12-03",
    "price" : 2720.30,
    "dma50" : 2781.74,
    "dma100" : 2790.19,
    "dma200" : 2719.20,
    "volume" : 437094.00
  }, {
    "date" : "2025-12-04",
    "price" : 2730.40,
    "dma50" : 2779.73,
    "dma100" : 2789.74,
    "dma200" : 2719.31,
    "volume" : 283306.00
  }, {
    "date" : "2025-12-05",
    "price" : 2747.00,
    "dma50" : 2778.44,
    "dma100" : 2789.59,
    "dma200" : 2719.59,
    "volume" : 175092.00
  }, {
    "date" : "2025-12-08",
    "price" : 2744.20,
    "dma50" : 2777.10,
    "dma100" : 2789.19,
    "dma200" : 2719.83,
    "volume" : 722268.00
  }, {
    "date" : "2025-12-09",
    "price" : 2746.00,
    "dma50" : 2775.88,
    "dma100" : 2788.87,
    "dma200" : 2720.09,
    "volume" : 422778.00
  }, {
    "date" : "2025-12-10",
    "price" : 2746.80,
    "dma50" : 2774.74,
    "dma100" : 2788.71,
    "dma200" : 2720.36,
    "volume" : 347272.00
  }, {
    "date" : "2025-12-11",
    "price" : 2797.80,
    "dma50" : 2775.64,
    "dma100" : 2789.03,
    "dma200" : 2721.13,
    "volume" : 487275.00
  }, {
    "date" : "2025-12-12",
    "price" : 2836.70,
    "dma50" : 2778.04,
    "dma100" : 2790.11,
    "dma200" : 2722.28,
    "volume" : 938843.00
  }, {
    "date" : "2025-12-15",
    "price" : 2821.00,
    "dma50" : 2779.72,
    "dma100" : 2790.90,
    "dma200" : 2723.26,
    "volume" : 740862.00
  }, {
    "date" : "2025-12-16",
    "price" : 2799.10,
    "dma50" : 2780.48,
    "dma100" : 2791.66,
    "dma200" : 2724.02,
    "volume" : 549057.00
  }, {
    "date" : "2025-12-17",
    "price" : 2806.60,
    "dma50" : 2781.51,
    "dma100" : 2792.64,
    "dma200" : 2724.84,
    "volume" : 424509.00
  }, {
    "date" : "2025-12-18",
    "price" : 2807.60,
    "dma50" : 2782.53,
    "dma100" : 2793.35,
    "dma200" : 2725.66,
    "volume" : 261897.00
  }, {
    "date" : "2025-12-19",
    "price" : 2812.50,
    "dma50" : 2783.71,
    "dma100" : 2794.39,
    "dma200" : 2726.53,
    "volume" : 551742.00
  }, {
    "date" : "2025-12-22",
    "price" : 2809.70,
    "dma50" : 2784.73,
    "dma100" : 2795.22,
    "dma200" : 2727.35,
    "volume" : 803713.00
  }, {
    "date" : "2025-12-23",
    "price" : 2829.80,
    "dma50" : 2786.49,
    "dma100" : 2796.09,
    "dma200" : 2728.37,
    "volume" : 403876.00
  }, {
    "date" : "2025-12-24",
    "price" : 2826.90,
    "dma50" : 2788.08,
    "dma100" : 2796.77,
    "dma200" : 2729.35,
    "volume" : 449733.00
  } ],
  "latestTechnicalAttributes" : {
    "date" : "2025-12-24",
    "price" : 2826.90,
    "dma50" : 2788.08,
    "dma100" : 2796.77,
    "dma200" : 2729.35,
    "volume" : 449733.00
  },
  "quarterlyResults" : [ {
    "date" : "2005-03-31",
    "sales" : 1642.17,
    "salesGrowthYoY" : null,
    "grossProfitMargin" : 54.74,
    "grossProfit" : 898.92,
    "operatingProfitMargin" : 24.09,
    "operatingProfit" : 395.60,
    "netProfitMargin" : 15.93,
    "netProfit" : 261.60
  }, {
    "date" : "2005-06-30",
    "sales" : 1553.28,
    "salesGrowthYoY" : null,
    "grossProfitMargin" : 54.65,
    "grossProfit" : 848.87,
    "operatingProfitMargin" : 24.10,
    "operatingProfit" : 374.34,
    "netProfitMargin" : 14.06,
    "netProfit" : 218.39
  }, {
    "date" : "2005-09-30",
    "sales" : 1649.21,
    "salesGrowthYoY" : null,
    "grossProfitMargin" : 49.45,
    "grossProfit" : 815.53,
    "operatingProfitMargin" : 19.51,
    "operatingProfit" : 321.76,
    "netProfitMargin" : 11.38,
    "netProfit" : 187.68
  }, {
    "date" : "2005-12-31",
    "sales" : 1660.09,
    "salesGrowthYoY" : null,
    "grossProfitMargin" : 51.43,
    "grossProfit" : 853.78,
    "operatingProfitMargin" : 19.22,
    "operatingProfit" : 319.07,
    "netProfitMargin" : 9.75,
    "netProfit" : 161.86
  }, {
    "date" : "2006-03-31",
    "sales" : 1829.78,
    "salesGrowthYoY" : 11.42,
    "grossProfitMargin" : 54.28,
    "grossProfit" : 993.20,
    "operatingProfitMargin" : 22.28,
    "operatingProfit" : 407.67,
    "netProfitMargin" : 14.20,
    "netProfit" : 259.83
  }, {
    "date" : "2006-06-30",
    "sales" : 1891.73,
    "salesGrowthYoY" : 21.79,
    "grossProfitMargin" : 57.10,
    "grossProfit" : 1080.18,
    "operatingProfitMargin" : 27.15,
    "operatingProfit" : 513.60,
    "netProfitMargin" : 16.49,
    "netProfit" : 311.95
  }, {
    "date" : "2006-09-30",
    "sales" : 2011.39,
    "salesGrowthYoY" : 21.96,
    "grossProfitMargin" : 57.16,
    "grossProfit" : 1149.71,
    "operatingProfitMargin" : 26.48,
    "operatingProfit" : 532.62,
    "netProfitMargin" : 16.80,
    "netProfit" : 337.91
  }, {
    "date" : "2006-12-31",
    "sales" : 2280.22,
    "salesGrowthYoY" : 37.36,
    "grossProfitMargin" : 57.08,
    "grossProfit" : 1301.55,
    "operatingProfitMargin" : 29.34,
    "operatingProfit" : 669.02,
    "netProfitMargin" : 18.05,
    "netProfit" : 411.58
  }, {
    "date" : "2007-03-31",
    "sales" : 2474.60,
    "salesGrowthYoY" : 35.24,
    "grossProfitMargin" : 55.50,
    "grossProfit" : 1373.40,
    "operatingProfitMargin" : 28.05,
    "operatingProfit" : 694.13,
    "netProfitMargin" : 18.15,
    "netProfit" : 449.14
  }, {
    "date" : "2007-06-30",
    "sales" : 2435.47,
    "salesGrowthYoY" : 28.74,
    "grossProfitMargin" : 59.00,
    "grossProfit" : 1436.93,
    "operatingProfitMargin" : 32.52,
    "operatingProfit" : 792.01,
    "netProfitMargin" : 21.01,
    "netProfit" : 511.69
  }, {
    "date" : "2007-09-30",
    "sales" : 2508.38,
    "salesGrowthYoY" : 24.71,
    "grossProfitMargin" : 59.50,
    "grossProfit" : 1492.49,
    "operatingProfitMargin" : 32.51,
    "operatingProfit" : 815.47,
    "netProfitMargin" : 19.92,
    "netProfit" : 499.67
  }, {
    "date" : "2007-12-31",
    "sales" : 2593.10,
    "salesGrowthYoY" : 13.72,
    "grossProfitMargin" : 59.48,
    "grossProfit" : 1542.38,
    "operatingProfitMargin" : 32.43,
    "operatingProfit" : 840.94,
    "netProfitMargin" : 21.23,
    "netProfit" : 550.52
  }, {
    "date" : "2008-03-31",
    "sales" : 2763.79,
    "salesGrowthYoY" : 11.69,
    "grossProfitMargin" : 56.35,
    "grossProfit" : 1557.40,
    "operatingProfitMargin" : 24.74,
    "operatingProfit" : 683.76,
    "netProfitMargin" : 18.63,
    "netProfit" : 514.89
  }, {
    "date" : "2008-06-30",
    "sales" : 2618.26,
    "salesGrowthYoY" : 7.51,
    "grossProfitMargin" : 58.15,
    "grossProfit" : 1522.52,
    "operatingProfitMargin" : 29.70,
    "operatingProfit" : 777.62,
    "netProfitMargin" : 19.64,
    "netProfit" : 514.23
  }, {
    "date" : "2008-09-30",
    "sales" : 2702.79,
    "salesGrowthYoY" : 7.75,
    "grossProfitMargin" : 51.07,
    "grossProfit" : 1380.31,
    "operatingProfitMargin" : 22.00,
    "operatingProfit" : 594.61,
    "netProfitMargin" : 15.52,
    "netProfit" : 419.47
  }, {
    "date" : "2008-12-31",
    "sales" : 2695.25,
    "salesGrowthYoY" : 3.94,
    "grossProfitMargin" : 51.73,
    "grossProfit" : 1394.25,
    "operatingProfitMargin" : 19.84,
    "operatingProfit" : 534.74,
    "netProfitMargin" : 12.23,
    "netProfit" : 329.63
  }, {
    "date" : "2009-03-31",
    "sales" : 2940.05,
    "salesGrowthYoY" : 6.38,
    "grossProfitMargin" : 55.44,
    "grossProfit" : 1629.96,
    "operatingProfitMargin" : 24.60,
    "operatingProfit" : 723.25,
    "netProfitMargin" : 13.09,
    "netProfit" : 384.85
  }, {
    "date" : "2009-06-30",
    "sales" : 3089.58,
    "salesGrowthYoY" : 18.00,
    "grossProfitMargin" : 59.97,
    "grossProfit" : 1852.82,
    "operatingProfitMargin" : 18.87,
    "operatingProfit" : 583.00,
    "netProfitMargin" : 17.17,
    "netProfit" : 530.48
  }, {
    "date" : "2009-09-30",
    "sales" : 3024.13,
    "salesGrowthYoY" : 11.89,
    "grossProfitMargin" : 65.26,
    "grossProfit" : 1973.55,
    "operatingProfitMargin" : 35.03,
    "operatingProfit" : 1059.35,
    "netProfitMargin" : 22.30,
    "netProfit" : 674.38
  }, {
    "date" : "2009-12-31",
    "sales" : 1058.01,
    "salesGrowthYoY" : -60.75,
    "grossProfitMargin" : 53.38,
    "grossProfit" : 564.77,
    "operatingProfitMargin" : 39.47,
    "operatingProfit" : 417.60,
    "netProfitMargin" : 24.75,
    "netProfit" : 261.86
  }, {
    "date" : "2010-03-31",
    "sales" : 1140.90,
    "salesGrowthYoY" : -61.19,
    "grossProfitMargin" : 47.85,
    "grossProfit" : 545.92,
    "operatingProfitMargin" : 29.89,
    "operatingProfit" : 341.02,
    "netProfitMargin" : 25.36,
    "netProfit" : 289.33
  }, {
    "date" : "2010-06-30",
    "sales" : 964.47,
    "salesGrowthYoY" : -68.78,
    "grossProfitMargin" : 48.26,
    "grossProfit" : 465.45,
    "operatingProfitMargin" : 33.25,
    "operatingProfit" : 320.69,
    "netProfitMargin" : 23.21,
    "netProfit" : 223.85
  }, {
    "date" : "2010-09-30",
    "sales" : 962.51,
    "salesGrowthYoY" : -68.17,
    "grossProfitMargin" : 47.88,
    "grossProfit" : 460.85,
    "operatingProfitMargin" : 30.51,
    "operatingProfit" : 293.66,
    "netProfitMargin" : 29.05,
    "netProfit" : 279.61
  }, {
    "date" : "2010-12-31",
    "sales" : 1257.32,
    "salesGrowthYoY" : 18.84,
    "grossProfitMargin" : 46.25,
    "grossProfit" : 581.51,
    "operatingProfitMargin" : 32.38,
    "operatingProfit" : 407.12,
    "netProfitMargin" : 22.49,
    "netProfit" : 282.77
  }, {
    "date" : "2011-03-31",
    "sales" : 1458.44,
    "salesGrowthYoY" : 27.83,
    "grossProfitMargin" : 47.76,
    "grossProfit" : 696.55,
    "operatingProfitMargin" : 34.10,
    "operatingProfit" : 497.33,
    "netProfitMargin" : 27.12,
    "netProfit" : 395.53
  }, {
    "date" : "2011-06-30",
    "sales" : 1044.20,
    "salesGrowthYoY" : 8.27,
    "grossProfitMargin" : 50.75,
    "grossProfit" : 529.93,
    "operatingProfitMargin" : 35.77,
    "operatingProfit" : 373.51,
    "netProfitMargin" : 30.08,
    "netProfit" : 314.10
  }, {
    "date" : "2011-09-30",
    "sales" : 1247.03,
    "salesGrowthYoY" : 29.56,
    "grossProfitMargin" : 41.14,
    "grossProfit" : 513.03,
    "operatingProfitMargin" : 26.91,
    "operatingProfit" : 335.58,
    "netProfitMargin" : 27.65,
    "netProfit" : 344.80
  }, {
    "date" : "2011-12-31",
    "sales" : 1266.25,
    "salesGrowthYoY" : 0.71,
    "grossProfitMargin" : 38.57,
    "grossProfit" : 488.39,
    "operatingProfitMargin" : 24.39,
    "operatingProfit" : 308.84,
    "netProfitMargin" : 21.68,
    "netProfit" : 274.52
  }, {
    "date" : "2012-03-31",
    "sales" : 1416.08,
    "salesGrowthYoY" : -2.90,
    "grossProfitMargin" : 33.73,
    "grossProfit" : 477.64,
    "operatingProfitMargin" : 16.99,
    "operatingProfit" : 240.59,
    "netProfitMargin" : 17.20,
    "netProfit" : 243.57
  }, {
    "date" : "2012-06-30",
    "sales" : 1263.22,
    "salesGrowthYoY" : 20.97,
    "grossProfitMargin" : 40.16,
    "grossProfit" : 507.31,
    "operatingProfitMargin" : 24.90,
    "operatingProfit" : 314.54,
    "netProfitMargin" : 21.61,
    "netProfit" : 272.98
  }, {
    "date" : "2012-09-30",
    "sales" : 1364.14,
    "salesGrowthYoY" : 9.39,
    "grossProfitMargin" : 37.11,
    "grossProfit" : 506.23,
    "operatingProfitMargin" : 22.63,
    "operatingProfit" : 308.70,
    "netProfitMargin" : 28.06,
    "netProfit" : 382.78
  }, {
    "date" : "2012-12-31",
    "sales" : 1231.46,
    "salesGrowthYoY" : -2.75,
    "grossProfitMargin" : 36.47,
    "grossProfit" : 449.11,
    "operatingProfitMargin" : 18.77,
    "operatingProfit" : 231.15,
    "netProfitMargin" : 16.07,
    "netProfit" : 197.90
  }, {
    "date" : "2013-03-31",
    "sales" : 1396.19,
    "salesGrowthYoY" : -1.40,
    "grossProfitMargin" : 35.12,
    "grossProfit" : 490.34,
    "operatingProfitMargin" : 16.75,
    "operatingProfit" : 233.86,
    "netProfitMargin" : 15.24,
    "netProfit" : 212.78
  }, {
    "date" : "2013-06-30",
    "sales" : 1163.07,
    "salesGrowthYoY" : -7.93,
    "grossProfitMargin" : 35.81,
    "grossProfit" : 416.50,
    "operatingProfitMargin" : 18.63,
    "operatingProfit" : 216.68,
    "netProfitMargin" : 19.44,
    "netProfit" : 226.10
  }, {
    "date" : "2013-09-30",
    "sales" : 1421.44,
    "salesGrowthYoY" : 4.20,
    "grossProfitMargin" : 35.87,
    "grossProfit" : 509.87,
    "operatingProfitMargin" : 19.50,
    "operatingProfit" : 277.18,
    "netProfitMargin" : 29.09,
    "netProfit" : 413.50
  }, {
    "date" : "2013-12-31",
    "sales" : 1470.14,
    "salesGrowthYoY" : 19.38,
    "grossProfitMargin" : 30.36,
    "grossProfit" : 446.33,
    "operatingProfitMargin" : 14.21,
    "operatingProfit" : 208.91,
    "netProfitMargin" : 8.58,
    "netProfit" : 126.14
  }, {
    "date" : "2014-03-31",
    "sales" : 1548.85,
    "salesGrowthYoY" : 10.93,
    "grossProfitMargin" : 27.30,
    "grossProfit" : 422.84,
    "operatingProfitMargin" : 10.24,
    "operatingProfit" : 158.60,
    "netProfitMargin" : 8.41,
    "netProfit" : 130.26
  }, {
    "date" : "2014-06-30",
    "sales" : 1439.50,
    "salesGrowthYoY" : 23.77,
    "grossProfitMargin" : 25.59,
    "grossProfit" : 368.37,
    "operatingProfitMargin" : 9.78,
    "operatingProfit" : 140.78,
    "netProfitMargin" : 7.35,
    "netProfit" : 105.80
  }, {
    "date" : "2014-09-30",
    "sales" : 1599.79,
    "salesGrowthYoY" : 12.55,
    "grossProfitMargin" : 28.10,
    "grossProfit" : 449.54,
    "operatingProfitMargin" : 13.37,
    "operatingProfit" : 213.89,
    "netProfitMargin" : 18.72,
    "netProfit" : 299.48
  }, {
    "date" : "2014-12-31",
    "sales" : 1560.11,
    "salesGrowthYoY" : 6.12,
    "grossProfitMargin" : 27.71,
    "grossProfit" : 432.31,
    "operatingProfitMargin" : 11.61,
    "operatingProfit" : 181.13,
    "netProfitMargin" : 6.00,
    "netProfit" : 93.61
  }, {
    "date" : "2015-03-31",
    "sales" : 1733.18,
    "salesGrowthYoY" : 11.90,
    "grossProfitMargin" : 26.73,
    "grossProfit" : 463.28,
    "operatingProfitMargin" : 7.45,
    "operatingProfit" : 129.12,
    "netProfitMargin" : 2.62,
    "netProfit" : 45.41
  }, {
    "date" : "2015-06-30",
    "sales" : 1947.01,
    "salesGrowthYoY" : 35.26,
    "grossProfitMargin" : 32.21,
    "grossProfit" : 627.13,
    "operatingProfitMargin" : 14.83,
    "operatingProfit" : 288.74,
    "netProfitMargin" : 6.91,
    "netProfit" : 134.54
  }, {
    "date" : "2015-09-30",
    "sales" : 2144.76,
    "salesGrowthYoY" : 34.07,
    "grossProfitMargin" : 33.84,
    "grossProfit" : 725.79,
    "operatingProfitMargin" : 16.81,
    "operatingProfit" : 360.53,
    "netProfitMargin" : 17.79,
    "netProfit" : 381.55
  }, {
    "date" : "2015-12-31",
    "sales" : 2334.61,
    "salesGrowthYoY" : 49.64,
    "grossProfitMargin" : 36.90,
    "grossProfit" : 861.47,
    "operatingProfitMargin" : 19.72,
    "operatingProfit" : 460.39,
    "netProfitMargin" : 11.65,
    "netProfit" : 271.98
  }, {
    "date" : "2016-03-31",
    "sales" : 2542.87,
    "salesGrowthYoY" : 46.72,
    "grossProfitMargin" : 36.48,
    "grossProfit" : 927.64,
    "operatingProfitMargin" : 15.06,
    "operatingProfit" : 382.96,
    "netProfitMargin" : 8.01,
    "netProfit" : 203.68
  }, {
    "date" : "2016-06-30",
    "sales" : 2426.46,
    "salesGrowthYoY" : 24.62,
    "grossProfitMargin" : 37.84,
    "grossProfit" : 918.17,
    "operatingProfitMargin" : 21.76,
    "operatingProfit" : 528.00,
    "netProfitMargin" : 13.22,
    "netProfit" : 320.78
  }, {
    "date" : "2016-09-30",
    "sales" : 2517.11,
    "salesGrowthYoY" : 17.36,
    "grossProfitMargin" : 39.14,
    "grossProfit" : 985.20,
    "operatingProfitMargin" : 22.19,
    "operatingProfit" : 558.55,
    "netProfitMargin" : 23.53,
    "netProfit" : 592.28
  }, {
    "date" : "2016-12-31",
    "sales" : 2525.95,
    "salesGrowthYoY" : 8.20,
    "grossProfitMargin" : 40.74,
    "grossProfit" : 1029.07,
    "operatingProfitMargin" : 21.49,
    "operatingProfit" : 542.83,
    "netProfitMargin" : 13.12,
    "netProfit" : 331.40
  }, {
    "date" : "2017-03-31",
    "sales" : 2876.13,
    "salesGrowthYoY" : 13.11,
    "grossProfitMargin" : 37.82,
    "grossProfit" : 1087.75,
    "operatingProfitMargin" : 18.27,
    "operatingProfit" : 525.47,
    "netProfitMargin" : 10.97,
    "netProfit" : 315.51
  }, {
    "date" : "2017-06-30",
    "sales" : 2740.29,
    "salesGrowthYoY" : 12.93,
    "grossProfitMargin" : 38.96,
    "grossProfit" : 1067.62,
    "operatingProfitMargin" : 20.27,
    "operatingProfit" : 555.46,
    "netProfitMargin" : 12.67,
    "netProfit" : 347.19
  }, {
    "date" : "2017-09-30",
    "sales" : 4058.80,
    "salesGrowthYoY" : 61.25,
    "grossProfitMargin" : 38.66,
    "grossProfit" : 1569.13,
    "operatingProfitMargin" : 19.48,
    "operatingProfit" : 790.65,
    "netProfitMargin" : 15.12,
    "netProfit" : 613.69
  }, {
    "date" : "2017-12-31",
    "sales" : 4376.61,
    "salesGrowthYoY" : 73.27,
    "grossProfitMargin" : 39.12,
    "grossProfit" : 1712.13,
    "operatingProfitMargin" : 20.16,
    "operatingProfit" : 882.32,
    "netProfitMargin" : 10.83,
    "netProfit" : 473.99
  }, {
    "date" : "2018-03-31",
    "sales" : 4611.71,
    "salesGrowthYoY" : 60.34,
    "grossProfitMargin" : 39.86,
    "grossProfit" : 1838.23,
    "operatingProfitMargin" : 18.45,
    "operatingProfit" : 850.86,
    "netProfitMargin" : 11.67,
    "netProfit" : 538.19
  }, {
    "date" : "2018-06-30",
    "sales" : 4789.18,
    "salesGrowthYoY" : 74.77,
    "grossProfitMargin" : 39.97,
    "grossProfit" : 1914.24,
    "operatingProfitMargin" : 22.53,
    "operatingProfit" : 1079.00,
    "netProfitMargin" : 13.42,
    "netProfit" : 642.71
  }, {
    "date" : "2018-09-30",
    "sales" : 5117.99,
    "salesGrowthYoY" : 26.10,
    "grossProfitMargin" : 38.09,
    "grossProfit" : 1949.44,
    "operatingProfitMargin" : 21.06,
    "operatingProfit" : 1077.85,
    "netProfitMargin" : 16.36,
    "netProfit" : 837.30
  }, {
    "date" : "2018-12-31",
    "sales" : 5291.41,
    "salesGrowthYoY" : 20.90,
    "grossProfitMargin" : 37.79,
    "grossProfit" : 1999.62,
    "operatingProfitMargin" : 19.20,
    "operatingProfit" : 1015.95,
    "netProfitMargin" : 11.49,
    "netProfit" : 607.98
  }, {
    "date" : "2019-03-31",
    "sales" : 5352.27,
    "salesGrowthYoY" : 16.06,
    "grossProfitMargin" : 36.79,
    "grossProfit" : 1969.10,
    "operatingProfitMargin" : 16.79,
    "operatingProfit" : 898.65,
    "netProfitMargin" : 9.44,
    "netProfit" : 505.25
  }, {
    "date" : "2019-06-30",
    "sales" : 5000.58,
    "salesGrowthYoY" : 4.41,
    "grossProfitMargin" : 37.00,
    "grossProfit" : 1850.21,
    "operatingProfitMargin" : 16.87,
    "operatingProfit" : 843.60,
    "netProfitMargin" : 7.31,
    "netProfit" : 365.54
  }, {
    "date" : "2019-09-30",
    "sales" : 4795.08,
    "salesGrowthYoY" : -6.31,
    "grossProfitMargin" : 34.29,
    "grossProfit" : 1644.23,
    "operatingProfitMargin" : 13.74,
    "operatingProfit" : 658.84,
    "netProfitMargin" : 10.98,
    "netProfit" : 526.50
  }, {
    "date" : "2019-12-31",
    "sales" : 3857.90,
    "salesGrowthYoY" : -27.09,
    "grossProfitMargin" : 34.81,
    "grossProfit" : 1342.93,
    "operatingProfitMargin" : 9.85,
    "operatingProfit" : 380.00,
    "netProfitMargin" : 5.02,
    "netProfit" : 193.67
  }, {
    "date" : "2020-03-31",
    "sales" : 3712.12,
    "salesGrowthYoY" : -30.64,
    "grossProfitMargin" : 36.71,
    "grossProfit" : 1362.72,
    "operatingProfitMargin" : 8.78,
    "operatingProfit" : 325.92,
    "netProfitMargin" : 9.95,
    "netProfit" : 369.36
  }, {
    "date" : "2020-06-30",
    "sales" : 1335.68,
    "salesGrowthYoY" : -73.29,
    "grossProfitMargin" : 29.25,
    "grossProfit" : 390.69,
    "operatingProfitMargin" : -16.90,
    "operatingProfit" : -225.73,
    "netProfitMargin" : -16.86,
    "netProfit" : -225.20
  }, {
    "date" : "2020-09-30",
    "sales" : 2959.90,
    "salesGrowthYoY" : -38.27,
    "grossProfitMargin" : 34.01,
    "grossProfit" : 1006.66,
    "operatingProfitMargin" : 11.30,
    "operatingProfit" : 334.47,
    "netProfitMargin" : 11.82,
    "netProfit" : 349.86
  }, {
    "date" : "2020-12-31",
    "sales" : 3696.61,
    "salesGrowthYoY" : -4.18,
    "grossProfitMargin" : 39.98,
    "grossProfit" : 1477.90,
    "operatingProfitMargin" : 17.44,
    "operatingProfit" : 644.69,
    "netProfitMargin" : 9.68,
    "netProfit" : 357.83
  }, {
    "date" : "2021-03-31",
    "sales" : 4394.25,
    "salesGrowthYoY" : 18.38,
    "grossProfitMargin" : 43.00,
    "grossProfit" : 1889.53,
    "operatingProfitMargin" : 18.45,
    "operatingProfit" : 810.74,
    "netProfitMargin" : 11.34,
    "netProfit" : 498.31
  }, {
    "date" : "2021-06-30",
    "sales" : 3762.68,
    "salesGrowthYoY" : 181.71,
    "grossProfitMargin" : 44.39,
    "grossProfit" : 1670.25,
    "operatingProfitMargin" : 19.67,
    "operatingProfit" : 740.12,
    "netProfitMargin" : 12.80,
    "netProfit" : 481.62
  }, {
    "date" : "2021-09-30",
    "sales" : 4933.03,
    "salesGrowthYoY" : 66.66,
    "grossProfitMargin" : 38.21,
    "grossProfit" : 1884.91,
    "operatingProfitMargin" : 16.24,
    "operatingProfit" : 801.12,
    "netProfitMargin" : 19.19,
    "netProfit" : 946.65
  }, {
    "date" : "2021-12-31",
    "sales" : 5784.74,
    "salesGrowthYoY" : 56.49,
    "grossProfitMargin" : 38.02,
    "grossProfit" : 2199.36,
    "operatingProfitMargin" : 15.94,
    "operatingProfit" : 922.09,
    "netProfitMargin" : 8.45,
    "netProfit" : 488.81
  }, {
    "date" : "2022-03-31",
    "sales" : 6376.39,
    "salesGrowthYoY" : 45.11,
    "grossProfitMargin" : 35.43,
    "grossProfit" : 2259.15,
    "operatingProfitMargin" : 11.80,
    "operatingProfit" : 752.41,
    "netProfitMargin" : 13.84,
    "netProfit" : 882.49
  }, {
    "date" : "2022-06-30",
    "sales" : 7253.04,
    "salesGrowthYoY" : 92.76,
    "grossProfitMargin" : 37.10,
    "grossProfit" : 2690.88,
    "operatingProfitMargin" : 18.20,
    "operatingProfit" : 1320.05,
    "netProfitMargin" : 11.15,
    "netProfit" : 808.71
  }, {
    "date" : "2022-09-30",
    "sales" : 6745.24,
    "salesGrowthYoY" : 36.74,
    "grossProfitMargin" : 35.93,
    "grossProfit" : 2423.56,
    "operatingProfitMargin" : 14.18,
    "operatingProfit" : 956.48,
    "netProfitMargin" : 15.28,
    "netProfit" : 1030.67
  }, {
    "date" : "2022-12-31",
    "sales" : 6195.60,
    "salesGrowthYoY" : 7.10,
    "grossProfitMargin" : 32.98,
    "grossProfit" : 2043.31,
    "operatingProfitMargin" : 7.70,
    "operatingProfit" : 477.06,
    "netProfitMargin" : 4.15,
    "netProfit" : 257.12
  }, {
    "date" : "2023-03-31",
    "sales" : 6645.83,
    "salesGrowthYoY" : 4.23,
    "grossProfitMargin" : 30.66,
    "grossProfit" : 2037.61,
    "operatingProfitMargin" : 6.41,
    "operatingProfit" : 426.00,
    "netProfitMargin" : 1.41,
    "netProfit" : 93.71
  }, {
    "date" : "2023-06-30",
    "sales" : 6237.55,
    "salesGrowthYoY" : -14.00,
    "grossProfitMargin" : 33.50,
    "grossProfit" : 2089.58,
    "operatingProfitMargin" : 10.80,
    "operatingProfit" : 673.66,
    "netProfitMargin" : 5.70,
    "netProfit" : 355.54
  }, {
    "date" : "2023-09-30",
    "sales" : 6442.02,
    "salesGrowthYoY" : -4.50,
    "grossProfitMargin" : 31.46,
    "grossProfit" : 2026.66,
    "operatingProfitMargin" : 9.21,
    "operatingProfit" : 593.31,
    "netProfitMargin" : 12.34,
    "netProfit" : 794.95
  }, {
    "date" : "2023-12-31",
    "sales" : 6400.25,
    "salesGrowthYoY" : 3.30,
    "grossProfitMargin" : 32.27,
    "grossProfit" : 2065.36,
    "operatingProfitMargin" : 8.16,
    "operatingProfit" : 522.26,
    "netProfitMargin" : 3.69,
    "netProfit" : 236.17
  }, {
    "date" : "2024-03-31",
    "sales" : 6767.51,
    "salesGrowthYoY" : 1.83,
    "grossProfitMargin" : 31.37,
    "grossProfit" : 2122.97,
    "operatingProfitMargin" : 7.78,
    "operatingProfit" : 526.51,
    "netProfitMargin" : 3.28,
    "netProfit" : 221.97
  }, {
    "date" : "2024-06-30",
    "sales" : 6893.87,
    "salesGrowthYoY" : 10.52,
    "grossProfitMargin" : 30.00,
    "grossProfit" : 2068.16,
    "operatingProfitMargin" : 4.72,
    "operatingProfit" : 325.39,
    "netProfitMargin" : -0.76,
    "netProfit" : -52.39
  }, {
    "date" : "2024-09-30",
    "sales" : 7623.33,
    "salesGrowthYoY" : 18.34,
    "grossProfitMargin" : 31.17,
    "grossProfit" : 2376.19,
    "operatingProfitMargin" : 4.27,
    "operatingProfit" : 325.52,
    "netProfitMargin" : 9.93,
    "netProfit" : 757.00
  }, {
    "date" : "2024-12-31",
    "sales" : 8120.28,
    "salesGrowthYoY" : 26.87,
    "grossProfitMargin" : 29.39,
    "grossProfit" : 2386.55,
    "operatingProfitMargin" : 3.33,
    "operatingProfit" : 270.41,
    "netProfitMargin" : -2.08,
    "netProfit" : -168.90
  }, {
    "date" : "2025-03-31",
    "sales" : 8925.75,
    "salesGrowthYoY" : 31.89,
    "grossProfitMargin" : 27.87,
    "grossProfit" : 2487.61,
    "operatingProfitMargin" : 2.47,
    "operatingProfit" : 220.47,
    "netProfitMargin" : -1.95,
    "netProfit" : -174.05
  }, {
    "date" : "2025-06-30",
    "sales" : 9223.13,
    "salesGrowthYoY" : 33.79,
    "grossProfitMargin" : 27.51,
    "grossProfit" : 2537.28,
    "operatingProfitMargin" : 4.17,
    "operatingProfit" : 384.60,
    "netProfitMargin" : -1.28,
    "netProfit" : -118.06
  }, {
    "date" : "2025-09-30",
    "sales" : 9610.34,
    "salesGrowthYoY" : 26.06,
    "grossProfitMargin" : 26.85,
    "grossProfit" : 2580.38,
    "operatingProfitMargin" : 3.81,
    "operatingProfit" : 366.15,
    "netProfitMargin" : 8.37,
    "netProfit" : 804.39
  } ],
  "latestQuarterlyResult" : {
    "date" : "2025-09-30",
    "sales" : 9610.34,
    "salesGrowthYoY" : 26.06,
    "grossProfitMargin" : 26.85,
    "grossProfit" : 2580.38,
    "operatingProfitMargin" : 3.81,
    "operatingProfit" : 366.15,
    "netProfitMargin" : 8.37,
    "netProfit" : 804.39
  },
  "companyScore" : {
    "priceHigherThanDma50" : 5.00,
    "priceHigherThanDma100" : 5.00,
    "priceHigherThanDma200" : 5.00,
    "dma50HigherThanDma100" : 0.00,
    "dma50HigherThanDma200" : 5.00,
    "dma100HigherThanDma200" : 5.00,
    "pricePercentageAboveDma50" : 4.93,
    "pricePercentageAboveDma100" : 4.95,
    "pricePercentageAboveDma200" : 4.82,
    "weeklyVolumeHigherThanYearlyVolume" : 0.00,
    "salesGrowthPercentile" : 14.18,
    "operatingProfitMarginPercentile" : 7.35,
    "netProfitMarginPercentile" : 5.37,
    "totalTechnicalScore" : 39.70,
    "totalFundamentalScore" : 26.90,
    "totalScore" : 66.60
  }
}