{
  "metadata" : {
    "screenerCompanyId" : "1261",
    "companyCode" : "GULPOLY",
    "companyName" : "Gulshan Polyols",
    "screenerCompanyLink" : "https://www.screener.in/company/GULPOLY/consolidated/",
    "screenerTechnicalHistoryLink" : "https://www.screener.in/api/company/1261/chart/?q=Price-DMA50-DMA200-Volume&days=365",
    "screenerQuarterlyResultsLink" : "https://www.screener.in/api/company/1261/chart/?q=GPM-OPM-NPM-Quarter+Sales&days=10000",
    "attributes" : {
      "companyCode" : "GULPOLY",
      "companyName" : "Gulshan Polyols",
      "marketCap" : 1013.00,
      "peRatio" : 23.70,
      "description" : "Incorporated in 1981, Gulshan Polyols Ltd is a manufacturer of Ethanol and other speciality chemicals.[1]"
    },
    "companyScore" : {
      "priceHigherThanDma50" : 5.00,
      "priceHigherThanDma100" : 5.00,
      "priceHigherThanDma200" : 5.00,
      "dma50HigherThanDma100" : 0.00,
      "dma50HigherThanDma200" : 0.00,
      "dma100HigherThanDma200" : 0.00,
      "pricePercentageAboveDma50" : 4.22,
      "pricePercentageAboveDma100" : 4.31,
      "pricePercentageAboveDma200" : 4.79,
      "weeklyVolumeHigherThanYearlyVolume" : 5.00,
      "salesGrowthPercentile" : 4.55,
      "operatingProfitMarginPercentile" : 11.30,
      "netProfitMarginPercentile" : 6.55,
      "totalTechnicalScore" : 33.33,
      "totalFundamentalScore" : 22.39,
      "totalScore" : 55.72
    }
  },
  "attributes" : {
    "companyCode" : "GULPOLY",
    "companyName" : "Gulshan Polyols",
    "marketCap" : 1013.00,
    "peRatio" : 23.70,
    "description" : "Incorporated in 1981, Gulshan Polyols Ltd is a manufacturer of Ethanol and other speciality chemicals.[1]"
  },
  "technicalHistory" : [ {
    "date" : "2025-02-17",
    "price" : 176.80,
    "dma50" : 187.32,
    "dma100" : null,
    "dma200" : 195.97,
    "volume" : 90636.00
  }, {
    "date" : "2025-02-18",
    "price" : 170.72,
    "dma50" : 186.67,
    "dma100" : null,
    "dma200" : 195.71,
    "volume" : 81962.00
  }, {
    "date" : "2025-02-19",
    "price" : 174.97,
    "dma50" : 186.21,
    "dma100" : null,
    "dma200" : 195.51,
    "volume" : 63050.00
  }, {
    "date" : "2025-02-20",
    "price" : 176.08,
    "dma50" : 185.81,
    "dma100" : null,
    "dma200" : 195.32,
    "volume" : 841831.00
  }, {
    "date" : "2025-02-21",
    "price" : 174.56,
    "dma50" : 185.37,
    "dma100" : null,
    "dma200" : 195.11,
    "volume" : 162151.00
  }, {
    "date" : "2025-02-24",
    "price" : 176.61,
    "dma50" : 185.03,
    "dma100" : null,
    "dma200" : 194.92,
    "volume" : 192912.00
  }, {
    "date" : "2025-02-25",
    "price" : 171.70,
    "dma50" : 184.50,
    "dma100" : null,
    "dma200" : 194.69,
    "volume" : 146742.00
  }, {
    "date" : "2025-02-27",
    "price" : 167.54,
    "dma50" : 183.84,
    "dma100" : null,
    "dma200" : 194.42,
    "volume" : 89093.00
  }, {
    "date" : "2025-02-28",
    "price" : 156.69,
    "dma50" : 182.77,
    "dma100" : null,
    "dma200" : 194.05,
    "volume" : 364717.00
  }, {
    "date" : "2025-03-03",
    "price" : 148.01,
    "dma50" : 181.41,
    "dma100" : null,
    "dma200" : 193.59,
    "volume" : 253546.00
  }, {
    "date" : "2025-03-04",
    "price" : 152.06,
    "dma50" : 180.26,
    "dma100" : null,
    "dma200" : 193.18,
    "volume" : 140958.00
  }, {
    "date" : "2025-03-05",
    "price" : 160.99,
    "dma50" : 179.50,
    "dma100" : null,
    "dma200" : 192.86,
    "volume" : 190661.00
  }, {
    "date" : "2025-03-06",
    "price" : 164.05,
    "dma50" : 178.90,
    "dma100" : null,
    "dma200" : 192.57,
    "volume" : 136143.00
  }, {
    "date" : "2025-03-07",
    "price" : 164.09,
    "dma50" : 178.32,
    "dma100" : null,
    "dma200" : 192.29,
    "volume" : 113138.00
  }, {
    "date" : "2025-03-10",
    "price" : 163.69,
    "dma50" : 177.74,
    "dma100" : null,
    "dma200" : 192.00,
    "volume" : 198945.00
  }, {
    "date" : "2025-03-11",
    "price" : 159.03,
    "dma50" : 177.01,
    "dma100" : null,
    "dma200" : 191.67,
    "volume" : 152327.00
  }, {
    "date" : "2025-03-12",
    "price" : 159.67,
    "dma50" : 176.33,
    "dma100" : null,
    "dma200" : 191.36,
    "volume" : 84788.00
  }, {
    "date" : "2025-03-13",
    "price" : 156.63,
    "dma50" : 175.56,
    "dma100" : null,
    "dma200" : 191.01,
    "volume" : 296140.00
  }, {
    "date" : "2025-03-17",
    "price" : 155.55,
    "dma50" : 174.77,
    "dma100" : null,
    "dma200" : 190.66,
    "volume" : 376721.00
  }, {
    "date" : "2025-03-18",
    "price" : 182.49,
    "dma50" : 175.07,
    "dma100" : null,
    "dma200" : 190.58,
    "volume" : 908460.00
  }, {
    "date" : "2025-03-19",
    "price" : 188.62,
    "dma50" : 175.61,
    "dma100" : null,
    "dma200" : 190.56,
    "volume" : 934395.00
  }, {
    "date" : "2025-03-20",
    "price" : 181.61,
    "dma50" : 175.84,
    "dma100" : null,
    "dma200" : 190.47,
    "volume" : 224837.00
  }, {
    "date" : "2025-03-21",
    "price" : 194.47,
    "dma50" : 176.57,
    "dma100" : null,
    "dma200" : 190.51,
    "volume" : 780200.00
  }, {
    "date" : "2025-03-24",
    "price" : 189.43,
    "dma50" : 177.08,
    "dma100" : null,
    "dma200" : 190.50,
    "volume" : 241432.00
  }, {
    "date" : "2025-03-25",
    "price" : 184.78,
    "dma50" : 177.38,
    "dma100" : null,
    "dma200" : 190.44,
    "volume" : 268378.00
  }, {
    "date" : "2025-03-26",
    "price" : 181.38,
    "dma50" : 177.53,
    "dma100" : null,
    "dma200" : 190.35,
    "volume" : 291640.00
  }, {
    "date" : "2025-03-27",
    "price" : 177.40,
    "dma50" : 177.53,
    "dma100" : null,
    "dma200" : 190.22,
    "volume" : 802130.00
  }, {
    "date" : "2025-03-28",
    "price" : 180.05,
    "dma50" : 177.63,
    "dma100" : null,
    "dma200" : 190.12,
    "volume" : 214620.00
  }, {
    "date" : "2025-04-01",
    "price" : 183.19,
    "dma50" : 177.85,
    "dma100" : null,
    "dma200" : 190.05,
    "volume" : 97855.00
  }, {
    "date" : "2025-04-02",
    "price" : 190.59,
    "dma50" : 178.35,
    "dma100" : null,
    "dma200" : 190.06,
    "volume" : 280142.00
  }, {
    "date" : "2025-04-03",
    "price" : 197.25,
    "dma50" : 179.09,
    "dma100" : null,
    "dma200" : 190.13,
    "volume" : 287906.00
  }, {
    "date" : "2025-04-04",
    "price" : 192.95,
    "dma50" : 179.63,
    "dma100" : null,
    "dma200" : 190.16,
    "volume" : 161403.00
  }, {
    "date" : "2025-04-07",
    "price" : 184.02,
    "dma50" : 179.80,
    "dma100" : null,
    "dma200" : 190.09,
    "volume" : 240584.00
  }, {
    "date" : "2025-04-08",
    "price" : 191.16,
    "dma50" : 180.25,
    "dma100" : null,
    "dma200" : 190.10,
    "volume" : 201264.00
  }, {
    "date" : "2025-04-09",
    "price" : 184.48,
    "dma50" : 180.41,
    "dma100" : null,
    "dma200" : 190.05,
    "volume" : 131411.00
  }, {
    "date" : "2025-04-11",
    "price" : 186.09,
    "dma50" : 180.64,
    "dma100" : null,
    "dma200" : 190.01,
    "volume" : 105978.00
  }, {
    "date" : "2025-04-15",
    "price" : 193.39,
    "dma50" : 181.14,
    "dma100" : null,
    "dma200" : 190.04,
    "volume" : 140945.00
  }, {
    "date" : "2025-04-16",
    "price" : 194.11,
    "dma50" : 181.65,
    "dma100" : null,
    "dma200" : 190.08,
    "volume" : 101062.00
  }, {
    "date" : "2025-04-17",
    "price" : 202.59,
    "dma50" : 182.47,
    "dma100" : null,
    "dma200" : 190.21,
    "volume" : 398338.00
  }, {
    "date" : "2025-04-21",
    "price" : 209.38,
    "dma50" : 183.52,
    "dma100" : null,
    "dma200" : 190.40,
    "volume" : 526913.00
  }, {
    "date" : "2025-04-22",
    "price" : 207.40,
    "dma50" : 184.46,
    "dma100" : null,
    "dma200" : 190.57,
    "volume" : 131656.00
  }, {
    "date" : "2025-04-23",
    "price" : 204.71,
    "dma50" : 185.25,
    "dma100" : null,
    "dma200" : 190.71,
    "volume" : 128962.00
  }, {
    "date" : "2025-04-24",
    "price" : 205.26,
    "dma50" : 186.04,
    "dma100" : null,
    "dma200" : 190.85,
    "volume" : 94254.00
  }, {
    "date" : "2025-04-25",
    "price" : 193.59,
    "dma50" : 186.33,
    "dma100" : null,
    "dma200" : 190.88,
    "volume" : 214409.00
  }, {
    "date" : "2025-04-28",
    "price" : 193.88,
    "dma50" : 186.63,
    "dma100" : null,
    "dma200" : 190.91,
    "volume" : 66189.00
  }, {
    "date" : "2025-04-29",
    "price" : 192.55,
    "dma50" : 186.86,
    "dma100" : null,
    "dma200" : 190.93,
    "volume" : 59358.00
  }, {
    "date" : "2025-04-30",
    "price" : 188.56,
    "dma50" : 186.93,
    "dma100" : null,
    "dma200" : 190.90,
    "volume" : 59337.00
  }, {
    "date" : "2025-05-02",
    "price" : 192.10,
    "dma50" : 187.13,
    "dma100" : null,
    "dma200" : 190.92,
    "volume" : 109593.00
  }, {
    "date" : "2025-05-05",
    "price" : 197.38,
    "dma50" : 187.53,
    "dma100" : null,
    "dma200" : 190.98,
    "volume" : 80134.00
  }, {
    "date" : "2025-05-06",
    "price" : 188.80,
    "dma50" : 187.58,
    "dma100" : null,
    "dma200" : 190.96,
    "volume" : 94812.00
  }, {
    "date" : "2025-05-07",
    "price" : 185.63,
    "dma50" : 187.51,
    "dma100" : null,
    "dma200" : 190.90,
    "volume" : 282624.00
  }, {
    "date" : "2025-05-08",
    "price" : 184.13,
    "dma50" : 187.37,
    "dma100" : null,
    "dma200" : 190.84,
    "volume" : 113688.00
  }, {
    "date" : "2025-05-09",
    "price" : 185.04,
    "dma50" : 187.28,
    "dma100" : null,
    "dma200" : 190.78,
    "volume" : 107461.00
  }, {
    "date" : "2025-05-12",
    "price" : 200.09,
    "dma50" : 187.78,
    "dma100" : null,
    "dma200" : 190.87,
    "volume" : 203777.00
  }, {
    "date" : "2025-05-13",
    "price" : 204.16,
    "dma50" : 188.43,
    "dma100" : null,
    "dma200" : 191.00,
    "volume" : 386476.00
  }, {
    "date" : "2025-05-14",
    "price" : 208.44,
    "dma50" : 189.21,
    "dma100" : null,
    "dma200" : 191.18,
    "volume" : 187993.00
  }, {
    "date" : "2025-05-15",
    "price" : 211.17,
    "dma50" : 190.07,
    "dma100" : null,
    "dma200" : 191.38,
    "volume" : 241751.00
  }, {
    "date" : "2025-05-16",
    "price" : 212.60,
    "dma50" : 190.96,
    "dma100" : null,
    "dma200" : 191.59,
    "volume" : 135079.00
  }, {
    "date" : "2025-05-19",
    "price" : 213.39,
    "dma50" : 191.84,
    "dma100" : null,
    "dma200" : 191.81,
    "volume" : 206482.00
  }, {
    "date" : "2025-05-20",
    "price" : 211.06,
    "dma50" : 192.59,
    "dma100" : null,
    "dma200" : 192.00,
    "volume" : 345347.00
  }, {
    "date" : "2025-05-21",
    "price" : 193.87,
    "dma50" : 192.64,
    "dma100" : null,
    "dma200" : 192.02,
    "volume" : 618969.00
  }, {
    "date" : "2025-05-22",
    "price" : 193.02,
    "dma50" : 192.66,
    "dma100" : null,
    "dma200" : 192.03,
    "volume" : 144572.00
  }, {
    "date" : "2025-05-23",
    "price" : 192.21,
    "dma50" : 192.64,
    "dma100" : null,
    "dma200" : 192.03,
    "volume" : 95799.00
  }, {
    "date" : "2025-05-26",
    "price" : 191.62,
    "dma50" : 192.60,
    "dma100" : null,
    "dma200" : 192.02,
    "volume" : 98384.00
  }, {
    "date" : "2025-05-27",
    "price" : 193.88,
    "dma50" : 192.65,
    "dma100" : null,
    "dma200" : 192.04,
    "volume" : 126935.00
  }, {
    "date" : "2025-05-28",
    "price" : 185.08,
    "dma50" : 192.35,
    "dma100" : null,
    "dma200" : 191.97,
    "volume" : 417718.00
  }, {
    "date" : "2025-05-29",
    "price" : 182.25,
    "dma50" : 191.96,
    "dma100" : null,
    "dma200" : 191.88,
    "volume" : 187505.00
  }, {
    "date" : "2025-05-30",
    "price" : 185.06,
    "dma50" : 191.68,
    "dma100" : null,
    "dma200" : 191.81,
    "volume" : 149876.00
  }, {
    "date" : "2025-06-02",
    "price" : 186.51,
    "dma50" : 191.48,
    "dma100" : null,
    "dma200" : 191.76,
    "volume" : 78527.00
  }, {
    "date" : "2025-06-03",
    "price" : 185.84,
    "dma50" : 191.26,
    "dma100" : null,
    "dma200" : 191.70,
    "volume" : 70918.00
  }, {
    "date" : "2025-06-04",
    "price" : 184.85,
    "dma50" : 191.01,
    "dma100" : null,
    "dma200" : 191.63,
    "volume" : 82497.00
  }, {
    "date" : "2025-06-05",
    "price" : 189.75,
    "dma50" : 190.96,
    "dma100" : null,
    "dma200" : 191.61,
    "volume" : 207341.00
  }, {
    "date" : "2025-06-06",
    "price" : 187.87,
    "dma50" : 190.84,
    "dma100" : null,
    "dma200" : 191.57,
    "volume" : 57573.00
  }, {
    "date" : "2025-06-09",
    "price" : 185.90,
    "dma50" : 190.64,
    "dma100" : null,
    "dma200" : 191.52,
    "volume" : 174544.00
  }, {
    "date" : "2025-06-10",
    "price" : 185.85,
    "dma50" : 190.46,
    "dma100" : null,
    "dma200" : 191.46,
    "volume" : 134096.00
  }, {
    "date" : "2025-06-11",
    "price" : 186.63,
    "dma50" : 190.31,
    "dma100" : null,
    "dma200" : 191.41,
    "volume" : 107452.00
  }, {
    "date" : "2025-06-12",
    "price" : 181.73,
    "dma50" : 189.97,
    "dma100" : null,
    "dma200" : 191.31,
    "volume" : 131460.00
  }, {
    "date" : "2025-06-13",
    "price" : 183.32,
    "dma50" : 189.71,
    "dma100" : null,
    "dma200" : 191.24,
    "volume" : 118758.00
  }, {
    "date" : "2025-06-16",
    "price" : 181.43,
    "dma50" : 189.38,
    "dma100" : null,
    "dma200" : 191.14,
    "volume" : 167089.00
  }, {
    "date" : "2025-06-17",
    "price" : 179.04,
    "dma50" : 188.98,
    "dma100" : null,
    "dma200" : 191.02,
    "volume" : 127393.00
  }, {
    "date" : "2025-06-18",
    "price" : 180.00,
    "dma50" : 188.63,
    "dma100" : null,
    "dma200" : 190.91,
    "volume" : 73861.00
  }, {
    "date" : "2025-06-19",
    "price" : 175.83,
    "dma50" : 188.13,
    "dma100" : null,
    "dma200" : 190.76,
    "volume" : 166021.00
  }, {
    "date" : "2025-06-20",
    "price" : 178.42,
    "dma50" : 187.74,
    "dma100" : null,
    "dma200" : 190.64,
    "volume" : 53904.00
  }, {
    "date" : "2025-06-23",
    "price" : 177.66,
    "dma50" : 187.35,
    "dma100" : null,
    "dma200" : 190.51,
    "volume" : 49400.00
  }, {
    "date" : "2025-06-24",
    "price" : 179.13,
    "dma50" : 187.03,
    "dma100" : null,
    "dma200" : 190.39,
    "volume" : 61216.00
  }, {
    "date" : "2025-06-25",
    "price" : 181.18,
    "dma50" : 186.80,
    "dma100" : null,
    "dma200" : 190.30,
    "volume" : 60204.00
  }, {
    "date" : "2025-06-26",
    "price" : 180.27,
    "dma50" : 186.54,
    "dma100" : null,
    "dma200" : 190.20,
    "volume" : 79568.00
  }, {
    "date" : "2025-06-27",
    "price" : 178.03,
    "dma50" : 186.21,
    "dma100" : null,
    "dma200" : 190.08,
    "volume" : 86610.00
  }, {
    "date" : "2025-06-30",
    "price" : 179.76,
    "dma50" : 185.95,
    "dma100" : null,
    "dma200" : 189.98,
    "volume" : 74358.00
  }, {
    "date" : "2025-07-01",
    "price" : 178.83,
    "dma50" : 185.68,
    "dma100" : null,
    "dma200" : 189.87,
    "volume" : 38051.00
  }, {
    "date" : "2025-07-02",
    "price" : 177.93,
    "dma50" : 185.37,
    "dma100" : null,
    "dma200" : 189.75,
    "volume" : 93322.00
  }, {
    "date" : "2025-07-03",
    "price" : 176.39,
    "dma50" : 185.02,
    "dma100" : null,
    "dma200" : 189.61,
    "volume" : 95898.00
  }, {
    "date" : "2025-07-04",
    "price" : 173.60,
    "dma50" : 184.57,
    "dma100" : null,
    "dma200" : 189.46,
    "volume" : 123135.00
  }, {
    "date" : "2025-07-07",
    "price" : 171.19,
    "dma50" : 184.05,
    "dma100" : null,
    "dma200" : 189.27,
    "volume" : 122441.00
  }, {
    "date" : "2025-07-08",
    "price" : 171.84,
    "dma50" : 183.57,
    "dma100" : null,
    "dma200" : 189.10,
    "volume" : 107329.00
  }, {
    "date" : "2025-07-09",
    "price" : 172.45,
    "dma50" : 183.13,
    "dma100" : null,
    "dma200" : 188.93,
    "volume" : 51253.00
  }, {
    "date" : "2025-07-10",
    "price" : 171.83,
    "dma50" : 182.69,
    "dma100" : null,
    "dma200" : 188.76,
    "volume" : 65683.00
  }, {
    "date" : "2025-07-11",
    "price" : 167.53,
    "dma50" : 182.09,
    "dma100" : null,
    "dma200" : 188.55,
    "volume" : 241655.00
  }, {
    "date" : "2025-07-14",
    "price" : 169.54,
    "dma50" : 181.60,
    "dma100" : null,
    "dma200" : 188.36,
    "volume" : 69680.00
  }, {
    "date" : "2025-07-15",
    "price" : 168.62,
    "dma50" : 181.09,
    "dma100" : null,
    "dma200" : 188.17,
    "volume" : 79561.00
  }, {
    "date" : "2025-07-16",
    "price" : 169.17,
    "dma50" : 180.63,
    "dma100" : 183.17,
    "dma200" : 187.98,
    "volume" : 87859.00
  }, {
    "date" : "2025-07-17",
    "price" : 166.71,
    "dma50" : 180.08,
    "dma100" : 183.13,
    "dma200" : 187.77,
    "volume" : 151277.00
  }, {
    "date" : "2025-07-18",
    "price" : 166.29,
    "dma50" : 179.54,
    "dma100" : 183.04,
    "dma200" : 187.55,
    "volume" : 94027.00
  }, {
    "date" : "2025-07-21",
    "price" : 176.00,
    "dma50" : 179.40,
    "dma100" : 183.04,
    "dma200" : 187.44,
    "volume" : 434887.00
  }, {
    "date" : "2025-07-22",
    "price" : 172.02,
    "dma50" : 179.11,
    "dma100" : 183.02,
    "dma200" : 187.28,
    "volume" : 105254.00
  }, {
    "date" : "2025-07-23",
    "price" : 173.48,
    "dma50" : 178.89,
    "dma100" : 182.98,
    "dma200" : 187.15,
    "volume" : 46711.00
  }, {
    "date" : "2025-07-24",
    "price" : 174.33,
    "dma50" : 178.71,
    "dma100" : 183.01,
    "dma200" : 187.02,
    "volume" : 36198.00
  }, {
    "date" : "2025-07-25",
    "price" : 169.91,
    "dma50" : 178.37,
    "dma100" : 183.03,
    "dma200" : 186.85,
    "volume" : 65862.00
  }, {
    "date" : "2025-07-28",
    "price" : 166.74,
    "dma50" : 177.91,
    "dma100" : 183.14,
    "dma200" : 186.65,
    "volume" : 45818.00
  }, {
    "date" : "2025-07-29",
    "price" : 169.48,
    "dma50" : 177.58,
    "dma100" : 183.35,
    "dma200" : 186.48,
    "volume" : 33523.00
  }, {
    "date" : "2025-07-30",
    "price" : 167.13,
    "dma50" : 177.17,
    "dma100" : 183.50,
    "dma200" : 186.29,
    "volume" : 41559.00
  }, {
    "date" : "2025-07-31",
    "price" : 169.49,
    "dma50" : 176.87,
    "dma100" : 183.59,
    "dma200" : 186.12,
    "volume" : 34102.00
  }, {
    "date" : "2025-08-01",
    "price" : 165.31,
    "dma50" : 176.42,
    "dma100" : 183.60,
    "dma200" : 185.91,
    "volume" : 47321.00
  }, {
    "date" : "2025-08-04",
    "price" : 163.90,
    "dma50" : 175.92,
    "dma100" : 183.60,
    "dma200" : 185.69,
    "volume" : 94681.00
  }, {
    "date" : "2025-08-05",
    "price" : 171.57,
    "dma50" : 175.75,
    "dma100" : 183.68,
    "dma200" : 185.55,
    "volume" : 88723.00
  }, {
    "date" : "2025-08-06",
    "price" : 173.08,
    "dma50" : 175.65,
    "dma100" : 183.82,
    "dma200" : 185.43,
    "volume" : 126719.00
  }, {
    "date" : "2025-08-07",
    "price" : 171.84,
    "dma50" : 175.50,
    "dma100" : 183.94,
    "dma200" : 185.29,
    "volume" : 88546.00
  }, {
    "date" : "2025-08-08",
    "price" : 173.32,
    "dma50" : 175.41,
    "dma100" : 184.10,
    "dma200" : 185.17,
    "volume" : 489397.00
  }, {
    "date" : "2025-08-11",
    "price" : 170.23,
    "dma50" : 175.21,
    "dma100" : 184.25,
    "dma200" : 185.03,
    "volume" : 93427.00
  }, {
    "date" : "2025-08-12",
    "price" : 167.70,
    "dma50" : 174.92,
    "dma100" : 184.10,
    "dma200" : 184.85,
    "volume" : 87789.00
  }, {
    "date" : "2025-08-13",
    "price" : 164.39,
    "dma50" : 174.50,
    "dma100" : 183.86,
    "dma200" : 184.65,
    "volume" : 142730.00
  }, {
    "date" : "2025-08-14",
    "price" : 166.42,
    "dma50" : 174.19,
    "dma100" : 183.71,
    "dma200" : 184.47,
    "volume" : 37826.00
  }, {
    "date" : "2025-08-18",
    "price" : 167.01,
    "dma50" : 173.91,
    "dma100" : 183.43,
    "dma200" : 184.29,
    "volume" : 68056.00
  }, {
    "date" : "2025-08-19",
    "price" : 167.79,
    "dma50" : 173.67,
    "dma100" : 183.22,
    "dma200" : 184.13,
    "volume" : 94141.00
  }, {
    "date" : "2025-08-20",
    "price" : 168.59,
    "dma50" : 173.47,
    "dma100" : 183.06,
    "dma200" : 183.98,
    "volume" : 58422.00
  }, {
    "date" : "2025-08-21",
    "price" : 168.35,
    "dma50" : 173.27,
    "dma100" : 182.93,
    "dma200" : 183.82,
    "volume" : 40298.00
  }, {
    "date" : "2025-08-22",
    "price" : 166.38,
    "dma50" : 173.00,
    "dma100" : 182.82,
    "dma200" : 183.65,
    "volume" : 35604.00
  }, {
    "date" : "2025-08-25",
    "price" : 166.44,
    "dma50" : 172.74,
    "dma100" : 182.68,
    "dma200" : 183.48,
    "volume" : 56233.00
  }, {
    "date" : "2025-08-26",
    "price" : 164.46,
    "dma50" : 172.41,
    "dma100" : 182.49,
    "dma200" : 183.29,
    "volume" : 27085.00
  }, {
    "date" : "2025-08-28",
    "price" : 162.32,
    "dma50" : 172.02,
    "dma100" : 182.21,
    "dma200" : 183.08,
    "volume" : 34219.00
  }, {
    "date" : "2025-08-29",
    "price" : 164.21,
    "dma50" : 171.71,
    "dma100" : 181.88,
    "dma200" : 182.89,
    "volume" : 38046.00
  }, {
    "date" : "2025-09-01",
    "price" : 161.02,
    "dma50" : 171.29,
    "dma100" : 181.56,
    "dma200" : 182.67,
    "volume" : 108603.00
  }, {
    "date" : "2025-09-02",
    "price" : 163.06,
    "dma50" : 170.97,
    "dma100" : 181.35,
    "dma200" : 182.48,
    "volume" : 115501.00
  }, {
    "date" : "2025-09-03",
    "price" : 162.92,
    "dma50" : 170.65,
    "dma100" : 181.07,
    "dma200" : 182.28,
    "volume" : 63920.00
  }, {
    "date" : "2025-09-04",
    "price" : 161.72,
    "dma50" : 170.30,
    "dma100" : 180.84,
    "dma200" : 182.08,
    "volume" : 44584.00
  }, {
    "date" : "2025-09-05",
    "price" : 160.68,
    "dma50" : 169.93,
    "dma100" : 180.59,
    "dma200" : 181.86,
    "volume" : 39056.00
  }, {
    "date" : "2025-09-08",
    "price" : 161.50,
    "dma50" : 169.60,
    "dma100" : 180.27,
    "dma200" : 181.66,
    "volume" : 51553.00
  }, {
    "date" : "2025-09-09",
    "price" : 160.38,
    "dma50" : 169.23,
    "dma100" : 179.93,
    "dma200" : 181.45,
    "volume" : 53525.00
  }, {
    "date" : "2025-09-10",
    "price" : 162.45,
    "dma50" : 168.97,
    "dma100" : 179.53,
    "dma200" : 181.26,
    "volume" : 56354.00
  }, {
    "date" : "2025-09-11",
    "price" : 162.13,
    "dma50" : 168.70,
    "dma100" : 179.06,
    "dma200" : 181.07,
    "volume" : 23605.00
  }, {
    "date" : "2025-09-12",
    "price" : 161.54,
    "dma50" : 168.42,
    "dma100" : 178.60,
    "dma200" : 180.88,
    "volume" : 38667.00
  }, {
    "date" : "2025-09-15",
    "price" : 161.16,
    "dma50" : 168.13,
    "dma100" : 178.16,
    "dma200" : 180.68,
    "volume" : 68591.00
  }, {
    "date" : "2025-09-16",
    "price" : 161.65,
    "dma50" : 167.88,
    "dma100" : 177.73,
    "dma200" : 180.49,
    "volume" : 35748.00
  }, {
    "date" : "2025-09-17",
    "price" : 156.89,
    "dma50" : 167.45,
    "dma100" : 177.36,
    "dma200" : 180.26,
    "volume" : 321303.00
  }, {
    "date" : "2025-09-18",
    "price" : 157.48,
    "dma50" : 167.06,
    "dma100" : 176.99,
    "dma200" : 180.03,
    "volume" : 70076.00
  }, {
    "date" : "2025-09-19",
    "price" : 157.93,
    "dma50" : 166.70,
    "dma100" : 176.65,
    "dma200" : 179.81,
    "volume" : 40115.00
  }, {
    "date" : "2025-09-22",
    "price" : 156.77,
    "dma50" : 166.31,
    "dma100" : 176.33,
    "dma200" : 179.58,
    "volume" : 36304.00
  }, {
    "date" : "2025-09-23",
    "price" : 155.11,
    "dma50" : 165.87,
    "dma100" : 175.96,
    "dma200" : 179.34,
    "volume" : 54435.00
  }, {
    "date" : "2025-09-24",
    "price" : 154.19,
    "dma50" : 165.41,
    "dma100" : 175.53,
    "dma200" : 179.09,
    "volume" : 107904.00
  }, {
    "date" : "2025-09-25",
    "price" : 152.10,
    "dma50" : 164.89,
    "dma100" : 175.16,
    "dma200" : 178.82,
    "volume" : 39018.00
  }, {
    "date" : "2025-09-26",
    "price" : 148.13,
    "dma50" : 164.23,
    "dma100" : 174.79,
    "dma200" : 178.51,
    "volume" : 71138.00
  }, {
    "date" : "2025-09-29",
    "price" : 149.82,
    "dma50" : 163.67,
    "dma100" : 174.44,
    "dma200" : 178.23,
    "volume" : 78402.00
  }, {
    "date" : "2025-09-30",
    "price" : 147.83,
    "dma50" : 163.05,
    "dma100" : 174.07,
    "dma200" : 177.92,
    "volume" : 29000.00
  }, {
    "date" : "2025-10-01",
    "price" : 146.60,
    "dma50" : 162.40,
    "dma100" : 173.54,
    "dma200" : 177.61,
    "volume" : 103719.00
  }, {
    "date" : "2025-10-03",
    "price" : 149.10,
    "dma50" : 161.88,
    "dma100" : 172.99,
    "dma200" : 177.33,
    "volume" : 36838.00
  }, {
    "date" : "2025-10-06",
    "price" : 147.09,
    "dma50" : 161.30,
    "dma100" : 172.37,
    "dma200" : 177.03,
    "volume" : 45088.00
  }, {
    "date" : "2025-10-07",
    "price" : 145.22,
    "dma50" : 160.67,
    "dma100" : 171.71,
    "dma200" : 176.71,
    "volume" : 47018.00
  }, {
    "date" : "2025-10-08",
    "price" : 144.55,
    "dma50" : 160.04,
    "dma100" : 171.03,
    "dma200" : 176.39,
    "volume" : 37681.00
  }, {
    "date" : "2025-10-09",
    "price" : 143.44,
    "dma50" : 159.39,
    "dma100" : 170.33,
    "dma200" : 176.06,
    "volume" : 48149.00
  }, {
    "date" : "2025-10-10",
    "price" : 145.37,
    "dma50" : 158.84,
    "dma100" : 169.68,
    "dma200" : 175.76,
    "volume" : 24446.00
  }, {
    "date" : "2025-10-13",
    "price" : 140.87,
    "dma50" : 158.13,
    "dma100" : 169.15,
    "dma200" : 175.41,
    "volume" : 111841.00
  }, {
    "date" : "2025-10-14",
    "price" : 138.23,
    "dma50" : 157.35,
    "dma100" : 168.60,
    "dma200" : 175.04,
    "volume" : 41350.00
  }, {
    "date" : "2025-10-15",
    "price" : 138.45,
    "dma50" : 156.61,
    "dma100" : 168.06,
    "dma200" : 174.68,
    "volume" : 44985.00
  }, {
    "date" : "2025-10-16",
    "price" : 142.93,
    "dma50" : 156.07,
    "dma100" : 167.57,
    "dma200" : 174.36,
    "volume" : 67286.00
  }, {
    "date" : "2025-10-17",
    "price" : 139.90,
    "dma50" : 155.44,
    "dma100" : 167.03,
    "dma200" : 174.02,
    "volume" : 55085.00
  }, {
    "date" : "2025-10-20",
    "price" : 139.10,
    "dma50" : 154.80,
    "dma100" : 166.57,
    "dma200" : 173.67,
    "volume" : 44374.00
  }, {
    "date" : "2025-10-21",
    "price" : 141.69,
    "dma50" : 154.29,
    "dma100" : 166.17,
    "dma200" : 173.35,
    "volume" : 32414.00
  }, {
    "date" : "2025-10-23",
    "price" : 153.96,
    "dma50" : 154.27,
    "dma100" : 165.86,
    "dma200" : 173.16,
    "volume" : 2197014.00
  }, {
    "date" : "2025-10-24",
    "price" : 153.12,
    "dma50" : 154.23,
    "dma100" : 165.52,
    "dma200" : 172.96,
    "volume" : 245048.00
  }, {
    "date" : "2025-10-27",
    "price" : 152.86,
    "dma50" : 154.17,
    "dma100" : 165.19,
    "dma200" : 172.76,
    "volume" : 178283.00
  }, {
    "date" : "2025-10-28",
    "price" : 152.55,
    "dma50" : 154.11,
    "dma100" : 164.87,
    "dma200" : 172.56,
    "volume" : 57585.00
  }, {
    "date" : "2025-10-29",
    "price" : 152.20,
    "dma50" : 154.04,
    "dma100" : 164.50,
    "dma200" : 172.36,
    "volume" : 48421.00
  }, {
    "date" : "2025-10-30",
    "price" : 152.10,
    "dma50" : 153.96,
    "dma100" : 164.14,
    "dma200" : 172.16,
    "volume" : 58430.00
  }, {
    "date" : "2025-10-31",
    "price" : 151.46,
    "dma50" : 153.86,
    "dma100" : 163.79,
    "dma200" : 171.95,
    "volume" : 68970.00
  }, {
    "date" : "2025-11-03",
    "price" : 155.75,
    "dma50" : 153.94,
    "dma100" : 163.49,
    "dma200" : 171.79,
    "volume" : 550905.00
  }, {
    "date" : "2025-11-04",
    "price" : 156.99,
    "dma50" : 154.06,
    "dma100" : 163.20,
    "dma200" : 171.64,
    "volume" : 168019.00
  }, {
    "date" : "2025-11-06",
    "price" : 151.56,
    "dma50" : 153.96,
    "dma100" : 162.89,
    "dma200" : 171.44,
    "volume" : 122709.00
  }, {
    "date" : "2025-11-07",
    "price" : 154.06,
    "dma50" : 153.96,
    "dma100" : 162.60,
    "dma200" : 171.27,
    "volume" : 455578.00
  }, {
    "date" : "2025-11-10",
    "price" : 157.44,
    "dma50" : 154.10,
    "dma100" : 162.36,
    "dma200" : 171.13,
    "volume" : 128766.00
  }, {
    "date" : "2025-11-11",
    "price" : 152.55,
    "dma50" : 154.04,
    "dma100" : 162.10,
    "dma200" : 170.95,
    "volume" : 117331.00
  }, {
    "date" : "2025-11-12",
    "price" : 150.51,
    "dma50" : 153.90,
    "dma100" : 161.80,
    "dma200" : 170.74,
    "volume" : 96269.00
  }, {
    "date" : "2025-11-13",
    "price" : 150.79,
    "dma50" : 153.78,
    "dma100" : 161.55,
    "dma200" : 170.54,
    "volume" : 96558.00
  }, {
    "date" : "2025-11-14",
    "price" : 149.20,
    "dma50" : 153.60,
    "dma100" : 161.26,
    "dma200" : 170.33,
    "volume" : 114728.00
  }, {
    "date" : "2025-11-17",
    "price" : 148.06,
    "dma50" : 153.38,
    "dma100" : 160.96,
    "dma200" : 170.11,
    "volume" : 111485.00
  }, {
    "date" : "2025-11-18",
    "price" : 148.89,
    "dma50" : 153.20,
    "dma100" : 160.66,
    "dma200" : 169.90,
    "volume" : 55649.00
  }, {
    "date" : "2025-11-19",
    "price" : 145.09,
    "dma50" : 152.89,
    "dma100" : 160.30,
    "dma200" : 169.65,
    "volume" : 93131.00
  }, {
    "date" : "2025-11-20",
    "price" : 142.61,
    "dma50" : 152.48,
    "dma100" : 159.92,
    "dma200" : 169.38,
    "volume" : 100198.00
  }, {
    "date" : "2025-11-21",
    "price" : 141.49,
    "dma50" : 152.05,
    "dma100" : 159.56,
    "dma200" : 169.11,
    "volume" : 61101.00
  }, {
    "date" : "2025-11-24",
    "price" : 138.54,
    "dma50" : 151.52,
    "dma100" : 159.15,
    "dma200" : 168.80,
    "volume" : 61681.00
  }, {
    "date" : "2025-11-25",
    "price" : 135.04,
    "dma50" : 150.88,
    "dma100" : 158.71,
    "dma200" : 168.47,
    "volume" : 80328.00
  }, {
    "date" : "2025-11-26",
    "price" : 138.41,
    "dma50" : 150.39,
    "dma100" : 158.31,
    "dma200" : 168.17,
    "volume" : 122019.00
  }, {
    "date" : "2025-11-27",
    "price" : 137.46,
    "dma50" : 149.88,
    "dma100" : 157.92,
    "dma200" : 167.86,
    "volume" : 31180.00
  }, {
    "date" : "2025-11-28",
    "price" : 138.79,
    "dma50" : 149.44,
    "dma100" : 157.58,
    "dma200" : 167.57,
    "volume" : 44041.00
  }, {
    "date" : "2025-12-01",
    "price" : 134.83,
    "dma50" : 148.87,
    "dma100" : 157.21,
    "dma200" : 167.25,
    "volume" : 75439.00
  }, {
    "date" : "2025-12-02",
    "price" : 135.18,
    "dma50" : 148.33,
    "dma100" : 156.85,
    "dma200" : 166.93,
    "volume" : 111579.00
  }, {
    "date" : "2025-12-03",
    "price" : 139.44,
    "dma50" : 147.99,
    "dma100" : 156.52,
    "dma200" : 166.65,
    "volume" : 126899.00
  }, {
    "date" : "2025-12-04",
    "price" : 141.04,
    "dma50" : 147.71,
    "dma100" : 156.21,
    "dma200" : 166.40,
    "volume" : 70982.00
  }, {
    "date" : "2025-12-05",
    "price" : 139.76,
    "dma50" : 147.40,
    "dma100" : 155.93,
    "dma200" : 166.13,
    "volume" : 40514.00
  }, {
    "date" : "2025-12-08",
    "price" : 134.30,
    "dma50" : 146.89,
    "dma100" : 155.58,
    "dma200" : 165.82,
    "volume" : 85441.00
  }, {
    "date" : "2025-12-09",
    "price" : 138.67,
    "dma50" : 146.57,
    "dma100" : 155.28,
    "dma200" : 165.55,
    "volume" : 73145.00
  }, {
    "date" : "2025-12-10",
    "price" : 136.22,
    "dma50" : 146.16,
    "dma100" : 154.95,
    "dma200" : 165.25,
    "volume" : 39279.00
  }, {
    "date" : "2025-12-11",
    "price" : 136.56,
    "dma50" : 145.78,
    "dma100" : 154.65,
    "dma200" : 164.97,
    "volume" : 41478.00
  }, {
    "date" : "2025-12-12",
    "price" : 136.11,
    "dma50" : 145.40,
    "dma100" : 154.34,
    "dma200" : 164.68,
    "volume" : 41212.00
  }, {
    "date" : "2025-12-15",
    "price" : 137.99,
    "dma50" : 145.11,
    "dma100" : 153.96,
    "dma200" : 164.42,
    "volume" : 64233.00
  }, {
    "date" : "2025-12-16",
    "price" : 135.32,
    "dma50" : 144.73,
    "dma100" : 153.60,
    "dma200" : 164.13,
    "volume" : 32717.00
  }, {
    "date" : "2025-12-17",
    "price" : 133.75,
    "dma50" : 144.30,
    "dma100" : 153.20,
    "dma200" : 163.82,
    "volume" : 30811.00
  }, {
    "date" : "2025-12-18",
    "price" : 139.94,
    "dma50" : 144.13,
    "dma100" : 152.86,
    "dma200" : 163.59,
    "volume" : 142233.00
  }, {
    "date" : "2025-12-19",
    "price" : 138.10,
    "dma50" : 143.89,
    "dma100" : 152.54,
    "dma200" : 163.33,
    "volume" : 39693.00
  }, {
    "date" : "2025-12-22",
    "price" : 138.01,
    "dma50" : 143.66,
    "dma100" : 152.25,
    "dma200" : 163.08,
    "volume" : 31129.00
  }, {
    "date" : "2025-12-23",
    "price" : 138.51,
    "dma50" : 143.46,
    "dma100" : 151.94,
    "dma200" : 162.84,
    "volume" : 41443.00
  }, {
    "date" : "2025-12-24",
    "price" : 142.96,
    "dma50" : 143.44,
    "dma100" : 151.70,
    "dma200" : 162.64,
    "volume" : 115827.00
  }, {
    "date" : "2025-12-26",
    "price" : 139.82,
    "dma50" : 143.30,
    "dma100" : 151.40,
    "dma200" : 162.41,
    "volume" : 38720.00
  }, {
    "date" : "2025-12-29",
    "price" : 138.32,
    "dma50" : 143.10,
    "dma100" : 151.13,
    "dma200" : 162.17,
    "volume" : 65693.00
  }, {
    "date" : "2025-12-30",
    "price" : 136.54,
    "dma50" : 142.84,
    "dma100" : 150.86,
    "dma200" : 161.92,
    "volume" : 44294.00
  }, {
    "date" : "2025-12-31",
    "price" : 141.77,
    "dma50" : 142.80,
    "dma100" : 150.56,
    "dma200" : 161.72,
    "volume" : 61745.00
  }, {
    "date" : "2026-01-01",
    "price" : 140.34,
    "dma50" : 142.71,
    "dma100" : 150.23,
    "dma200" : 161.50,
    "volume" : 44866.00
  }, {
    "date" : "2026-01-02",
    "price" : 143.40,
    "dma50" : 142.73,
    "dma100" : 149.95,
    "dma200" : 161.32,
    "volume" : 44996.00
  }, {
    "date" : "2026-01-05",
    "price" : 149.45,
    "dma50" : 143.00,
    "dma100" : 149.71,
    "dma200" : 161.21,
    "volume" : 231850.00
  }, {
    "date" : "2026-01-06",
    "price" : 147.36,
    "dma50" : 143.17,
    "dma100" : 149.48,
    "dma200" : 161.07,
    "volume" : 77788.00
  }, {
    "date" : "2026-01-07",
    "price" : 152.09,
    "dma50" : 143.52,
    "dma100" : 149.33,
    "dma200" : 160.98,
    "volume" : 118063.00
  }, {
    "date" : "2026-01-08",
    "price" : 151.06,
    "dma50" : 143.81,
    "dma100" : 149.19,
    "dma200" : 160.88,
    "volume" : 169741.00
  }, {
    "date" : "2026-01-09",
    "price" : 145.67,
    "dma50" : 143.89,
    "dma100" : 148.99,
    "dma200" : 160.73,
    "volume" : 95615.00
  }, {
    "date" : "2026-01-12",
    "price" : 143.03,
    "dma50" : 143.85,
    "dma100" : 148.75,
    "dma200" : 160.55,
    "volume" : 85490.00
  }, {
    "date" : "2026-01-13",
    "price" : 141.80,
    "dma50" : 143.77,
    "dma100" : 148.49,
    "dma200" : 160.37,
    "volume" : 55030.00
  }, {
    "date" : "2026-01-14",
    "price" : 140.53,
    "dma50" : 143.65,
    "dma100" : 148.21,
    "dma200" : 160.17,
    "volume" : 70672.00
  }, {
    "date" : "2026-01-16",
    "price" : 140.90,
    "dma50" : 143.54,
    "dma100" : 147.93,
    "dma200" : 159.98,
    "volume" : 71430.00
  }, {
    "date" : "2026-01-19",
    "price" : 137.10,
    "dma50" : 143.28,
    "dma100" : 147.64,
    "dma200" : 159.75,
    "volume" : 63708.00
  }, {
    "date" : "2026-01-20",
    "price" : 131.87,
    "dma50" : 142.84,
    "dma100" : 147.29,
    "dma200" : 159.47,
    "volume" : 95709.00
  }, {
    "date" : "2026-01-21",
    "price" : 128.77,
    "dma50" : 142.29,
    "dma100" : 146.94,
    "dma200" : 159.17,
    "volume" : 76522.00
  }, {
    "date" : "2026-01-22",
    "price" : 133.76,
    "dma50" : 141.95,
    "dma100" : 146.65,
    "dma200" : 158.91,
    "volume" : 59839.00
  }, {
    "date" : "2026-01-23",
    "price" : 128.18,
    "dma50" : 141.41,
    "dma100" : 146.29,
    "dma200" : 158.61,
    "volume" : 68179.00
  }, {
    "date" : "2026-01-27",
    "price" : 127.92,
    "dma50" : 140.88,
    "dma100" : 145.96,
    "dma200" : 158.30,
    "volume" : 101377.00
  }, {
    "date" : "2026-01-28",
    "price" : 130.49,
    "dma50" : 140.47,
    "dma100" : 145.63,
    "dma200" : 158.03,
    "volume" : 57285.00
  }, {
    "date" : "2026-01-29",
    "price" : 127.75,
    "dma50" : 139.98,
    "dma100" : 145.28,
    "dma200" : 157.72,
    "volume" : 77903.00
  }, {
    "date" : "2026-01-30",
    "price" : 127.77,
    "dma50" : 139.50,
    "dma100" : 144.94,
    "dma200" : 157.43,
    "volume" : 58731.00
  }, {
    "date" : "2026-02-01",
    "price" : 126.11,
    "dma50" : 138.97,
    "dma100" : 144.60,
    "dma200" : 157.11,
    "volume" : 56042.00
  }, {
    "date" : "2026-02-02",
    "price" : 125.32,
    "dma50" : 138.44,
    "dma100" : 144.23,
    "dma200" : 156.80,
    "volume" : 92453.00
  }, {
    "date" : "2026-02-03",
    "price" : 131.01,
    "dma50" : 138.15,
    "dma100" : 143.94,
    "dma200" : 156.54,
    "volume" : 83577.00
  }, {
    "date" : "2026-02-04",
    "price" : 131.31,
    "dma50" : 137.88,
    "dma100" : 143.63,
    "dma200" : 156.29,
    "volume" : 69023.00
  }, {
    "date" : "2026-02-05",
    "price" : 129.33,
    "dma50" : 137.54,
    "dma100" : 143.30,
    "dma200" : 156.02,
    "volume" : 49277.00
  }, {
    "date" : "2026-02-06",
    "price" : 129.25,
    "dma50" : 137.22,
    "dma100" : 142.98,
    "dma200" : 155.76,
    "volume" : 31426.00
  }, {
    "date" : "2026-02-09",
    "price" : 141.11,
    "dma50" : 137.37,
    "dma100" : 142.78,
    "dma200" : 155.61,
    "volume" : 241545.00
  }, {
    "date" : "2026-02-10",
    "price" : 145.44,
    "dma50" : 137.69,
    "dma100" : 142.62,
    "dma200" : 155.51,
    "volume" : 191590.00
  }, {
    "date" : "2026-02-11",
    "price" : 163.70,
    "dma50" : 138.71,
    "dma100" : 142.68,
    "dma200" : 155.59,
    "volume" : 2348339.00
  }, {
    "date" : "2026-02-12",
    "price" : 162.87,
    "dma50" : 139.65,
    "dma100" : 142.74,
    "dma200" : 155.66,
    "volume" : 344560.00
  }, {
    "date" : "2026-02-13",
    "price" : 162.35,
    "dma50" : 140.54,
    "dma100" : 142.78,
    "dma200" : 155.73,
    "volume" : 213109.00
  } ],
  "latestTechnicalAttributes" : {
    "date" : "2026-02-13",
    "price" : 162.35,
    "dma50" : 140.54,
    "dma100" : 142.78,
    "dma200" : 155.73,
    "volume" : 213109.00
  },
  "quarterlyResults" : [ {
    "date" : "2005-03-31",
    "sales" : 10.23,
    "salesGrowthYoY" : null,
    "grossProfitMargin" : 51.03,
    "grossProfit" : 5.22,
    "operatingProfitMargin" : 11.44,
    "operatingProfit" : 1.17,
    "netProfitMargin" : 0.39,
    "netProfit" : 0.04
  }, {
    "date" : "2005-06-30",
    "sales" : 13.15,
    "salesGrowthYoY" : null,
    "grossProfitMargin" : 51.71,
    "grossProfit" : 6.80,
    "operatingProfitMargin" : 12.09,
    "operatingProfit" : 1.59,
    "netProfitMargin" : 4.11,
    "netProfit" : 0.54
  }, {
    "date" : "2005-09-30",
    "sales" : 14.42,
    "salesGrowthYoY" : null,
    "grossProfitMargin" : 47.16,
    "grossProfit" : 6.80,
    "operatingProfitMargin" : 11.37,
    "operatingProfit" : 1.64,
    "netProfitMargin" : 5.13,
    "netProfit" : 0.74
  }, {
    "date" : "2005-12-31",
    "sales" : 14.53,
    "salesGrowthYoY" : null,
    "grossProfitMargin" : 51.00,
    "grossProfit" : 7.41,
    "operatingProfitMargin" : 9.22,
    "operatingProfit" : 1.34,
    "netProfitMargin" : 2.96,
    "netProfit" : 0.43
  }, {
    "date" : "2006-03-31",
    "sales" : 14.82,
    "salesGrowthYoY" : 44.87,
    "grossProfitMargin" : 46.22,
    "grossProfit" : 6.85,
    "operatingProfitMargin" : 11.13,
    "operatingProfit" : 1.65,
    "netProfitMargin" : 3.71,
    "netProfit" : 0.55
  }, {
    "date" : "2006-06-30",
    "sales" : 18.28,
    "salesGrowthYoY" : 39.01,
    "grossProfitMargin" : 47.76,
    "grossProfit" : 8.73,
    "operatingProfitMargin" : 9.35,
    "operatingProfit" : 1.71,
    "netProfitMargin" : 3.61,
    "netProfit" : 0.66
  }, {
    "date" : "2006-09-30",
    "sales" : 20.31,
    "salesGrowthYoY" : 40.85,
    "grossProfitMargin" : 59.58,
    "grossProfit" : 12.10,
    "operatingProfitMargin" : 17.23,
    "operatingProfit" : 3.50,
    "netProfitMargin" : 6.30,
    "netProfit" : 1.28
  }, {
    "date" : "2006-12-31",
    "sales" : 22.86,
    "salesGrowthYoY" : 57.33,
    "grossProfitMargin" : 59.01,
    "grossProfit" : 13.49,
    "operatingProfitMargin" : 21.04,
    "operatingProfit" : 4.81,
    "netProfitMargin" : 7.13,
    "netProfit" : 1.63
  }, {
    "date" : "2007-03-31",
    "sales" : 21.17,
    "salesGrowthYoY" : 42.85,
    "grossProfitMargin" : 58.05,
    "grossProfit" : 12.29,
    "operatingProfitMargin" : 19.51,
    "operatingProfit" : 4.13,
    "netProfitMargin" : 8.12,
    "netProfit" : 1.72
  }, {
    "date" : "2007-06-30",
    "sales" : 24.41,
    "salesGrowthYoY" : 33.53,
    "grossProfitMargin" : 52.36,
    "grossProfit" : 12.78,
    "operatingProfitMargin" : 13.19,
    "operatingProfit" : 3.22,
    "netProfitMargin" : 4.30,
    "netProfit" : 1.05
  }, {
    "date" : "2007-09-30",
    "sales" : 36.93,
    "salesGrowthYoY" : 81.83,
    "grossProfitMargin" : 52.88,
    "grossProfit" : 19.53,
    "operatingProfitMargin" : 16.95,
    "operatingProfit" : 6.26,
    "netProfitMargin" : 11.59,
    "netProfit" : 4.28
  }, {
    "date" : "2007-12-31",
    "sales" : 39.71,
    "salesGrowthYoY" : 73.71,
    "grossProfitMargin" : 69.50,
    "grossProfit" : 27.60,
    "operatingProfitMargin" : 21.46,
    "operatingProfit" : 8.52,
    "netProfitMargin" : 14.48,
    "netProfit" : 5.75
  }, {
    "date" : "2008-03-31",
    "sales" : 44.05,
    "salesGrowthYoY" : 108.08,
    "grossProfitMargin" : 68.35,
    "grossProfit" : 30.11,
    "operatingProfitMargin" : 18.34,
    "operatingProfit" : 8.08,
    "netProfitMargin" : 10.74,
    "netProfit" : 4.73
  }, {
    "date" : "2008-06-30",
    "sales" : 50.86,
    "salesGrowthYoY" : 108.36,
    "grossProfitMargin" : 65.95,
    "grossProfit" : 33.54,
    "operatingProfitMargin" : 14.77,
    "operatingProfit" : 7.51,
    "netProfitMargin" : 6.70,
    "netProfit" : 3.41
  }, {
    "date" : "2008-09-30",
    "sales" : 54.29,
    "salesGrowthYoY" : 47.01,
    "grossProfitMargin" : 67.62,
    "grossProfit" : 36.71,
    "operatingProfitMargin" : 16.82,
    "operatingProfit" : 9.13,
    "netProfitMargin" : 8.75,
    "netProfit" : 4.75
  }, {
    "date" : "2008-12-31",
    "sales" : 45.78,
    "salesGrowthYoY" : 15.29,
    "grossProfitMargin" : 76.85,
    "grossProfit" : 35.18,
    "operatingProfitMargin" : 21.82,
    "operatingProfit" : 9.99,
    "netProfitMargin" : 11.12,
    "netProfit" : 5.09
  }, {
    "date" : "2009-03-31",
    "sales" : 46.01,
    "salesGrowthYoY" : 4.45,
    "grossProfitMargin" : 65.42,
    "grossProfit" : 30.10,
    "operatingProfitMargin" : 16.06,
    "operatingProfit" : 7.39,
    "netProfitMargin" : 8.93,
    "netProfit" : 4.11
  }, {
    "date" : "2009-06-30",
    "sales" : 47.63,
    "salesGrowthYoY" : -6.35,
    "grossProfitMargin" : 61.33,
    "grossProfit" : 29.21,
    "operatingProfitMargin" : 16.59,
    "operatingProfit" : 7.90,
    "netProfitMargin" : 7.16,
    "netProfit" : 3.41
  }, {
    "date" : "2009-09-30",
    "sales" : 49.68,
    "salesGrowthYoY" : -8.49,
    "grossProfitMargin" : 60.99,
    "grossProfit" : 30.30,
    "operatingProfitMargin" : 15.16,
    "operatingProfit" : 7.53,
    "netProfitMargin" : 5.98,
    "netProfit" : 2.97
  }, {
    "date" : "2009-12-31",
    "sales" : 54.77,
    "salesGrowthYoY" : 19.64,
    "grossProfitMargin" : 62.32,
    "grossProfit" : 34.13,
    "operatingProfitMargin" : 14.81,
    "operatingProfit" : 8.11,
    "netProfitMargin" : 6.45,
    "netProfit" : 3.53
  }, {
    "date" : "2010-03-31",
    "sales" : 56.23,
    "salesGrowthYoY" : 22.21,
    "grossProfitMargin" : 64.13,
    "grossProfit" : 36.06,
    "operatingProfitMargin" : 19.97,
    "operatingProfit" : 11.23,
    "netProfitMargin" : 5.14,
    "netProfit" : 2.89
  }, {
    "date" : "2010-06-30",
    "sales" : 58.08,
    "salesGrowthYoY" : 21.94,
    "grossProfitMargin" : 63.43,
    "grossProfit" : 36.84,
    "operatingProfitMargin" : 15.58,
    "operatingProfit" : 9.05,
    "netProfitMargin" : 6.77,
    "netProfit" : 3.93
  }, {
    "date" : "2010-09-30",
    "sales" : 61.86,
    "salesGrowthYoY" : 24.52,
    "grossProfitMargin" : 58.65,
    "grossProfit" : 36.28,
    "operatingProfitMargin" : 11.69,
    "operatingProfit" : 7.23,
    "netProfitMargin" : 3.94,
    "netProfit" : 2.44
  }, {
    "date" : "2010-12-31",
    "sales" : 70.86,
    "salesGrowthYoY" : 29.38,
    "grossProfitMargin" : 61.66,
    "grossProfit" : 43.69,
    "operatingProfitMargin" : 14.63,
    "operatingProfit" : 10.37,
    "netProfitMargin" : 9.13,
    "netProfit" : 6.47
  }, {
    "date" : "2011-03-31",
    "sales" : 67.28,
    "salesGrowthYoY" : 19.65,
    "grossProfitMargin" : 65.71,
    "grossProfit" : 44.21,
    "operatingProfitMargin" : 14.39,
    "operatingProfit" : 9.68,
    "netProfitMargin" : 5.48,
    "netProfit" : 3.69
  }, {
    "date" : "2011-06-30",
    "sales" : 71.50,
    "salesGrowthYoY" : 23.11,
    "grossProfitMargin" : 63.66,
    "grossProfit" : 45.52,
    "operatingProfitMargin" : 13.87,
    "operatingProfit" : 9.92,
    "netProfitMargin" : 6.62,
    "netProfit" : 4.73
  }, {
    "date" : "2011-09-30",
    "sales" : 67.01,
    "salesGrowthYoY" : 8.33,
    "grossProfitMargin" : 57.71,
    "grossProfit" : 38.67,
    "operatingProfitMargin" : 11.80,
    "operatingProfit" : 7.91,
    "netProfitMargin" : 5.45,
    "netProfit" : 3.65
  }, {
    "date" : "2011-12-31",
    "sales" : 66.79,
    "salesGrowthYoY" : -5.74,
    "grossProfitMargin" : 61.13,
    "grossProfit" : 40.83,
    "operatingProfitMargin" : 15.09,
    "operatingProfit" : 10.08,
    "netProfitMargin" : 9.03,
    "netProfit" : 6.03
  }, {
    "date" : "2012-03-31",
    "sales" : 68.23,
    "salesGrowthYoY" : 1.41,
    "grossProfitMargin" : 57.06,
    "grossProfit" : 38.93,
    "operatingProfitMargin" : 14.06,
    "operatingProfit" : 9.59,
    "netProfitMargin" : 5.09,
    "netProfit" : 3.47
  }, {
    "date" : "2012-06-30",
    "sales" : 67.77,
    "salesGrowthYoY" : -5.22,
    "grossProfitMargin" : 60.99,
    "grossProfit" : 41.33,
    "operatingProfitMargin" : 16.51,
    "operatingProfit" : 11.19,
    "netProfitMargin" : 8.34,
    "netProfit" : 5.65
  }, {
    "date" : "2012-09-30",
    "sales" : 68.60,
    "salesGrowthYoY" : 2.37,
    "grossProfitMargin" : 62.80,
    "grossProfit" : 43.08,
    "operatingProfitMargin" : 13.50,
    "operatingProfit" : 9.26,
    "netProfitMargin" : 6.91,
    "netProfit" : 4.74
  }, {
    "date" : "2012-12-31",
    "sales" : 66.01,
    "salesGrowthYoY" : -1.17,
    "grossProfitMargin" : 62.96,
    "grossProfit" : 41.56,
    "operatingProfitMargin" : 17.74,
    "operatingProfit" : 11.71,
    "netProfitMargin" : 9.88,
    "netProfit" : 6.52
  }, {
    "date" : "2013-03-31",
    "sales" : 79.91,
    "salesGrowthYoY" : 17.12,
    "grossProfitMargin" : 60.62,
    "grossProfit" : 48.44,
    "operatingProfitMargin" : 16.13,
    "operatingProfit" : 12.89,
    "netProfitMargin" : 9.02,
    "netProfit" : 7.21
  }, {
    "date" : "2013-06-30",
    "sales" : 82.69,
    "salesGrowthYoY" : 22.02,
    "grossProfitMargin" : 58.58,
    "grossProfit" : 48.44,
    "operatingProfitMargin" : 14.75,
    "operatingProfit" : 12.20,
    "netProfitMargin" : 8.13,
    "netProfit" : 6.72
  }, {
    "date" : "2013-09-30",
    "sales" : 78.44,
    "salesGrowthYoY" : 14.34,
    "grossProfitMargin" : 59.38,
    "grossProfit" : 46.58,
    "operatingProfitMargin" : 11.63,
    "operatingProfit" : 9.12,
    "netProfitMargin" : 5.94,
    "netProfit" : 4.66
  }, {
    "date" : "2013-12-31",
    "sales" : 82.61,
    "salesGrowthYoY" : 25.15,
    "grossProfitMargin" : 63.67,
    "grossProfit" : 52.60,
    "operatingProfitMargin" : 15.53,
    "operatingProfit" : 12.83,
    "netProfitMargin" : 6.48,
    "netProfit" : 5.35
  }, {
    "date" : "2014-03-31",
    "sales" : 81.48,
    "salesGrowthYoY" : 1.96,
    "grossProfitMargin" : 66.02,
    "grossProfit" : 53.79,
    "operatingProfitMargin" : 15.28,
    "operatingProfit" : 12.45,
    "netProfitMargin" : 12.14,
    "netProfit" : 9.89
  }, {
    "date" : "2014-06-30",
    "sales" : 85.21,
    "salesGrowthYoY" : 3.05,
    "grossProfitMargin" : 62.56,
    "grossProfit" : 53.31,
    "operatingProfitMargin" : 15.15,
    "operatingProfit" : 12.91,
    "netProfitMargin" : 6.81,
    "netProfit" : 5.80
  }, {
    "date" : "2014-09-30",
    "sales" : 104.24,
    "salesGrowthYoY" : 32.89,
    "grossProfitMargin" : 56.14,
    "grossProfit" : 58.52,
    "operatingProfitMargin" : 10.89,
    "operatingProfit" : 11.35,
    "netProfitMargin" : 4.74,
    "netProfit" : 4.94
  }, {
    "date" : "2014-12-31",
    "sales" : 115.15,
    "salesGrowthYoY" : 39.39,
    "grossProfitMargin" : 58.68,
    "grossProfit" : 67.57,
    "operatingProfitMargin" : 14.03,
    "operatingProfit" : 16.16,
    "netProfitMargin" : 7.62,
    "netProfit" : 8.77
  }, {
    "date" : "2015-03-31",
    "sales" : 97.56,
    "salesGrowthYoY" : 19.73,
    "grossProfitMargin" : 55.82,
    "grossProfit" : 54.46,
    "operatingProfitMargin" : 13.95,
    "operatingProfit" : 13.61,
    "netProfitMargin" : 6.11,
    "netProfit" : 5.96
  }, {
    "date" : "2015-06-30",
    "sales" : 104.14,
    "salesGrowthYoY" : 22.22,
    "grossProfitMargin" : 57.19,
    "grossProfit" : 59.56,
    "operatingProfitMargin" : 15.14,
    "operatingProfit" : 15.77,
    "netProfitMargin" : 8.30,
    "netProfit" : 8.64
  }, {
    "date" : "2015-09-30",
    "sales" : 108.92,
    "salesGrowthYoY" : 4.49,
    "grossProfitMargin" : 55.81,
    "grossProfit" : 60.79,
    "operatingProfitMargin" : 12.73,
    "operatingProfit" : 13.87,
    "netProfitMargin" : 6.13,
    "netProfit" : 6.68
  }, {
    "date" : "2015-12-31",
    "sales" : 109.44,
    "salesGrowthYoY" : -4.96,
    "grossProfitMargin" : 53.18,
    "grossProfit" : 58.20,
    "operatingProfitMargin" : 13.47,
    "operatingProfit" : 14.74,
    "netProfitMargin" : 6.96,
    "netProfit" : 7.62
  }, {
    "date" : "2016-03-31",
    "sales" : 118.65,
    "salesGrowthYoY" : 21.62,
    "grossProfitMargin" : 52.03,
    "grossProfit" : 61.73,
    "operatingProfitMargin" : 13.81,
    "operatingProfit" : 16.39,
    "netProfitMargin" : 6.36,
    "netProfit" : 7.55
  }, {
    "date" : "2016-06-30",
    "sales" : 118.64,
    "salesGrowthYoY" : 13.92,
    "grossProfitMargin" : 52.67,
    "grossProfit" : 62.49,
    "operatingProfitMargin" : 12.52,
    "operatingProfit" : 14.85,
    "netProfitMargin" : 6.26,
    "netProfit" : 7.43
  }, {
    "date" : "2016-09-30",
    "sales" : 122.01,
    "salesGrowthYoY" : 12.02,
    "grossProfitMargin" : 48.48,
    "grossProfit" : 59.15,
    "operatingProfitMargin" : 11.27,
    "operatingProfit" : 13.75,
    "netProfitMargin" : 4.72,
    "netProfit" : 5.76
  }, {
    "date" : "2016-12-31",
    "sales" : 121.62,
    "salesGrowthYoY" : 11.13,
    "grossProfitMargin" : 48.03,
    "grossProfit" : 58.41,
    "operatingProfitMargin" : 9.66,
    "operatingProfit" : 11.75,
    "netProfitMargin" : 3.82,
    "netProfit" : 4.65
  }, {
    "date" : "2017-03-31",
    "sales" : 145.83,
    "salesGrowthYoY" : 22.91,
    "grossProfitMargin" : 49.45,
    "grossProfit" : 72.11,
    "operatingProfitMargin" : 13.80,
    "operatingProfit" : 20.12,
    "netProfitMargin" : 6.51,
    "netProfit" : 9.49
  }, {
    "date" : "2017-06-30",
    "sales" : 150.63,
    "salesGrowthYoY" : 26.96,
    "grossProfitMargin" : 48.91,
    "grossProfit" : 73.67,
    "operatingProfitMargin" : 9.01,
    "operatingProfit" : 13.57,
    "netProfitMargin" : 2.70,
    "netProfit" : 4.07
  }, {
    "date" : "2017-09-30",
    "sales" : 141.40,
    "salesGrowthYoY" : 15.89,
    "grossProfitMargin" : 46.43,
    "grossProfit" : 65.65,
    "operatingProfitMargin" : 9.87,
    "operatingProfit" : 13.96,
    "netProfitMargin" : 1.67,
    "netProfit" : 2.36
  }, {
    "date" : "2017-12-31",
    "sales" : 158.12,
    "salesGrowthYoY" : 30.01,
    "grossProfitMargin" : 45.72,
    "grossProfit" : 72.29,
    "operatingProfitMargin" : 10.45,
    "operatingProfit" : 16.52,
    "netProfitMargin" : 2.57,
    "netProfit" : 4.06
  }, {
    "date" : "2018-03-31",
    "sales" : 165.02,
    "salesGrowthYoY" : 13.16,
    "grossProfitMargin" : 49.72,
    "grossProfit" : 82.05,
    "operatingProfitMargin" : 15.13,
    "operatingProfit" : 24.97,
    "netProfitMargin" : 4.73,
    "netProfit" : 7.81
  }, {
    "date" : "2018-06-30",
    "sales" : 166.80,
    "salesGrowthYoY" : 10.73,
    "grossProfitMargin" : 48.81,
    "grossProfit" : 81.42,
    "operatingProfitMargin" : 14.65,
    "operatingProfit" : 24.44,
    "netProfitMargin" : 3.90,
    "netProfit" : 6.51
  }, {
    "date" : "2018-09-30",
    "sales" : 164.64,
    "salesGrowthYoY" : 16.44,
    "grossProfitMargin" : 48.52,
    "grossProfit" : 79.88,
    "operatingProfitMargin" : 13.23,
    "operatingProfit" : 21.78,
    "netProfitMargin" : 3.29,
    "netProfit" : 5.42
  }, {
    "date" : "2018-12-31",
    "sales" : 172.49,
    "salesGrowthYoY" : 9.09,
    "grossProfitMargin" : 43.59,
    "grossProfit" : 75.19,
    "operatingProfitMargin" : 10.92,
    "operatingProfit" : 18.84,
    "netProfitMargin" : 2.15,
    "netProfit" : 3.71
  }, {
    "date" : "2019-03-31",
    "sales" : 169.96,
    "salesGrowthYoY" : 2.99,
    "grossProfitMargin" : 45.16,
    "grossProfit" : 76.75,
    "operatingProfitMargin" : 10.94,
    "operatingProfit" : 18.59,
    "netProfitMargin" : 3.40,
    "netProfit" : 5.78
  }, {
    "date" : "2019-06-30",
    "sales" : 168.71,
    "salesGrowthYoY" : 1.15,
    "grossProfitMargin" : 42.96,
    "grossProfit" : 72.48,
    "operatingProfitMargin" : 11.96,
    "operatingProfit" : 20.18,
    "netProfitMargin" : 4.32,
    "netProfit" : 7.29
  }, {
    "date" : "2019-09-30",
    "sales" : 176.61,
    "salesGrowthYoY" : 7.27,
    "grossProfitMargin" : 39.32,
    "grossProfit" : 69.44,
    "operatingProfitMargin" : 10.51,
    "operatingProfit" : 18.56,
    "netProfitMargin" : 3.25,
    "netProfit" : 5.74
  }, {
    "date" : "2019-12-31",
    "sales" : 140.46,
    "salesGrowthYoY" : -18.57,
    "grossProfitMargin" : 45.89,
    "grossProfit" : 64.46,
    "operatingProfitMargin" : 11.50,
    "operatingProfit" : 16.15,
    "netProfitMargin" : 3.40,
    "netProfit" : 4.78
  }, {
    "date" : "2020-03-31",
    "sales" : 135.02,
    "salesGrowthYoY" : -20.56,
    "grossProfitMargin" : 45.10,
    "grossProfit" : 60.89,
    "operatingProfitMargin" : 10.36,
    "operatingProfit" : 13.99,
    "netProfitMargin" : 2.06,
    "netProfit" : 2.78
  }, {
    "date" : "2020-06-30",
    "sales" : 120.95,
    "salesGrowthYoY" : -28.31,
    "grossProfitMargin" : 46.30,
    "grossProfit" : 56.00,
    "operatingProfitMargin" : 13.93,
    "operatingProfit" : 16.85,
    "netProfitMargin" : 4.28,
    "netProfit" : 5.18
  }, {
    "date" : "2020-09-30",
    "sales" : 208.61,
    "salesGrowthYoY" : 18.12,
    "grossProfitMargin" : 50.79,
    "grossProfit" : 105.95,
    "operatingProfitMargin" : 16.61,
    "operatingProfit" : 34.65,
    "netProfitMargin" : 8.21,
    "netProfit" : 17.13
  }, {
    "date" : "2020-12-31",
    "sales" : 209.13,
    "salesGrowthYoY" : 48.89,
    "grossProfitMargin" : 54.02,
    "grossProfit" : 112.97,
    "operatingProfitMargin" : 17.38,
    "operatingProfit" : 36.35,
    "netProfitMargin" : 8.89,
    "netProfit" : 18.59
  }, {
    "date" : "2021-03-31",
    "sales" : 227.35,
    "salesGrowthYoY" : 68.38,
    "grossProfitMargin" : 52.42,
    "grossProfit" : 119.18,
    "operatingProfitMargin" : 18.74,
    "operatingProfit" : 42.61,
    "netProfitMargin" : 9.32,
    "netProfit" : 21.19
  }, {
    "date" : "2021-06-30",
    "sales" : 238.56,
    "salesGrowthYoY" : 97.24,
    "grossProfitMargin" : 50.40,
    "grossProfit" : 120.23,
    "operatingProfitMargin" : 18.08,
    "operatingProfit" : 43.13,
    "netProfitMargin" : 10.98,
    "netProfit" : 26.19
  }, {
    "date" : "2021-09-30",
    "sales" : 277.28,
    "salesGrowthYoY" : 32.92,
    "grossProfitMargin" : 48.10,
    "grossProfit" : 133.37,
    "operatingProfitMargin" : 16.94,
    "operatingProfit" : 46.97,
    "netProfitMargin" : 10.23,
    "netProfit" : 28.37
  }, {
    "date" : "2021-12-31",
    "sales" : 292.66,
    "salesGrowthYoY" : 39.94,
    "grossProfitMargin" : 46.86,
    "grossProfit" : 137.14,
    "operatingProfitMargin" : 12.00,
    "operatingProfit" : 35.12,
    "netProfitMargin" : 6.51,
    "netProfit" : 19.05
  }, {
    "date" : "2022-03-31",
    "sales" : 292.23,
    "salesGrowthYoY" : 28.54,
    "grossProfitMargin" : 46.71,
    "grossProfit" : 136.50,
    "operatingProfitMargin" : 8.52,
    "operatingProfit" : 24.90,
    "netProfitMargin" : 3.99,
    "netProfit" : 11.66
  }, {
    "date" : "2022-06-30",
    "sales" : 270.18,
    "salesGrowthYoY" : 13.25,
    "grossProfitMargin" : 40.72,
    "grossProfit" : 110.02,
    "operatingProfitMargin" : 7.89,
    "operatingProfit" : 21.32,
    "netProfitMargin" : 3.77,
    "netProfit" : 10.19
  }, {
    "date" : "2022-09-30",
    "sales" : 276.38,
    "salesGrowthYoY" : -0.32,
    "grossProfitMargin" : 41.03,
    "grossProfit" : 113.40,
    "operatingProfitMargin" : 6.89,
    "operatingProfit" : 19.04,
    "netProfitMargin" : 3.29,
    "netProfit" : 9.09
  }, {
    "date" : "2022-12-31",
    "sales" : 331.62,
    "salesGrowthYoY" : 13.31,
    "grossProfitMargin" : 42.36,
    "grossProfit" : 140.47,
    "operatingProfitMargin" : 6.64,
    "operatingProfit" : 22.02,
    "netProfitMargin" : 3.57,
    "netProfit" : 11.84
  }, {
    "date" : "2023-03-31",
    "sales" : 301.54,
    "salesGrowthYoY" : 3.19,
    "grossProfitMargin" : 38.86,
    "grossProfit" : 117.18,
    "operatingProfitMargin" : 8.56,
    "operatingProfit" : 25.81,
    "netProfitMargin" : 4.83,
    "netProfit" : 14.56
  }, {
    "date" : "2023-06-30",
    "sales" : 293.47,
    "salesGrowthYoY" : 8.62,
    "grossProfitMargin" : 37.46,
    "grossProfit" : 109.93,
    "operatingProfitMargin" : 4.03,
    "operatingProfit" : 11.83,
    "netProfitMargin" : 1.50,
    "netProfit" : 4.40
  }, {
    "date" : "2023-09-30",
    "sales" : 307.83,
    "salesGrowthYoY" : 11.38,
    "grossProfitMargin" : 39.46,
    "grossProfit" : 121.47,
    "operatingProfitMargin" : 5.27,
    "operatingProfit" : 16.22,
    "netProfitMargin" : 0.73,
    "netProfit" : 2.25
  }, {
    "date" : "2023-12-31",
    "sales" : 371.08,
    "salesGrowthYoY" : 11.90,
    "grossProfitMargin" : 33.60,
    "grossProfit" : 124.68,
    "operatingProfitMargin" : 2.91,
    "operatingProfit" : 10.80,
    "netProfitMargin" : 1.25,
    "netProfit" : 4.64
  }, {
    "date" : "2024-03-31",
    "sales" : 405.59,
    "salesGrowthYoY" : 34.51,
    "grossProfitMargin" : 34.11,
    "grossProfit" : 138.35,
    "operatingProfitMargin" : 4.77,
    "operatingProfit" : 19.35,
    "netProfitMargin" : 1.61,
    "netProfit" : 6.53
  }, {
    "date" : "2024-06-30",
    "sales" : 454.56,
    "salesGrowthYoY" : 54.89,
    "grossProfitMargin" : 33.08,
    "grossProfit" : 150.37,
    "operatingProfitMargin" : 5.18,
    "operatingProfit" : 23.55,
    "netProfitMargin" : 2.14,
    "netProfit" : 9.73
  }, {
    "date" : "2024-09-30",
    "sales" : 440.47,
    "salesGrowthYoY" : 43.09,
    "grossProfitMargin" : 30.92,
    "grossProfit" : 136.19,
    "operatingProfitMargin" : 3.70,
    "operatingProfit" : 16.30,
    "netProfitMargin" : 0.29,
    "netProfit" : 1.28
  }, {
    "date" : "2024-12-31",
    "sales" : 609.76,
    "salesGrowthYoY" : 64.32,
    "grossProfitMargin" : 27.99,
    "grossProfit" : 170.67,
    "operatingProfitMargin" : 4.39,
    "operatingProfit" : 26.77,
    "netProfitMargin" : 1.11,
    "netProfit" : 6.77
  }, {
    "date" : "2025-03-31",
    "sales" : 514.88,
    "salesGrowthYoY" : 26.95,
    "grossProfitMargin" : 32.31,
    "grossProfit" : 166.36,
    "operatingProfitMargin" : 5.61,
    "operatingProfit" : 28.88,
    "netProfitMargin" : 1.36,
    "netProfit" : 7.00
  }, {
    "date" : "2025-06-30",
    "sales" : 593.23,
    "salesGrowthYoY" : 30.51,
    "grossProfitMargin" : 28.75,
    "grossProfit" : 170.55,
    "operatingProfitMargin" : 6.17,
    "operatingProfit" : 36.60,
    "netProfitMargin" : 2.22,
    "netProfit" : 13.17
  }, {
    "date" : "2025-09-30",
    "sales" : 541.72,
    "salesGrowthYoY" : 22.99,
    "grossProfitMargin" : 32.57,
    "grossProfit" : 176.44,
    "operatingProfitMargin" : 7.73,
    "operatingProfit" : 41.87,
    "netProfitMargin" : 2.90,
    "netProfit" : 15.71
  }, {
    "date" : "2025-12-31",
    "sales" : 626.65,
    "salesGrowthYoY" : 2.77,
    "grossProfitMargin" : 35.54,
    "grossProfit" : 222.71,
    "operatingProfitMargin" : 13.59,
    "operatingProfit" : 85.16,
    "netProfitMargin" : 6.53,
    "netProfit" : 40.92
  } ],
  "latestQuarterlyResult" : {
    "date" : "2025-12-31",
    "sales" : 626.65,
    "salesGrowthYoY" : 2.77,
    "grossProfitMargin" : 35.54,
    "grossProfit" : 222.71,
    "operatingProfitMargin" : 13.59,
    "operatingProfit" : 85.16,
    "netProfitMargin" : 6.53,
    "netProfit" : 40.92
  },
  "companyScore" : {
    "priceHigherThanDma50" : 5.00,
    "priceHigherThanDma100" : 5.00,
    "priceHigherThanDma200" : 5.00,
    "dma50HigherThanDma100" : 0.00,
    "dma50HigherThanDma200" : 0.00,
    "dma100HigherThanDma200" : 0.00,
    "pricePercentageAboveDma50" : 4.22,
    "pricePercentageAboveDma100" : 4.31,
    "pricePercentageAboveDma200" : 4.79,
    "weeklyVolumeHigherThanYearlyVolume" : 5.00,
    "salesGrowthPercentile" : 4.55,
    "operatingProfitMarginPercentile" : 11.30,
    "netProfitMarginPercentile" : 6.55,
    "totalTechnicalScore" : 33.33,
    "totalFundamentalScore" : 22.39,
    "totalScore" : 55.72
  }
}