{
  "metadata" : {
    "screenerCompanyId" : "149",
    "companyCode" : "GVPIL",
    "companyName" : "GE Power",
    "screenerCompanyLink" : "https://www.screener.in/company/GVPIL/consolidated/",
    "screenerTechnicalHistoryLink" : "https://www.screener.in/api/company/149/chart/?q=Price-DMA50-DMA200-Volume&days=365",
    "screenerQuarterlyResultsLink" : "https://www.screener.in/api/company/149/chart/?q=GPM-OPM-NPM-Quarter+Sales&days=10000",
    "attributes" : {
      "companyCode" : "GVPIL",
      "companyName" : "GE Power",
      "marketCap" : 2004.00,
      "peRatio" : 43.00,
      "description" : "GE Power India Ltd is engaged in business of engineering, procurement & construction (EPC) of key equipment for thermal and hydro power plants. It is one of the leading players in the Indian power generation equipment market.[1]"
    },
    "companyScore" : {
      "priceHigherThanDma50" : 0.00,
      "priceHigherThanDma100" : 0.00,
      "priceHigherThanDma200" : 0.00,
      "dma50HigherThanDma100" : 0.00,
      "dma50HigherThanDma200" : 0.00,
      "dma100HigherThanDma200" : 5.00,
      "pricePercentageAboveDma50" : 5.23,
      "pricePercentageAboveDma100" : 5.42,
      "pricePercentageAboveDma200" : 5.31,
      "weeklyVolumeHigherThanYearlyVolume" : 0.00,
      "salesGrowthPercentile" : 15.44,
      "operatingProfitMarginPercentile" : 15.57,
      "netProfitMarginPercentile" : 9.76,
      "totalTechnicalScore" : 20.95,
      "totalFundamentalScore" : 40.77,
      "totalScore" : 61.72
    }
  },
  "attributes" : {
    "companyCode" : "GVPIL",
    "companyName" : "GE Power",
    "marketCap" : 2004.00,
    "peRatio" : 43.00,
    "description" : "GE Power India Ltd is engaged in business of engineering, procurement & construction (EPC) of key equipment for thermal and hydro power plants. It is one of the leading players in the Indian power generation equipment market.[1]"
  },
  "technicalHistory" : [ {
    "date" : "2025-01-31",
    "price" : 290.10,
    "dma50" : 350.56,
    "dma100" : null,
    "dma200" : 363.48,
    "volume" : 158663.00
  }, {
    "date" : "2025-02-01",
    "price" : 285.90,
    "dma50" : 348.03,
    "dma100" : null,
    "dma200" : 362.71,
    "volume" : 80311.00
  }, {
    "date" : "2025-02-03",
    "price" : 270.70,
    "dma50" : 344.99,
    "dma100" : null,
    "dma200" : 361.79,
    "volume" : 156960.00
  }, {
    "date" : "2025-02-04",
    "price" : 272.60,
    "dma50" : 342.16,
    "dma100" : null,
    "dma200" : 360.90,
    "volume" : 204902.00
  }, {
    "date" : "2025-02-05",
    "price" : 273.95,
    "dma50" : 339.48,
    "dma100" : null,
    "dma200" : 360.04,
    "volume" : 130734.00
  }, {
    "date" : "2025-02-06",
    "price" : 273.00,
    "dma50" : 336.87,
    "dma100" : null,
    "dma200" : 359.17,
    "volume" : 265079.00
  }, {
    "date" : "2025-02-07",
    "price" : 266.40,
    "dma50" : 334.11,
    "dma100" : null,
    "dma200" : 358.25,
    "volume" : 263060.00
  }, {
    "date" : "2025-02-10",
    "price" : 258.35,
    "dma50" : 331.14,
    "dma100" : null,
    "dma200" : 357.25,
    "volume" : 183855.00
  }, {
    "date" : "2025-02-11",
    "price" : 245.65,
    "dma50" : 327.79,
    "dma100" : null,
    "dma200" : 356.14,
    "volume" : 186774.00
  }, {
    "date" : "2025-02-12",
    "price" : 253.00,
    "dma50" : 324.85,
    "dma100" : null,
    "dma200" : 355.12,
    "volume" : 316214.00
  }, {
    "date" : "2025-02-13",
    "price" : 251.25,
    "dma50" : 321.97,
    "dma100" : null,
    "dma200" : 354.08,
    "volume" : 245352.00
  }, {
    "date" : "2025-02-14",
    "price" : 236.10,
    "dma50" : 318.60,
    "dma100" : null,
    "dma200" : 352.91,
    "volume" : 224876.00
  }, {
    "date" : "2025-02-17",
    "price" : 227.45,
    "dma50" : 315.03,
    "dma100" : null,
    "dma200" : 351.66,
    "volume" : 260047.00
  }, {
    "date" : "2025-02-18",
    "price" : 230.35,
    "dma50" : 311.70,
    "dma100" : null,
    "dma200" : 350.45,
    "volume" : 254065.00
  }, {
    "date" : "2025-02-19",
    "price" : 234.25,
    "dma50" : 308.67,
    "dma100" : null,
    "dma200" : 349.30,
    "volume" : 170217.00
  }, {
    "date" : "2025-02-20",
    "price" : 258.55,
    "dma50" : 306.70,
    "dma100" : null,
    "dma200" : 348.40,
    "volume" : 714245.00
  }, {
    "date" : "2025-02-21",
    "price" : 253.30,
    "dma50" : 304.61,
    "dma100" : null,
    "dma200" : 347.45,
    "volume" : 643276.00
  }, {
    "date" : "2025-02-24",
    "price" : 252.10,
    "dma50" : 302.55,
    "dma100" : null,
    "dma200" : 346.50,
    "volume" : 170503.00
  }, {
    "date" : "2025-02-25",
    "price" : 253.80,
    "dma50" : 300.64,
    "dma100" : null,
    "dma200" : 345.58,
    "volume" : 162360.00
  }, {
    "date" : "2025-02-27",
    "price" : 244.75,
    "dma50" : 298.45,
    "dma100" : null,
    "dma200" : 344.57,
    "volume" : 201188.00
  }, {
    "date" : "2025-02-28",
    "price" : 234.75,
    "dma50" : 295.95,
    "dma100" : null,
    "dma200" : 343.48,
    "volume" : 493877.00
  }, {
    "date" : "2025-03-03",
    "price" : 232.17,
    "dma50" : 293.45,
    "dma100" : null,
    "dma200" : 342.37,
    "volume" : 345424.00
  }, {
    "date" : "2025-03-04",
    "price" : 232.73,
    "dma50" : 291.07,
    "dma100" : null,
    "dma200" : 341.28,
    "volume" : 238314.00
  }, {
    "date" : "2025-03-05",
    "price" : 239.68,
    "dma50" : 289.05,
    "dma100" : null,
    "dma200" : 340.27,
    "volume" : 257113.00
  }, {
    "date" : "2025-03-06",
    "price" : 261.26,
    "dma50" : 287.96,
    "dma100" : null,
    "dma200" : 339.49,
    "volume" : 613569.00
  }, {
    "date" : "2025-03-07",
    "price" : 261.27,
    "dma50" : 286.91,
    "dma100" : null,
    "dma200" : 338.71,
    "volume" : 371544.00
  }, {
    "date" : "2025-03-10",
    "price" : 245.32,
    "dma50" : 285.28,
    "dma100" : null,
    "dma200" : 337.78,
    "volume" : 229570.00
  }, {
    "date" : "2025-03-11",
    "price" : 244.15,
    "dma50" : 283.67,
    "dma100" : null,
    "dma200" : 336.85,
    "volume" : 295853.00
  }, {
    "date" : "2025-03-12",
    "price" : 238.44,
    "dma50" : 281.90,
    "dma100" : null,
    "dma200" : 335.87,
    "volume" : 200750.00
  }, {
    "date" : "2025-03-13",
    "price" : 241.48,
    "dma50" : 280.31,
    "dma100" : null,
    "dma200" : 334.93,
    "volume" : 538706.00
  }, {
    "date" : "2025-03-17",
    "price" : 234.53,
    "dma50" : 278.52,
    "dma100" : null,
    "dma200" : 333.93,
    "volume" : 237073.00
  }, {
    "date" : "2025-03-18",
    "price" : 251.57,
    "dma50" : 277.46,
    "dma100" : null,
    "dma200" : 333.11,
    "volume" : 474397.00
  }, {
    "date" : "2025-03-19",
    "price" : 253.02,
    "dma50" : 276.50,
    "dma100" : null,
    "dma200" : 332.31,
    "volume" : 403526.00
  }, {
    "date" : "2025-03-20",
    "price" : 252.00,
    "dma50" : 275.54,
    "dma100" : null,
    "dma200" : 331.51,
    "volume" : 277054.00
  }, {
    "date" : "2025-03-21",
    "price" : 260.70,
    "dma50" : 274.96,
    "dma100" : null,
    "dma200" : 330.81,
    "volume" : 403780.00
  }, {
    "date" : "2025-03-24",
    "price" : 268.81,
    "dma50" : 274.72,
    "dma100" : null,
    "dma200" : 330.19,
    "volume" : 1058066.00
  }, {
    "date" : "2025-03-25",
    "price" : 260.53,
    "dma50" : 274.16,
    "dma100" : null,
    "dma200" : 329.50,
    "volume" : 409050.00
  }, {
    "date" : "2025-03-26",
    "price" : 254.06,
    "dma50" : 273.37,
    "dma100" : null,
    "dma200" : 328.75,
    "volume" : 469845.00
  }, {
    "date" : "2025-03-27",
    "price" : 249.21,
    "dma50" : 272.42,
    "dma100" : null,
    "dma200" : 327.96,
    "volume" : 680906.00
  }, {
    "date" : "2025-03-28",
    "price" : 249.76,
    "dma50" : 271.54,
    "dma100" : null,
    "dma200" : 327.18,
    "volume" : 343014.00
  }, {
    "date" : "2025-04-01",
    "price" : 254.37,
    "dma50" : 270.86,
    "dma100" : null,
    "dma200" : 326.45,
    "volume" : 209853.00
  }, {
    "date" : "2025-04-02",
    "price" : 250.34,
    "dma50" : 270.06,
    "dma100" : null,
    "dma200" : 325.70,
    "volume" : 362017.00
  }, {
    "date" : "2025-04-03",
    "price" : 257.16,
    "dma50" : 269.55,
    "dma100" : null,
    "dma200" : 325.02,
    "volume" : 900535.00
  }, {
    "date" : "2025-04-04",
    "price" : 241.15,
    "dma50" : 268.44,
    "dma100" : null,
    "dma200" : 324.18,
    "volume" : 509117.00
  }, {
    "date" : "2025-04-07",
    "price" : 226.76,
    "dma50" : 266.80,
    "dma100" : null,
    "dma200" : 323.21,
    "volume" : 469121.00
  }, {
    "date" : "2025-04-08",
    "price" : 234.68,
    "dma50" : 265.54,
    "dma100" : null,
    "dma200" : 322.33,
    "volume" : 212058.00
  }, {
    "date" : "2025-04-09",
    "price" : 223.68,
    "dma50" : 263.90,
    "dma100" : null,
    "dma200" : 321.35,
    "volume" : 237983.00
  }, {
    "date" : "2025-04-11",
    "price" : 232.22,
    "dma50" : 262.66,
    "dma100" : null,
    "dma200" : 320.46,
    "volume" : 336399.00
  }, {
    "date" : "2025-04-15",
    "price" : 248.47,
    "dma50" : 262.10,
    "dma100" : null,
    "dma200" : 319.75,
    "volume" : 567880.00
  }, {
    "date" : "2025-04-16",
    "price" : 263.29,
    "dma50" : 262.15,
    "dma100" : null,
    "dma200" : 319.18,
    "volume" : 420768.00
  }, {
    "date" : "2025-04-17",
    "price" : 260.61,
    "dma50" : 262.09,
    "dma100" : null,
    "dma200" : 318.60,
    "volume" : 427870.00
  }, {
    "date" : "2025-04-21",
    "price" : 260.95,
    "dma50" : 262.04,
    "dma100" : null,
    "dma200" : 318.03,
    "volume" : 800105.00
  }, {
    "date" : "2025-04-22",
    "price" : 260.03,
    "dma50" : 261.97,
    "dma100" : null,
    "dma200" : 317.45,
    "volume" : 495980.00
  }, {
    "date" : "2025-04-23",
    "price" : 257.31,
    "dma50" : 261.78,
    "dma100" : null,
    "dma200" : 316.85,
    "volume" : 435840.00
  }, {
    "date" : "2025-04-24",
    "price" : 254.61,
    "dma50" : 261.50,
    "dma100" : null,
    "dma200" : 316.23,
    "volume" : 505346.00
  }, {
    "date" : "2025-04-25",
    "price" : 243.69,
    "dma50" : 260.80,
    "dma100" : null,
    "dma200" : 315.51,
    "volume" : 460322.00
  }, {
    "date" : "2025-04-28",
    "price" : 244.05,
    "dma50" : 260.15,
    "dma100" : null,
    "dma200" : 314.80,
    "volume" : 488439.00
  }, {
    "date" : "2025-04-29",
    "price" : 243.92,
    "dma50" : 259.51,
    "dma100" : null,
    "dma200" : 314.09,
    "volume" : 168491.00
  }, {
    "date" : "2025-04-30",
    "price" : 230.45,
    "dma50" : 258.37,
    "dma100" : null,
    "dma200" : 313.26,
    "volume" : 244121.00
  }, {
    "date" : "2025-05-02",
    "price" : 226.89,
    "dma50" : 257.14,
    "dma100" : null,
    "dma200" : 312.40,
    "volume" : 196965.00
  }, {
    "date" : "2025-05-05",
    "price" : 231.51,
    "dma50" : 256.13,
    "dma100" : null,
    "dma200" : 311.60,
    "volume" : 264393.00
  }, {
    "date" : "2025-05-06",
    "price" : 220.74,
    "dma50" : 254.74,
    "dma100" : null,
    "dma200" : 310.69,
    "volume" : 206380.00
  }, {
    "date" : "2025-05-07",
    "price" : 224.65,
    "dma50" : 253.56,
    "dma100" : null,
    "dma200" : 309.84,
    "volume" : 406354.00
  }, {
    "date" : "2025-05-08",
    "price" : 219.20,
    "dma50" : 252.22,
    "dma100" : null,
    "dma200" : 308.94,
    "volume" : 194779.00
  }, {
    "date" : "2025-05-09",
    "price" : 218.12,
    "dma50" : 250.88,
    "dma100" : null,
    "dma200" : 308.03,
    "volume" : 196240.00
  }, {
    "date" : "2025-05-12",
    "price" : 237.69,
    "dma50" : 250.36,
    "dma100" : null,
    "dma200" : 307.33,
    "volume" : 441250.00
  }, {
    "date" : "2025-05-13",
    "price" : 239.57,
    "dma50" : 249.94,
    "dma100" : null,
    "dma200" : 306.66,
    "volume" : 299347.00
  }, {
    "date" : "2025-05-14",
    "price" : 245.92,
    "dma50" : 249.78,
    "dma100" : null,
    "dma200" : 306.05,
    "volume" : 252443.00
  }, {
    "date" : "2025-05-15",
    "price" : 245.26,
    "dma50" : 249.60,
    "dma100" : null,
    "dma200" : 305.45,
    "volume" : 389961.00
  }, {
    "date" : "2025-05-16",
    "price" : 248.81,
    "dma50" : 249.57,
    "dma100" : null,
    "dma200" : 304.89,
    "volume" : 352258.00
  }, {
    "date" : "2025-05-19",
    "price" : 248.02,
    "dma50" : 249.51,
    "dma100" : null,
    "dma200" : 304.32,
    "volume" : 323121.00
  }, {
    "date" : "2025-05-20",
    "price" : 241.26,
    "dma50" : 249.19,
    "dma100" : null,
    "dma200" : 303.69,
    "volume" : 292840.00
  }, {
    "date" : "2025-05-21",
    "price" : 245.64,
    "dma50" : 249.05,
    "dma100" : null,
    "dma200" : 303.11,
    "volume" : 220707.00
  }, {
    "date" : "2025-05-22",
    "price" : 245.58,
    "dma50" : 248.91,
    "dma100" : null,
    "dma200" : 302.54,
    "volume" : 160755.00
  }, {
    "date" : "2025-05-23",
    "price" : 246.68,
    "dma50" : 248.82,
    "dma100" : null,
    "dma200" : 301.99,
    "volume" : 249961.00
  }, {
    "date" : "2025-05-26",
    "price" : 255.87,
    "dma50" : 249.10,
    "dma100" : null,
    "dma200" : 301.53,
    "volume" : 600510.00
  }, {
    "date" : "2025-05-27",
    "price" : 257.86,
    "dma50" : 249.44,
    "dma100" : null,
    "dma200" : 301.09,
    "volume" : 541040.00
  }, {
    "date" : "2025-05-28",
    "price" : 256.42,
    "dma50" : 249.72,
    "dma100" : null,
    "dma200" : 300.65,
    "volume" : 294537.00
  }, {
    "date" : "2025-05-29",
    "price" : 259.29,
    "dma50" : 250.09,
    "dma100" : null,
    "dma200" : 300.24,
    "volume" : 438965.00
  }, {
    "date" : "2025-05-30",
    "price" : 254.92,
    "dma50" : 250.28,
    "dma100" : null,
    "dma200" : 299.79,
    "volume" : 796760.00
  }, {
    "date" : "2025-06-02",
    "price" : 285.95,
    "dma50" : 251.68,
    "dma100" : null,
    "dma200" : 299.65,
    "volume" : 3672329.00
  }, {
    "date" : "2025-06-03",
    "price" : 281.75,
    "dma50" : 252.86,
    "dma100" : null,
    "dma200" : 299.47,
    "volume" : 1963138.00
  }, {
    "date" : "2025-06-04",
    "price" : 278.70,
    "dma50" : 253.87,
    "dma100" : null,
    "dma200" : 299.26,
    "volume" : 399960.00
  }, {
    "date" : "2025-06-05",
    "price" : 274.95,
    "dma50" : 254.70,
    "dma100" : null,
    "dma200" : 299.02,
    "volume" : 337765.00
  }, {
    "date" : "2025-06-06",
    "price" : 272.65,
    "dma50" : 255.40,
    "dma100" : null,
    "dma200" : 298.76,
    "volume" : 290560.00
  }, {
    "date" : "2025-06-09",
    "price" : 275.20,
    "dma50" : 256.18,
    "dma100" : null,
    "dma200" : 298.52,
    "volume" : 563337.00
  }, {
    "date" : "2025-06-10",
    "price" : 327.70,
    "dma50" : 258.99,
    "dma100" : null,
    "dma200" : 298.82,
    "volume" : 7975570.00
  }, {
    "date" : "2025-06-11",
    "price" : 333.35,
    "dma50" : 261.90,
    "dma100" : null,
    "dma200" : 299.16,
    "volume" : 3887243.00
  }, {
    "date" : "2025-06-12",
    "price" : 318.85,
    "dma50" : 264.13,
    "dma100" : null,
    "dma200" : 299.35,
    "volume" : 978242.00
  }, {
    "date" : "2025-06-13",
    "price" : 316.05,
    "dma50" : 266.17,
    "dma100" : null,
    "dma200" : 299.52,
    "volume" : 796344.00
  }, {
    "date" : "2025-06-16",
    "price" : 322.30,
    "dma50" : 268.37,
    "dma100" : null,
    "dma200" : 299.75,
    "volume" : 498834.00
  }, {
    "date" : "2025-06-17",
    "price" : 311.85,
    "dma50" : 270.08,
    "dma100" : null,
    "dma200" : 299.87,
    "volume" : 340248.00
  }, {
    "date" : "2025-06-18",
    "price" : 309.85,
    "dma50" : 271.64,
    "dma100" : null,
    "dma200" : 299.97,
    "volume" : 291056.00
  }, {
    "date" : "2025-06-19",
    "price" : 299.05,
    "dma50" : 272.71,
    "dma100" : null,
    "dma200" : 299.96,
    "volume" : 460330.00
  }, {
    "date" : "2025-06-20",
    "price" : 303.85,
    "dma50" : 273.93,
    "dma100" : null,
    "dma200" : 300.00,
    "volume" : 340730.00
  }, {
    "date" : "2025-06-23",
    "price" : 305.65,
    "dma50" : 275.18,
    "dma100" : null,
    "dma200" : 300.05,
    "volume" : 425066.00
  }, {
    "date" : "2025-06-24",
    "price" : 311.40,
    "dma50" : 276.60,
    "dma100" : null,
    "dma200" : 300.17,
    "volume" : 761231.00
  }, {
    "date" : "2025-06-25",
    "price" : 322.65,
    "dma50" : 278.40,
    "dma100" : null,
    "dma200" : 300.39,
    "volume" : 577691.00
  }, {
    "date" : "2025-06-26",
    "price" : 315.60,
    "dma50" : 279.86,
    "dma100" : null,
    "dma200" : 300.54,
    "volume" : 302531.00
  }, {
    "date" : "2025-06-27",
    "price" : 316.45,
    "dma50" : 281.30,
    "dma100" : null,
    "dma200" : 300.70,
    "volume" : 275833.00
  }, {
    "date" : "2025-06-30",
    "price" : 312.90,
    "dma50" : 282.54,
    "dma100" : 259.61,
    "dma200" : 300.82,
    "volume" : 304741.00
  }, {
    "date" : "2025-07-01",
    "price" : 315.10,
    "dma50" : 283.81,
    "dma100" : 259.90,
    "dma200" : 300.96,
    "volume" : 212836.00
  }, {
    "date" : "2025-07-02",
    "price" : 311.10,
    "dma50" : 284.88,
    "dma100" : 260.31,
    "dma200" : 301.06,
    "volume" : 600614.00
  }, {
    "date" : "2025-07-03",
    "price" : 308.70,
    "dma50" : 285.82,
    "dma100" : 260.67,
    "dma200" : 301.14,
    "volume" : 197992.00
  }, {
    "date" : "2025-07-04",
    "price" : 314.35,
    "dma50" : 286.94,
    "dma100" : 261.07,
    "dma200" : 301.27,
    "volume" : 359783.00
  }, {
    "date" : "2025-07-07",
    "price" : 316.60,
    "dma50" : 288.10,
    "dma100" : 261.51,
    "dma200" : 301.42,
    "volume" : 461066.00
  }, {
    "date" : "2025-07-08",
    "price" : 325.15,
    "dma50" : 289.55,
    "dma100" : 262.10,
    "dma200" : 301.66,
    "volume" : 1129628.00
  }, {
    "date" : "2025-07-09",
    "price" : 325.80,
    "dma50" : 290.97,
    "dma100" : 262.77,
    "dma200" : 301.90,
    "volume" : 1073210.00
  }, {
    "date" : "2025-07-10",
    "price" : 325.60,
    "dma50" : 292.33,
    "dma100" : 263.57,
    "dma200" : 302.14,
    "volume" : 283522.00
  }, {
    "date" : "2025-07-11",
    "price" : 331.90,
    "dma50" : 293.88,
    "dma100" : 264.36,
    "dma200" : 302.43,
    "volume" : 580417.00
  }, {
    "date" : "2025-07-14",
    "price" : 306.70,
    "dma50" : 294.39,
    "dma100" : 264.91,
    "dma200" : 302.47,
    "volume" : 1158878.00
  }, {
    "date" : "2025-07-15",
    "price" : 308.80,
    "dma50" : 294.95,
    "dma100" : 265.64,
    "dma200" : 302.54,
    "volume" : 333033.00
  }, {
    "date" : "2025-07-16",
    "price" : 310.50,
    "dma50" : 295.56,
    "dma100" : 266.47,
    "dma200" : 302.62,
    "volume" : 182809.00
  }, {
    "date" : "2025-07-17",
    "price" : 306.70,
    "dma50" : 296.00,
    "dma100" : 267.24,
    "dma200" : 302.66,
    "volume" : 183888.00
  }, {
    "date" : "2025-07-18",
    "price" : 302.15,
    "dma50" : 296.24,
    "dma100" : 267.91,
    "dma200" : 302.65,
    "volume" : 232064.00
  }, {
    "date" : "2025-07-21",
    "price" : 297.35,
    "dma50" : 296.28,
    "dma100" : 268.30,
    "dma200" : 302.60,
    "volume" : 185999.00
  }, {
    "date" : "2025-07-22",
    "price" : 304.40,
    "dma50" : 296.60,
    "dma100" : 268.81,
    "dma200" : 302.62,
    "volume" : 237282.00
  }, {
    "date" : "2025-07-23",
    "price" : 298.45,
    "dma50" : 296.67,
    "dma100" : 269.28,
    "dma200" : 302.58,
    "volume" : 152966.00
  }, {
    "date" : "2025-07-24",
    "price" : 289.55,
    "dma50" : 296.39,
    "dma100" : 269.63,
    "dma200" : 302.45,
    "volume" : 238781.00
  }, {
    "date" : "2025-07-25",
    "price" : 284.60,
    "dma50" : 295.93,
    "dma100" : 270.03,
    "dma200" : 302.27,
    "volume" : 179543.00
  }, {
    "date" : "2025-07-28",
    "price" : 283.15,
    "dma50" : 295.43,
    "dma100" : 270.52,
    "dma200" : 302.08,
    "volume" : 179203.00
  }, {
    "date" : "2025-07-29",
    "price" : 287.45,
    "dma50" : 295.12,
    "dma100" : 271.07,
    "dma200" : 301.93,
    "volume" : 125352.00
  }, {
    "date" : "2025-07-30",
    "price" : 300.20,
    "dma50" : 295.32,
    "dma100" : 271.74,
    "dma200" : 301.92,
    "volume" : 272195.00
  }, {
    "date" : "2025-07-31",
    "price" : 308.85,
    "dma50" : 295.85,
    "dma100" : 272.44,
    "dma200" : 301.98,
    "volume" : 374752.00
  }, {
    "date" : "2025-08-01",
    "price" : 307.45,
    "dma50" : 296.30,
    "dma100" : 272.90,
    "dma200" : 302.04,
    "volume" : 319749.00
  }, {
    "date" : "2025-08-04",
    "price" : 312.90,
    "dma50" : 296.95,
    "dma100" : 273.41,
    "dma200" : 302.15,
    "volume" : 357100.00
  }, {
    "date" : "2025-08-05",
    "price" : 311.40,
    "dma50" : 297.52,
    "dma100" : 274.08,
    "dma200" : 302.24,
    "volume" : 126734.00
  }, {
    "date" : "2025-08-06",
    "price" : 313.05,
    "dma50" : 298.13,
    "dma100" : 274.76,
    "dma200" : 302.35,
    "volume" : 263942.00
  }, {
    "date" : "2025-08-07",
    "price" : 315.25,
    "dma50" : 298.80,
    "dma100" : 275.53,
    "dma200" : 302.48,
    "volume" : 228082.00
  }, {
    "date" : "2025-08-08",
    "price" : 315.25,
    "dma50" : 299.45,
    "dma100" : 276.27,
    "dma200" : 302.60,
    "volume" : 179292.00
  }, {
    "date" : "2025-08-11",
    "price" : 355.35,
    "dma50" : 301.64,
    "dma100" : 277.48,
    "dma200" : 303.13,
    "volume" : 5571389.00
  }, {
    "date" : "2025-08-12",
    "price" : 338.90,
    "dma50" : 303.10,
    "dma100" : 278.35,
    "dma200" : 303.48,
    "volume" : 1467595.00
  }, {
    "date" : "2025-08-13",
    "price" : 339.55,
    "dma50" : 304.53,
    "dma100" : 279.22,
    "dma200" : 303.84,
    "volume" : 647283.00
  }, {
    "date" : "2025-08-14",
    "price" : 336.60,
    "dma50" : 305.79,
    "dma100" : 280.06,
    "dma200" : 304.17,
    "volume" : 932376.00
  }, {
    "date" : "2025-08-18",
    "price" : 347.45,
    "dma50" : 307.42,
    "dma100" : 280.93,
    "dma200" : 304.60,
    "volume" : 500974.00
  }, {
    "date" : "2025-08-19",
    "price" : 388.80,
    "dma50" : 310.61,
    "dma100" : 282.13,
    "dma200" : 305.44,
    "volume" : 5712799.00
  }, {
    "date" : "2025-08-20",
    "price" : 372.75,
    "dma50" : 313.05,
    "dma100" : 283.25,
    "dma200" : 306.11,
    "volume" : 621576.00
  }, {
    "date" : "2025-08-21",
    "price" : 366.15,
    "dma50" : 315.13,
    "dma100" : 284.37,
    "dma200" : 306.70,
    "volume" : 373774.00
  }, {
    "date" : "2025-08-22",
    "price" : 374.60,
    "dma50" : 317.46,
    "dma100" : 285.63,
    "dma200" : 307.38,
    "volume" : 1237600.00
  }, {
    "date" : "2025-08-25",
    "price" : 372.50,
    "dma50" : 319.62,
    "dma100" : 286.85,
    "dma200" : 308.03,
    "volume" : 377749.00
  }, {
    "date" : "2025-08-26",
    "price" : 359.45,
    "dma50" : 321.18,
    "dma100" : 287.91,
    "dma200" : 308.54,
    "volume" : 559349.00
  }, {
    "date" : "2025-08-28",
    "price" : 348.30,
    "dma50" : 322.25,
    "dma100" : 288.88,
    "dma200" : 308.93,
    "volume" : 285682.00
  }, {
    "date" : "2025-08-29",
    "price" : 338.65,
    "dma50" : 322.89,
    "dma100" : 289.70,
    "dma200" : 309.23,
    "volume" : 263367.00
  }, {
    "date" : "2025-09-01",
    "price" : 333.50,
    "dma50" : 323.31,
    "dma100" : 290.62,
    "dma200" : 309.47,
    "volume" : 317858.00
  }, {
    "date" : "2025-09-02",
    "price" : 351.75,
    "dma50" : 324.42,
    "dma100" : 291.87,
    "dma200" : 309.89,
    "volume" : 472220.00
  }, {
    "date" : "2025-09-03",
    "price" : 367.25,
    "dma50" : 326.10,
    "dma100" : 293.20,
    "dma200" : 310.46,
    "volume" : 348622.00
  }, {
    "date" : "2025-09-04",
    "price" : 361.40,
    "dma50" : 327.49,
    "dma100" : 294.58,
    "dma200" : 310.97,
    "volume" : 294883.00
  }, {
    "date" : "2025-09-05",
    "price" : 367.30,
    "dma50" : 329.05,
    "dma100" : 295.93,
    "dma200" : 311.53,
    "volume" : 184414.00
  }, {
    "date" : "2025-09-08",
    "price" : 361.80,
    "dma50" : 330.33,
    "dma100" : 297.06,
    "dma200" : 312.03,
    "volume" : 374558.00
  }, {
    "date" : "2025-09-09",
    "price" : 356.70,
    "dma50" : 331.36,
    "dma100" : 297.99,
    "dma200" : 312.47,
    "volume" : 160628.00
  }, {
    "date" : "2025-09-10",
    "price" : 352.35,
    "dma50" : 332.19,
    "dma100" : 298.91,
    "dma200" : 312.87,
    "volume" : 271040.00
  }, {
    "date" : "2025-09-11",
    "price" : 355.70,
    "dma50" : 333.11,
    "dma100" : 299.86,
    "dma200" : 313.30,
    "volume" : 190548.00
  }, {
    "date" : "2025-09-12",
    "price" : 366.05,
    "dma50" : 334.40,
    "dma100" : 300.92,
    "dma200" : 313.82,
    "volume" : 815508.00
  }, {
    "date" : "2025-09-15",
    "price" : 375.25,
    "dma50" : 336.00,
    "dma100" : 302.10,
    "dma200" : 314.43,
    "volume" : 594685.00
  }, {
    "date" : "2025-09-16",
    "price" : 373.65,
    "dma50" : 337.48,
    "dma100" : 303.29,
    "dma200" : 315.02,
    "volume" : 736747.00
  }, {
    "date" : "2025-09-17",
    "price" : 367.20,
    "dma50" : 338.65,
    "dma100" : 304.52,
    "dma200" : 315.54,
    "volume" : 289909.00
  }, {
    "date" : "2025-09-18",
    "price" : 367.20,
    "dma50" : 339.77,
    "dma100" : 305.76,
    "dma200" : 316.06,
    "volume" : 174933.00
  }, {
    "date" : "2025-09-19",
    "price" : 354.05,
    "dma50" : 340.33,
    "dma100" : 306.86,
    "dma200" : 316.43,
    "volume" : 372861.00
  }, {
    "date" : "2025-09-22",
    "price" : 347.20,
    "dma50" : 340.60,
    "dma100" : 308.02,
    "dma200" : 316.74,
    "volume" : 199376.00
  }, {
    "date" : "2025-09-23",
    "price" : 344.95,
    "dma50" : 340.77,
    "dma100" : 309.21,
    "dma200" : 317.02,
    "volume" : 161530.00
  }, {
    "date" : "2025-09-24",
    "price" : 337.45,
    "dma50" : 340.64,
    "dma100" : 310.26,
    "dma200" : 317.22,
    "volume" : 122604.00
  }, {
    "date" : "2025-09-25",
    "price" : 336.05,
    "dma50" : 340.46,
    "dma100" : 311.42,
    "dma200" : 317.41,
    "volume" : 138884.00
  }, {
    "date" : "2025-09-26",
    "price" : 327.20,
    "dma50" : 339.94,
    "dma100" : 312.44,
    "dma200" : 317.51,
    "volume" : 176451.00
  }, {
    "date" : "2025-09-29",
    "price" : 322.50,
    "dma50" : 339.25,
    "dma100" : 313.48,
    "dma200" : 317.56,
    "volume" : 123009.00
  }, {
    "date" : "2025-09-30",
    "price" : 320.70,
    "dma50" : 338.52,
    "dma100" : 314.50,
    "dma200" : 317.59,
    "volume" : 112372.00
  }, {
    "date" : "2025-10-01",
    "price" : 334.00,
    "dma50" : 338.35,
    "dma100" : 315.47,
    "dma200" : 317.75,
    "volume" : 188302.00
  }, {
    "date" : "2025-10-03",
    "price" : 332.95,
    "dma50" : 338.14,
    "dma100" : 316.40,
    "dma200" : 317.90,
    "volume" : 137823.00
  }, {
    "date" : "2025-10-06",
    "price" : 332.00,
    "dma50" : 337.90,
    "dma100" : 317.26,
    "dma200" : 318.04,
    "volume" : 94470.00
  }, {
    "date" : "2025-10-07",
    "price" : 326.05,
    "dma50" : 337.43,
    "dma100" : 318.07,
    "dma200" : 318.12,
    "volume" : 78605.00
  }, {
    "date" : "2025-10-08",
    "price" : 324.75,
    "dma50" : 336.93,
    "dma100" : 318.83,
    "dma200" : 318.19,
    "volume" : 78438.00
  }, {
    "date" : "2025-10-09",
    "price" : 319.80,
    "dma50" : 336.26,
    "dma100" : 319.54,
    "dma200" : 318.21,
    "volume" : 154073.00
  }, {
    "date" : "2025-10-10",
    "price" : 332.50,
    "dma50" : 336.11,
    "dma100" : 320.46,
    "dma200" : 318.35,
    "volume" : 275524.00
  }, {
    "date" : "2025-10-13",
    "price" : 320.45,
    "dma50" : 335.50,
    "dma100" : 321.21,
    "dma200" : 318.37,
    "volume" : 165611.00
  }, {
    "date" : "2025-10-14",
    "price" : 312.55,
    "dma50" : 334.60,
    "dma100" : 321.87,
    "dma200" : 318.31,
    "volume" : 137690.00
  }, {
    "date" : "2025-10-15",
    "price" : 316.25,
    "dma50" : 333.88,
    "dma100" : 322.57,
    "dma200" : 318.29,
    "volume" : 109286.00
  }, {
    "date" : "2025-10-16",
    "price" : 316.90,
    "dma50" : 333.21,
    "dma100" : 323.18,
    "dma200" : 318.28,
    "volume" : 70042.00
  }, {
    "date" : "2025-10-17",
    "price" : 313.20,
    "dma50" : 332.43,
    "dma100" : 323.73,
    "dma200" : 318.23,
    "volume" : 95808.00
  }, {
    "date" : "2025-10-20",
    "price" : 314.95,
    "dma50" : 331.74,
    "dma100" : 324.32,
    "dma200" : 318.19,
    "volume" : 79505.00
  }, {
    "date" : "2025-10-21",
    "price" : 314.10,
    "dma50" : 331.05,
    "dma100" : 324.87,
    "dma200" : 318.15,
    "volume" : 32180.00
  }, {
    "date" : "2025-10-23",
    "price" : 312.65,
    "dma50" : 330.33,
    "dma100" : 325.45,
    "dma200" : 318.10,
    "volume" : 76213.00
  }, {
    "date" : "2025-10-24",
    "price" : 310.45,
    "dma50" : 329.55,
    "dma100" : 325.69,
    "dma200" : 318.02,
    "volume" : 63784.00
  }, {
    "date" : "2025-10-27",
    "price" : 306.40,
    "dma50" : 328.64,
    "dma100" : 325.94,
    "dma200" : 317.91,
    "volume" : 81013.00
  }, {
    "date" : "2025-10-28",
    "price" : 310.55,
    "dma50" : 327.93,
    "dma100" : 326.26,
    "dma200" : 317.83,
    "volume" : 122649.00
  }, {
    "date" : "2025-10-29",
    "price" : 312.25,
    "dma50" : 327.32,
    "dma100" : 326.63,
    "dma200" : 317.78,
    "volume" : 106779.00
  }, {
    "date" : "2025-10-30",
    "price" : 308.40,
    "dma50" : 326.58,
    "dma100" : 326.99,
    "dma200" : 317.68,
    "volume" : 120852.00
  }, {
    "date" : "2025-10-31",
    "price" : 303.85,
    "dma50" : 325.69,
    "dma100" : 327.27,
    "dma200" : 317.55,
    "volume" : 84023.00
  }, {
    "date" : "2025-11-03",
    "price" : 304.75,
    "dma50" : 324.86,
    "dma100" : 327.04,
    "dma200" : 317.42,
    "volume" : 150302.00
  }, {
    "date" : "2025-11-04",
    "price" : 301.90,
    "dma50" : 323.96,
    "dma100" : 326.73,
    "dma200" : 317.27,
    "volume" : 129329.00
  }, {
    "date" : "2025-11-06",
    "price" : 292.75,
    "dma50" : 322.74,
    "dma100" : 326.47,
    "dma200" : 317.02,
    "volume" : 150429.00
  }, {
    "date" : "2025-11-07",
    "price" : 293.40,
    "dma50" : 321.59,
    "dma100" : 326.24,
    "dma200" : 316.79,
    "volume" : 92688.00
  }, {
    "date" : "2025-11-10",
    "price" : 288.65,
    "dma50" : 320.30,
    "dma100" : 325.90,
    "dma200" : 316.51,
    "volume" : 124114.00
  }, {
    "date" : "2025-11-11",
    "price" : 290.10,
    "dma50" : 319.11,
    "dma100" : 325.69,
    "dma200" : 316.24,
    "volume" : 100848.00
  }, {
    "date" : "2025-11-12",
    "price" : 296.90,
    "dma50" : 318.24,
    "dma100" : 325.56,
    "dma200" : 316.05,
    "volume" : 99146.00
  }, {
    "date" : "2025-11-13",
    "price" : 300.30,
    "dma50" : 317.54,
    "dma100" : 325.57,
    "dma200" : 315.89,
    "volume" : 142569.00
  }, {
    "date" : "2025-11-14",
    "price" : 354.95,
    "dma50" : 319.01,
    "dma100" : 326.08,
    "dma200" : 316.28,
    "volume" : 4499948.00
  }, {
    "date" : "2025-11-17",
    "price" : 372.70,
    "dma50" : 321.11,
    "dma100" : 326.75,
    "dma200" : 316.84,
    "volume" : 2418223.00
  }, {
    "date" : "2025-11-18",
    "price" : 372.35,
    "dma50" : 323.12,
    "dma100" : 327.36,
    "dma200" : 317.40,
    "volume" : 570939.00
  }, {
    "date" : "2025-11-19",
    "price" : 362.75,
    "dma50" : 324.67,
    "dma100" : 327.76,
    "dma200" : 317.85,
    "volume" : 258249.00
  }, {
    "date" : "2025-11-20",
    "price" : 361.00,
    "dma50" : 326.10,
    "dma100" : 328.22,
    "dma200" : 318.28,
    "volume" : 185468.00
  }, {
    "date" : "2025-11-21",
    "price" : 351.85,
    "dma50" : 327.11,
    "dma100" : 328.57,
    "dma200" : 318.61,
    "volume" : 218070.00
  }, {
    "date" : "2025-11-24",
    "price" : 336.20,
    "dma50" : 327.47,
    "dma100" : 328.80,
    "dma200" : 318.79,
    "volume" : 208915.00
  }, {
    "date" : "2025-11-25",
    "price" : 346.60,
    "dma50" : 328.22,
    "dma100" : 329.12,
    "dma200" : 319.06,
    "volume" : 199388.00
  }, {
    "date" : "2025-11-26",
    "price" : 355.10,
    "dma50" : 329.27,
    "dma100" : 329.56,
    "dma200" : 319.42,
    "volume" : 195291.00
  }, {
    "date" : "2025-11-27",
    "price" : 362.30,
    "dma50" : 330.57,
    "dma100" : 330.09,
    "dma200" : 319.85,
    "volume" : 258036.00
  }, {
    "date" : "2025-11-28",
    "price" : 359.15,
    "dma50" : 331.69,
    "dma100" : 330.54,
    "dma200" : 320.24,
    "volume" : 112638.00
  }, {
    "date" : "2025-12-01",
    "price" : 357.70,
    "dma50" : 332.71,
    "dma100" : 330.95,
    "dma200" : 320.61,
    "volume" : 88975.00
  }, {
    "date" : "2025-12-02",
    "price" : 355.90,
    "dma50" : 333.62,
    "dma100" : 331.26,
    "dma200" : 320.96,
    "volume" : 127599.00
  }, {
    "date" : "2025-12-03",
    "price" : 347.10,
    "dma50" : 334.14,
    "dma100" : 331.47,
    "dma200" : 321.22,
    "volume" : 178884.00
  }, {
    "date" : "2025-12-04",
    "price" : 342.80,
    "dma50" : 334.48,
    "dma100" : 331.65,
    "dma200" : 321.44,
    "volume" : 66081.00
  }, {
    "date" : "2025-12-05",
    "price" : 330.85,
    "dma50" : 334.34,
    "dma100" : 331.63,
    "dma200" : 321.53,
    "volume" : 146397.00
  }, {
    "date" : "2025-12-08",
    "price" : 318.95,
    "dma50" : 333.74,
    "dma100" : 331.76,
    "dma200" : 321.51,
    "volume" : 215691.00
  }, {
    "date" : "2025-12-09",
    "price" : 322.10,
    "dma50" : 333.28,
    "dma100" : 331.89,
    "dma200" : 321.51,
    "volume" : 175802.00
  }, {
    "date" : "2025-12-10",
    "price" : 314.10,
    "dma50" : 332.53,
    "dma100" : 331.93,
    "dma200" : 321.44,
    "volume" : 112945.00
  }, {
    "date" : "2025-12-11",
    "price" : 311.70,
    "dma50" : 331.71,
    "dma100" : 331.98,
    "dma200" : 321.34,
    "volume" : 162395.00
  }, {
    "date" : "2025-12-12",
    "price" : 312.55,
    "dma50" : 330.96,
    "dma100" : 332.08,
    "dma200" : 321.25,
    "volume" : 230814.00
  }, {
    "date" : "2025-12-15",
    "price" : 316.60,
    "dma50" : 330.40,
    "dma100" : 332.27,
    "dma200" : 321.21,
    "volume" : 270162.00
  }, {
    "date" : "2025-12-16",
    "price" : 314.30,
    "dma50" : 329.77,
    "dma100" : 332.37,
    "dma200" : 321.14,
    "volume" : 93404.00
  }, {
    "date" : "2025-12-17",
    "price" : 306.85,
    "dma50" : 328.87,
    "dma100" : 332.46,
    "dma200" : 321.00,
    "volume" : 110292.00
  }, {
    "date" : "2025-12-18",
    "price" : 319.25,
    "dma50" : 328.49,
    "dma100" : 332.75,
    "dma200" : 320.98,
    "volume" : 380369.00
  }, {
    "date" : "2025-12-19",
    "price" : 316.65,
    "dma50" : 328.03,
    "dma100" : 333.07,
    "dma200" : 320.94,
    "volume" : 114343.00
  }, {
    "date" : "2025-12-22",
    "price" : 320.80,
    "dma50" : 327.74,
    "dma100" : 333.45,
    "dma200" : 320.93,
    "volume" : 176728.00
  }, {
    "date" : "2025-12-23",
    "price" : 330.30,
    "dma50" : 327.84,
    "dma100" : 333.88,
    "dma200" : 321.03,
    "volume" : 240837.00
  }, {
    "date" : "2025-12-24",
    "price" : 323.10,
    "dma50" : 327.66,
    "dma100" : 334.11,
    "dma200" : 321.05,
    "volume" : 88804.00
  }, {
    "date" : "2025-12-26",
    "price" : 319.75,
    "dma50" : 327.35,
    "dma100" : 334.22,
    "dma200" : 321.04,
    "volume" : 114092.00
  }, {
    "date" : "2025-12-29",
    "price" : 316.50,
    "dma50" : 326.92,
    "dma100" : 334.31,
    "dma200" : 320.99,
    "volume" : 102520.00
  }, {
    "date" : "2025-12-30",
    "price" : 316.90,
    "dma50" : 326.53,
    "dma100" : 334.35,
    "dma200" : 320.95,
    "volume" : 65205.00
  }, {
    "date" : "2025-12-31",
    "price" : 321.35,
    "dma50" : 326.33,
    "dma100" : 334.45,
    "dma200" : 320.95,
    "volume" : 112686.00
  }, {
    "date" : "2026-01-01",
    "price" : 324.85,
    "dma50" : 326.27,
    "dma100" : 334.56,
    "dma200" : 320.99,
    "volume" : 107911.00
  }, {
    "date" : "2026-01-02",
    "price" : 340.00,
    "dma50" : 326.81,
    "dma100" : 334.81,
    "dma200" : 321.18,
    "volume" : 573024.00
  }, {
    "date" : "2026-01-05",
    "price" : 341.10,
    "dma50" : 327.37,
    "dma100" : 335.07,
    "dma200" : 321.38,
    "volume" : 310406.00
  }, {
    "date" : "2026-01-06",
    "price" : 339.85,
    "dma50" : 327.86,
    "dma100" : 334.92,
    "dma200" : 321.56,
    "volume" : 145418.00
  }, {
    "date" : "2026-01-07",
    "price" : 336.70,
    "dma50" : 328.20,
    "dma100" : 334.89,
    "dma200" : 321.71,
    "volume" : 71511.00
  }, {
    "date" : "2026-01-08",
    "price" : 322.70,
    "dma50" : 327.99,
    "dma100" : 334.72,
    "dma200" : 321.72,
    "volume" : 159929.00
  }, {
    "date" : "2026-01-09",
    "price" : 310.15,
    "dma50" : 327.29,
    "dma100" : 334.46,
    "dma200" : 321.61,
    "volume" : 200201.00
  }, {
    "date" : "2026-01-12",
    "price" : 307.55,
    "dma50" : 326.51,
    "dma100" : 334.06,
    "dma200" : 321.47,
    "volume" : 191304.00
  }, {
    "date" : "2026-01-13",
    "price" : 304.45,
    "dma50" : 325.65,
    "dma100" : 333.22,
    "dma200" : 321.30,
    "volume" : 112994.00
  }, {
    "date" : "2026-01-14",
    "price" : 303.95,
    "dma50" : 324.80,
    "dma100" : 332.53,
    "dma200" : 321.13,
    "volume" : 98685.00
  }, {
    "date" : "2026-01-16",
    "price" : 307.15,
    "dma50" : 324.11,
    "dma100" : 331.94,
    "dma200" : 320.99,
    "volume" : 144770.00
  }, {
    "date" : "2026-01-19",
    "price" : 295.75,
    "dma50" : 322.99,
    "dma100" : 331.15,
    "dma200" : 320.74,
    "volume" : 108228.00
  }, {
    "date" : "2026-01-20",
    "price" : 283.65,
    "dma50" : 321.45,
    "dma100" : 330.26,
    "dma200" : 320.37,
    "volume" : 176441.00
  }, {
    "date" : "2026-01-21",
    "price" : 279.60,
    "dma50" : 319.81,
    "dma100" : 329.46,
    "dma200" : 319.96,
    "volume" : 144911.00
  }, {
    "date" : "2026-01-22",
    "price" : 284.85,
    "dma50" : 318.44,
    "dma100" : 328.83,
    "dma200" : 319.61,
    "volume" : 91662.00
  }, {
    "date" : "2026-01-23",
    "price" : 281.90,
    "dma50" : 317.01,
    "dma100" : 328.26,
    "dma200" : 319.24,
    "volume" : 98136.00
  }, {
    "date" : "2026-01-27",
    "price" : 274.95,
    "dma50" : 315.36,
    "dma100" : 327.68,
    "dma200" : 318.80,
    "volume" : 103933.00
  }, {
    "date" : "2026-01-28",
    "price" : 285.55,
    "dma50" : 314.19,
    "dma100" : 327.01,
    "dma200" : 318.47,
    "volume" : 148647.00
  }, {
    "date" : "2026-01-29",
    "price" : 290.95,
    "dma50" : 313.28,
    "dma100" : 326.25,
    "dma200" : 318.19,
    "volume" : 149405.00
  }, {
    "date" : "2026-01-30",
    "price" : 298.55,
    "dma50" : 312.70,
    "dma100" : 325.62,
    "dma200" : 318.00,
    "volume" : 184535.00
  } ],
  "latestTechnicalAttributes" : {
    "date" : "2026-01-30",
    "price" : 298.55,
    "dma50" : 312.70,
    "dma100" : 325.62,
    "dma200" : 318.00,
    "volume" : 184535.00
  },
  "quarterlyResults" : [ {
    "date" : "2005-03-31",
    "sales" : 322.70,
    "salesGrowthYoY" : null,
    "grossProfitMargin" : 22.16,
    "grossProfit" : 71.51,
    "operatingProfitMargin" : 4.65,
    "operatingProfit" : 15.01,
    "netProfitMargin" : 5.42,
    "netProfit" : 17.49
  }, {
    "date" : "2005-06-30",
    "sales" : 179.50,
    "salesGrowthYoY" : null,
    "grossProfitMargin" : 24.01,
    "grossProfit" : 43.10,
    "operatingProfitMargin" : 2.28,
    "operatingProfit" : 4.09,
    "netProfitMargin" : 3.73,
    "netProfit" : 6.70
  }, {
    "date" : "2005-09-30",
    "sales" : 226.20,
    "salesGrowthYoY" : null,
    "grossProfitMargin" : 29.22,
    "grossProfit" : 66.10,
    "operatingProfitMargin" : 5.13,
    "operatingProfit" : 11.60,
    "netProfitMargin" : 5.08,
    "netProfit" : 11.49
  }, {
    "date" : "2005-12-31",
    "sales" : 290.00,
    "salesGrowthYoY" : null,
    "grossProfitMargin" : 25.31,
    "grossProfit" : 73.40,
    "operatingProfitMargin" : 3.48,
    "operatingProfit" : 10.09,
    "netProfitMargin" : 2.59,
    "netProfit" : 7.51
  }, {
    "date" : "2006-03-31",
    "sales" : 249.90,
    "salesGrowthYoY" : -22.56,
    "grossProfitMargin" : 35.13,
    "grossProfit" : 87.79,
    "operatingProfitMargin" : 7.16,
    "operatingProfit" : 17.89,
    "netProfitMargin" : 8.24,
    "netProfit" : 20.59
  }, {
    "date" : "2006-06-30",
    "sales" : 223.70,
    "salesGrowthYoY" : 24.62,
    "grossProfitMargin" : 31.78,
    "grossProfit" : 71.09,
    "operatingProfitMargin" : 4.02,
    "operatingProfit" : 8.99,
    "netProfitMargin" : 5.19,
    "netProfit" : 11.61
  }, {
    "date" : "2006-09-30",
    "sales" : 267.70,
    "salesGrowthYoY" : 18.35,
    "grossProfitMargin" : 34.55,
    "grossProfit" : 92.49,
    "operatingProfitMargin" : 12.03,
    "operatingProfit" : 32.20,
    "netProfitMargin" : 11.69,
    "netProfit" : 31.29
  }, {
    "date" : "2006-12-31",
    "sales" : 297.70,
    "salesGrowthYoY" : 2.66,
    "grossProfitMargin" : 28.59,
    "grossProfit" : 85.11,
    "operatingProfitMargin" : 8.13,
    "operatingProfit" : 24.20,
    "netProfitMargin" : 10.18,
    "netProfit" : 30.31
  }, {
    "date" : "2007-03-31",
    "sales" : 430.60,
    "salesGrowthYoY" : 72.31,
    "grossProfitMargin" : 28.05,
    "grossProfit" : 120.78,
    "operatingProfitMargin" : 12.40,
    "operatingProfit" : 53.39,
    "netProfitMargin" : 8.41,
    "netProfit" : 36.21
  }, {
    "date" : "2007-06-30",
    "sales" : 241.30,
    "salesGrowthYoY" : 7.87,
    "grossProfitMargin" : 41.57,
    "grossProfit" : 100.31,
    "operatingProfitMargin" : 10.19,
    "operatingProfit" : 24.59,
    "netProfitMargin" : 7.25,
    "netProfit" : 17.49
  }, {
    "date" : "2007-09-30",
    "sales" : 398.05,
    "salesGrowthYoY" : 48.69,
    "grossProfitMargin" : 27.05,
    "grossProfit" : 107.67,
    "operatingProfitMargin" : 8.12,
    "operatingProfit" : 32.32,
    "netProfitMargin" : 6.10,
    "netProfit" : 24.28
  }, {
    "date" : "2007-12-31",
    "sales" : 396.87,
    "salesGrowthYoY" : 33.31,
    "grossProfitMargin" : 31.87,
    "grossProfit" : 126.48,
    "operatingProfitMargin" : 10.46,
    "operatingProfit" : 41.51,
    "netProfitMargin" : 7.57,
    "netProfit" : 30.04
  }, {
    "date" : "2008-03-31",
    "sales" : 510.90,
    "salesGrowthYoY" : 18.65,
    "grossProfitMargin" : 21.37,
    "grossProfit" : 109.18,
    "operatingProfitMargin" : -0.18,
    "operatingProfit" : -0.92,
    "netProfitMargin" : 0.07,
    "netProfit" : 0.36
  }, {
    "date" : "2008-06-30",
    "sales" : 366.22,
    "salesGrowthYoY" : 51.77,
    "grossProfitMargin" : 34.63,
    "grossProfit" : 126.82,
    "operatingProfitMargin" : 7.30,
    "operatingProfit" : 26.73,
    "netProfitMargin" : 5.00,
    "netProfit" : 18.31
  }, {
    "date" : "2008-09-30",
    "sales" : 587.18,
    "salesGrowthYoY" : 47.51,
    "grossProfitMargin" : 35.25,
    "grossProfit" : 206.98,
    "operatingProfitMargin" : 14.51,
    "operatingProfit" : 85.20,
    "netProfitMargin" : 10.05,
    "netProfit" : 59.01
  }, {
    "date" : "2008-12-31",
    "sales" : 538.17,
    "salesGrowthYoY" : 35.60,
    "grossProfitMargin" : 32.45,
    "grossProfit" : 174.64,
    "operatingProfitMargin" : 9.95,
    "operatingProfit" : 53.55,
    "netProfitMargin" : 5.83,
    "netProfit" : 31.38
  }, {
    "date" : "2009-03-31",
    "sales" : 807.69,
    "salesGrowthYoY" : 58.09,
    "grossProfitMargin" : 23.53,
    "grossProfit" : 190.05,
    "operatingProfitMargin" : 5.04,
    "operatingProfit" : 40.71,
    "netProfitMargin" : 3.24,
    "netProfit" : 26.17
  }, {
    "date" : "2009-06-30",
    "sales" : 504.18,
    "salesGrowthYoY" : 37.67,
    "grossProfitMargin" : 37.31,
    "grossProfit" : 188.11,
    "operatingProfitMargin" : 12.53,
    "operatingProfit" : 63.17,
    "netProfitMargin" : 7.29,
    "netProfit" : 36.75
  }, {
    "date" : "2009-09-30",
    "sales" : 493.83,
    "salesGrowthYoY" : -15.90,
    "grossProfitMargin" : 40.94,
    "grossProfit" : 202.17,
    "operatingProfitMargin" : 15.74,
    "operatingProfit" : 77.73,
    "netProfitMargin" : 9.91,
    "netProfit" : 48.94
  }, {
    "date" : "2009-12-31",
    "sales" : 453.98,
    "salesGrowthYoY" : -15.64,
    "grossProfitMargin" : 41.44,
    "grossProfit" : 188.13,
    "operatingProfitMargin" : 12.64,
    "operatingProfit" : 57.38,
    "netProfitMargin" : 7.48,
    "netProfit" : 33.96
  }, {
    "date" : "2010-03-31",
    "sales" : 619.22,
    "salesGrowthYoY" : -23.33,
    "grossProfitMargin" : 33.19,
    "grossProfit" : 205.52,
    "operatingProfitMargin" : 11.92,
    "operatingProfit" : 73.81,
    "netProfitMargin" : 7.69,
    "netProfit" : 47.62
  }, {
    "date" : "2010-06-30",
    "sales" : 358.37,
    "salesGrowthYoY" : -28.92,
    "grossProfitMargin" : 48.65,
    "grossProfit" : 174.35,
    "operatingProfitMargin" : 14.13,
    "operatingProfit" : 50.64,
    "netProfitMargin" : 8.79,
    "netProfit" : 31.50
  }, {
    "date" : "2010-09-30",
    "sales" : 313.49,
    "salesGrowthYoY" : -36.52,
    "grossProfitMargin" : 64.80,
    "grossProfit" : 203.14,
    "operatingProfitMargin" : 18.88,
    "operatingProfit" : 59.19,
    "netProfitMargin" : 11.82,
    "netProfit" : 37.05
  }, {
    "date" : "2010-12-31",
    "sales" : 371.65,
    "salesGrowthYoY" : -18.14,
    "grossProfitMargin" : 45.81,
    "grossProfit" : 170.25,
    "operatingProfitMargin" : 6.32,
    "operatingProfit" : 23.49,
    "netProfitMargin" : 4.28,
    "netProfit" : 15.91
  }, {
    "date" : "2011-03-31",
    "sales" : 778.44,
    "salesGrowthYoY" : 25.71,
    "grossProfitMargin" : 39.54,
    "grossProfit" : 307.80,
    "operatingProfitMargin" : 16.47,
    "operatingProfit" : 128.21,
    "netProfitMargin" : 10.85,
    "netProfit" : 84.46
  }, {
    "date" : "2011-06-30",
    "sales" : 281.11,
    "salesGrowthYoY" : -21.56,
    "grossProfitMargin" : 54.68,
    "grossProfit" : 153.71,
    "operatingProfitMargin" : -0.28,
    "operatingProfit" : -0.79,
    "netProfitMargin" : 2.24,
    "netProfit" : 6.30
  }, {
    "date" : "2011-09-30",
    "sales" : 584.80,
    "salesGrowthYoY" : 86.55,
    "grossProfitMargin" : 38.05,
    "grossProfit" : 222.52,
    "operatingProfitMargin" : 4.87,
    "operatingProfit" : 28.48,
    "netProfitMargin" : 4.89,
    "netProfit" : 28.60
  }, {
    "date" : "2011-12-31",
    "sales" : 477.04,
    "salesGrowthYoY" : 28.36,
    "grossProfitMargin" : 48.38,
    "grossProfit" : 230.79,
    "operatingProfitMargin" : -1.49,
    "operatingProfit" : -7.11,
    "netProfitMargin" : -1.58,
    "netProfit" : -7.54
  }, {
    "date" : "2012-03-31",
    "sales" : 1075.35,
    "salesGrowthYoY" : 38.14,
    "grossProfitMargin" : 41.27,
    "grossProfit" : 443.80,
    "operatingProfitMargin" : 17.33,
    "operatingProfit" : 186.36,
    "netProfitMargin" : 12.71,
    "netProfit" : 136.68
  }, {
    "date" : "2012-06-30",
    "sales" : 441.36,
    "salesGrowthYoY" : 57.01,
    "grossProfitMargin" : 49.99,
    "grossProfit" : 220.64,
    "operatingProfitMargin" : 2.85,
    "operatingProfit" : 12.58,
    "netProfitMargin" : 2.92,
    "netProfit" : 12.89
  }, {
    "date" : "2012-09-30",
    "sales" : 741.66,
    "salesGrowthYoY" : 26.82,
    "grossProfitMargin" : 41.22,
    "grossProfit" : 305.71,
    "operatingProfitMargin" : 8.53,
    "operatingProfit" : 63.26,
    "netProfitMargin" : 7.36,
    "netProfit" : 54.59
  }, {
    "date" : "2012-12-31",
    "sales" : 489.39,
    "salesGrowthYoY" : 2.59,
    "grossProfitMargin" : 37.09,
    "grossProfit" : 181.51,
    "operatingProfitMargin" : -7.09,
    "operatingProfit" : -34.70,
    "netProfitMargin" : -2.98,
    "netProfit" : -14.58
  }, {
    "date" : "2013-03-31",
    "sales" : 1112.19,
    "salesGrowthYoY" : 3.43,
    "grossProfitMargin" : 42.90,
    "grossProfit" : 477.13,
    "operatingProfitMargin" : 16.55,
    "operatingProfit" : 184.07,
    "netProfitMargin" : 11.77,
    "netProfit" : 130.90
  }, {
    "date" : "2013-06-30",
    "sales" : 538.97,
    "salesGrowthYoY" : 22.12,
    "grossProfitMargin" : 48.65,
    "grossProfit" : 262.21,
    "operatingProfitMargin" : 3.80,
    "operatingProfit" : 20.48,
    "netProfitMargin" : 5.00,
    "netProfit" : 26.95
  }, {
    "date" : "2013-09-30",
    "sales" : 592.16,
    "salesGrowthYoY" : -20.16,
    "grossProfitMargin" : 45.95,
    "grossProfit" : 272.10,
    "operatingProfitMargin" : 5.45,
    "operatingProfit" : 32.27,
    "netProfitMargin" : 4.70,
    "netProfit" : 27.83
  }, {
    "date" : "2013-12-31",
    "sales" : 533.08,
    "salesGrowthYoY" : 8.93,
    "grossProfitMargin" : 37.30,
    "grossProfit" : 198.84,
    "operatingProfitMargin" : -2.77,
    "operatingProfit" : -14.77,
    "netProfitMargin" : -1.42,
    "netProfit" : -7.57
  }, {
    "date" : "2014-03-31",
    "sales" : 941.11,
    "salesGrowthYoY" : -15.38,
    "grossProfitMargin" : 40.95,
    "grossProfit" : 385.38,
    "operatingProfitMargin" : 14.80,
    "operatingProfit" : 139.28,
    "netProfitMargin" : 9.88,
    "netProfit" : 92.98
  }, {
    "date" : "2014-06-30",
    "sales" : 470.83,
    "salesGrowthYoY" : -12.64,
    "grossProfitMargin" : 45.55,
    "grossProfit" : 214.46,
    "operatingProfitMargin" : -1.62,
    "operatingProfit" : -7.63,
    "netProfitMargin" : 3.18,
    "netProfit" : 14.97
  }, {
    "date" : "2014-09-30",
    "sales" : 454.61,
    "salesGrowthYoY" : -23.23,
    "grossProfitMargin" : 59.89,
    "grossProfit" : 272.27,
    "operatingProfitMargin" : 12.89,
    "operatingProfit" : 58.60,
    "netProfitMargin" : 10.70,
    "netProfit" : 48.64
  }, {
    "date" : "2014-12-31",
    "sales" : 390.50,
    "salesGrowthYoY" : -26.75,
    "grossProfitMargin" : 56.10,
    "grossProfit" : 219.07,
    "operatingProfitMargin" : 5.49,
    "operatingProfit" : 21.44,
    "netProfitMargin" : 3.82,
    "netProfit" : 14.92
  }, {
    "date" : "2015-03-31",
    "sales" : 808.35,
    "salesGrowthYoY" : -14.11,
    "grossProfitMargin" : 39.90,
    "grossProfit" : 322.53,
    "operatingProfitMargin" : 9.87,
    "operatingProfit" : 79.78,
    "netProfitMargin" : 8.90,
    "netProfit" : 71.94
  }, {
    "date" : "2015-06-30",
    "sales" : 421.39,
    "salesGrowthYoY" : -10.50,
    "grossProfitMargin" : 46.09,
    "grossProfit" : 194.22,
    "operatingProfitMargin" : -1.17,
    "operatingProfit" : -4.93,
    "netProfitMargin" : 2.95,
    "netProfit" : 12.43
  }, {
    "date" : "2015-09-30",
    "sales" : 531.70,
    "salesGrowthYoY" : 16.96,
    "grossProfitMargin" : 22.05,
    "grossProfit" : 117.24,
    "operatingProfitMargin" : -20.12,
    "operatingProfit" : -106.98,
    "netProfitMargin" : -9.03,
    "netProfit" : -48.01
  }, {
    "date" : "2015-12-31",
    "sales" : 387.88,
    "salesGrowthYoY" : -0.67,
    "grossProfitMargin" : 34.22,
    "grossProfit" : 132.73,
    "operatingProfitMargin" : -24.34,
    "operatingProfit" : -94.41,
    "netProfitMargin" : -13.92,
    "netProfit" : -53.99
  }, {
    "date" : "2016-03-31",
    "sales" : 369.58,
    "salesGrowthYoY" : -54.28,
    "grossProfitMargin" : 61.16,
    "grossProfit" : 226.04,
    "operatingProfitMargin" : 5.83,
    "operatingProfit" : 21.55,
    "netProfitMargin" : 8.61,
    "netProfit" : 31.82
  }, {
    "date" : "2016-06-30",
    "sales" : 385.48,
    "salesGrowthYoY" : -8.52,
    "grossProfitMargin" : 35.51,
    "grossProfit" : 136.88,
    "operatingProfitMargin" : -17.45,
    "operatingProfit" : -67.27,
    "netProfitMargin" : -7.49,
    "netProfit" : -28.87
  }, {
    "date" : "2016-09-30",
    "sales" : 479.68,
    "salesGrowthYoY" : -9.78,
    "grossProfitMargin" : 39.57,
    "grossProfit" : 189.81,
    "operatingProfitMargin" : -24.08,
    "operatingProfit" : -115.51,
    "netProfitMargin" : -20.24,
    "netProfit" : -97.09
  }, {
    "date" : "2016-12-31",
    "sales" : 802.66,
    "salesGrowthYoY" : 106.94,
    "grossProfitMargin" : 47.67,
    "grossProfit" : 382.63,
    "operatingProfitMargin" : 21.58,
    "operatingProfit" : 173.21,
    "netProfitMargin" : 15.13,
    "netProfit" : 121.44
  }, {
    "date" : "2017-03-31",
    "sales" : 325.66,
    "salesGrowthYoY" : -11.88,
    "grossProfitMargin" : 64.05,
    "grossProfit" : 208.59,
    "operatingProfitMargin" : 19.13,
    "operatingProfit" : 62.30,
    "netProfitMargin" : 15.16,
    "netProfit" : 49.37
  }, {
    "date" : "2017-06-30",
    "sales" : 344.27,
    "salesGrowthYoY" : -10.69,
    "grossProfitMargin" : 55.12,
    "grossProfit" : 189.76,
    "operatingProfitMargin" : 4.60,
    "operatingProfit" : 15.84,
    "netProfitMargin" : 6.32,
    "netProfit" : 21.76
  }, {
    "date" : "2017-09-30",
    "sales" : 261.95,
    "salesGrowthYoY" : -45.39,
    "grossProfitMargin" : 64.90,
    "grossProfit" : 170.01,
    "operatingProfitMargin" : -0.52,
    "operatingProfit" : -1.36,
    "netProfitMargin" : 2.88,
    "netProfit" : 7.54
  }, {
    "date" : "2017-12-31",
    "sales" : 365.30,
    "salesGrowthYoY" : -54.49,
    "grossProfitMargin" : 51.46,
    "grossProfit" : 187.98,
    "operatingProfitMargin" : 7.51,
    "operatingProfit" : 27.43,
    "netProfitMargin" : 22.06,
    "netProfit" : 80.59
  }, {
    "date" : "2018-03-31",
    "sales" : 366.45,
    "salesGrowthYoY" : 12.53,
    "grossProfitMargin" : 66.22,
    "grossProfit" : 242.66,
    "operatingProfitMargin" : 22.63,
    "operatingProfit" : 82.93,
    "netProfitMargin" : 14.23,
    "netProfit" : 52.15
  }, {
    "date" : "2018-06-30",
    "sales" : 443.12,
    "salesGrowthYoY" : 28.71,
    "grossProfitMargin" : 36.03,
    "grossProfit" : 159.66,
    "operatingProfitMargin" : 2.23,
    "operatingProfit" : 9.88,
    "netProfitMargin" : 1.06,
    "netProfit" : 4.70
  }, {
    "date" : "2018-09-30",
    "sales" : 563.40,
    "salesGrowthYoY" : 115.08,
    "grossProfitMargin" : 43.67,
    "grossProfit" : 246.04,
    "operatingProfitMargin" : 13.01,
    "operatingProfit" : 73.30,
    "netProfitMargin" : 15.52,
    "netProfit" : 87.44
  }, {
    "date" : "2018-12-31",
    "sales" : 551.57,
    "salesGrowthYoY" : 50.99,
    "grossProfitMargin" : 37.74,
    "grossProfit" : 208.16,
    "operatingProfitMargin" : 14.19,
    "operatingProfit" : 78.27,
    "netProfitMargin" : 7.53,
    "netProfit" : 41.53
  }, {
    "date" : "2019-03-31",
    "sales" : 344.63,
    "salesGrowthYoY" : -5.95,
    "grossProfitMargin" : 47.92,
    "grossProfit" : 165.15,
    "operatingProfitMargin" : 4.99,
    "operatingProfit" : 17.20,
    "netProfitMargin" : 8.15,
    "netProfit" : 28.09
  }, {
    "date" : "2019-06-30",
    "sales" : 428.66,
    "salesGrowthYoY" : -3.26,
    "grossProfitMargin" : 25.10,
    "grossProfit" : 107.59,
    "operatingProfitMargin" : -5.85,
    "operatingProfit" : -25.08,
    "netProfitMargin" : -2.03,
    "netProfit" : -8.70
  }, {
    "date" : "2019-09-30",
    "sales" : 519.25,
    "salesGrowthYoY" : -7.84,
    "grossProfitMargin" : 43.43,
    "grossProfit" : 225.51,
    "operatingProfitMargin" : 11.78,
    "operatingProfit" : 61.17,
    "netProfitMargin" : -6.94,
    "netProfit" : -36.04
  }, {
    "date" : "2019-12-31",
    "sales" : 765.27,
    "salesGrowthYoY" : 38.74,
    "grossProfitMargin" : 31.81,
    "grossProfit" : 243.43,
    "operatingProfitMargin" : 10.13,
    "operatingProfit" : 77.52,
    "netProfitMargin" : 7.10,
    "netProfit" : 54.33
  }, {
    "date" : "2020-03-31",
    "sales" : 732.68,
    "salesGrowthYoY" : 112.60,
    "grossProfitMargin" : 22.81,
    "grossProfit" : 167.12,
    "operatingProfitMargin" : 2.40,
    "operatingProfit" : 17.58,
    "netProfitMargin" : 2.06,
    "netProfit" : 15.09
  }, {
    "date" : "2020-06-30",
    "sales" : 432.01,
    "salesGrowthYoY" : 0.78,
    "grossProfitMargin" : 30.27,
    "grossProfit" : 130.77,
    "operatingProfitMargin" : -3.13,
    "operatingProfit" : -13.52,
    "netProfitMargin" : -4.15,
    "netProfit" : -17.93
  }, {
    "date" : "2020-09-30",
    "sales" : 887.51,
    "salesGrowthYoY" : 70.92,
    "grossProfitMargin" : 23.87,
    "grossProfit" : 211.85,
    "operatingProfitMargin" : 4.76,
    "operatingProfit" : 42.25,
    "netProfitMargin" : 4.22,
    "netProfit" : 37.45
  }, {
    "date" : "2020-12-31",
    "sales" : 1093.00,
    "salesGrowthYoY" : 42.83,
    "grossProfitMargin" : 22.97,
    "grossProfit" : 251.06,
    "operatingProfitMargin" : 5.95,
    "operatingProfit" : 65.03,
    "netProfitMargin" : 4.76,
    "netProfit" : 52.03
  }, {
    "date" : "2021-03-31",
    "sales" : 930.50,
    "salesGrowthYoY" : 27.00,
    "grossProfitMargin" : 21.82,
    "grossProfit" : 203.04,
    "operatingProfitMargin" : 5.72,
    "operatingProfit" : 53.22,
    "netProfitMargin" : 2.29,
    "netProfit" : 21.31
  }, {
    "date" : "2021-06-30",
    "sales" : 540.42,
    "salesGrowthYoY" : 25.09,
    "grossProfitMargin" : 7.75,
    "grossProfit" : 41.88,
    "operatingProfitMargin" : -24.54,
    "operatingProfit" : -132.62,
    "netProfitMargin" : -21.25,
    "netProfit" : -114.84
  }, {
    "date" : "2021-09-30",
    "sales" : 732.12,
    "salesGrowthYoY" : -17.51,
    "grossProfitMargin" : 26.29,
    "grossProfit" : 192.47,
    "operatingProfitMargin" : 3.77,
    "operatingProfit" : 27.60,
    "netProfitMargin" : 5.80,
    "netProfit" : 42.46
  }, {
    "date" : "2021-12-31",
    "sales" : 757.11,
    "salesGrowthYoY" : -30.73,
    "grossProfitMargin" : 21.21,
    "grossProfit" : 160.58,
    "operatingProfitMargin" : 0.98,
    "operatingProfit" : 7.42,
    "netProfitMargin" : 3.96,
    "netProfit" : 29.98
  }, {
    "date" : "2022-03-31",
    "sales" : 590.79,
    "salesGrowthYoY" : -36.51,
    "grossProfitMargin" : 20.54,
    "grossProfit" : 121.35,
    "operatingProfitMargin" : -10.63,
    "operatingProfit" : -62.80,
    "netProfitMargin" : -20.96,
    "netProfit" : -123.83
  }, {
    "date" : "2022-06-30",
    "sales" : 490.90,
    "salesGrowthYoY" : -9.16,
    "grossProfitMargin" : 22.83,
    "grossProfit" : 112.07,
    "operatingProfitMargin" : -14.68,
    "operatingProfit" : -72.06,
    "netProfitMargin" : -12.04,
    "netProfit" : -59.10
  }, {
    "date" : "2022-09-30",
    "sales" : 427.77,
    "salesGrowthYoY" : -41.57,
    "grossProfitMargin" : 7.60,
    "grossProfit" : 32.51,
    "operatingProfitMargin" : -29.18,
    "operatingProfit" : -124.82,
    "netProfitMargin" : -26.33,
    "netProfit" : -112.63
  }, {
    "date" : "2022-12-31",
    "sales" : 532.66,
    "salesGrowthYoY" : -29.65,
    "grossProfitMargin" : 30.28,
    "grossProfit" : 161.29,
    "operatingProfitMargin" : -2.34,
    "operatingProfit" : -12.46,
    "netProfitMargin" : -31.57,
    "netProfit" : -168.16
  }, {
    "date" : "2023-03-31",
    "sales" : 344.48,
    "salesGrowthYoY" : -41.69,
    "grossProfitMargin" : 24.32,
    "grossProfit" : 83.78,
    "operatingProfitMargin" : -34.60,
    "operatingProfit" : -119.19,
    "netProfitMargin" : -38.30,
    "netProfit" : -131.94
  }, {
    "date" : "2023-06-30",
    "sales" : 423.57,
    "salesGrowthYoY" : -13.72,
    "grossProfitMargin" : 7.58,
    "grossProfit" : 32.11,
    "operatingProfitMargin" : -31.18,
    "operatingProfit" : -132.07,
    "netProfitMargin" : -32.18,
    "netProfit" : -136.30
  }, {
    "date" : "2023-09-30",
    "sales" : 240.72,
    "salesGrowthYoY" : -43.73,
    "grossProfitMargin" : 20.71,
    "grossProfit" : 49.85,
    "operatingProfitMargin" : -10.74,
    "operatingProfit" : -25.85,
    "netProfitMargin" : -14.93,
    "netProfit" : -35.94
  }, {
    "date" : "2023-12-31",
    "sales" : 294.15,
    "salesGrowthYoY" : -44.78,
    "grossProfitMargin" : 32.67,
    "grossProfit" : 96.10,
    "operatingProfitMargin" : 0.75,
    "operatingProfit" : 2.21,
    "netProfitMargin" : 2.89,
    "netProfit" : 8.50
  }, {
    "date" : "2024-03-31",
    "sales" : 246.62,
    "salesGrowthYoY" : -28.41,
    "grossProfitMargin" : 36.52,
    "grossProfit" : 90.07,
    "operatingProfitMargin" : -6.40,
    "operatingProfit" : -15.78,
    "netProfitMargin" : 5.03,
    "netProfit" : 12.40
  }, {
    "date" : "2024-06-30",
    "sales" : 246.40,
    "salesGrowthYoY" : -41.83,
    "grossProfitMargin" : 40.84,
    "grossProfit" : 100.63,
    "operatingProfitMargin" : -7.46,
    "operatingProfit" : -18.38,
    "netProfitMargin" : -10.15,
    "netProfit" : -25.01
  }, {
    "date" : "2024-09-30",
    "sales" : 217.42,
    "salesGrowthYoY" : -9.68,
    "grossProfitMargin" : 41.87,
    "grossProfit" : 91.03,
    "operatingProfitMargin" : 4.69,
    "operatingProfit" : 10.20,
    "netProfitMargin" : 11.22,
    "netProfit" : 24.39
  }, {
    "date" : "2024-12-31",
    "sales" : 316.90,
    "salesGrowthYoY" : 7.73,
    "grossProfitMargin" : 25.73,
    "grossProfit" : 81.54,
    "operatingProfitMargin" : -3.71,
    "operatingProfit" : -11.76,
    "netProfitMargin" : 2.48,
    "netProfit" : 7.86
  }, {
    "date" : "2025-03-31",
    "sales" : 266.38,
    "salesGrowthYoY" : 8.01,
    "grossProfitMargin" : 25.60,
    "grossProfit" : 68.19,
    "operatingProfitMargin" : -13.18,
    "operatingProfit" : -35.11,
    "netProfitMargin" : -23.51,
    "netProfit" : -62.63
  }, {
    "date" : "2025-06-30",
    "sales" : 286.73,
    "salesGrowthYoY" : 16.37,
    "grossProfitMargin" : 28.83,
    "grossProfit" : 82.66,
    "operatingProfitMargin" : -0.02,
    "operatingProfit" : -0.06,
    "netProfitMargin" : 15.35,
    "netProfit" : 44.01
  }, {
    "date" : "2025-09-30",
    "sales" : 280.52,
    "salesGrowthYoY" : 29.02,
    "grossProfitMargin" : 32.96,
    "grossProfit" : 92.46,
    "operatingProfitMargin" : 9.96,
    "operatingProfit" : 27.94,
    "netProfitMargin" : 15.40,
    "netProfit" : 43.20
  } ],
  "latestQuarterlyResult" : {
    "date" : "2025-09-30",
    "sales" : 280.52,
    "salesGrowthYoY" : 29.02,
    "grossProfitMargin" : 32.96,
    "grossProfit" : 92.46,
    "operatingProfitMargin" : 9.96,
    "operatingProfit" : 27.94,
    "netProfitMargin" : 15.40,
    "netProfit" : 43.20
  },
  "companyScore" : {
    "priceHigherThanDma50" : 0.00,
    "priceHigherThanDma100" : 0.00,
    "priceHigherThanDma200" : 0.00,
    "dma50HigherThanDma100" : 0.00,
    "dma50HigherThanDma200" : 0.00,
    "dma100HigherThanDma200" : 5.00,
    "pricePercentageAboveDma50" : 5.23,
    "pricePercentageAboveDma100" : 5.42,
    "pricePercentageAboveDma200" : 5.31,
    "weeklyVolumeHigherThanYearlyVolume" : 0.00,
    "salesGrowthPercentile" : 15.44,
    "operatingProfitMarginPercentile" : 15.57,
    "netProfitMarginPercentile" : 9.76,
    "totalTechnicalScore" : 20.95,
    "totalFundamentalScore" : 40.77,
    "totalScore" : 61.72
  }
}