{
  "metadata" : {
    "screenerCompanyId" : "1286",
    "companyCode" : "HATHWAY",
    "companyName" : "Hathway Cable",
    "screenerCompanyLink" : "https://www.screener.in/company/HATHWAY/consolidated/",
    "screenerTechnicalHistoryLink" : "https://www.screener.in/api/company/1286/chart/?q=Price-DMA50-DMA200-Volume&days=365",
    "screenerQuarterlyResultsLink" : "https://www.screener.in/api/company/1286/chart/?q=GPM-OPM-NPM-Quarter+Sales&days=10000",
    "attributes" : {
      "companyCode" : "HATHWAY",
      "companyName" : "Hathway Cable",
      "marketCap" : 2002.00,
      "peRatio" : 18.90,
      "description" : "Hathway Cable & Datacom is engaged in distribution of internet services through cable and has strategic stake in entities engaged in Cable Television business.(Source : 202003-01 Annual Report Page No:103)"
    },
    "companyScore" : {
      "priceHigherThanDma50" : 0.00,
      "priceHigherThanDma100" : 0.00,
      "priceHigherThanDma200" : 0.00,
      "dma50HigherThanDma100" : 0.00,
      "dma50HigherThanDma200" : 0.00,
      "dma100HigherThanDma200" : 0.00,
      "pricePercentageAboveDma50" : 5.50,
      "pricePercentageAboveDma100" : 5.77,
      "pricePercentageAboveDma200" : 5.99,
      "weeklyVolumeHigherThanYearlyVolume" : 0.00,
      "salesGrowthPercentile" : 8.57,
      "operatingProfitMarginPercentile" : 10.16,
      "netProfitMarginPercentile" : 6.62,
      "totalTechnicalScore" : 17.27,
      "totalFundamentalScore" : 25.34,
      "totalScore" : 42.61
    }
  },
  "attributes" : {
    "companyCode" : "HATHWAY",
    "companyName" : "Hathway Cable",
    "marketCap" : 2002.00,
    "peRatio" : 18.90,
    "description" : "Hathway Cable & Datacom is engaged in distribution of internet services through cable and has strategic stake in entities engaged in Cable Television business.(Source : 202003-01 Annual Report Page No:103)"
  },
  "technicalHistory" : [ {
    "date" : "2025-01-23",
    "price" : 15.18,
    "dma50" : 16.73,
    "dma100" : null,
    "dma200" : 19.18,
    "volume" : 2900423.00
  }, {
    "date" : "2025-01-24",
    "price" : 15.18,
    "dma50" : 16.67,
    "dma100" : null,
    "dma200" : 19.14,
    "volume" : 2748787.00
  }, {
    "date" : "2025-01-27",
    "price" : 14.88,
    "dma50" : 16.60,
    "dma100" : null,
    "dma200" : 19.10,
    "volume" : 3117840.00
  }, {
    "date" : "2025-01-28",
    "price" : 14.78,
    "dma50" : 16.53,
    "dma100" : null,
    "dma200" : 19.05,
    "volume" : 4277696.00
  }, {
    "date" : "2025-01-29",
    "price" : 15.06,
    "dma50" : 16.47,
    "dma100" : null,
    "dma200" : 19.01,
    "volume" : 2629186.00
  }, {
    "date" : "2025-01-30",
    "price" : 14.92,
    "dma50" : 16.41,
    "dma100" : null,
    "dma200" : 18.97,
    "volume" : 3464810.00
  }, {
    "date" : "2025-01-31",
    "price" : 15.03,
    "dma50" : 16.35,
    "dma100" : null,
    "dma200" : 18.93,
    "volume" : 3552834.00
  }, {
    "date" : "2025-02-01",
    "price" : 15.11,
    "dma50" : 16.31,
    "dma100" : null,
    "dma200" : 18.89,
    "volume" : 5430706.00
  }, {
    "date" : "2025-02-03",
    "price" : 14.72,
    "dma50" : 16.24,
    "dma100" : null,
    "dma200" : 18.85,
    "volume" : 3165789.00
  }, {
    "date" : "2025-02-04",
    "price" : 14.75,
    "dma50" : 16.19,
    "dma100" : null,
    "dma200" : 18.81,
    "volume" : 3396475.00
  }, {
    "date" : "2025-02-05",
    "price" : 14.84,
    "dma50" : 16.13,
    "dma100" : null,
    "dma200" : 18.77,
    "volume" : 3278290.00
  }, {
    "date" : "2025-02-06",
    "price" : 15.05,
    "dma50" : 16.09,
    "dma100" : null,
    "dma200" : 18.74,
    "volume" : 5782917.00
  }, {
    "date" : "2025-02-07",
    "price" : 14.70,
    "dma50" : 16.04,
    "dma100" : null,
    "dma200" : 18.70,
    "volume" : 36711511.00
  }, {
    "date" : "2025-02-10",
    "price" : 14.83,
    "dma50" : 15.99,
    "dma100" : null,
    "dma200" : 18.66,
    "volume" : 9570284.00
  }, {
    "date" : "2025-02-11",
    "price" : 14.63,
    "dma50" : 15.93,
    "dma100" : null,
    "dma200" : 18.62,
    "volume" : 4269233.00
  }, {
    "date" : "2025-02-12",
    "price" : 14.18,
    "dma50" : 15.87,
    "dma100" : null,
    "dma200" : 18.57,
    "volume" : 5309839.00
  }, {
    "date" : "2025-02-13",
    "price" : 14.34,
    "dma50" : 15.81,
    "dma100" : null,
    "dma200" : 18.53,
    "volume" : 3461756.00
  }, {
    "date" : "2025-02-14",
    "price" : 13.94,
    "dma50" : 15.73,
    "dma100" : null,
    "dma200" : 18.48,
    "volume" : 3135827.00
  }, {
    "date" : "2025-02-17",
    "price" : 13.63,
    "dma50" : 15.65,
    "dma100" : null,
    "dma200" : 18.44,
    "volume" : 4115478.00
  }, {
    "date" : "2025-02-18",
    "price" : 13.53,
    "dma50" : 15.57,
    "dma100" : null,
    "dma200" : 18.39,
    "volume" : 3904001.00
  }, {
    "date" : "2025-02-19",
    "price" : 14.14,
    "dma50" : 15.51,
    "dma100" : null,
    "dma200" : 18.35,
    "volume" : 11104803.00
  }, {
    "date" : "2025-02-20",
    "price" : 14.31,
    "dma50" : 15.46,
    "dma100" : null,
    "dma200" : 18.31,
    "volume" : 3017782.00
  }, {
    "date" : "2025-02-21",
    "price" : 14.17,
    "dma50" : 15.41,
    "dma100" : null,
    "dma200" : 18.26,
    "volume" : 3143451.00
  }, {
    "date" : "2025-02-24",
    "price" : 13.98,
    "dma50" : 15.36,
    "dma100" : null,
    "dma200" : 18.22,
    "volume" : 2222674.00
  }, {
    "date" : "2025-02-25",
    "price" : 13.90,
    "dma50" : 15.30,
    "dma100" : null,
    "dma200" : 18.18,
    "volume" : 6332225.00
  }, {
    "date" : "2025-02-27",
    "price" : 13.72,
    "dma50" : 15.24,
    "dma100" : null,
    "dma200" : 18.13,
    "volume" : 2497259.00
  }, {
    "date" : "2025-02-28",
    "price" : 13.22,
    "dma50" : 15.16,
    "dma100" : null,
    "dma200" : 18.09,
    "volume" : 4069132.00
  }, {
    "date" : "2025-03-03",
    "price" : 12.99,
    "dma50" : 15.07,
    "dma100" : null,
    "dma200" : 18.03,
    "volume" : 5729875.00
  }, {
    "date" : "2025-03-04",
    "price" : 13.13,
    "dma50" : 15.00,
    "dma100" : null,
    "dma200" : 17.99,
    "volume" : 3966041.00
  }, {
    "date" : "2025-03-05",
    "price" : 13.55,
    "dma50" : 14.94,
    "dma100" : null,
    "dma200" : 17.94,
    "volume" : 3656999.00
  }, {
    "date" : "2025-03-06",
    "price" : 13.90,
    "dma50" : 14.90,
    "dma100" : null,
    "dma200" : 17.90,
    "volume" : 3522771.00
  }, {
    "date" : "2025-03-07",
    "price" : 14.17,
    "dma50" : 14.87,
    "dma100" : null,
    "dma200" : 17.86,
    "volume" : 4692888.00
  }, {
    "date" : "2025-03-10",
    "price" : 13.75,
    "dma50" : 14.83,
    "dma100" : null,
    "dma200" : 17.82,
    "volume" : 4287579.00
  }, {
    "date" : "2025-03-11",
    "price" : 13.50,
    "dma50" : 14.78,
    "dma100" : null,
    "dma200" : 17.78,
    "volume" : 3903744.00
  }, {
    "date" : "2025-03-12",
    "price" : 13.38,
    "dma50" : 14.72,
    "dma100" : null,
    "dma200" : 17.74,
    "volume" : 2766109.00
  }, {
    "date" : "2025-03-13",
    "price" : 13.20,
    "dma50" : 14.66,
    "dma100" : null,
    "dma200" : 17.69,
    "volume" : 2900620.00
  }, {
    "date" : "2025-03-17",
    "price" : 13.01,
    "dma50" : 14.60,
    "dma100" : null,
    "dma200" : 17.64,
    "volume" : 3647590.00
  }, {
    "date" : "2025-03-18",
    "price" : 13.16,
    "dma50" : 14.54,
    "dma100" : null,
    "dma200" : 17.60,
    "volume" : 4421618.00
  }, {
    "date" : "2025-03-19",
    "price" : 13.55,
    "dma50" : 14.50,
    "dma100" : null,
    "dma200" : 17.56,
    "volume" : 5461488.00
  }, {
    "date" : "2025-03-20",
    "price" : 13.52,
    "dma50" : 14.46,
    "dma100" : null,
    "dma200" : 17.52,
    "volume" : 5330766.00
  }, {
    "date" : "2025-03-21",
    "price" : 13.71,
    "dma50" : 14.43,
    "dma100" : null,
    "dma200" : 17.48,
    "volume" : 6261222.00
  }, {
    "date" : "2025-03-24",
    "price" : 13.94,
    "dma50" : 14.41,
    "dma100" : null,
    "dma200" : 17.45,
    "volume" : 5672668.00
  }, {
    "date" : "2025-03-25",
    "price" : 13.33,
    "dma50" : 14.37,
    "dma100" : null,
    "dma200" : 17.41,
    "volume" : 8173981.00
  }, {
    "date" : "2025-03-26",
    "price" : 13.02,
    "dma50" : 14.32,
    "dma100" : null,
    "dma200" : 17.36,
    "volume" : 6100187.00
  }, {
    "date" : "2025-03-27",
    "price" : 13.08,
    "dma50" : 14.27,
    "dma100" : null,
    "dma200" : 17.32,
    "volume" : 9449293.00
  }, {
    "date" : "2025-03-28",
    "price" : 13.00,
    "dma50" : 14.22,
    "dma100" : null,
    "dma200" : 17.28,
    "volume" : 6627672.00
  }, {
    "date" : "2025-04-01",
    "price" : 13.45,
    "dma50" : 14.19,
    "dma100" : null,
    "dma200" : 17.24,
    "volume" : 4608932.00
  }, {
    "date" : "2025-04-02",
    "price" : 13.36,
    "dma50" : 14.16,
    "dma100" : null,
    "dma200" : 17.20,
    "volume" : 2501245.00
  }, {
    "date" : "2025-04-03",
    "price" : 13.53,
    "dma50" : 14.13,
    "dma100" : null,
    "dma200" : 17.16,
    "volume" : 3585413.00
  }, {
    "date" : "2025-04-04",
    "price" : 12.99,
    "dma50" : 14.09,
    "dma100" : null,
    "dma200" : 17.12,
    "volume" : 5081591.00
  }, {
    "date" : "2025-04-07",
    "price" : 12.46,
    "dma50" : 14.02,
    "dma100" : null,
    "dma200" : 17.08,
    "volume" : 6099831.00
  }, {
    "date" : "2025-04-08",
    "price" : 12.99,
    "dma50" : 13.98,
    "dma100" : null,
    "dma200" : 17.03,
    "volume" : 3442841.00
  }, {
    "date" : "2025-04-09",
    "price" : 12.82,
    "dma50" : 13.94,
    "dma100" : null,
    "dma200" : 16.99,
    "volume" : 2176217.00
  }, {
    "date" : "2025-04-11",
    "price" : 13.04,
    "dma50" : 13.90,
    "dma100" : null,
    "dma200" : 16.95,
    "volume" : 2257890.00
  }, {
    "date" : "2025-04-15",
    "price" : 13.38,
    "dma50" : 13.88,
    "dma100" : null,
    "dma200" : 16.92,
    "volume" : 3437251.00
  }, {
    "date" : "2025-04-16",
    "price" : 13.66,
    "dma50" : 13.87,
    "dma100" : null,
    "dma200" : 16.89,
    "volume" : 3814181.00
  }, {
    "date" : "2025-04-17",
    "price" : 13.92,
    "dma50" : 13.88,
    "dma100" : null,
    "dma200" : 16.86,
    "volume" : 16628248.00
  }, {
    "date" : "2025-04-21",
    "price" : 14.11,
    "dma50" : 13.88,
    "dma100" : null,
    "dma200" : 16.83,
    "volume" : 5351193.00
  }, {
    "date" : "2025-04-22",
    "price" : 14.47,
    "dma50" : 13.91,
    "dma100" : null,
    "dma200" : 16.81,
    "volume" : 9502947.00
  }, {
    "date" : "2025-04-23",
    "price" : 14.73,
    "dma50" : 13.94,
    "dma100" : null,
    "dma200" : 16.78,
    "volume" : 10620731.00
  }, {
    "date" : "2025-04-24",
    "price" : 14.73,
    "dma50" : 13.97,
    "dma100" : null,
    "dma200" : 16.76,
    "volume" : 6368694.00
  }, {
    "date" : "2025-04-25",
    "price" : 14.03,
    "dma50" : 13.97,
    "dma100" : null,
    "dma200" : 16.74,
    "volume" : 8462259.00
  }, {
    "date" : "2025-04-28",
    "price" : 14.02,
    "dma50" : 13.97,
    "dma100" : null,
    "dma200" : 16.71,
    "volume" : 3496717.00
  }, {
    "date" : "2025-04-29",
    "price" : 13.91,
    "dma50" : 13.97,
    "dma100" : null,
    "dma200" : 16.68,
    "volume" : 3153824.00
  }, {
    "date" : "2025-04-30",
    "price" : 13.50,
    "dma50" : 13.95,
    "dma100" : null,
    "dma200" : 16.65,
    "volume" : 4084951.00
  }, {
    "date" : "2025-05-02",
    "price" : 13.61,
    "dma50" : 13.94,
    "dma100" : null,
    "dma200" : 16.62,
    "volume" : 3232049.00
  }, {
    "date" : "2025-05-05",
    "price" : 13.74,
    "dma50" : 13.93,
    "dma100" : null,
    "dma200" : 16.59,
    "volume" : 2425220.00
  }, {
    "date" : "2025-05-06",
    "price" : 13.44,
    "dma50" : 13.91,
    "dma100" : null,
    "dma200" : 16.56,
    "volume" : 3575603.00
  }, {
    "date" : "2025-05-07",
    "price" : 13.40,
    "dma50" : 13.89,
    "dma100" : null,
    "dma200" : 16.53,
    "volume" : 3262839.00
  }, {
    "date" : "2025-05-08",
    "price" : 13.23,
    "dma50" : 13.87,
    "dma100" : null,
    "dma200" : 16.50,
    "volume" : 3489656.00
  }, {
    "date" : "2025-05-09",
    "price" : 13.16,
    "dma50" : 13.84,
    "dma100" : null,
    "dma200" : 16.46,
    "volume" : 13165045.00
  }, {
    "date" : "2025-05-12",
    "price" : 14.19,
    "dma50" : 13.85,
    "dma100" : null,
    "dma200" : 16.44,
    "volume" : 6855448.00
  }, {
    "date" : "2025-05-13",
    "price" : 14.39,
    "dma50" : 13.87,
    "dma100" : null,
    "dma200" : 16.42,
    "volume" : 4608573.00
  }, {
    "date" : "2025-05-14",
    "price" : 14.61,
    "dma50" : 13.90,
    "dma100" : null,
    "dma200" : 16.40,
    "volume" : 3195507.00
  }, {
    "date" : "2025-05-15",
    "price" : 14.85,
    "dma50" : 13.94,
    "dma100" : null,
    "dma200" : 16.39,
    "volume" : 4345705.00
  }, {
    "date" : "2025-05-16",
    "price" : 15.03,
    "dma50" : 13.98,
    "dma100" : null,
    "dma200" : 16.37,
    "volume" : 4170449.00
  }, {
    "date" : "2025-05-19",
    "price" : 15.21,
    "dma50" : 14.03,
    "dma100" : null,
    "dma200" : 16.36,
    "volume" : 4477713.00
  }, {
    "date" : "2025-05-20",
    "price" : 15.01,
    "dma50" : 14.07,
    "dma100" : null,
    "dma200" : 16.35,
    "volume" : 3257005.00
  }, {
    "date" : "2025-05-21",
    "price" : 15.15,
    "dma50" : 14.11,
    "dma100" : null,
    "dma200" : 16.34,
    "volume" : 2771767.00
  }, {
    "date" : "2025-05-22",
    "price" : 15.16,
    "dma50" : 14.15,
    "dma100" : null,
    "dma200" : 16.32,
    "volume" : 5851998.00
  }, {
    "date" : "2025-05-23",
    "price" : 15.31,
    "dma50" : 14.20,
    "dma100" : null,
    "dma200" : 16.31,
    "volume" : 5027132.00
  }, {
    "date" : "2025-05-26",
    "price" : 15.30,
    "dma50" : 14.24,
    "dma100" : null,
    "dma200" : 16.30,
    "volume" : 2303749.00
  }, {
    "date" : "2025-05-27",
    "price" : 15.35,
    "dma50" : 14.28,
    "dma100" : null,
    "dma200" : 16.29,
    "volume" : 2597754.00
  }, {
    "date" : "2025-05-28",
    "price" : 15.52,
    "dma50" : 14.33,
    "dma100" : null,
    "dma200" : 16.29,
    "volume" : 3609335.00
  }, {
    "date" : "2025-05-29",
    "price" : 15.57,
    "dma50" : 14.38,
    "dma100" : null,
    "dma200" : 16.28,
    "volume" : 3182731.00
  }, {
    "date" : "2025-05-30",
    "price" : 16.00,
    "dma50" : 14.45,
    "dma100" : null,
    "dma200" : 16.28,
    "volume" : 8717516.00
  }, {
    "date" : "2025-06-02",
    "price" : 15.96,
    "dma50" : 14.50,
    "dma100" : null,
    "dma200" : 16.27,
    "volume" : 4019767.00
  }, {
    "date" : "2025-06-03",
    "price" : 15.71,
    "dma50" : 14.55,
    "dma100" : null,
    "dma200" : 16.27,
    "volume" : 3093398.00
  }, {
    "date" : "2025-06-04",
    "price" : 15.73,
    "dma50" : 14.60,
    "dma100" : null,
    "dma200" : 16.26,
    "volume" : 2808519.00
  }, {
    "date" : "2025-06-05",
    "price" : 15.75,
    "dma50" : 14.64,
    "dma100" : null,
    "dma200" : 16.26,
    "volume" : 3278932.00
  }, {
    "date" : "2025-06-06",
    "price" : 15.57,
    "dma50" : 14.68,
    "dma100" : null,
    "dma200" : 16.25,
    "volume" : 2627878.00
  }, {
    "date" : "2025-06-09",
    "price" : 15.80,
    "dma50" : 14.72,
    "dma100" : null,
    "dma200" : 16.25,
    "volume" : 2574165.00
  }, {
    "date" : "2025-06-10",
    "price" : 15.99,
    "dma50" : 14.77,
    "dma100" : null,
    "dma200" : 16.24,
    "volume" : 5129449.00
  }, {
    "date" : "2025-06-11",
    "price" : 16.06,
    "dma50" : 14.82,
    "dma100" : null,
    "dma200" : 16.24,
    "volume" : 4963583.00
  }, {
    "date" : "2025-06-12",
    "price" : 15.73,
    "dma50" : 14.86,
    "dma100" : null,
    "dma200" : 16.24,
    "volume" : 2879973.00
  }, {
    "date" : "2025-06-13",
    "price" : 15.51,
    "dma50" : 14.88,
    "dma100" : null,
    "dma200" : 16.23,
    "volume" : 3439876.00
  }, {
    "date" : "2025-06-16",
    "price" : 15.22,
    "dma50" : 14.90,
    "dma100" : null,
    "dma200" : 16.22,
    "volume" : 3906400.00
  }, {
    "date" : "2025-06-17",
    "price" : 15.04,
    "dma50" : 14.90,
    "dma100" : null,
    "dma200" : 16.21,
    "volume" : 3361163.00
  }, {
    "date" : "2025-06-18",
    "price" : 14.89,
    "dma50" : 14.90,
    "dma100" : null,
    "dma200" : 16.19,
    "volume" : 3241910.00
  }, {
    "date" : "2025-06-19",
    "price" : 14.62,
    "dma50" : 14.89,
    "dma100" : null,
    "dma200" : 16.18,
    "volume" : 4016119.00
  }, {
    "date" : "2025-06-20",
    "price" : 14.86,
    "dma50" : 14.89,
    "dma100" : 14.29,
    "dma200" : 16.17,
    "volume" : 3382514.00
  }, {
    "date" : "2025-06-23",
    "price" : 14.84,
    "dma50" : 14.89,
    "dma100" : 14.29,
    "dma200" : 16.15,
    "volume" : 2497883.00
  }, {
    "date" : "2025-06-24",
    "price" : 15.16,
    "dma50" : 14.90,
    "dma100" : 14.29,
    "dma200" : 16.14,
    "volume" : 3399869.00
  }, {
    "date" : "2025-06-25",
    "price" : 16.05,
    "dma50" : 14.94,
    "dma100" : 14.30,
    "dma200" : 16.14,
    "volume" : 24800559.00
  }, {
    "date" : "2025-06-26",
    "price" : 16.07,
    "dma50" : 14.99,
    "dma100" : 14.31,
    "dma200" : 16.14,
    "volume" : 6632602.00
  }, {
    "date" : "2025-06-27",
    "price" : 16.03,
    "dma50" : 15.03,
    "dma100" : 14.33,
    "dma200" : 16.14,
    "volume" : 3706220.00
  }, {
    "date" : "2025-06-30",
    "price" : 15.99,
    "dma50" : 15.07,
    "dma100" : 14.33,
    "dma200" : 16.14,
    "volume" : 5197463.00
  }, {
    "date" : "2025-07-01",
    "price" : 16.01,
    "dma50" : 15.10,
    "dma100" : 14.34,
    "dma200" : 16.14,
    "volume" : 2177045.00
  }, {
    "date" : "2025-07-02",
    "price" : 15.86,
    "dma50" : 15.13,
    "dma100" : 14.36,
    "dma200" : 16.13,
    "volume" : 3324689.00
  }, {
    "date" : "2025-07-03",
    "price" : 15.96,
    "dma50" : 15.17,
    "dma100" : 14.37,
    "dma200" : 16.13,
    "volume" : 2830928.00
  }, {
    "date" : "2025-07-04",
    "price" : 15.99,
    "dma50" : 15.20,
    "dma100" : 14.38,
    "dma200" : 16.13,
    "volume" : 3356602.00
  }, {
    "date" : "2025-07-07",
    "price" : 16.00,
    "dma50" : 15.23,
    "dma100" : 14.39,
    "dma200" : 16.13,
    "volume" : 5338042.00
  }, {
    "date" : "2025-07-08",
    "price" : 15.94,
    "dma50" : 15.26,
    "dma100" : 14.40,
    "dma200" : 16.13,
    "volume" : 4500136.00
  }, {
    "date" : "2025-07-09",
    "price" : 15.82,
    "dma50" : 15.28,
    "dma100" : 14.41,
    "dma200" : 16.13,
    "volume" : 2781913.00
  }, {
    "date" : "2025-07-10",
    "price" : 15.58,
    "dma50" : 15.29,
    "dma100" : 14.42,
    "dma200" : 16.12,
    "volume" : 2685288.00
  }, {
    "date" : "2025-07-11",
    "price" : 15.36,
    "dma50" : 15.29,
    "dma100" : 14.43,
    "dma200" : 16.11,
    "volume" : 3356061.00
  }, {
    "date" : "2025-07-14",
    "price" : 15.63,
    "dma50" : 15.31,
    "dma100" : 14.44,
    "dma200" : 16.11,
    "volume" : 3809043.00
  }, {
    "date" : "2025-07-15",
    "price" : 15.74,
    "dma50" : 15.32,
    "dma100" : 14.46,
    "dma200" : 16.10,
    "volume" : 4877829.00
  }, {
    "date" : "2025-07-16",
    "price" : 16.74,
    "dma50" : 15.38,
    "dma100" : 14.49,
    "dma200" : 16.11,
    "volume" : 116220314.00
  }, {
    "date" : "2025-07-17",
    "price" : 16.52,
    "dma50" : 15.42,
    "dma100" : 14.52,
    "dma200" : 16.11,
    "volume" : 22572361.00
  }, {
    "date" : "2025-07-18",
    "price" : 16.26,
    "dma50" : 15.46,
    "dma100" : 14.55,
    "dma200" : 16.12,
    "volume" : 8606654.00
  }, {
    "date" : "2025-07-21",
    "price" : 15.87,
    "dma50" : 15.47,
    "dma100" : 14.56,
    "dma200" : 16.11,
    "volume" : 6774707.00
  }, {
    "date" : "2025-07-22",
    "price" : 15.65,
    "dma50" : 15.48,
    "dma100" : 14.58,
    "dma200" : 16.11,
    "volume" : 5005184.00
  }, {
    "date" : "2025-07-23",
    "price" : 15.65,
    "dma50" : 15.49,
    "dma100" : 14.59,
    "dma200" : 16.10,
    "volume" : 6762946.00
  }, {
    "date" : "2025-07-24",
    "price" : 15.58,
    "dma50" : 15.49,
    "dma100" : 14.61,
    "dma200" : 16.10,
    "volume" : 4060851.00
  }, {
    "date" : "2025-07-25",
    "price" : 15.19,
    "dma50" : 15.48,
    "dma100" : 14.62,
    "dma200" : 16.09,
    "volume" : 3880204.00
  }, {
    "date" : "2025-07-28",
    "price" : 14.86,
    "dma50" : 15.45,
    "dma100" : 14.64,
    "dma200" : 16.08,
    "volume" : 4881754.00
  }, {
    "date" : "2025-07-29",
    "price" : 15.12,
    "dma50" : 15.44,
    "dma100" : 14.66,
    "dma200" : 16.07,
    "volume" : 6258075.00
  }, {
    "date" : "2025-07-30",
    "price" : 15.01,
    "dma50" : 15.42,
    "dma100" : 14.68,
    "dma200" : 16.06,
    "volume" : 2154989.00
  }, {
    "date" : "2025-07-31",
    "price" : 14.98,
    "dma50" : 15.41,
    "dma100" : 14.69,
    "dma200" : 16.05,
    "volume" : 3336196.00
  }, {
    "date" : "2025-08-01",
    "price" : 15.10,
    "dma50" : 15.40,
    "dma100" : 14.71,
    "dma200" : 16.04,
    "volume" : 5092413.00
  }, {
    "date" : "2025-08-04",
    "price" : 14.86,
    "dma50" : 15.37,
    "dma100" : 14.71,
    "dma200" : 16.03,
    "volume" : 3130476.00
  }, {
    "date" : "2025-08-05",
    "price" : 14.71,
    "dma50" : 15.35,
    "dma100" : 14.72,
    "dma200" : 16.01,
    "volume" : 1805638.00
  }, {
    "date" : "2025-08-06",
    "price" : 14.48,
    "dma50" : 15.31,
    "dma100" : 14.73,
    "dma200" : 16.00,
    "volume" : 2534266.00
  }, {
    "date" : "2025-08-07",
    "price" : 14.32,
    "dma50" : 15.28,
    "dma100" : 14.74,
    "dma200" : 15.98,
    "volume" : 3380812.00
  }, {
    "date" : "2025-08-08",
    "price" : 14.43,
    "dma50" : 15.24,
    "dma100" : 14.75,
    "dma200" : 15.96,
    "volume" : 2427385.00
  }, {
    "date" : "2025-08-11",
    "price" : 14.34,
    "dma50" : 15.21,
    "dma100" : 14.77,
    "dma200" : 15.95,
    "volume" : 2151515.00
  }, {
    "date" : "2025-08-12",
    "price" : 14.38,
    "dma50" : 15.17,
    "dma100" : 14.78,
    "dma200" : 15.93,
    "volume" : 1653106.00
  }, {
    "date" : "2025-08-13",
    "price" : 14.43,
    "dma50" : 15.14,
    "dma100" : 14.79,
    "dma200" : 15.92,
    "volume" : 1597779.00
  }, {
    "date" : "2025-08-14",
    "price" : 14.34,
    "dma50" : 15.11,
    "dma100" : 14.80,
    "dma200" : 15.90,
    "volume" : 950049.00
  }, {
    "date" : "2025-08-18",
    "price" : 14.45,
    "dma50" : 15.09,
    "dma100" : 14.80,
    "dma200" : 15.89,
    "volume" : 1758496.00
  }, {
    "date" : "2025-08-19",
    "price" : 14.77,
    "dma50" : 15.07,
    "dma100" : 14.81,
    "dma200" : 15.88,
    "volume" : 2812160.00
  }, {
    "date" : "2025-08-20",
    "price" : 14.96,
    "dma50" : 15.07,
    "dma100" : 14.83,
    "dma200" : 15.87,
    "volume" : 2276821.00
  }, {
    "date" : "2025-08-21",
    "price" : 14.98,
    "dma50" : 15.07,
    "dma100" : 14.85,
    "dma200" : 15.86,
    "volume" : 8967725.00
  }, {
    "date" : "2025-08-22",
    "price" : 14.75,
    "dma50" : 15.05,
    "dma100" : 14.87,
    "dma200" : 15.85,
    "volume" : 1316098.00
  }, {
    "date" : "2025-08-25",
    "price" : 14.73,
    "dma50" : 15.04,
    "dma100" : 14.88,
    "dma200" : 15.84,
    "volume" : 1259274.00
  }, {
    "date" : "2025-08-26",
    "price" : 14.70,
    "dma50" : 15.03,
    "dma100" : 14.90,
    "dma200" : 15.83,
    "volume" : 1409225.00
  }, {
    "date" : "2025-08-28",
    "price" : 14.74,
    "dma50" : 15.02,
    "dma100" : 14.91,
    "dma200" : 15.81,
    "volume" : 1650719.00
  }, {
    "date" : "2025-08-29",
    "price" : 14.61,
    "dma50" : 15.00,
    "dma100" : 14.92,
    "dma200" : 15.80,
    "volume" : 1430339.00
  }, {
    "date" : "2025-09-01",
    "price" : 14.49,
    "dma50" : 14.98,
    "dma100" : 14.93,
    "dma200" : 15.79,
    "volume" : 1650110.00
  }, {
    "date" : "2025-09-02",
    "price" : 14.57,
    "dma50" : 14.96,
    "dma100" : 14.96,
    "dma200" : 15.78,
    "volume" : 2382662.00
  }, {
    "date" : "2025-09-03",
    "price" : 14.75,
    "dma50" : 14.96,
    "dma100" : 14.97,
    "dma200" : 15.77,
    "volume" : 2509968.00
  }, {
    "date" : "2025-09-04",
    "price" : 14.67,
    "dma50" : 14.95,
    "dma100" : 14.99,
    "dma200" : 15.76,
    "volume" : 1950245.00
  }, {
    "date" : "2025-09-05",
    "price" : 14.62,
    "dma50" : 14.93,
    "dma100" : 15.01,
    "dma200" : 15.75,
    "volume" : 1829346.00
  }, {
    "date" : "2025-09-08",
    "price" : 14.80,
    "dma50" : 14.93,
    "dma100" : 15.02,
    "dma200" : 15.74,
    "volume" : 1848455.00
  }, {
    "date" : "2025-09-09",
    "price" : 14.67,
    "dma50" : 14.92,
    "dma100" : 15.03,
    "dma200" : 15.73,
    "volume" : 1209926.00
  }, {
    "date" : "2025-09-10",
    "price" : 14.87,
    "dma50" : 14.92,
    "dma100" : 15.04,
    "dma200" : 15.72,
    "volume" : 1545906.00
  }, {
    "date" : "2025-09-11",
    "price" : 14.86,
    "dma50" : 14.91,
    "dma100" : 15.05,
    "dma200" : 15.71,
    "volume" : 1456976.00
  }, {
    "date" : "2025-09-12",
    "price" : 14.83,
    "dma50" : 14.91,
    "dma100" : 15.05,
    "dma200" : 15.70,
    "volume" : 1397619.00
  }, {
    "date" : "2025-09-15",
    "price" : 14.90,
    "dma50" : 14.91,
    "dma100" : 15.05,
    "dma200" : 15.69,
    "volume" : 1561288.00
  }, {
    "date" : "2025-09-16",
    "price" : 14.94,
    "dma50" : 14.91,
    "dma100" : 15.06,
    "dma200" : 15.68,
    "volume" : 3745106.00
  }, {
    "date" : "2025-09-17",
    "price" : 15.03,
    "dma50" : 14.92,
    "dma100" : 15.07,
    "dma200" : 15.68,
    "volume" : 2675893.00
  }, {
    "date" : "2025-09-18",
    "price" : 15.00,
    "dma50" : 14.92,
    "dma100" : 15.08,
    "dma200" : 15.67,
    "volume" : 1378452.00
  }, {
    "date" : "2025-09-19",
    "price" : 15.08,
    "dma50" : 14.93,
    "dma100" : 15.09,
    "dma200" : 15.66,
    "volume" : 1545827.00
  }, {
    "date" : "2025-09-22",
    "price" : 14.86,
    "dma50" : 14.92,
    "dma100" : 15.10,
    "dma200" : 15.66,
    "volume" : 1442498.00
  }, {
    "date" : "2025-09-23",
    "price" : 14.75,
    "dma50" : 14.92,
    "dma100" : 15.11,
    "dma200" : 15.65,
    "volume" : 1932170.00
  }, {
    "date" : "2025-09-24",
    "price" : 14.47,
    "dma50" : 14.90,
    "dma100" : 15.12,
    "dma200" : 15.64,
    "volume" : 1996849.00
  }, {
    "date" : "2025-09-25",
    "price" : 14.32,
    "dma50" : 14.88,
    "dma100" : 15.13,
    "dma200" : 15.62,
    "volume" : 1679387.00
  }, {
    "date" : "2025-09-26",
    "price" : 14.19,
    "dma50" : 14.85,
    "dma100" : 15.14,
    "dma200" : 15.61,
    "volume" : 1596355.00
  }, {
    "date" : "2025-09-29",
    "price" : 13.70,
    "dma50" : 14.80,
    "dma100" : 15.14,
    "dma200" : 15.59,
    "volume" : 5372724.00
  }, {
    "date" : "2025-09-30",
    "price" : 13.99,
    "dma50" : 14.77,
    "dma100" : 15.15,
    "dma200" : 15.57,
    "volume" : 1635178.00
  }, {
    "date" : "2025-10-01",
    "price" : 14.03,
    "dma50" : 14.74,
    "dma100" : 15.15,
    "dma200" : 15.56,
    "volume" : 2235416.00
  }, {
    "date" : "2025-10-03",
    "price" : 14.24,
    "dma50" : 14.72,
    "dma100" : 15.15,
    "dma200" : 15.55,
    "volume" : 2246473.00
  }, {
    "date" : "2025-10-06",
    "price" : 14.12,
    "dma50" : 14.70,
    "dma100" : 15.14,
    "dma200" : 15.53,
    "volume" : 1661417.00
  }, {
    "date" : "2025-10-07",
    "price" : 14.03,
    "dma50" : 14.67,
    "dma100" : 15.13,
    "dma200" : 15.52,
    "volume" : 1670342.00
  }, {
    "date" : "2025-10-08",
    "price" : 13.98,
    "dma50" : 14.65,
    "dma100" : 15.12,
    "dma200" : 15.50,
    "volume" : 1927176.00
  }, {
    "date" : "2025-10-09",
    "price" : 13.96,
    "dma50" : 14.62,
    "dma100" : 15.11,
    "dma200" : 15.49,
    "volume" : 1089471.00
  }, {
    "date" : "2025-10-10",
    "price" : 14.20,
    "dma50" : 14.60,
    "dma100" : 15.10,
    "dma200" : 15.47,
    "volume" : 2611111.00
  }, {
    "date" : "2025-10-13",
    "price" : 14.02,
    "dma50" : 14.58,
    "dma100" : 15.09,
    "dma200" : 15.46,
    "volume" : 1652580.00
  }, {
    "date" : "2025-10-14",
    "price" : 13.80,
    "dma50" : 14.55,
    "dma100" : 15.08,
    "dma200" : 15.44,
    "volume" : 2161653.00
  }, {
    "date" : "2025-10-15",
    "price" : 13.96,
    "dma50" : 14.53,
    "dma100" : 15.06,
    "dma200" : 15.43,
    "volume" : 1725071.00
  }, {
    "date" : "2025-10-16",
    "price" : 13.67,
    "dma50" : 14.49,
    "dma100" : 15.05,
    "dma200" : 15.41,
    "volume" : 2647392.00
  }, {
    "date" : "2025-10-17",
    "price" : 13.52,
    "dma50" : 14.45,
    "dma100" : 15.03,
    "dma200" : 15.39,
    "volume" : 2361016.00
  }, {
    "date" : "2025-10-20",
    "price" : 13.42,
    "dma50" : 14.41,
    "dma100" : 15.01,
    "dma200" : 15.37,
    "volume" : 1546131.00
  }, {
    "date" : "2025-10-21",
    "price" : 13.60,
    "dma50" : 14.38,
    "dma100" : 14.99,
    "dma200" : 15.35,
    "volume" : 550625.00
  }, {
    "date" : "2025-10-23",
    "price" : 13.78,
    "dma50" : 14.36,
    "dma100" : 14.97,
    "dma200" : 15.34,
    "volume" : 2327409.00
  }, {
    "date" : "2025-10-24",
    "price" : 13.77,
    "dma50" : 14.34,
    "dma100" : 14.94,
    "dma200" : 15.32,
    "volume" : 1385259.00
  }, {
    "date" : "2025-10-27",
    "price" : 13.80,
    "dma50" : 14.31,
    "dma100" : 14.93,
    "dma200" : 15.31,
    "volume" : 1408876.00
  }, {
    "date" : "2025-10-28",
    "price" : 13.74,
    "dma50" : 14.29,
    "dma100" : 14.91,
    "dma200" : 15.29,
    "volume" : 1127003.00
  }, {
    "date" : "2025-10-29",
    "price" : 13.84,
    "dma50" : 14.27,
    "dma100" : 14.89,
    "dma200" : 15.28,
    "volume" : 1161657.00
  }, {
    "date" : "2025-10-30",
    "price" : 13.83,
    "dma50" : 14.26,
    "dma100" : 14.87,
    "dma200" : 15.26,
    "volume" : 1038606.00
  }, {
    "date" : "2025-10-31",
    "price" : 13.81,
    "dma50" : 14.24,
    "dma100" : 14.85,
    "dma200" : 15.25,
    "volume" : 1266206.00
  }, {
    "date" : "2025-11-03",
    "price" : 13.72,
    "dma50" : 14.22,
    "dma100" : 14.83,
    "dma200" : 15.23,
    "volume" : 1331675.00
  }, {
    "date" : "2025-11-04",
    "price" : 13.66,
    "dma50" : 14.20,
    "dma100" : 14.80,
    "dma200" : 15.22,
    "volume" : 1103986.00
  }, {
    "date" : "2025-11-06",
    "price" : 13.33,
    "dma50" : 14.16,
    "dma100" : 14.78,
    "dma200" : 15.20,
    "volume" : 2338258.00
  }, {
    "date" : "2025-11-07",
    "price" : 13.34,
    "dma50" : 14.13,
    "dma100" : 14.76,
    "dma200" : 15.18,
    "volume" : 1500612.00
  }, {
    "date" : "2025-11-10",
    "price" : 13.24,
    "dma50" : 14.10,
    "dma100" : 14.74,
    "dma200" : 15.16,
    "volume" : 978271.00
  }, {
    "date" : "2025-11-11",
    "price" : 13.22,
    "dma50" : 14.06,
    "dma100" : 14.72,
    "dma200" : 15.14,
    "volume" : 855871.00
  }, {
    "date" : "2025-11-12",
    "price" : 13.21,
    "dma50" : 14.03,
    "dma100" : 14.70,
    "dma200" : 15.12,
    "volume" : 980801.00
  }, {
    "date" : "2025-11-13",
    "price" : 13.19,
    "dma50" : 14.00,
    "dma100" : 14.69,
    "dma200" : 15.10,
    "volume" : 837454.00
  }, {
    "date" : "2025-11-14",
    "price" : 13.23,
    "dma50" : 13.97,
    "dma100" : 14.67,
    "dma200" : 15.08,
    "volume" : 1001728.00
  }, {
    "date" : "2025-11-17",
    "price" : 13.29,
    "dma50" : 13.94,
    "dma100" : 14.66,
    "dma200" : 15.07,
    "volume" : 1595607.00
  }, {
    "date" : "2025-11-18",
    "price" : 13.20,
    "dma50" : 13.91,
    "dma100" : 14.64,
    "dma200" : 15.05,
    "volume" : 1009996.00
  }, {
    "date" : "2025-11-19",
    "price" : 13.17,
    "dma50" : 13.88,
    "dma100" : 14.61,
    "dma200" : 15.03,
    "volume" : 1102485.00
  }, {
    "date" : "2025-11-20",
    "price" : 13.24,
    "dma50" : 13.86,
    "dma100" : 14.58,
    "dma200" : 15.01,
    "volume" : 1636327.00
  }, {
    "date" : "2025-11-21",
    "price" : 13.05,
    "dma50" : 13.82,
    "dma100" : 14.55,
    "dma200" : 14.99,
    "volume" : 961913.00
  }, {
    "date" : "2025-11-24",
    "price" : 12.75,
    "dma50" : 13.78,
    "dma100" : 14.52,
    "dma200" : 14.97,
    "volume" : 2495821.00
  }, {
    "date" : "2025-11-25",
    "price" : 13.03,
    "dma50" : 13.75,
    "dma100" : 14.49,
    "dma200" : 14.95,
    "volume" : 2108464.00
  }, {
    "date" : "2025-11-26",
    "price" : 13.12,
    "dma50" : 13.73,
    "dma100" : 14.46,
    "dma200" : 14.93,
    "volume" : 1746244.00
  }, {
    "date" : "2025-11-27",
    "price" : 13.06,
    "dma50" : 13.70,
    "dma100" : 14.43,
    "dma200" : 14.91,
    "volume" : 1059781.00
  }, {
    "date" : "2025-11-28",
    "price" : 13.07,
    "dma50" : 13.68,
    "dma100" : 14.40,
    "dma200" : 14.90,
    "volume" : 1081851.00
  }, {
    "date" : "2025-12-01",
    "price" : 12.94,
    "dma50" : 13.65,
    "dma100" : 14.37,
    "dma200" : 14.88,
    "volume" : 1471389.00
  }, {
    "date" : "2025-12-02",
    "price" : 12.99,
    "dma50" : 13.62,
    "dma100" : 14.34,
    "dma200" : 14.86,
    "volume" : 1338415.00
  }, {
    "date" : "2025-12-03",
    "price" : 12.95,
    "dma50" : 13.60,
    "dma100" : 14.31,
    "dma200" : 14.84,
    "volume" : 1174469.00
  }, {
    "date" : "2025-12-04",
    "price" : 12.84,
    "dma50" : 13.57,
    "dma100" : 14.29,
    "dma200" : 14.82,
    "volume" : 768522.00
  }, {
    "date" : "2025-12-05",
    "price" : 12.70,
    "dma50" : 13.53,
    "dma100" : 14.26,
    "dma200" : 14.80,
    "volume" : 1365752.00
  }, {
    "date" : "2025-12-08",
    "price" : 12.36,
    "dma50" : 13.49,
    "dma100" : 14.23,
    "dma200" : 14.77,
    "volume" : 2319894.00
  }, {
    "date" : "2025-12-09",
    "price" : 12.52,
    "dma50" : 13.45,
    "dma100" : 14.19,
    "dma200" : 14.75,
    "volume" : 28823849.00
  }, {
    "date" : "2025-12-10",
    "price" : 12.84,
    "dma50" : 13.42,
    "dma100" : 14.16,
    "dma200" : 14.73,
    "volume" : 2573567.00
  }, {
    "date" : "2025-12-11",
    "price" : 12.64,
    "dma50" : 13.39,
    "dma100" : 14.12,
    "dma200" : 14.71,
    "volume" : 1346340.00
  }, {
    "date" : "2025-12-12",
    "price" : 12.65,
    "dma50" : 13.36,
    "dma100" : 14.08,
    "dma200" : 14.69,
    "volume" : 1187103.00
  }, {
    "date" : "2025-12-15",
    "price" : 12.94,
    "dma50" : 13.35,
    "dma100" : 14.05,
    "dma200" : 14.67,
    "volume" : 2010916.00
  }, {
    "date" : "2025-12-16",
    "price" : 12.58,
    "dma50" : 13.32,
    "dma100" : 14.02,
    "dma200" : 14.65,
    "volume" : 1643808.00
  }, {
    "date" : "2025-12-17",
    "price" : 12.42,
    "dma50" : 13.28,
    "dma100" : 13.99,
    "dma200" : 14.63,
    "volume" : 1602646.00
  }, {
    "date" : "2025-12-18",
    "price" : 12.21,
    "dma50" : 13.24,
    "dma100" : 13.95,
    "dma200" : 14.61,
    "volume" : 1548410.00
  }, {
    "date" : "2025-12-19",
    "price" : 12.43,
    "dma50" : 13.21,
    "dma100" : 13.93,
    "dma200" : 14.58,
    "volume" : 1578516.00
  }, {
    "date" : "2025-12-22",
    "price" : 12.57,
    "dma50" : 13.18,
    "dma100" : 13.90,
    "dma200" : 14.56,
    "volume" : 2148350.00
  }, {
    "date" : "2025-12-23",
    "price" : 12.80,
    "dma50" : 13.17,
    "dma100" : 13.88,
    "dma200" : 14.55,
    "volume" : 1608282.00
  }, {
    "date" : "2025-12-24",
    "price" : 12.55,
    "dma50" : 13.14,
    "dma100" : 13.86,
    "dma200" : 14.53,
    "volume" : 1915800.00
  }, {
    "date" : "2025-12-26",
    "price" : 12.59,
    "dma50" : 13.12,
    "dma100" : 13.83,
    "dma200" : 14.51,
    "volume" : 1314761.00
  }, {
    "date" : "2025-12-29",
    "price" : 12.36,
    "dma50" : 13.09,
    "dma100" : 13.80,
    "dma200" : 14.49,
    "volume" : 1334645.00
  }, {
    "date" : "2025-12-30",
    "price" : 12.39,
    "dma50" : 13.07,
    "dma100" : 13.78,
    "dma200" : 14.46,
    "volume" : 1210370.00
  }, {
    "date" : "2025-12-31",
    "price" : 12.43,
    "dma50" : 13.04,
    "dma100" : 13.76,
    "dma200" : 14.44,
    "volume" : 2117859.00
  }, {
    "date" : "2026-01-01",
    "price" : 12.45,
    "dma50" : 13.02,
    "dma100" : 13.74,
    "dma200" : 14.42,
    "volume" : 976558.00
  }, {
    "date" : "2026-01-02",
    "price" : 12.68,
    "dma50" : 13.00,
    "dma100" : 13.72,
    "dma200" : 14.41,
    "volume" : 1697387.00
  }, {
    "date" : "2026-01-05",
    "price" : 12.47,
    "dma50" : 12.98,
    "dma100" : 13.70,
    "dma200" : 14.39,
    "volume" : 2467187.00
  }, {
    "date" : "2026-01-06",
    "price" : 12.50,
    "dma50" : 12.96,
    "dma100" : 13.68,
    "dma200" : 14.37,
    "volume" : 1331531.00
  }, {
    "date" : "2026-01-07",
    "price" : 12.42,
    "dma50" : 12.94,
    "dma100" : 13.66,
    "dma200" : 14.35,
    "volume" : 1421587.00
  }, {
    "date" : "2026-01-08",
    "price" : 12.16,
    "dma50" : 12.91,
    "dma100" : 13.64,
    "dma200" : 14.33,
    "volume" : 1984064.00
  }, {
    "date" : "2026-01-09",
    "price" : 12.11,
    "dma50" : 12.88,
    "dma100" : 13.62,
    "dma200" : 14.31,
    "volume" : 2262095.00
  }, {
    "date" : "2026-01-12",
    "price" : 11.97,
    "dma50" : 12.84,
    "dma100" : 13.59,
    "dma200" : 14.28,
    "volume" : 2254366.00
  }, {
    "date" : "2026-01-13",
    "price" : 11.97,
    "dma50" : 12.81,
    "dma100" : 13.56,
    "dma200" : 14.26,
    "volume" : 2024031.00
  }, {
    "date" : "2026-01-14",
    "price" : 12.01,
    "dma50" : 12.78,
    "dma100" : 13.54,
    "dma200" : 14.24,
    "volume" : 1553799.00
  }, {
    "date" : "2026-01-16",
    "price" : 12.03,
    "dma50" : 12.75,
    "dma100" : 13.51,
    "dma200" : 14.22,
    "volume" : 2623742.00
  }, {
    "date" : "2026-01-19",
    "price" : 11.92,
    "dma50" : 12.72,
    "dma100" : 13.48,
    "dma200" : 14.19,
    "volume" : 2197839.00
  }, {
    "date" : "2026-01-20",
    "price" : 11.37,
    "dma50" : 12.66,
    "dma100" : 13.44,
    "dma200" : 14.16,
    "volume" : 3001073.00
  }, {
    "date" : "2026-01-21",
    "price" : 11.00,
    "dma50" : 12.60,
    "dma100" : 13.41,
    "dma200" : 14.13,
    "volume" : 3673799.00
  }, {
    "date" : "2026-01-22",
    "price" : 11.30,
    "dma50" : 12.55,
    "dma100" : 13.37,
    "dma200" : 14.10,
    "volume" : 2462414.00
  } ],
  "latestTechnicalAttributes" : {
    "date" : "2026-01-22",
    "price" : 11.30,
    "dma50" : 12.55,
    "dma100" : 13.37,
    "dma200" : 14.10,
    "volume" : 2462414.00
  },
  "quarterlyResults" : [ {
    "date" : "2009-12-31",
    "sales" : 98.48,
    "salesGrowthYoY" : null,
    "grossProfitMargin" : 100.00,
    "grossProfit" : 98.48,
    "operatingProfitMargin" : 22.30,
    "operatingProfit" : 21.96,
    "netProfitMargin" : -26.43,
    "netProfit" : -26.03
  }, {
    "date" : "2010-03-31",
    "sales" : 98.70,
    "salesGrowthYoY" : null,
    "grossProfitMargin" : 100.00,
    "grossProfit" : 98.70,
    "operatingProfitMargin" : 20.07,
    "operatingProfit" : 19.81,
    "netProfitMargin" : -4.32,
    "netProfit" : -4.26
  }, {
    "date" : "2010-06-30",
    "sales" : 99.90,
    "salesGrowthYoY" : null,
    "grossProfitMargin" : 100.00,
    "grossProfit" : 99.90,
    "operatingProfitMargin" : 14.14,
    "operatingProfit" : 14.13,
    "netProfitMargin" : -14.01,
    "netProfit" : -14.00
  }, {
    "date" : "2010-09-30",
    "sales" : 129.98,
    "salesGrowthYoY" : null,
    "grossProfitMargin" : 100.00,
    "grossProfit" : 129.98,
    "operatingProfitMargin" : 27.38,
    "operatingProfit" : 35.59,
    "netProfitMargin" : 5.52,
    "netProfit" : 7.17
  }, {
    "date" : "2010-12-31",
    "sales" : 118.55,
    "salesGrowthYoY" : 20.38,
    "grossProfitMargin" : 100.00,
    "grossProfit" : 118.55,
    "operatingProfitMargin" : 16.79,
    "operatingProfit" : 19.90,
    "netProfitMargin" : -7.44,
    "netProfit" : -8.82
  }, {
    "date" : "2011-03-31",
    "sales" : 123.51,
    "salesGrowthYoY" : 25.14,
    "grossProfitMargin" : 100.00,
    "grossProfit" : 123.51,
    "operatingProfitMargin" : 15.14,
    "operatingProfit" : 18.70,
    "netProfitMargin" : -6.57,
    "netProfit" : -8.11
  }, {
    "date" : "2011-06-30",
    "sales" : 122.51,
    "salesGrowthYoY" : 22.63,
    "grossProfitMargin" : 99.69,
    "grossProfit" : 122.13,
    "operatingProfitMargin" : 15.64,
    "operatingProfit" : 19.16,
    "netProfitMargin" : -9.57,
    "netProfit" : -11.72
  }, {
    "date" : "2011-09-30",
    "sales" : 128.52,
    "salesGrowthYoY" : -1.12,
    "grossProfitMargin" : 97.04,
    "grossProfit" : 124.72,
    "operatingProfitMargin" : 16.99,
    "operatingProfit" : 21.84,
    "netProfitMargin" : -7.65,
    "netProfit" : -9.83
  }, {
    "date" : "2011-12-31",
    "sales" : 127.66,
    "salesGrowthYoY" : 7.68,
    "grossProfitMargin" : 97.95,
    "grossProfit" : 125.04,
    "operatingProfitMargin" : 18.05,
    "operatingProfit" : 23.04,
    "netProfitMargin" : -11.91,
    "netProfit" : -15.20
  }, {
    "date" : "2012-03-31",
    "sales" : 135.46,
    "salesGrowthYoY" : 9.68,
    "grossProfitMargin" : 100.00,
    "grossProfit" : 135.46,
    "operatingProfitMargin" : 17.22,
    "operatingProfit" : 23.33,
    "netProfitMargin" : -6.58,
    "netProfit" : -8.91
  }, {
    "date" : "2012-06-30",
    "sales" : 136.26,
    "salesGrowthYoY" : 11.22,
    "grossProfitMargin" : 97.50,
    "grossProfit" : 132.85,
    "operatingProfitMargin" : 17.50,
    "operatingProfit" : 23.85,
    "netProfitMargin" : -11.20,
    "netProfit" : -15.26
  }, {
    "date" : "2012-09-30",
    "sales" : 132.49,
    "salesGrowthYoY" : 3.09,
    "grossProfitMargin" : 98.75,
    "grossProfit" : 130.83,
    "operatingProfitMargin" : 15.66,
    "operatingProfit" : 20.75,
    "netProfitMargin" : -3.96,
    "netProfit" : -5.25
  }, {
    "date" : "2012-12-31",
    "sales" : 154.39,
    "salesGrowthYoY" : 20.94,
    "grossProfitMargin" : 97.21,
    "grossProfit" : 150.08,
    "operatingProfitMargin" : 22.97,
    "operatingProfit" : 35.46,
    "netProfitMargin" : -3.07,
    "netProfit" : -4.74
  }, {
    "date" : "2013-03-31",
    "sales" : 231.19,
    "salesGrowthYoY" : 70.67,
    "grossProfitMargin" : 99.29,
    "grossProfit" : 229.55,
    "operatingProfitMargin" : 38.27,
    "operatingProfit" : 88.48,
    "netProfitMargin" : 16.68,
    "netProfit" : 38.56
  }, {
    "date" : "2013-06-30",
    "sales" : 232.64,
    "salesGrowthYoY" : 70.73,
    "grossProfitMargin" : 99.71,
    "grossProfit" : 231.97,
    "operatingProfitMargin" : 32.70,
    "operatingProfit" : 76.07,
    "netProfitMargin" : 2.39,
    "netProfit" : 5.56
  }, {
    "date" : "2013-09-30",
    "sales" : 220.29,
    "salesGrowthYoY" : 66.27,
    "grossProfitMargin" : 99.61,
    "grossProfit" : 219.43,
    "operatingProfitMargin" : 17.44,
    "operatingProfit" : 38.42,
    "netProfitMargin" : -19.24,
    "netProfit" : -42.38
  }, {
    "date" : "2013-12-31",
    "sales" : 234.78,
    "salesGrowthYoY" : 52.07,
    "grossProfitMargin" : 99.48,
    "grossProfit" : 233.56,
    "operatingProfitMargin" : 15.65,
    "operatingProfit" : 36.74,
    "netProfitMargin" : -15.55,
    "netProfit" : -36.51
  }, {
    "date" : "2014-03-31",
    "sales" : 292.72,
    "salesGrowthYoY" : 26.61,
    "grossProfitMargin" : 96.50,
    "grossProfit" : 282.47,
    "operatingProfitMargin" : 13.91,
    "operatingProfit" : 40.72,
    "netProfitMargin" : -13.07,
    "netProfit" : -38.26
  }, {
    "date" : "2014-06-30",
    "sales" : 250.22,
    "salesGrowthYoY" : 7.56,
    "grossProfitMargin" : 99.95,
    "grossProfit" : 250.09,
    "operatingProfitMargin" : 17.54,
    "operatingProfit" : 43.89,
    "netProfitMargin" : -11.76,
    "netProfit" : -29.43
  }, {
    "date" : "2014-09-30",
    "sales" : 263.51,
    "salesGrowthYoY" : 19.62,
    "grossProfitMargin" : 99.99,
    "grossProfit" : 263.48,
    "operatingProfitMargin" : 15.19,
    "operatingProfit" : 40.03,
    "netProfitMargin" : -14.96,
    "netProfit" : -39.42
  }, {
    "date" : "2014-12-31",
    "sales" : 239.15,
    "salesGrowthYoY" : 1.86,
    "grossProfitMargin" : 100.00,
    "grossProfit" : 239.15,
    "operatingProfitMargin" : 10.28,
    "operatingProfit" : 24.58,
    "netProfitMargin" : -24.29,
    "netProfit" : -58.09
  }, {
    "date" : "2015-03-31",
    "sales" : 270.03,
    "salesGrowthYoY" : -7.75,
    "grossProfitMargin" : 99.99,
    "grossProfit" : 270.00,
    "operatingProfitMargin" : 11.48,
    "operatingProfit" : 31.00,
    "netProfitMargin" : -19.20,
    "netProfit" : -51.85
  }, {
    "date" : "2015-06-30",
    "sales" : 258.68,
    "salesGrowthYoY" : 3.38,
    "grossProfitMargin" : 100.00,
    "grossProfit" : 258.68,
    "operatingProfitMargin" : 15.88,
    "operatingProfit" : 41.08,
    "netProfitMargin" : -14.45,
    "netProfit" : -37.38
  }, {
    "date" : "2015-09-30",
    "sales" : 270.36,
    "salesGrowthYoY" : 2.60,
    "grossProfitMargin" : 100.00,
    "grossProfit" : 270.36,
    "operatingProfitMargin" : 16.90,
    "operatingProfit" : 45.69,
    "netProfitMargin" : -11.83,
    "netProfit" : -31.98
  }, {
    "date" : "2015-12-31",
    "sales" : 281.25,
    "salesGrowthYoY" : 17.60,
    "grossProfitMargin" : 100.00,
    "grossProfit" : 281.25,
    "operatingProfitMargin" : 14.89,
    "operatingProfit" : 41.88,
    "netProfitMargin" : -14.65,
    "netProfit" : -41.20
  }, {
    "date" : "2016-03-31",
    "sales" : 292.68,
    "salesGrowthYoY" : 8.39,
    "grossProfitMargin" : 100.00,
    "grossProfit" : 292.68,
    "operatingProfitMargin" : 15.54,
    "operatingProfit" : 45.48,
    "netProfitMargin" : -14.16,
    "netProfit" : -41.44
  }, {
    "date" : "2016-06-30",
    "sales" : 302.07,
    "salesGrowthYoY" : 16.77,
    "grossProfitMargin" : 100.00,
    "grossProfit" : 302.07,
    "operatingProfitMargin" : 14.73,
    "operatingProfit" : 44.49,
    "netProfitMargin" : -17.61,
    "netProfit" : -53.19
  }, {
    "date" : "2016-09-30",
    "sales" : 321.07,
    "salesGrowthYoY" : 18.76,
    "grossProfitMargin" : 100.00,
    "grossProfit" : 321.07,
    "operatingProfitMargin" : 16.61,
    "operatingProfit" : 53.33,
    "netProfitMargin" : -12.60,
    "netProfit" : -40.45
  }, {
    "date" : "2016-12-31",
    "sales" : 337.59,
    "salesGrowthYoY" : 20.03,
    "grossProfitMargin" : 100.00,
    "grossProfit" : 337.59,
    "operatingProfitMargin" : 19.27,
    "operatingProfit" : 65.05,
    "netProfitMargin" : -12.45,
    "netProfit" : -42.03
  }, {
    "date" : "2017-03-31",
    "sales" : 346.66,
    "salesGrowthYoY" : 18.44,
    "grossProfitMargin" : 100.00,
    "grossProfit" : 346.66,
    "operatingProfitMargin" : 21.48,
    "operatingProfit" : 74.46,
    "netProfitMargin" : -4.32,
    "netProfit" : -14.98
  }, {
    "date" : "2017-06-30",
    "sales" : 129.00,
    "salesGrowthYoY" : -57.29,
    "grossProfitMargin" : 100.00,
    "grossProfit" : 129.00,
    "operatingProfitMargin" : 38.09,
    "operatingProfit" : 49.14,
    "netProfitMargin" : 7.78,
    "netProfit" : 10.04
  }, {
    "date" : "2017-09-30",
    "sales" : 131.15,
    "salesGrowthYoY" : -59.15,
    "grossProfitMargin" : 100.00,
    "grossProfit" : 131.15,
    "operatingProfitMargin" : 40.15,
    "operatingProfit" : 52.66,
    "netProfitMargin" : 10.68,
    "netProfit" : 14.01
  }, {
    "date" : "2017-12-31",
    "sales" : 138.65,
    "salesGrowthYoY" : -58.93,
    "grossProfitMargin" : 100.00,
    "grossProfit" : 138.65,
    "operatingProfitMargin" : 43.32,
    "operatingProfit" : 60.06,
    "netProfitMargin" : 17.22,
    "netProfit" : 23.88
  }, {
    "date" : "2018-03-31",
    "sales" : 145.74,
    "salesGrowthYoY" : -57.96,
    "grossProfitMargin" : 100.00,
    "grossProfit" : 145.74,
    "operatingProfitMargin" : 40.51,
    "operatingProfit" : 59.04,
    "netProfitMargin" : 9.29,
    "netProfit" : 13.54
  }, {
    "date" : "2018-06-30",
    "sales" : 129.80,
    "salesGrowthYoY" : 0.62,
    "grossProfitMargin" : 100.00,
    "grossProfit" : 129.80,
    "operatingProfitMargin" : 36.12,
    "operatingProfit" : 46.88,
    "netProfitMargin" : -2.03,
    "netProfit" : -2.63
  }, {
    "date" : "2018-09-30",
    "sales" : 130.55,
    "salesGrowthYoY" : -0.46,
    "grossProfitMargin" : 100.00,
    "grossProfit" : 130.55,
    "operatingProfitMargin" : 35.68,
    "operatingProfit" : 46.58,
    "netProfitMargin" : -4.52,
    "netProfit" : -5.90
  }, {
    "date" : "2018-12-31",
    "sales" : 134.85,
    "salesGrowthYoY" : -2.74,
    "grossProfitMargin" : 100.00,
    "grossProfit" : 134.85,
    "operatingProfitMargin" : 38.04,
    "operatingProfit" : 51.30,
    "netProfitMargin" : 4.78,
    "netProfit" : 6.45
  }, {
    "date" : "2019-03-31",
    "sales" : 132.42,
    "salesGrowthYoY" : -9.14,
    "grossProfitMargin" : 100.00,
    "grossProfit" : 132.42,
    "operatingProfitMargin" : 31.97,
    "operatingProfit" : 42.33,
    "netProfitMargin" : 224.45,
    "netProfit" : 297.22
  }, {
    "date" : "2019-06-30",
    "sales" : 133.81,
    "salesGrowthYoY" : 3.09,
    "grossProfitMargin" : 100.00,
    "grossProfit" : 133.81,
    "operatingProfitMargin" : 28.59,
    "operatingProfit" : 38.26,
    "netProfitMargin" : 14.59,
    "netProfit" : 19.52
  }, {
    "date" : "2019-09-30",
    "sales" : 139.36,
    "salesGrowthYoY" : 6.75,
    "grossProfitMargin" : 100.00,
    "grossProfit" : 139.36,
    "operatingProfitMargin" : 21.14,
    "operatingProfit" : 29.46,
    "netProfitMargin" : 3.29,
    "netProfit" : 4.58
  }, {
    "date" : "2019-12-31",
    "sales" : 143.20,
    "salesGrowthYoY" : 6.19,
    "grossProfitMargin" : 100.00,
    "grossProfit" : 143.20,
    "operatingProfitMargin" : 20.90,
    "operatingProfit" : 29.93,
    "netProfitMargin" : -13.43,
    "netProfit" : -19.23
  }, {
    "date" : "2020-03-31",
    "sales" : 151.32,
    "salesGrowthYoY" : 14.27,
    "grossProfitMargin" : 100.00,
    "grossProfit" : 151.32,
    "operatingProfitMargin" : 22.41,
    "operatingProfit" : 33.91,
    "netProfitMargin" : 8.80,
    "netProfit" : 13.32
  }, {
    "date" : "2020-06-30",
    "sales" : 146.51,
    "salesGrowthYoY" : 9.49,
    "grossProfitMargin" : 100.00,
    "grossProfit" : 146.51,
    "operatingProfitMargin" : 31.98,
    "operatingProfit" : 46.85,
    "netProfitMargin" : 30.28,
    "netProfit" : 44.36
  }, {
    "date" : "2020-09-30",
    "sales" : 153.33,
    "salesGrowthYoY" : 10.02,
    "grossProfitMargin" : 100.00,
    "grossProfit" : 153.33,
    "operatingProfitMargin" : 31.35,
    "operatingProfit" : 48.07,
    "netProfitMargin" : 17.80,
    "netProfit" : 27.29
  }, {
    "date" : "2020-12-31",
    "sales" : 158.78,
    "salesGrowthYoY" : 10.88,
    "grossProfitMargin" : 100.00,
    "grossProfit" : 158.78,
    "operatingProfitMargin" : 36.94,
    "operatingProfit" : 58.65,
    "netProfitMargin" : 14.44,
    "netProfit" : 22.93
  }, {
    "date" : "2021-03-31",
    "sales" : 156.94,
    "salesGrowthYoY" : 3.71,
    "grossProfitMargin" : 100.00,
    "grossProfit" : 156.94,
    "operatingProfitMargin" : 29.86,
    "operatingProfit" : 46.86,
    "netProfitMargin" : 11.14,
    "netProfit" : 17.48
  }, {
    "date" : "2021-06-30",
    "sales" : 152.77,
    "salesGrowthYoY" : 4.27,
    "grossProfitMargin" : 100.00,
    "grossProfit" : 152.77,
    "operatingProfitMargin" : 39.03,
    "operatingProfit" : 59.63,
    "netProfitMargin" : 12.92,
    "netProfit" : 19.74
  }, {
    "date" : "2021-09-30",
    "sales" : 157.15,
    "salesGrowthYoY" : 2.49,
    "grossProfitMargin" : 100.00,
    "grossProfit" : 157.15,
    "operatingProfitMargin" : 22.27,
    "operatingProfit" : 35.00,
    "netProfitMargin" : 7.20,
    "netProfit" : 11.31
  }, {
    "date" : "2021-12-31",
    "sales" : 154.91,
    "salesGrowthYoY" : -2.44,
    "grossProfitMargin" : 100.00,
    "grossProfit" : 154.91,
    "operatingProfitMargin" : 32.78,
    "operatingProfit" : 50.78,
    "netProfitMargin" : 6.44,
    "netProfit" : 9.98
  }, {
    "date" : "2022-03-31",
    "sales" : 157.11,
    "salesGrowthYoY" : 0.11,
    "grossProfitMargin" : 100.00,
    "grossProfit" : 157.11,
    "operatingProfitMargin" : 31.83,
    "operatingProfit" : 50.01,
    "netProfitMargin" : 2.93,
    "netProfit" : 4.60
  }, {
    "date" : "2022-06-30",
    "sales" : 157.19,
    "salesGrowthYoY" : 2.89,
    "grossProfitMargin" : 100.00,
    "grossProfit" : 157.19,
    "operatingProfitMargin" : 31.52,
    "operatingProfit" : 49.55,
    "netProfitMargin" : 14.23,
    "netProfit" : 22.37
  }, {
    "date" : "2022-09-30",
    "sales" : 161.11,
    "salesGrowthYoY" : 2.52,
    "grossProfitMargin" : 100.00,
    "grossProfit" : 161.11,
    "operatingProfitMargin" : 31.24,
    "operatingProfit" : 50.33,
    "netProfitMargin" : 10.35,
    "netProfit" : 16.67
  }, {
    "date" : "2022-12-31",
    "sales" : 161.26,
    "salesGrowthYoY" : 4.10,
    "grossProfitMargin" : 100.00,
    "grossProfit" : 161.26,
    "operatingProfitMargin" : 31.04,
    "operatingProfit" : 50.06,
    "netProfitMargin" : 8.85,
    "netProfit" : 14.27
  }, {
    "date" : "2023-03-31",
    "sales" : 159.16,
    "salesGrowthYoY" : 1.30,
    "grossProfitMargin" : 100.00,
    "grossProfit" : 159.16,
    "operatingProfitMargin" : 28.20,
    "operatingProfit" : 44.88,
    "netProfitMargin" : 6.55,
    "netProfit" : 10.42
  }, {
    "date" : "2023-06-30",
    "sales" : 156.76,
    "salesGrowthYoY" : -0.27,
    "grossProfitMargin" : 100.00,
    "grossProfit" : 156.76,
    "operatingProfitMargin" : 32.02,
    "operatingProfit" : 50.19,
    "netProfitMargin" : 12.53,
    "netProfit" : 19.64
  }, {
    "date" : "2023-09-30",
    "sales" : 156.46,
    "salesGrowthYoY" : -2.89,
    "grossProfitMargin" : 100.00,
    "grossProfit" : 156.46,
    "operatingProfitMargin" : 34.09,
    "operatingProfit" : 53.34,
    "netProfitMargin" : 20.31,
    "netProfit" : 31.78
  }, {
    "date" : "2023-12-31",
    "sales" : 155.60,
    "salesGrowthYoY" : -3.51,
    "grossProfitMargin" : 100.00,
    "grossProfit" : 155.60,
    "operatingProfitMargin" : 31.31,
    "operatingProfit" : 48.72,
    "netProfitMargin" : 9.13,
    "netProfit" : 14.21
  }, {
    "date" : "2024-03-31",
    "sales" : 153.85,
    "salesGrowthYoY" : -3.34,
    "grossProfitMargin" : 100.00,
    "grossProfit" : 153.85,
    "operatingProfitMargin" : 31.31,
    "operatingProfit" : 48.17,
    "netProfitMargin" : 13.42,
    "netProfit" : 20.65
  }, {
    "date" : "2024-06-30",
    "sales" : 151.19,
    "salesGrowthYoY" : -3.55,
    "grossProfitMargin" : 100.00,
    "grossProfit" : 151.19,
    "operatingProfitMargin" : 31.54,
    "operatingProfit" : 47.69,
    "netProfitMargin" : 11.29,
    "netProfit" : 17.07
  }, {
    "date" : "2024-09-30",
    "sales" : 151.59,
    "salesGrowthYoY" : -3.11,
    "grossProfitMargin" : 100.00,
    "grossProfit" : 151.59,
    "operatingProfitMargin" : 31.31,
    "operatingProfit" : 47.46,
    "netProfitMargin" : 24.27,
    "netProfit" : 36.79
  }, {
    "date" : "2024-12-31",
    "sales" : 149.99,
    "salesGrowthYoY" : -3.61,
    "grossProfitMargin" : 100.00,
    "grossProfit" : 149.99,
    "operatingProfitMargin" : 30.68,
    "operatingProfit" : 46.02,
    "netProfitMargin" : 7.95,
    "netProfit" : 11.92
  }, {
    "date" : "2025-03-31",
    "sales" : 149.35,
    "salesGrowthYoY" : -2.92,
    "grossProfitMargin" : 100.00,
    "grossProfit" : 149.35,
    "operatingProfitMargin" : 31.70,
    "operatingProfit" : 47.34,
    "netProfitMargin" : 13.26,
    "netProfit" : 19.80
  }, {
    "date" : "2025-06-30",
    "sales" : 147.27,
    "salesGrowthYoY" : -2.59,
    "grossProfitMargin" : 100.00,
    "grossProfit" : 147.27,
    "operatingProfitMargin" : 30.13,
    "operatingProfit" : 44.37,
    "netProfitMargin" : 14.55,
    "netProfit" : 21.43
  }, {
    "date" : "2025-09-30",
    "sales" : 146.86,
    "salesGrowthYoY" : -3.12,
    "grossProfitMargin" : 100.00,
    "grossProfit" : 146.86,
    "operatingProfitMargin" : 28.39,
    "operatingProfit" : 41.69,
    "netProfitMargin" : 12.79,
    "netProfit" : 18.78
  }, {
    "date" : "2025-12-31",
    "sales" : 144.71,
    "salesGrowthYoY" : -3.52,
    "grossProfitMargin" : 100.00,
    "grossProfit" : 144.71,
    "operatingProfitMargin" : 27.06,
    "operatingProfit" : 39.16,
    "netProfitMargin" : 8.94,
    "netProfit" : 12.94
  } ],
  "latestQuarterlyResult" : {
    "date" : "2025-12-31",
    "sales" : 144.71,
    "salesGrowthYoY" : -3.52,
    "grossProfitMargin" : 100.00,
    "grossProfit" : 144.71,
    "operatingProfitMargin" : 27.06,
    "operatingProfit" : 39.16,
    "netProfitMargin" : 8.94,
    "netProfit" : 12.94
  },
  "companyScore" : {
    "priceHigherThanDma50" : 0.00,
    "priceHigherThanDma100" : 0.00,
    "priceHigherThanDma200" : 0.00,
    "dma50HigherThanDma100" : 0.00,
    "dma50HigherThanDma200" : 0.00,
    "dma100HigherThanDma200" : 0.00,
    "pricePercentageAboveDma50" : 5.50,
    "pricePercentageAboveDma100" : 5.77,
    "pricePercentageAboveDma200" : 5.99,
    "weeklyVolumeHigherThanYearlyVolume" : 0.00,
    "salesGrowthPercentile" : 8.57,
    "operatingProfitMarginPercentile" : 10.16,
    "netProfitMarginPercentile" : 6.62,
    "totalTechnicalScore" : 17.27,
    "totalFundamentalScore" : 25.34,
    "totalScore" : 42.61
  }
}