{
  "metadata" : {
    "screenerCompanyId" : "1295",
    "companyCode" : "HBLENGINE",
    "companyName" : "HBL Engineering",
    "screenerCompanyLink" : "https://www.screener.in/company/HBLENGINE/consolidated/",
    "screenerTechnicalHistoryLink" : "https://www.screener.in/api/company/1295/chart/?q=Price-DMA50-DMA200-Volume&days=365",
    "screenerQuarterlyResultsLink" : "https://www.screener.in/api/company/1295/chart/?q=GPM-OPM-NPM-Quarter+Sales&days=10000",
    "attributes" : {
      "companyCode" : "HBLENGINE",
      "companyName" : "HBL Engineering",
      "marketCap" : 19573.00,
      "peRatio" : 29.60,
      "description" : "Incorporated in 1983, HBL Power System Ltd manufactures and services different types of batteries, e-mobility, and other products[1]"
    },
    "companyScore" : {
      "priceHigherThanDma50" : 0.00,
      "priceHigherThanDma100" : 0.00,
      "priceHigherThanDma200" : 0.00,
      "dma50HigherThanDma100" : 0.00,
      "dma50HigherThanDma200" : 5.00,
      "dma100HigherThanDma200" : 5.00,
      "pricePercentageAboveDma50" : 5.86,
      "pricePercentageAboveDma100" : 6.00,
      "pricePercentageAboveDma200" : 5.42,
      "weeklyVolumeHigherThanYearlyVolume" : 5.00,
      "salesGrowthPercentile" : 19.75,
      "operatingProfitMarginPercentile" : 20.00,
      "netProfitMarginPercentile" : 10.00,
      "totalTechnicalScore" : 32.28,
      "totalFundamentalScore" : 49.75,
      "totalScore" : 82.03
    }
  },
  "attributes" : {
    "companyCode" : "HBLENGINE",
    "companyName" : "HBL Engineering",
    "marketCap" : 19573.00,
    "peRatio" : 29.60,
    "description" : "Incorporated in 1983, HBL Power System Ltd manufactures and services different types of batteries, e-mobility, and other products[1]"
  },
  "technicalHistory" : [ {
    "date" : "2025-01-27",
    "price" : 501.40,
    "dma50" : 589.77,
    "dma100" : null,
    "dma200" : 559.08,
    "volume" : 1656285.00
  }, {
    "date" : "2025-01-28",
    "price" : 512.60,
    "dma50" : 586.75,
    "dma100" : null,
    "dma200" : 558.61,
    "volume" : 2748570.00
  }, {
    "date" : "2025-01-29",
    "price" : 544.70,
    "dma50" : 585.10,
    "dma100" : null,
    "dma200" : 558.48,
    "volume" : 2048413.00
  }, {
    "date" : "2025-01-30",
    "price" : 564.10,
    "dma50" : 584.28,
    "dma100" : null,
    "dma200" : 558.53,
    "volume" : 6916640.00
  }, {
    "date" : "2025-01-31",
    "price" : 596.85,
    "dma50" : 584.77,
    "dma100" : null,
    "dma200" : 558.91,
    "volume" : 2641443.00
  }, {
    "date" : "2025-02-01",
    "price" : 576.20,
    "dma50" : 584.43,
    "dma100" : null,
    "dma200" : 559.09,
    "volume" : 4081665.00
  }, {
    "date" : "2025-02-03",
    "price" : 576.05,
    "dma50" : 584.10,
    "dma100" : null,
    "dma200" : 559.25,
    "volume" : 1644122.00
  }, {
    "date" : "2025-02-04",
    "price" : 574.80,
    "dma50" : 583.74,
    "dma100" : null,
    "dma200" : 559.41,
    "volume" : 850133.00
  }, {
    "date" : "2025-02-05",
    "price" : 581.40,
    "dma50" : 583.65,
    "dma100" : null,
    "dma200" : 559.63,
    "volume" : 643458.00
  }, {
    "date" : "2025-02-06",
    "price" : 576.70,
    "dma50" : 583.38,
    "dma100" : null,
    "dma200" : 559.80,
    "volume" : 662887.00
  }, {
    "date" : "2025-02-07",
    "price" : 550.45,
    "dma50" : 582.08,
    "dma100" : null,
    "dma200" : 559.70,
    "volume" : 1327475.00
  }, {
    "date" : "2025-02-10",
    "price" : 528.75,
    "dma50" : 579.99,
    "dma100" : null,
    "dma200" : 559.40,
    "volume" : 1608759.00
  }, {
    "date" : "2025-02-11",
    "price" : 481.95,
    "dma50" : 576.15,
    "dma100" : null,
    "dma200" : 558.63,
    "volume" : 16266541.00
  }, {
    "date" : "2025-02-12",
    "price" : 507.45,
    "dma50" : 573.45,
    "dma100" : null,
    "dma200" : 558.12,
    "volume" : 14164694.00
  }, {
    "date" : "2025-02-13",
    "price" : 492.60,
    "dma50" : 570.28,
    "dma100" : null,
    "dma200" : 557.46,
    "volume" : 2521841.00
  }, {
    "date" : "2025-02-14",
    "price" : 501.05,
    "dma50" : 567.57,
    "dma100" : null,
    "dma200" : 556.90,
    "volume" : 2865597.00
  }, {
    "date" : "2025-02-17",
    "price" : 477.60,
    "dma50" : 564.04,
    "dma100" : null,
    "dma200" : 556.11,
    "volume" : 2294066.00
  }, {
    "date" : "2025-02-18",
    "price" : 457.30,
    "dma50" : 559.85,
    "dma100" : null,
    "dma200" : 555.13,
    "volume" : 1910902.00
  }, {
    "date" : "2025-02-19",
    "price" : 488.95,
    "dma50" : 557.07,
    "dma100" : null,
    "dma200" : 554.47,
    "volume" : 2692518.00
  }, {
    "date" : "2025-02-20",
    "price" : 489.80,
    "dma50" : 554.44,
    "dma100" : null,
    "dma200" : 553.83,
    "volume" : 1280558.00
  }, {
    "date" : "2025-02-21",
    "price" : 478.30,
    "dma50" : 551.45,
    "dma100" : null,
    "dma200" : 553.08,
    "volume" : 1076535.00
  }, {
    "date" : "2025-02-24",
    "price" : 470.20,
    "dma50" : 548.26,
    "dma100" : null,
    "dma200" : 552.25,
    "volume" : 1009310.00
  }, {
    "date" : "2025-02-25",
    "price" : 463.55,
    "dma50" : 544.94,
    "dma100" : null,
    "dma200" : 551.37,
    "volume" : 728171.00
  }, {
    "date" : "2025-02-27",
    "price" : 453.60,
    "dma50" : 541.36,
    "dma100" : null,
    "dma200" : 550.40,
    "volume" : 1223007.00
  }, {
    "date" : "2025-02-28",
    "price" : 433.10,
    "dma50" : 537.11,
    "dma100" : null,
    "dma200" : 549.23,
    "volume" : 1715148.00
  }, {
    "date" : "2025-03-03",
    "price" : 424.40,
    "dma50" : 532.69,
    "dma100" : null,
    "dma200" : 547.99,
    "volume" : 2241164.00
  }, {
    "date" : "2025-03-04",
    "price" : 438.75,
    "dma50" : 529.01,
    "dma100" : null,
    "dma200" : 546.90,
    "volume" : 1712186.00
  }, {
    "date" : "2025-03-05",
    "price" : 458.60,
    "dma50" : 526.25,
    "dma100" : null,
    "dma200" : 546.02,
    "volume" : 1879699.00
  }, {
    "date" : "2025-03-06",
    "price" : 453.40,
    "dma50" : 523.39,
    "dma100" : null,
    "dma200" : 545.10,
    "volume" : 1245384.00
  }, {
    "date" : "2025-03-07",
    "price" : 456.25,
    "dma50" : 520.76,
    "dma100" : null,
    "dma200" : 544.22,
    "volume" : 1207760.00
  }, {
    "date" : "2025-03-10",
    "price" : 435.00,
    "dma50" : 517.40,
    "dma100" : null,
    "dma200" : 543.13,
    "volume" : 1006201.00
  }, {
    "date" : "2025-03-11",
    "price" : 438.15,
    "dma50" : 514.29,
    "dma100" : null,
    "dma200" : 542.09,
    "volume" : 1113955.00
  }, {
    "date" : "2025-03-12",
    "price" : 423.20,
    "dma50" : 510.72,
    "dma100" : null,
    "dma200" : 540.90,
    "volume" : 1290575.00
  }, {
    "date" : "2025-03-13",
    "price" : 414.80,
    "dma50" : 506.95,
    "dma100" : null,
    "dma200" : 539.65,
    "volume" : 1582640.00
  }, {
    "date" : "2025-03-17",
    "price" : 406.40,
    "dma50" : 503.01,
    "dma100" : null,
    "dma200" : 538.32,
    "volume" : 1205058.00
  }, {
    "date" : "2025-03-18",
    "price" : 418.75,
    "dma50" : 499.71,
    "dma100" : null,
    "dma200" : 537.13,
    "volume" : 1636292.00
  }, {
    "date" : "2025-03-19",
    "price" : 482.40,
    "dma50" : 499.03,
    "dma100" : null,
    "dma200" : 536.59,
    "volume" : 19503826.00
  }, {
    "date" : "2025-03-20",
    "price" : 460.10,
    "dma50" : 497.50,
    "dma100" : null,
    "dma200" : 535.83,
    "volume" : 3166281.00
  }, {
    "date" : "2025-03-21",
    "price" : 465.30,
    "dma50" : 496.24,
    "dma100" : null,
    "dma200" : 535.13,
    "volume" : 2136851.00
  }, {
    "date" : "2025-03-24",
    "price" : 481.00,
    "dma50" : 495.64,
    "dma100" : null,
    "dma200" : 534.59,
    "volume" : 2805911.00
  }, {
    "date" : "2025-03-25",
    "price" : 472.50,
    "dma50" : 494.73,
    "dma100" : null,
    "dma200" : 533.97,
    "volume" : 3895333.00
  }, {
    "date" : "2025-03-26",
    "price" : 459.85,
    "dma50" : 493.37,
    "dma100" : null,
    "dma200" : 533.23,
    "volume" : 1860149.00
  }, {
    "date" : "2025-03-27",
    "price" : 465.45,
    "dma50" : 492.27,
    "dma100" : null,
    "dma200" : 532.56,
    "volume" : 2534190.00
  }, {
    "date" : "2025-03-28",
    "price" : 472.50,
    "dma50" : 491.50,
    "dma100" : null,
    "dma200" : 531.96,
    "volume" : 2457870.00
  }, {
    "date" : "2025-04-01",
    "price" : 511.70,
    "dma50" : 492.29,
    "dma100" : null,
    "dma200" : 531.76,
    "volume" : 38758048.00
  }, {
    "date" : "2025-04-02",
    "price" : 516.10,
    "dma50" : 493.22,
    "dma100" : null,
    "dma200" : 531.60,
    "volume" : 5375454.00
  }, {
    "date" : "2025-04-03",
    "price" : 528.50,
    "dma50" : 494.61,
    "dma100" : null,
    "dma200" : 531.57,
    "volume" : 3771509.00
  }, {
    "date" : "2025-04-04",
    "price" : 507.95,
    "dma50" : 495.13,
    "dma100" : null,
    "dma200" : 531.34,
    "volume" : 2562615.00
  }, {
    "date" : "2025-04-07",
    "price" : 481.45,
    "dma50" : 494.59,
    "dma100" : null,
    "dma200" : 530.84,
    "volume" : 2778151.00
  }, {
    "date" : "2025-04-08",
    "price" : 488.15,
    "dma50" : 494.34,
    "dma100" : null,
    "dma200" : 530.41,
    "volume" : 2410041.00
  }, {
    "date" : "2025-04-09",
    "price" : 478.00,
    "dma50" : 493.70,
    "dma100" : null,
    "dma200" : 529.89,
    "volume" : 1061368.00
  }, {
    "date" : "2025-04-11",
    "price" : 500.95,
    "dma50" : 493.98,
    "dma100" : null,
    "dma200" : 529.61,
    "volume" : 1855907.00
  }, {
    "date" : "2025-04-15",
    "price" : 518.90,
    "dma50" : 494.96,
    "dma100" : null,
    "dma200" : 529.50,
    "volume" : 1652110.00
  }, {
    "date" : "2025-04-16",
    "price" : 515.10,
    "dma50" : 495.75,
    "dma100" : null,
    "dma200" : 529.36,
    "volume" : 937869.00
  }, {
    "date" : "2025-04-17",
    "price" : 517.70,
    "dma50" : 496.61,
    "dma100" : null,
    "dma200" : 529.24,
    "volume" : 952540.00
  }, {
    "date" : "2025-04-21",
    "price" : 523.40,
    "dma50" : 497.66,
    "dma100" : null,
    "dma200" : 529.18,
    "volume" : 1626293.00
  }, {
    "date" : "2025-04-22",
    "price" : 531.25,
    "dma50" : 498.98,
    "dma100" : null,
    "dma200" : 529.20,
    "volume" : 1953779.00
  }, {
    "date" : "2025-04-23",
    "price" : 525.65,
    "dma50" : 500.02,
    "dma100" : null,
    "dma200" : 529.17,
    "volume" : 1299611.00
  }, {
    "date" : "2025-04-24",
    "price" : 517.55,
    "dma50" : 500.71,
    "dma100" : null,
    "dma200" : 529.05,
    "volume" : 1323218.00
  }, {
    "date" : "2025-04-25",
    "price" : 511.20,
    "dma50" : 501.12,
    "dma100" : null,
    "dma200" : 528.87,
    "volume" : 2710094.00
  }, {
    "date" : "2025-04-28",
    "price" : 497.75,
    "dma50" : 500.99,
    "dma100" : null,
    "dma200" : 528.56,
    "volume" : 1411828.00
  }, {
    "date" : "2025-04-29",
    "price" : 493.90,
    "dma50" : 500.71,
    "dma100" : null,
    "dma200" : 528.22,
    "volume" : 1187754.00
  }, {
    "date" : "2025-04-30",
    "price" : 481.95,
    "dma50" : 499.98,
    "dma100" : null,
    "dma200" : 527.76,
    "volume" : 1043799.00
  }, {
    "date" : "2025-05-02",
    "price" : 493.40,
    "dma50" : 499.72,
    "dma100" : null,
    "dma200" : 527.42,
    "volume" : 2175244.00
  }, {
    "date" : "2025-05-05",
    "price" : 500.30,
    "dma50" : 499.74,
    "dma100" : null,
    "dma200" : 527.15,
    "volume" : 880447.00
  }, {
    "date" : "2025-05-06",
    "price" : 477.65,
    "dma50" : 498.88,
    "dma100" : null,
    "dma200" : 526.65,
    "volume" : 991020.00
  }, {
    "date" : "2025-05-07",
    "price" : 478.85,
    "dma50" : 498.09,
    "dma100" : null,
    "dma200" : 526.18,
    "volume" : 970408.00
  }, {
    "date" : "2025-05-08",
    "price" : 468.50,
    "dma50" : 496.93,
    "dma100" : null,
    "dma200" : 525.60,
    "volume" : 660026.00
  }, {
    "date" : "2025-05-09",
    "price" : 468.40,
    "dma50" : 495.81,
    "dma100" : null,
    "dma200" : 525.04,
    "volume" : 999999.00
  }, {
    "date" : "2025-05-12",
    "price" : 505.55,
    "dma50" : 496.19,
    "dma100" : null,
    "dma200" : 524.84,
    "volume" : 1384246.00
  }, {
    "date" : "2025-05-13",
    "price" : 506.55,
    "dma50" : 496.60,
    "dma100" : null,
    "dma200" : 524.66,
    "volume" : 708611.00
  }, {
    "date" : "2025-05-14",
    "price" : 569.05,
    "dma50" : 499.44,
    "dma100" : null,
    "dma200" : 525.10,
    "volume" : 21377598.00
  }, {
    "date" : "2025-05-15",
    "price" : 577.20,
    "dma50" : 502.49,
    "dma100" : null,
    "dma200" : 525.62,
    "volume" : 6714106.00
  }, {
    "date" : "2025-05-16",
    "price" : 568.75,
    "dma50" : 505.09,
    "dma100" : null,
    "dma200" : 526.05,
    "volume" : 2174524.00
  }, {
    "date" : "2025-05-19",
    "price" : 587.25,
    "dma50" : 508.31,
    "dma100" : null,
    "dma200" : 526.66,
    "volume" : 2774012.00
  }, {
    "date" : "2025-05-20",
    "price" : 572.60,
    "dma50" : 510.83,
    "dma100" : null,
    "dma200" : 527.11,
    "volume" : 1472702.00
  }, {
    "date" : "2025-05-21",
    "price" : 574.10,
    "dma50" : 513.31,
    "dma100" : null,
    "dma200" : 527.58,
    "volume" : 937593.00
  }, {
    "date" : "2025-05-22",
    "price" : 569.25,
    "dma50" : 515.51,
    "dma100" : null,
    "dma200" : 528.00,
    "volume" : 719604.00
  }, {
    "date" : "2025-05-23",
    "price" : 576.10,
    "dma50" : 517.88,
    "dma100" : null,
    "dma200" : 528.48,
    "volume" : 1826375.00
  }, {
    "date" : "2025-05-26",
    "price" : 555.25,
    "dma50" : 519.35,
    "dma100" : null,
    "dma200" : 528.74,
    "volume" : 3335107.00
  }, {
    "date" : "2025-05-27",
    "price" : 564.00,
    "dma50" : 521.10,
    "dma100" : null,
    "dma200" : 529.09,
    "volume" : 1221851.00
  }, {
    "date" : "2025-05-28",
    "price" : 569.45,
    "dma50" : 522.99,
    "dma100" : null,
    "dma200" : 529.49,
    "volume" : 1503059.00
  }, {
    "date" : "2025-05-29",
    "price" : 589.80,
    "dma50" : 525.61,
    "dma100" : null,
    "dma200" : 530.09,
    "volume" : 3536737.00
  }, {
    "date" : "2025-05-30",
    "price" : 600.30,
    "dma50" : 528.54,
    "dma100" : null,
    "dma200" : 530.79,
    "volume" : 2099466.00
  }, {
    "date" : "2025-06-02",
    "price" : 603.15,
    "dma50" : 531.47,
    "dma100" : null,
    "dma200" : 531.51,
    "volume" : 2264819.00
  }, {
    "date" : "2025-06-03",
    "price" : 593.20,
    "dma50" : 533.89,
    "dma100" : null,
    "dma200" : 532.13,
    "volume" : 1071280.00
  }, {
    "date" : "2025-06-04",
    "price" : 607.35,
    "dma50" : 536.77,
    "dma100" : null,
    "dma200" : 532.88,
    "volume" : 1748955.00
  }, {
    "date" : "2025-06-05",
    "price" : 610.35,
    "dma50" : 539.66,
    "dma100" : null,
    "dma200" : 533.65,
    "volume" : 1676018.00
  }, {
    "date" : "2025-06-06",
    "price" : 607.05,
    "dma50" : 542.30,
    "dma100" : null,
    "dma200" : 534.38,
    "volume" : 792489.00
  }, {
    "date" : "2025-06-09",
    "price" : 603.65,
    "dma50" : 544.71,
    "dma100" : null,
    "dma200" : 535.07,
    "volume" : 684674.00
  }, {
    "date" : "2025-06-10",
    "price" : 603.80,
    "dma50" : 547.02,
    "dma100" : null,
    "dma200" : 535.75,
    "volume" : 574625.00
  }, {
    "date" : "2025-06-11",
    "price" : 611.10,
    "dma50" : 549.54,
    "dma100" : null,
    "dma200" : 536.50,
    "volume" : 1948149.00
  }, {
    "date" : "2025-06-12",
    "price" : 601.20,
    "dma50" : 551.56,
    "dma100" : null,
    "dma200" : 537.14,
    "volume" : 921136.00
  }, {
    "date" : "2025-06-13",
    "price" : 589.40,
    "dma50" : 553.05,
    "dma100" : null,
    "dma200" : 537.66,
    "volume" : 954577.00
  }, {
    "date" : "2025-06-16",
    "price" : 605.60,
    "dma50" : 555.11,
    "dma100" : null,
    "dma200" : 538.34,
    "volume" : 3502845.00
  }, {
    "date" : "2025-06-17",
    "price" : 593.30,
    "dma50" : 556.60,
    "dma100" : null,
    "dma200" : 538.89,
    "volume" : 857038.00
  }, {
    "date" : "2025-06-18",
    "price" : 579.20,
    "dma50" : 557.49,
    "dma100" : null,
    "dma200" : 539.29,
    "volume" : 862402.00
  }, {
    "date" : "2025-06-19",
    "price" : 563.55,
    "dma50" : 557.73,
    "dma100" : null,
    "dma200" : 539.53,
    "volume" : 1013441.00
  }, {
    "date" : "2025-06-20",
    "price" : 578.40,
    "dma50" : 558.54,
    "dma100" : null,
    "dma200" : 539.92,
    "volume" : 1076331.00
  }, {
    "date" : "2025-06-23",
    "price" : 566.30,
    "dma50" : 558.84,
    "dma100" : null,
    "dma200" : 540.18,
    "volume" : 791030.00
  }, {
    "date" : "2025-06-24",
    "price" : 591.15,
    "dma50" : 560.11,
    "dma100" : 520.32,
    "dma200" : 540.69,
    "volume" : 3432976.00
  }, {
    "date" : "2025-06-25",
    "price" : 590.10,
    "dma50" : 561.29,
    "dma100" : 521.10,
    "dma200" : 541.18,
    "volume" : 657573.00
  }, {
    "date" : "2025-06-26",
    "price" : 585.45,
    "dma50" : 562.23,
    "dma100" : 521.50,
    "dma200" : 541.62,
    "volume" : 660287.00
  }, {
    "date" : "2025-06-27",
    "price" : 590.95,
    "dma50" : 563.36,
    "dma100" : 521.77,
    "dma200" : 542.11,
    "volume" : 931562.00
  }, {
    "date" : "2025-06-30",
    "price" : 592.90,
    "dma50" : 564.52,
    "dma100" : 521.73,
    "dma200" : 542.61,
    "volume" : 910069.00
  }, {
    "date" : "2025-07-01",
    "price" : 620.40,
    "dma50" : 566.71,
    "dma100" : 522.17,
    "dma200" : 543.39,
    "volume" : 25105553.00
  }, {
    "date" : "2025-07-02",
    "price" : 626.85,
    "dma50" : 569.07,
    "dma100" : 522.68,
    "dma200" : 544.22,
    "volume" : 2469960.00
  }, {
    "date" : "2025-07-03",
    "price" : 636.05,
    "dma50" : 571.69,
    "dma100" : 523.29,
    "dma200" : 545.13,
    "volume" : 3524470.00
  }, {
    "date" : "2025-07-04",
    "price" : 630.45,
    "dma50" : 574.00,
    "dma100" : 523.79,
    "dma200" : 545.98,
    "volume" : 1178812.00
  }, {
    "date" : "2025-07-07",
    "price" : 636.80,
    "dma50" : 576.46,
    "dma100" : 524.39,
    "dma200" : 546.88,
    "volume" : 1715260.00
  }, {
    "date" : "2025-07-08",
    "price" : 628.00,
    "dma50" : 578.48,
    "dma100" : 525.16,
    "dma200" : 547.69,
    "volume" : 781325.00
  }, {
    "date" : "2025-07-09",
    "price" : 619.45,
    "dma50" : 580.09,
    "dma100" : 526.07,
    "dma200" : 548.41,
    "volume" : 766980.00
  }, {
    "date" : "2025-07-10",
    "price" : 622.65,
    "dma50" : 581.76,
    "dma100" : 527.48,
    "dma200" : 549.14,
    "volume" : 1197789.00
  }, {
    "date" : "2025-07-11",
    "price" : 611.20,
    "dma50" : 582.91,
    "dma100" : 528.51,
    "dma200" : 549.76,
    "volume" : 889722.00
  }, {
    "date" : "2025-07-14",
    "price" : 599.75,
    "dma50" : 583.57,
    "dma100" : 529.58,
    "dma200" : 550.26,
    "volume" : 663627.00
  }, {
    "date" : "2025-07-15",
    "price" : 605.80,
    "dma50" : 584.44,
    "dma100" : 530.63,
    "dma200" : 550.81,
    "volume" : 608793.00
  }, {
    "date" : "2025-07-16",
    "price" : 606.05,
    "dma50" : 585.29,
    "dma100" : 531.92,
    "dma200" : 551.36,
    "volume" : 440510.00
  }, {
    "date" : "2025-07-17",
    "price" : 610.30,
    "dma50" : 586.27,
    "dma100" : 533.45,
    "dma200" : 551.95,
    "volume" : 660918.00
  }, {
    "date" : "2025-07-18",
    "price" : 602.35,
    "dma50" : 586.90,
    "dma100" : 534.58,
    "dma200" : 552.45,
    "volume" : 565328.00
  }, {
    "date" : "2025-07-21",
    "price" : 596.45,
    "dma50" : 587.28,
    "dma100" : 535.65,
    "dma200" : 552.89,
    "volume" : 562547.00
  }, {
    "date" : "2025-07-22",
    "price" : 593.00,
    "dma50" : 587.50,
    "dma100" : 536.79,
    "dma200" : 553.29,
    "volume" : 404623.00
  }, {
    "date" : "2025-07-23",
    "price" : 585.25,
    "dma50" : 587.41,
    "dma100" : 537.94,
    "dma200" : 553.60,
    "volume" : 635253.00
  }, {
    "date" : "2025-07-24",
    "price" : 588.25,
    "dma50" : 587.45,
    "dma100" : 539.19,
    "dma200" : 553.95,
    "volume" : 470752.00
  }, {
    "date" : "2025-07-25",
    "price" : 572.85,
    "dma50" : 586.87,
    "dma100" : 540.38,
    "dma200" : 554.14,
    "volume" : 662490.00
  }, {
    "date" : "2025-07-28",
    "price" : 559.00,
    "dma50" : 585.78,
    "dma100" : 541.64,
    "dma200" : 554.19,
    "volume" : 999337.00
  }, {
    "date" : "2025-07-29",
    "price" : 579.50,
    "dma50" : 585.53,
    "dma100" : 543.19,
    "dma200" : 554.44,
    "volume" : 734069.00
  }, {
    "date" : "2025-07-30",
    "price" : 582.20,
    "dma50" : 585.40,
    "dma100" : 544.63,
    "dma200" : 554.71,
    "volume" : 759216.00
  }, {
    "date" : "2025-07-31",
    "price" : 587.20,
    "dma50" : 585.47,
    "dma100" : 545.91,
    "dma200" : 555.04,
    "volume" : 785491.00
  }, {
    "date" : "2025-08-01",
    "price" : 599.85,
    "dma50" : 586.04,
    "dma100" : 547.38,
    "dma200" : 555.48,
    "volume" : 1387473.00
  }, {
    "date" : "2025-08-04",
    "price" : 610.00,
    "dma50" : 586.98,
    "dma100" : 548.92,
    "dma200" : 556.03,
    "volume" : 923363.00
  }, {
    "date" : "2025-08-05",
    "price" : 610.80,
    "dma50" : 587.91,
    "dma100" : 550.67,
    "dma200" : 556.57,
    "volume" : 877335.00
  }, {
    "date" : "2025-08-06",
    "price" : 602.50,
    "dma50" : 588.48,
    "dma100" : 552.32,
    "dma200" : 557.03,
    "volume" : 556067.00
  }, {
    "date" : "2025-08-07",
    "price" : 594.75,
    "dma50" : 588.73,
    "dma100" : 554.03,
    "dma200" : 557.40,
    "volume" : 566123.00
  }, {
    "date" : "2025-08-08",
    "price" : 599.80,
    "dma50" : 589.16,
    "dma100" : 555.88,
    "dma200" : 557.82,
    "volume" : 778146.00
  }, {
    "date" : "2025-08-11",
    "price" : 683.95,
    "dma50" : 592.88,
    "dma100" : 558.66,
    "dma200" : 559.08,
    "volume" : 36906306.00
  }, {
    "date" : "2025-08-12",
    "price" : 692.00,
    "dma50" : 596.77,
    "dma100" : 561.39,
    "dma200" : 560.40,
    "volume" : 19474901.00
  }, {
    "date" : "2025-08-13",
    "price" : 763.40,
    "dma50" : 603.30,
    "dma100" : 564.20,
    "dma200" : 562.42,
    "volume" : 17533324.00
  }, {
    "date" : "2025-08-14",
    "price" : 765.65,
    "dma50" : 609.67,
    "dma100" : 567.26,
    "dma200" : 564.44,
    "volume" : 18431497.00
  }, {
    "date" : "2025-08-18",
    "price" : 772.85,
    "dma50" : 616.07,
    "dma100" : 570.33,
    "dma200" : 566.52,
    "volume" : 5196975.00
  }, {
    "date" : "2025-08-19",
    "price" : 789.85,
    "dma50" : 622.88,
    "dma100" : 573.42,
    "dma200" : 568.74,
    "volume" : 3779137.00
  }, {
    "date" : "2025-08-20",
    "price" : 791.95,
    "dma50" : 629.51,
    "dma100" : 576.62,
    "dma200" : 570.96,
    "volume" : 3282988.00
  }, {
    "date" : "2025-08-21",
    "price" : 794.80,
    "dma50" : 636.00,
    "dma100" : 579.97,
    "dma200" : 573.19,
    "volume" : 1816806.00
  }, {
    "date" : "2025-08-22",
    "price" : 800.65,
    "dma50" : 642.45,
    "dma100" : 583.32,
    "dma200" : 575.45,
    "volume" : 2649509.00
  }, {
    "date" : "2025-08-25",
    "price" : 780.30,
    "dma50" : 647.86,
    "dma100" : 586.40,
    "dma200" : 577.49,
    "volume" : 1168508.00
  }, {
    "date" : "2025-08-26",
    "price" : 771.30,
    "dma50" : 652.70,
    "dma100" : 588.99,
    "dma200" : 579.42,
    "volume" : 1096461.00
  }, {
    "date" : "2025-08-28",
    "price" : 780.90,
    "dma50" : 657.73,
    "dma100" : 591.64,
    "dma200" : 581.42,
    "volume" : 2167596.00
  }, {
    "date" : "2025-08-29",
    "price" : 807.10,
    "dma50" : 663.58,
    "dma100" : 594.43,
    "dma200" : 583.67,
    "volume" : 9007984.00
  }, {
    "date" : "2025-09-01",
    "price" : 839.10,
    "dma50" : 670.47,
    "dma100" : 597.74,
    "dma200" : 586.21,
    "volume" : 5048237.00
  }, {
    "date" : "2025-09-02",
    "price" : 854.45,
    "dma50" : 677.68,
    "dma100" : 601.47,
    "dma200" : 588.88,
    "volume" : 2895159.00
  }, {
    "date" : "2025-09-03",
    "price" : 851.05,
    "dma50" : 684.48,
    "dma100" : 605.10,
    "dma200" : 591.49,
    "volume" : 2776303.00
  }, {
    "date" : "2025-09-04",
    "price" : 851.20,
    "dma50" : 691.02,
    "dma100" : 608.83,
    "dma200" : 594.07,
    "volume" : 1020473.00
  }, {
    "date" : "2025-09-05",
    "price" : 862.50,
    "dma50" : 697.74,
    "dma100" : 612.44,
    "dma200" : 596.74,
    "volume" : 1197880.00
  }, {
    "date" : "2025-09-08",
    "price" : 837.30,
    "dma50" : 703.22,
    "dma100" : 615.63,
    "dma200" : 599.14,
    "volume" : 1263502.00
  }, {
    "date" : "2025-09-09",
    "price" : 848.70,
    "dma50" : 708.92,
    "dma100" : 618.96,
    "dma200" : 601.62,
    "volume" : 918832.00
  }, {
    "date" : "2025-09-10",
    "price" : 867.15,
    "dma50" : 715.13,
    "dma100" : 622.46,
    "dma200" : 604.26,
    "volume" : 1364679.00
  }, {
    "date" : "2025-09-11",
    "price" : 853.30,
    "dma50" : 720.55,
    "dma100" : 625.76,
    "dma200" : 606.74,
    "volume" : 1077738.00
  }, {
    "date" : "2025-09-12",
    "price" : 873.30,
    "dma50" : 726.54,
    "dma100" : 629.18,
    "dma200" : 609.39,
    "volume" : 1039081.00
  }, {
    "date" : "2025-09-15",
    "price" : 909.45,
    "dma50" : 733.71,
    "dma100" : 633.02,
    "dma200" : 612.38,
    "volume" : 2365494.00
  }, {
    "date" : "2025-09-16",
    "price" : 886.95,
    "dma50" : 739.72,
    "dma100" : 636.71,
    "dma200" : 615.11,
    "volume" : 1283694.00
  }, {
    "date" : "2025-09-17",
    "price" : 878.20,
    "dma50" : 745.15,
    "dma100" : 640.38,
    "dma200" : 617.73,
    "volume" : 757650.00
  }, {
    "date" : "2025-09-18",
    "price" : 858.35,
    "dma50" : 749.59,
    "dma100" : 643.99,
    "dma200" : 620.12,
    "volume" : 1691669.00
  }, {
    "date" : "2025-09-19",
    "price" : 838.35,
    "dma50" : 753.07,
    "dma100" : 647.43,
    "dma200" : 622.29,
    "volume" : 1499971.00
  }, {
    "date" : "2025-09-22",
    "price" : 818.50,
    "dma50" : 755.63,
    "dma100" : 650.80,
    "dma200" : 624.25,
    "volume" : 1091144.00
  }, {
    "date" : "2025-09-23",
    "price" : 812.30,
    "dma50" : 757.86,
    "dma100" : 653.98,
    "dma200" : 626.12,
    "volume" : 1106482.00
  }, {
    "date" : "2025-09-24",
    "price" : 829.40,
    "dma50" : 760.66,
    "dma100" : 657.28,
    "dma200" : 628.14,
    "volume" : 914309.00
  }, {
    "date" : "2025-09-25",
    "price" : 820.05,
    "dma50" : 762.99,
    "dma100" : 660.70,
    "dma200" : 630.05,
    "volume" : 1165580.00
  }, {
    "date" : "2025-09-26",
    "price" : 835.65,
    "dma50" : 765.84,
    "dma100" : 664.27,
    "dma200" : 632.10,
    "volume" : 3349436.00
  }, {
    "date" : "2025-09-29",
    "price" : 810.70,
    "dma50" : 767.60,
    "dma100" : 667.69,
    "dma200" : 633.87,
    "volume" : 1389958.00
  }, {
    "date" : "2025-09-30",
    "price" : 813.60,
    "dma50" : 769.40,
    "dma100" : 671.14,
    "dma200" : 635.66,
    "volume" : 938397.00
  }, {
    "date" : "2025-10-01",
    "price" : 834.30,
    "dma50" : 771.95,
    "dma100" : 674.43,
    "dma200" : 637.64,
    "volume" : 1035263.00
  }, {
    "date" : "2025-10-03",
    "price" : 846.85,
    "dma50" : 774.89,
    "dma100" : 677.83,
    "dma200" : 639.72,
    "volume" : 819611.00
  }, {
    "date" : "2025-10-06",
    "price" : 859.65,
    "dma50" : 778.21,
    "dma100" : 680.74,
    "dma200" : 641.91,
    "volume" : 1764420.00
  }, {
    "date" : "2025-10-07",
    "price" : 871.15,
    "dma50" : 781.86,
    "dma100" : 683.68,
    "dma200" : 644.19,
    "volume" : 1153685.00
  }, {
    "date" : "2025-10-08",
    "price" : 889.00,
    "dma50" : 786.06,
    "dma100" : 686.88,
    "dma200" : 646.62,
    "volume" : 2013423.00
  }, {
    "date" : "2025-10-09",
    "price" : 875.50,
    "dma50" : 789.56,
    "dma100" : 689.76,
    "dma200" : 648.90,
    "volume" : 1304821.00
  }, {
    "date" : "2025-10-10",
    "price" : 882.50,
    "dma50" : 793.21,
    "dma100" : 692.86,
    "dma200" : 651.23,
    "volume" : 783206.00
  }, {
    "date" : "2025-10-13",
    "price" : 916.75,
    "dma50" : 798.05,
    "dma100" : 696.29,
    "dma200" : 653.87,
    "volume" : 4755407.00
  }, {
    "date" : "2025-10-14",
    "price" : 917.70,
    "dma50" : 802.75,
    "dma100" : 699.77,
    "dma200" : 656.49,
    "volume" : 3431872.00
  }, {
    "date" : "2025-10-15",
    "price" : 896.40,
    "dma50" : 806.42,
    "dma100" : 702.98,
    "dma200" : 658.88,
    "volume" : 1877448.00
  }, {
    "date" : "2025-10-16",
    "price" : 921.45,
    "dma50" : 810.93,
    "dma100" : 706.64,
    "dma200" : 661.49,
    "volume" : 1516863.00
  }, {
    "date" : "2025-10-17",
    "price" : 936.05,
    "dma50" : 815.84,
    "dma100" : 710.36,
    "dma200" : 664.22,
    "volume" : 4273720.00
  }, {
    "date" : "2025-10-20",
    "price" : 944.05,
    "dma50" : 820.86,
    "dma100" : 714.10,
    "dma200" : 667.01,
    "volume" : 1227263.00
  }, {
    "date" : "2025-10-21",
    "price" : 954.15,
    "dma50" : 826.09,
    "dma100" : 717.75,
    "dma200" : 669.87,
    "volume" : 410201.00
  }, {
    "date" : "2025-10-23",
    "price" : 924.90,
    "dma50" : 829.97,
    "dma100" : 720.99,
    "dma200" : 672.40,
    "volume" : 1027913.00
  }, {
    "date" : "2025-10-24",
    "price" : 931.70,
    "dma50" : 833.96,
    "dma100" : 724.28,
    "dma200" : 674.98,
    "volume" : 748984.00
  }, {
    "date" : "2025-10-27",
    "price" : 992.45,
    "dma50" : 840.17,
    "dma100" : 728.27,
    "dma200" : 678.14,
    "volume" : 6946378.00
  }, {
    "date" : "2025-10-28",
    "price" : 1001.70,
    "dma50" : 846.51,
    "dma100" : 732.21,
    "dma200" : 681.36,
    "volume" : 1719424.00
  }, {
    "date" : "2025-10-29",
    "price" : 1011.70,
    "dma50" : 852.98,
    "dma100" : 736.23,
    "dma200" : 684.65,
    "volume" : 1739336.00
  }, {
    "date" : "2025-10-30",
    "price" : 1002.75,
    "dma50" : 858.86,
    "dma100" : 740.18,
    "dma200" : 687.81,
    "volume" : 1249708.00
  }, {
    "date" : "2025-10-31",
    "price" : 1004.20,
    "dma50" : 864.56,
    "dma100" : 744.19,
    "dma200" : 690.96,
    "volume" : 911923.00
  }, {
    "date" : "2025-11-03",
    "price" : 988.40,
    "dma50" : 869.41,
    "dma100" : 748.04,
    "dma200" : 693.92,
    "volume" : 1129560.00
  }, {
    "date" : "2025-11-04",
    "price" : 994.90,
    "dma50" : 874.33,
    "dma100" : 751.87,
    "dma200" : 696.92,
    "volume" : 776585.00
  }, {
    "date" : "2025-11-06",
    "price" : 966.10,
    "dma50" : 877.93,
    "dma100" : 755.52,
    "dma200" : 699.60,
    "volume" : 1321589.00
  }, {
    "date" : "2025-11-07",
    "price" : 979.20,
    "dma50" : 881.90,
    "dma100" : 759.42,
    "dma200" : 702.38,
    "volume" : 1280449.00
  }, {
    "date" : "2025-11-10",
    "price" : 1098.80,
    "dma50" : 890.41,
    "dma100" : 764.35,
    "dma200" : 706.32,
    "volume" : 28949249.00
  }, {
    "date" : "2025-11-11",
    "price" : 994.20,
    "dma50" : 894.48,
    "dma100" : 768.36,
    "dma200" : 709.19,
    "volume" : 15462105.00
  }, {
    "date" : "2025-11-12",
    "price" : 975.10,
    "dma50" : 897.64,
    "dma100" : 772.32,
    "dma200" : 711.83,
    "volume" : 8103869.00
  }, {
    "date" : "2025-11-13",
    "price" : 964.80,
    "dma50" : 900.28,
    "dma100" : 776.33,
    "dma200" : 714.35,
    "volume" : 4281734.00
  }, {
    "date" : "2025-11-14",
    "price" : 1041.30,
    "dma50" : 905.81,
    "dma100" : 780.96,
    "dma200" : 717.60,
    "volume" : 15517736.00
  }, {
    "date" : "2025-11-17",
    "price" : 1038.40,
    "dma50" : 911.01,
    "dma100" : 785.68,
    "dma200" : 720.79,
    "volume" : 2634649.00
  }, {
    "date" : "2025-11-18",
    "price" : 1028.70,
    "dma50" : 915.62,
    "dma100" : 790.06,
    "dma200" : 723.86,
    "volume" : 1447886.00
  }, {
    "date" : "2025-11-19",
    "price" : 935.40,
    "dma50" : 916.40,
    "dma100" : 793.51,
    "dma200" : 725.96,
    "volume" : 7154933.00
  }, {
    "date" : "2025-11-20",
    "price" : 931.10,
    "dma50" : 916.97,
    "dma100" : 796.97,
    "dma200" : 728.00,
    "volume" : 3966576.00
  }, {
    "date" : "2025-11-21",
    "price" : 896.90,
    "dma50" : 916.19,
    "dma100" : 800.03,
    "dma200" : 729.69,
    "volume" : 4071680.00
  }, {
    "date" : "2025-11-24",
    "price" : 885.20,
    "dma50" : 914.97,
    "dma100" : 802.95,
    "dma200" : 731.23,
    "volume" : 2523226.00
  }, {
    "date" : "2025-11-25",
    "price" : 881.60,
    "dma50" : 913.66,
    "dma100" : 805.56,
    "dma200" : 732.73,
    "volume" : 2892323.00
  }, {
    "date" : "2025-11-26",
    "price" : 884.50,
    "dma50" : 912.52,
    "dma100" : 808.14,
    "dma200" : 734.24,
    "volume" : 1568156.00
  }, {
    "date" : "2025-11-27",
    "price" : 877.50,
    "dma50" : 911.15,
    "dma100" : 810.55,
    "dma200" : 735.66,
    "volume" : 1556261.00
  }, {
    "date" : "2025-11-28",
    "price" : 885.70,
    "dma50" : 910.15,
    "dma100" : 813.11,
    "dma200" : 737.16,
    "volume" : 1639777.00
  }, {
    "date" : "2025-12-01",
    "price" : 870.35,
    "dma50" : 908.59,
    "dma100" : 815.44,
    "dma200" : 738.48,
    "volume" : 1477483.00
  }, {
    "date" : "2025-12-02",
    "price" : 846.50,
    "dma50" : 906.15,
    "dma100" : 817.63,
    "dma200" : 739.56,
    "volume" : 1443425.00
  }, {
    "date" : "2025-12-03",
    "price" : 844.15,
    "dma50" : 903.72,
    "dma100" : 819.87,
    "dma200" : 740.60,
    "volume" : 1493320.00
  }, {
    "date" : "2025-12-04",
    "price" : 810.20,
    "dma50" : 900.05,
    "dma100" : 821.75,
    "dma200" : 741.29,
    "volume" : 2089915.00
  }, {
    "date" : "2025-12-05",
    "price" : 807.60,
    "dma50" : 896.43,
    "dma100" : 823.71,
    "dma200" : 741.95,
    "volume" : 2193381.00
  }, {
    "date" : "2025-12-08",
    "price" : 803.55,
    "dma50" : 892.79,
    "dma100" : 825.75,
    "dma200" : 742.56,
    "volume" : 1577772.00
  }, {
    "date" : "2025-12-09",
    "price" : 811.95,
    "dma50" : 889.62,
    "dma100" : 827.81,
    "dma200" : 743.25,
    "volume" : 1673148.00
  }, {
    "date" : "2025-12-10",
    "price" : 799.20,
    "dma50" : 886.07,
    "dma100" : 829.74,
    "dma200" : 743.81,
    "volume" : 1042445.00
  }, {
    "date" : "2025-12-11",
    "price" : 801.80,
    "dma50" : 882.76,
    "dma100" : 831.66,
    "dma200" : 744.39,
    "volume" : 876801.00
  }, {
    "date" : "2025-12-12",
    "price" : 811.75,
    "dma50" : 879.98,
    "dma100" : 833.75,
    "dma200" : 745.06,
    "volume" : 1068444.00
  }, {
    "date" : "2025-12-15",
    "price" : 816.35,
    "dma50" : 877.48,
    "dma100" : 835.95,
    "dma200" : 745.77,
    "volume" : 654918.00
  }, {
    "date" : "2025-12-16",
    "price" : 799.95,
    "dma50" : 874.44,
    "dma100" : 838.02,
    "dma200" : 746.31,
    "volume" : 622490.00
  }, {
    "date" : "2025-12-17",
    "price" : 762.80,
    "dma50" : 870.07,
    "dma100" : 839.80,
    "dma200" : 746.47,
    "volume" : 3118812.00
  }, {
    "date" : "2025-12-18",
    "price" : 818.85,
    "dma50" : 868.06,
    "dma100" : 842.10,
    "dma200" : 747.19,
    "volume" : 10683618.00
  }, {
    "date" : "2025-12-19",
    "price" : 845.45,
    "dma50" : 867.17,
    "dma100" : 844.83,
    "dma200" : 748.17,
    "volume" : 4829465.00
  }, {
    "date" : "2025-12-22",
    "price" : 849.60,
    "dma50" : 866.48,
    "dma100" : 847.74,
    "dma200" : 749.18,
    "volume" : 2196943.00
  }, {
    "date" : "2025-12-23",
    "price" : 875.75,
    "dma50" : 866.85,
    "dma100" : 850.70,
    "dma200" : 750.44,
    "volume" : 1988402.00
  }, {
    "date" : "2025-12-24",
    "price" : 881.60,
    "dma50" : 867.42,
    "dma100" : 853.69,
    "dma200" : 751.74,
    "volume" : 1577629.00
  }, {
    "date" : "2025-12-26",
    "price" : 897.50,
    "dma50" : 868.60,
    "dma100" : 856.80,
    "dma200" : 753.19,
    "volume" : 2579528.00
  }, {
    "date" : "2025-12-29",
    "price" : 924.35,
    "dma50" : 870.79,
    "dma100" : 860.04,
    "dma200" : 754.90,
    "volume" : 6427549.00
  }, {
    "date" : "2025-12-30",
    "price" : 933.15,
    "dma50" : 873.23,
    "dma100" : 863.27,
    "dma200" : 756.67,
    "volume" : 2132421.00
  }, {
    "date" : "2025-12-31",
    "price" : 926.60,
    "dma50" : 875.33,
    "dma100" : 866.43,
    "dma200" : 758.36,
    "volume" : 1299766.00
  }, {
    "date" : "2026-01-01",
    "price" : 919.30,
    "dma50" : 877.05,
    "dma100" : 869.60,
    "dma200" : 759.96,
    "volume" : 558012.00
  }, {
    "date" : "2026-01-02",
    "price" : 937.55,
    "dma50" : 879.42,
    "dma100" : 873.03,
    "dma200" : 761.73,
    "volume" : 1579234.00
  }, {
    "date" : "2026-01-05",
    "price" : 969.40,
    "dma50" : 882.95,
    "dma100" : 876.72,
    "dma200" : 763.79,
    "volume" : 3621131.00
  }, {
    "date" : "2026-01-06",
    "price" : 948.65,
    "dma50" : 885.53,
    "dma100" : 879.37,
    "dma200" : 765.63,
    "volume" : 1106374.00
  }, {
    "date" : "2026-01-07",
    "price" : 956.90,
    "dma50" : 888.33,
    "dma100" : 882.02,
    "dma200" : 767.54,
    "volume" : 949655.00
  }, {
    "date" : "2026-01-08",
    "price" : 911.10,
    "dma50" : 889.22,
    "dma100" : 883.49,
    "dma200" : 768.97,
    "volume" : 1597084.00
  }, {
    "date" : "2026-01-09",
    "price" : 878.25,
    "dma50" : 888.79,
    "dma100" : 884.62,
    "dma200" : 770.05,
    "volume" : 1830582.00
  }, {
    "date" : "2026-01-12",
    "price" : 861.15,
    "dma50" : 887.71,
    "dma100" : 885.50,
    "dma200" : 770.96,
    "volume" : 2167618.00
  }, {
    "date" : "2026-01-13",
    "price" : 846.05,
    "dma50" : 886.07,
    "dma100" : 886.07,
    "dma200" : 771.71,
    "volume" : 1287346.00
  }, {
    "date" : "2026-01-14",
    "price" : 878.25,
    "dma50" : 885.77,
    "dma100" : 886.93,
    "dma200" : 772.77,
    "volume" : 2502416.00
  }, {
    "date" : "2026-01-16",
    "price" : 796.05,
    "dma50" : 882.25,
    "dma100" : 886.94,
    "dma200" : 773.00,
    "volume" : 13147443.00
  }, {
    "date" : "2026-01-19",
    "price" : 756.30,
    "dma50" : 877.31,
    "dma100" : 886.50,
    "dma200" : 772.83,
    "volume" : 3184263.00
  }, {
    "date" : "2026-01-20",
    "price" : 705.15,
    "dma50" : 870.56,
    "dma100" : 885.75,
    "dma200" : 772.16,
    "volume" : 4174692.00
  }, {
    "date" : "2026-01-21",
    "price" : 705.20,
    "dma50" : 864.07,
    "dma100" : 885.09,
    "dma200" : 771.49,
    "volume" : 5549187.00
  }, {
    "date" : "2026-01-22",
    "price" : 726.60,
    "dma50" : 858.68,
    "dma100" : 884.54,
    "dma200" : 771.05,
    "volume" : 1995248.00
  }, {
    "date" : "2026-01-23",
    "price" : 706.10,
    "dma50" : 852.70,
    "dma100" : 883.53,
    "dma200" : 770.40,
    "volume" : 1298099.00
  } ],
  "latestTechnicalAttributes" : {
    "date" : "2026-01-23",
    "price" : 706.10,
    "dma50" : 852.70,
    "dma100" : 883.53,
    "dma200" : 770.40,
    "volume" : 1298099.00
  },
  "quarterlyResults" : [ {
    "date" : "2005-03-31",
    "sales" : 86.95,
    "salesGrowthYoY" : null,
    "grossProfitMargin" : 34.68,
    "grossProfit" : 30.15,
    "operatingProfitMargin" : 12.44,
    "operatingProfit" : 10.82,
    "netProfitMargin" : 7.57,
    "netProfit" : 6.58
  }, {
    "date" : "2005-06-30",
    "sales" : 74.68,
    "salesGrowthYoY" : null,
    "grossProfitMargin" : 38.28,
    "grossProfit" : 28.59,
    "operatingProfitMargin" : 12.90,
    "operatingProfit" : 9.63,
    "netProfitMargin" : 4.94,
    "netProfit" : 3.69
  }, {
    "date" : "2005-09-30",
    "sales" : 77.31,
    "salesGrowthYoY" : null,
    "grossProfitMargin" : 40.75,
    "grossProfit" : 31.50,
    "operatingProfitMargin" : 16.27,
    "operatingProfit" : 12.58,
    "netProfitMargin" : 5.01,
    "netProfit" : 3.87
  }, {
    "date" : "2005-12-31",
    "sales" : 100.22,
    "salesGrowthYoY" : null,
    "grossProfitMargin" : 40.73,
    "grossProfit" : 40.82,
    "operatingProfitMargin" : 16.86,
    "operatingProfit" : 16.90,
    "netProfitMargin" : 8.79,
    "netProfit" : 8.81
  }, {
    "date" : "2006-03-31",
    "sales" : 115.77,
    "salesGrowthYoY" : 33.15,
    "grossProfitMargin" : 36.88,
    "grossProfit" : 42.70,
    "operatingProfitMargin" : 14.17,
    "operatingProfit" : 16.40,
    "netProfitMargin" : 8.53,
    "netProfit" : 9.88
  }, {
    "date" : "2006-06-30",
    "sales" : 105.45,
    "salesGrowthYoY" : 41.20,
    "grossProfitMargin" : 36.79,
    "grossProfit" : 38.80,
    "operatingProfitMargin" : 14.88,
    "operatingProfit" : 15.69,
    "netProfitMargin" : 6.34,
    "netProfit" : 6.69
  }, {
    "date" : "2006-09-30",
    "sales" : 117.66,
    "salesGrowthYoY" : 52.19,
    "grossProfitMargin" : 38.60,
    "grossProfit" : 45.42,
    "operatingProfitMargin" : 15.42,
    "operatingProfit" : 18.14,
    "netProfitMargin" : 6.12,
    "netProfit" : 7.20
  }, {
    "date" : "2006-12-31",
    "sales" : 121.57,
    "salesGrowthYoY" : 21.30,
    "grossProfitMargin" : 36.43,
    "grossProfit" : 44.29,
    "operatingProfitMargin" : 15.04,
    "operatingProfit" : 18.28,
    "netProfitMargin" : 5.96,
    "netProfit" : 7.25
  }, {
    "date" : "2007-03-31",
    "sales" : 167.17,
    "salesGrowthYoY" : 44.40,
    "grossProfitMargin" : 31.79,
    "grossProfit" : 53.14,
    "operatingProfitMargin" : 12.28,
    "operatingProfit" : 20.53,
    "netProfitMargin" : 6.54,
    "netProfit" : 10.93
  }, {
    "date" : "2007-06-30",
    "sales" : 138.82,
    "salesGrowthYoY" : 31.65,
    "grossProfitMargin" : 35.24,
    "grossProfit" : 48.92,
    "operatingProfitMargin" : 12.95,
    "operatingProfit" : 17.98,
    "netProfitMargin" : 4.42,
    "netProfit" : 6.14
  }, {
    "date" : "2007-09-30",
    "sales" : 260.73,
    "salesGrowthYoY" : 121.60,
    "grossProfitMargin" : 27.90,
    "grossProfit" : 72.74,
    "operatingProfitMargin" : 10.72,
    "operatingProfit" : 27.95,
    "netProfitMargin" : 4.60,
    "netProfit" : 11.99
  }, {
    "date" : "2007-12-31",
    "sales" : 286.28,
    "salesGrowthYoY" : 135.49,
    "grossProfitMargin" : 35.57,
    "grossProfit" : 101.83,
    "operatingProfitMargin" : 18.75,
    "operatingProfit" : 53.68,
    "netProfitMargin" : 9.24,
    "netProfit" : 26.45
  }, {
    "date" : "2008-03-31",
    "sales" : 286.93,
    "salesGrowthYoY" : 71.64,
    "grossProfitMargin" : 37.30,
    "grossProfit" : 107.02,
    "operatingProfitMargin" : 19.24,
    "operatingProfit" : 55.21,
    "netProfitMargin" : 8.21,
    "netProfit" : 23.56
  }, {
    "date" : "2008-06-30",
    "sales" : 316.74,
    "salesGrowthYoY" : 128.17,
    "grossProfitMargin" : 37.77,
    "grossProfit" : 119.63,
    "operatingProfitMargin" : 21.22,
    "operatingProfit" : 67.21,
    "netProfitMargin" : 10.99,
    "netProfit" : 34.81
  }, {
    "date" : "2008-09-30",
    "sales" : 342.81,
    "salesGrowthYoY" : 31.48,
    "grossProfitMargin" : 31.38,
    "grossProfit" : 107.57,
    "operatingProfitMargin" : 13.85,
    "operatingProfit" : 47.48,
    "netProfitMargin" : 6.30,
    "netProfit" : 21.60
  }, {
    "date" : "2008-12-31",
    "sales" : 299.97,
    "salesGrowthYoY" : 4.78,
    "grossProfitMargin" : 32.83,
    "grossProfit" : 98.48,
    "operatingProfitMargin" : 14.44,
    "operatingProfit" : 43.32,
    "netProfitMargin" : 5.58,
    "netProfit" : 16.74
  }, {
    "date" : "2009-03-31",
    "sales" : 284.38,
    "salesGrowthYoY" : -0.89,
    "grossProfitMargin" : 34.44,
    "grossProfit" : 97.94,
    "operatingProfitMargin" : 14.68,
    "operatingProfit" : 41.75,
    "netProfitMargin" : 6.74,
    "netProfit" : 19.17
  }, {
    "date" : "2009-06-30",
    "sales" : 261.10,
    "salesGrowthYoY" : -17.57,
    "grossProfitMargin" : 43.23,
    "grossProfit" : 112.87,
    "operatingProfitMargin" : 19.66,
    "operatingProfit" : 51.33,
    "netProfitMargin" : 10.10,
    "netProfit" : 26.37
  }, {
    "date" : "2009-09-30",
    "sales" : 301.31,
    "salesGrowthYoY" : -12.11,
    "grossProfitMargin" : 44.27,
    "grossProfit" : 133.39,
    "operatingProfitMargin" : 22.14,
    "operatingProfit" : 66.71,
    "netProfitMargin" : 10.28,
    "netProfit" : 30.97
  }, {
    "date" : "2009-12-31",
    "sales" : 247.27,
    "salesGrowthYoY" : -17.57,
    "grossProfitMargin" : 43.63,
    "grossProfit" : 107.88,
    "operatingProfitMargin" : 17.66,
    "operatingProfit" : 43.67,
    "netProfitMargin" : 8.89,
    "netProfit" : 21.98
  }, {
    "date" : "2010-03-31",
    "sales" : 299.83,
    "salesGrowthYoY" : 5.43,
    "grossProfitMargin" : 38.50,
    "grossProfit" : 115.43,
    "operatingProfitMargin" : 14.03,
    "operatingProfit" : 42.07,
    "netProfitMargin" : 7.03,
    "netProfit" : 21.08
  }, {
    "date" : "2010-06-30",
    "sales" : 241.55,
    "salesGrowthYoY" : -7.49,
    "grossProfitMargin" : 40.31,
    "grossProfit" : 97.37,
    "operatingProfitMargin" : 11.14,
    "operatingProfit" : 26.91,
    "netProfitMargin" : 2.94,
    "netProfit" : 7.10
  }, {
    "date" : "2010-09-30",
    "sales" : 258.13,
    "salesGrowthYoY" : -14.33,
    "grossProfitMargin" : 35.35,
    "grossProfit" : 91.25,
    "operatingProfitMargin" : 7.88,
    "operatingProfit" : 20.34,
    "netProfitMargin" : 1.01,
    "netProfit" : 2.61
  }, {
    "date" : "2010-12-31",
    "sales" : 223.37,
    "salesGrowthYoY" : -9.67,
    "grossProfitMargin" : 28.07,
    "grossProfit" : 62.70,
    "operatingProfitMargin" : -2.36,
    "operatingProfit" : -5.27,
    "netProfitMargin" : -11.07,
    "netProfit" : -24.73
  }, {
    "date" : "2011-03-31",
    "sales" : 270.70,
    "salesGrowthYoY" : -9.72,
    "grossProfitMargin" : 46.31,
    "grossProfit" : 125.36,
    "operatingProfitMargin" : 6.00,
    "operatingProfit" : 16.24,
    "netProfitMargin" : 5.83,
    "netProfit" : 15.78
  }, {
    "date" : "2011-06-30",
    "sales" : 204.42,
    "salesGrowthYoY" : -15.37,
    "grossProfitMargin" : 42.05,
    "grossProfit" : 85.96,
    "operatingProfitMargin" : 7.77,
    "operatingProfit" : 15.88,
    "netProfitMargin" : -5.12,
    "netProfit" : -10.47
  }, {
    "date" : "2011-09-30",
    "sales" : 311.06,
    "salesGrowthYoY" : 20.51,
    "grossProfitMargin" : 38.38,
    "grossProfit" : 119.38,
    "operatingProfitMargin" : 13.21,
    "operatingProfit" : 41.09,
    "netProfitMargin" : 3.73,
    "netProfit" : 11.60
  }, {
    "date" : "2011-12-31",
    "sales" : 250.52,
    "salesGrowthYoY" : 12.15,
    "grossProfitMargin" : 47.62,
    "grossProfit" : 119.30,
    "operatingProfitMargin" : 15.24,
    "operatingProfit" : 38.18,
    "netProfitMargin" : 1.98,
    "netProfit" : 4.96
  }, {
    "date" : "2012-03-31",
    "sales" : 337.83,
    "salesGrowthYoY" : 24.80,
    "grossProfitMargin" : 41.08,
    "grossProfit" : 138.78,
    "operatingProfitMargin" : 12.76,
    "operatingProfit" : 43.11,
    "netProfitMargin" : 1.70,
    "netProfit" : 5.74
  }, {
    "date" : "2012-06-30",
    "sales" : 287.30,
    "salesGrowthYoY" : 40.54,
    "grossProfitMargin" : 45.02,
    "grossProfit" : 129.34,
    "operatingProfitMargin" : 11.84,
    "operatingProfit" : 34.02,
    "netProfitMargin" : 0.08,
    "netProfit" : 0.23
  }, {
    "date" : "2012-09-30",
    "sales" : 319.79,
    "salesGrowthYoY" : 2.81,
    "grossProfitMargin" : 41.83,
    "grossProfit" : 133.77,
    "operatingProfitMargin" : 9.32,
    "operatingProfit" : 29.80,
    "netProfitMargin" : -0.81,
    "netProfit" : -2.59
  }, {
    "date" : "2012-12-31",
    "sales" : 287.58,
    "salesGrowthYoY" : 14.79,
    "grossProfitMargin" : 43.01,
    "grossProfit" : 123.69,
    "operatingProfitMargin" : 11.17,
    "operatingProfit" : 32.12,
    "netProfitMargin" : 1.21,
    "netProfit" : 3.48
  }, {
    "date" : "2013-03-31",
    "sales" : 302.75,
    "salesGrowthYoY" : -10.38,
    "grossProfitMargin" : 46.86,
    "grossProfit" : 141.87,
    "operatingProfitMargin" : 15.18,
    "operatingProfit" : 45.96,
    "netProfitMargin" : 4.56,
    "netProfit" : 13.81
  }, {
    "date" : "2013-06-30",
    "sales" : 314.66,
    "salesGrowthYoY" : 9.52,
    "grossProfitMargin" : 41.25,
    "grossProfit" : 129.80,
    "operatingProfitMargin" : 10.62,
    "operatingProfit" : 33.42,
    "netProfitMargin" : 1.35,
    "netProfit" : 4.25
  }, {
    "date" : "2013-09-30",
    "sales" : 300.68,
    "salesGrowthYoY" : -5.98,
    "grossProfitMargin" : 41.39,
    "grossProfit" : 124.45,
    "operatingProfitMargin" : 9.06,
    "operatingProfit" : 27.24,
    "netProfitMargin" : 0.19,
    "netProfit" : 0.57
  }, {
    "date" : "2013-12-31",
    "sales" : 345.29,
    "salesGrowthYoY" : 20.07,
    "grossProfitMargin" : 37.95,
    "grossProfit" : 131.04,
    "operatingProfitMargin" : 8.78,
    "operatingProfit" : 30.32,
    "netProfitMargin" : 0.76,
    "netProfit" : 2.62
  }, {
    "date" : "2014-03-31",
    "sales" : 320.16,
    "salesGrowthYoY" : 5.75,
    "grossProfitMargin" : 33.69,
    "grossProfit" : 107.86,
    "operatingProfitMargin" : 2.75,
    "operatingProfit" : 8.80,
    "netProfitMargin" : -3.38,
    "netProfit" : -10.82
  }, {
    "date" : "2014-06-30",
    "sales" : 285.57,
    "salesGrowthYoY" : -9.24,
    "grossProfitMargin" : 35.69,
    "grossProfit" : 101.92,
    "operatingProfitMargin" : 4.84,
    "operatingProfit" : 13.82,
    "netProfitMargin" : -4.48,
    "netProfit" : -12.79
  }, {
    "date" : "2014-09-30",
    "sales" : 377.64,
    "salesGrowthYoY" : 25.60,
    "grossProfitMargin" : 34.01,
    "grossProfit" : 128.44,
    "operatingProfitMargin" : 10.35,
    "operatingProfit" : 39.09,
    "netProfitMargin" : 2.34,
    "netProfit" : 8.84
  }, {
    "date" : "2014-12-31",
    "sales" : 321.84,
    "salesGrowthYoY" : -6.79,
    "grossProfitMargin" : 43.10,
    "grossProfit" : 138.71,
    "operatingProfitMargin" : 14.78,
    "operatingProfit" : 47.57,
    "netProfitMargin" : 6.01,
    "netProfit" : 19.34
  }, {
    "date" : "2015-03-31",
    "sales" : 345.01,
    "salesGrowthYoY" : 7.76,
    "grossProfitMargin" : 40.67,
    "grossProfit" : 140.32,
    "operatingProfitMargin" : 13.03,
    "operatingProfit" : 44.95,
    "netProfitMargin" : 3.19,
    "netProfit" : 11.01
  }, {
    "date" : "2015-06-30",
    "sales" : 337.66,
    "salesGrowthYoY" : 18.24,
    "grossProfitMargin" : 37.49,
    "grossProfit" : 126.59,
    "operatingProfitMargin" : 11.43,
    "operatingProfit" : 38.59,
    "netProfitMargin" : 1.68,
    "netProfit" : 5.67
  }, {
    "date" : "2015-09-30",
    "sales" : 343.99,
    "salesGrowthYoY" : -8.91,
    "grossProfitMargin" : 36.96,
    "grossProfit" : 127.14,
    "operatingProfitMargin" : 9.87,
    "operatingProfit" : 33.95,
    "netProfitMargin" : 1.67,
    "netProfit" : 5.74
  }, {
    "date" : "2015-12-31",
    "sales" : 367.31,
    "salesGrowthYoY" : 14.13,
    "grossProfitMargin" : 33.72,
    "grossProfit" : 123.86,
    "operatingProfitMargin" : 9.02,
    "operatingProfit" : 33.13,
    "netProfitMargin" : 0.71,
    "netProfit" : 2.61
  }, {
    "date" : "2016-03-31",
    "sales" : 346.75,
    "salesGrowthYoY" : 0.50,
    "grossProfitMargin" : 39.08,
    "grossProfit" : 135.51,
    "operatingProfitMargin" : 8.52,
    "operatingProfit" : 29.54,
    "netProfitMargin" : -1.10,
    "netProfit" : -3.81
  }, {
    "date" : "2016-06-30",
    "sales" : 311.09,
    "salesGrowthYoY" : -7.87,
    "grossProfitMargin" : 38.73,
    "grossProfit" : 120.49,
    "operatingProfitMargin" : 10.21,
    "operatingProfit" : 31.76,
    "netProfitMargin" : 1.87,
    "netProfit" : 5.82
  }, {
    "date" : "2016-09-30",
    "sales" : 347.36,
    "salesGrowthYoY" : 0.98,
    "grossProfitMargin" : 38.99,
    "grossProfit" : 135.44,
    "operatingProfitMargin" : 10.19,
    "operatingProfit" : 35.40,
    "netProfitMargin" : 2.89,
    "netProfit" : 10.04
  }, {
    "date" : "2016-12-31",
    "sales" : 349.60,
    "salesGrowthYoY" : -4.82,
    "grossProfitMargin" : 38.56,
    "grossProfit" : 134.81,
    "operatingProfitMargin" : 9.78,
    "operatingProfit" : 34.19,
    "netProfitMargin" : 2.69,
    "netProfit" : 9.40
  }, {
    "date" : "2017-03-31",
    "sales" : 399.17,
    "salesGrowthYoY" : 15.12,
    "grossProfitMargin" : 33.35,
    "grossProfit" : 133.12,
    "operatingProfitMargin" : 7.18,
    "operatingProfit" : 28.66,
    "netProfitMargin" : 3.06,
    "netProfit" : 12.21
  }, {
    "date" : "2017-06-30",
    "sales" : 322.40,
    "salesGrowthYoY" : 3.64,
    "grossProfitMargin" : 38.73,
    "grossProfit" : 124.87,
    "operatingProfitMargin" : 9.04,
    "operatingProfit" : 29.14,
    "netProfitMargin" : 2.22,
    "netProfit" : 7.16
  }, {
    "date" : "2017-09-30",
    "sales" : 442.07,
    "salesGrowthYoY" : 27.27,
    "grossProfitMargin" : 33.05,
    "grossProfit" : 146.10,
    "operatingProfitMargin" : 8.60,
    "operatingProfit" : 38.02,
    "netProfitMargin" : 2.80,
    "netProfit" : 12.38
  }, {
    "date" : "2017-12-31",
    "sales" : 413.99,
    "salesGrowthYoY" : 18.42,
    "grossProfitMargin" : 34.03,
    "grossProfit" : 140.88,
    "operatingProfitMargin" : 8.89,
    "operatingProfit" : 36.80,
    "netProfitMargin" : 2.14,
    "netProfit" : 8.86
  }, {
    "date" : "2018-03-31",
    "sales" : 414.47,
    "salesGrowthYoY" : 3.83,
    "grossProfitMargin" : 28.76,
    "grossProfit" : 119.20,
    "operatingProfitMargin" : 5.28,
    "operatingProfit" : 21.88,
    "netProfitMargin" : 1.47,
    "netProfit" : 6.09
  }, {
    "date" : "2018-06-30",
    "sales" : 304.18,
    "salesGrowthYoY" : -5.65,
    "grossProfitMargin" : 36.45,
    "grossProfit" : 110.87,
    "operatingProfitMargin" : 7.27,
    "operatingProfit" : 22.11,
    "netProfitMargin" : 1.57,
    "netProfit" : 4.78
  }, {
    "date" : "2018-09-30",
    "sales" : 327.50,
    "salesGrowthYoY" : -25.92,
    "grossProfitMargin" : 32.66,
    "grossProfit" : 106.96,
    "operatingProfitMargin" : 5.26,
    "operatingProfit" : 17.23,
    "netProfitMargin" : 0.96,
    "netProfit" : 3.14
  }, {
    "date" : "2018-12-31",
    "sales" : 315.20,
    "salesGrowthYoY" : -23.86,
    "grossProfitMargin" : 38.45,
    "grossProfit" : 121.19,
    "operatingProfitMargin" : 10.04,
    "operatingProfit" : 31.65,
    "netProfitMargin" : 2.41,
    "netProfit" : 7.60
  }, {
    "date" : "2019-03-31",
    "sales" : 313.14,
    "salesGrowthYoY" : -24.45,
    "grossProfitMargin" : 32.72,
    "grossProfit" : 102.46,
    "operatingProfitMargin" : 7.43,
    "operatingProfit" : 23.27,
    "netProfitMargin" : 1.84,
    "netProfit" : 5.76
  }, {
    "date" : "2019-06-30",
    "sales" : 259.53,
    "salesGrowthYoY" : -14.68,
    "grossProfitMargin" : 36.40,
    "grossProfit" : 94.47,
    "operatingProfitMargin" : 7.29,
    "operatingProfit" : 18.92,
    "netProfitMargin" : 1.25,
    "netProfit" : 3.24
  }, {
    "date" : "2019-09-30",
    "sales" : 302.19,
    "salesGrowthYoY" : -7.73,
    "grossProfitMargin" : 33.47,
    "grossProfit" : 101.14,
    "operatingProfitMargin" : 6.52,
    "operatingProfit" : 19.70,
    "netProfitMargin" : 1.73,
    "netProfit" : 5.23
  }, {
    "date" : "2019-12-31",
    "sales" : 258.15,
    "salesGrowthYoY" : -18.10,
    "grossProfitMargin" : 38.74,
    "grossProfit" : 100.01,
    "operatingProfitMargin" : 7.23,
    "operatingProfit" : 18.66,
    "netProfitMargin" : 1.75,
    "netProfit" : 4.52
  }, {
    "date" : "2020-03-31",
    "sales" : 257.23,
    "salesGrowthYoY" : -17.85,
    "grossProfitMargin" : 39.14,
    "grossProfit" : 100.68,
    "operatingProfitMargin" : 8.22,
    "operatingProfit" : 21.14,
    "netProfitMargin" : 3.28,
    "netProfit" : 8.44
  }, {
    "date" : "2020-06-30",
    "sales" : 119.56,
    "salesGrowthYoY" : -53.93,
    "grossProfitMargin" : 36.98,
    "grossProfit" : 44.21,
    "operatingProfitMargin" : -2.20,
    "operatingProfit" : -2.63,
    "netProfitMargin" : -11.90,
    "netProfit" : -14.23
  }, {
    "date" : "2020-09-30",
    "sales" : 254.90,
    "salesGrowthYoY" : -15.65,
    "grossProfitMargin" : 38.31,
    "grossProfit" : 97.65,
    "operatingProfitMargin" : 9.72,
    "operatingProfit" : 24.78,
    "netProfitMargin" : 4.03,
    "netProfit" : 10.27
  }, {
    "date" : "2020-12-31",
    "sales" : 233.38,
    "salesGrowthYoY" : -9.60,
    "grossProfitMargin" : 40.63,
    "grossProfit" : 94.82,
    "operatingProfitMargin" : 8.96,
    "operatingProfit" : 20.91,
    "netProfitMargin" : 3.76,
    "netProfit" : 8.78
  }, {
    "date" : "2021-03-31",
    "sales" : 301.10,
    "salesGrowthYoY" : 17.05,
    "grossProfitMargin" : 36.05,
    "grossProfit" : 108.55,
    "operatingProfitMargin" : 8.37,
    "operatingProfit" : 25.20,
    "netProfitMargin" : 4.66,
    "netProfit" : 14.03
  }, {
    "date" : "2021-06-30",
    "sales" : 222.19,
    "salesGrowthYoY" : 85.84,
    "grossProfitMargin" : 38.12,
    "grossProfit" : 84.70,
    "operatingProfitMargin" : 5.52,
    "operatingProfit" : 12.26,
    "netProfitMargin" : 1.72,
    "netProfit" : 3.82
  }, {
    "date" : "2021-09-30",
    "sales" : 278.70,
    "salesGrowthYoY" : 9.34,
    "grossProfitMargin" : 38.27,
    "grossProfit" : 106.66,
    "operatingProfitMargin" : 8.46,
    "operatingProfit" : 23.58,
    "netProfitMargin" : 5.59,
    "netProfit" : 15.58
  }, {
    "date" : "2021-12-31",
    "sales" : 344.04,
    "salesGrowthYoY" : 47.42,
    "grossProfitMargin" : 39.03,
    "grossProfit" : 134.28,
    "operatingProfitMargin" : 13.03,
    "operatingProfit" : 44.83,
    "netProfitMargin" : 7.21,
    "netProfit" : 24.81
  }, {
    "date" : "2022-03-31",
    "sales" : 376.57,
    "salesGrowthYoY" : 25.06,
    "grossProfitMargin" : 38.96,
    "grossProfit" : 146.71,
    "operatingProfitMargin" : 14.45,
    "operatingProfit" : 54.41,
    "netProfitMargin" : 9.35,
    "netProfit" : 35.21
  }, {
    "date" : "2022-06-30",
    "sales" : 314.65,
    "salesGrowthYoY" : 41.61,
    "grossProfitMargin" : 37.98,
    "grossProfit" : 119.50,
    "operatingProfitMargin" : 10.89,
    "operatingProfit" : 34.27,
    "netProfitMargin" : 6.12,
    "netProfit" : 19.26
  }, {
    "date" : "2022-09-30",
    "sales" : 308.29,
    "salesGrowthYoY" : 10.62,
    "grossProfitMargin" : 39.95,
    "grossProfit" : 123.16,
    "operatingProfitMargin" : 10.47,
    "operatingProfit" : 32.28,
    "netProfitMargin" : 5.73,
    "netProfit" : 17.67
  }, {
    "date" : "2022-12-31",
    "sales" : 329.00,
    "salesGrowthYoY" : -4.37,
    "grossProfitMargin" : 39.67,
    "grossProfit" : 130.51,
    "operatingProfitMargin" : 11.51,
    "operatingProfit" : 37.87,
    "netProfitMargin" : 6.73,
    "netProfit" : 22.14
  }, {
    "date" : "2023-03-31",
    "sales" : 397.81,
    "salesGrowthYoY" : 5.64,
    "grossProfitMargin" : 37.70,
    "grossProfit" : 149.97,
    "operatingProfitMargin" : 10.88,
    "operatingProfit" : 43.28,
    "netProfitMargin" : 8.98,
    "netProfit" : 35.72
  }, {
    "date" : "2023-06-30",
    "sales" : 458.40,
    "salesGrowthYoY" : 45.69,
    "grossProfitMargin" : 44.83,
    "grossProfit" : 205.50,
    "operatingProfitMargin" : 16.29,
    "operatingProfit" : 74.67,
    "netProfitMargin" : 10.59,
    "netProfit" : 48.54
  }, {
    "date" : "2023-09-30",
    "sales" : 551.31,
    "salesGrowthYoY" : 78.83,
    "grossProfitMargin" : 47.86,
    "grossProfit" : 263.86,
    "operatingProfitMargin" : 18.33,
    "operatingProfit" : 101.06,
    "netProfitMargin" : 12.45,
    "netProfit" : 68.64
  }, {
    "date" : "2023-12-31",
    "sales" : 594.60,
    "salesGrowthYoY" : 80.73,
    "grossProfitMargin" : 47.26,
    "grossProfit" : 281.01,
    "operatingProfitMargin" : 18.74,
    "operatingProfit" : 111.43,
    "netProfitMargin" : 13.15,
    "netProfit" : 78.19
  }, {
    "date" : "2024-03-31",
    "sales" : 604.28,
    "salesGrowthYoY" : 51.90,
    "grossProfitMargin" : 52.14,
    "grossProfit" : 315.07,
    "operatingProfitMargin" : 21.73,
    "operatingProfit" : 131.31,
    "netProfitMargin" : 14.68,
    "netProfit" : 88.71
  }, {
    "date" : "2024-06-30",
    "sales" : 511.23,
    "salesGrowthYoY" : 11.52,
    "grossProfitMargin" : 50.11,
    "grossProfit" : 256.18,
    "operatingProfitMargin" : 21.12,
    "operatingProfit" : 107.97,
    "netProfitMargin" : 14.59,
    "netProfit" : 74.59
  }, {
    "date" : "2024-09-30",
    "sales" : 520.48,
    "salesGrowthYoY" : -5.59,
    "grossProfitMargin" : 49.48,
    "grossProfit" : 257.53,
    "operatingProfitMargin" : 21.01,
    "operatingProfit" : 109.35,
    "netProfitMargin" : 15.46,
    "netProfit" : 80.47
  }, {
    "date" : "2024-12-31",
    "sales" : 454.66,
    "salesGrowthYoY" : -23.54,
    "grossProfitMargin" : 50.93,
    "grossProfit" : 231.56,
    "operatingProfitMargin" : 20.92,
    "operatingProfit" : 95.11,
    "netProfitMargin" : 13.54,
    "netProfit" : 61.56
  }, {
    "date" : "2025-03-31",
    "sales" : 459.76,
    "salesGrowthYoY" : -23.92,
    "grossProfitMargin" : 49.92,
    "grossProfit" : 229.51,
    "operatingProfitMargin" : 16.94,
    "operatingProfit" : 77.88,
    "netProfitMargin" : 11.27,
    "netProfit" : 51.81
  }, {
    "date" : "2025-06-30",
    "sales" : 587.68,
    "salesGrowthYoY" : 14.95,
    "grossProfitMargin" : 56.86,
    "grossProfit" : 334.15,
    "operatingProfitMargin" : 32.09,
    "operatingProfit" : 188.59,
    "netProfitMargin" : 24.17,
    "netProfit" : 142.04
  }, {
    "date" : "2025-09-30",
    "sales" : 1203.16,
    "salesGrowthYoY" : 131.16,
    "grossProfitMargin" : 63.52,
    "grossProfit" : 764.25,
    "operatingProfitMargin" : 44.66,
    "operatingProfit" : 537.33,
    "netProfitMargin" : 33.24,
    "netProfit" : 399.93
  } ],
  "latestQuarterlyResult" : {
    "date" : "2025-09-30",
    "sales" : 1203.16,
    "salesGrowthYoY" : 131.16,
    "grossProfitMargin" : 63.52,
    "grossProfit" : 764.25,
    "operatingProfitMargin" : 44.66,
    "operatingProfit" : 537.33,
    "netProfitMargin" : 33.24,
    "netProfit" : 399.93
  },
  "companyScore" : {
    "priceHigherThanDma50" : 0.00,
    "priceHigherThanDma100" : 0.00,
    "priceHigherThanDma200" : 0.00,
    "dma50HigherThanDma100" : 0.00,
    "dma50HigherThanDma200" : 5.00,
    "dma100HigherThanDma200" : 5.00,
    "pricePercentageAboveDma50" : 5.86,
    "pricePercentageAboveDma100" : 6.00,
    "pricePercentageAboveDma200" : 5.42,
    "weeklyVolumeHigherThanYearlyVolume" : 5.00,
    "salesGrowthPercentile" : 19.75,
    "operatingProfitMarginPercentile" : 20.00,
    "netProfitMarginPercentile" : 10.00,
    "totalTechnicalScore" : 32.28,
    "totalFundamentalScore" : 49.75,
    "totalScore" : 82.03
  }
}