{
  "metadata" : {
    "screenerCompanyId" : "1301",
    "companyCode" : "HEG",
    "companyName" : "HEG",
    "screenerCompanyLink" : "https://www.screener.in/company/HEG/consolidated/",
    "screenerTechnicalHistoryLink" : "https://www.screener.in/api/company/1301/chart/?q=Price-DMA50-DMA200-Volume&days=365",
    "screenerQuarterlyResultsLink" : "https://www.screener.in/api/company/1301/chart/?q=GPM-OPM-NPM-Quarter+Sales&days=10000",
    "attributes" : {
      "companyCode" : "HEG",
      "companyName" : "HEG",
      "marketCap" : 10298.00,
      "peRatio" : 39.90,
      "description" : "HEG Ltd is a leading manufacturer and exporter of graphite electrodes in India. It operates the largest single-site integrated graphite electrodes plant in the world.[1] It is a part of LNJ Bhilwara Group which also has presence across IT Enabled services, power generation & textiles.[2]"
    },
    "companyScore" : {
      "priceHigherThanDma50" : 5.00,
      "priceHigherThanDma100" : 5.00,
      "priceHigherThanDma200" : 5.00,
      "dma50HigherThanDma100" : 5.00,
      "dma50HigherThanDma200" : 5.00,
      "dma100HigherThanDma200" : 5.00,
      "pricePercentageAboveDma50" : 4.93,
      "pricePercentageAboveDma100" : 4.86,
      "pricePercentageAboveDma200" : 4.67,
      "weeklyVolumeHigherThanYearlyVolume" : 0.00,
      "salesGrowthPercentile" : 12.91,
      "operatingProfitMarginPercentile" : 14.33,
      "netProfitMarginPercentile" : 8.07,
      "totalTechnicalScore" : 44.46,
      "totalFundamentalScore" : 35.31,
      "totalScore" : 79.77
    }
  },
  "attributes" : {
    "companyCode" : "HEG",
    "companyName" : "HEG",
    "marketCap" : 10298.00,
    "peRatio" : 39.90,
    "description" : "HEG Ltd is a leading manufacturer and exporter of graphite electrodes in India. It operates the largest single-site integrated graphite electrodes plant in the world.[1] It is a part of LNJ Bhilwara Group which also has presence across IT Enabled services, power generation & textiles.[2]"
  },
  "technicalHistory" : [ {
    "date" : "2024-12-17",
    "price" : 563.40,
    "dma50" : 481.98,
    "dma100" : null,
    "dma200" : 434.29,
    "volume" : 1688843.00
  }, {
    "date" : "2024-12-18",
    "price" : 565.45,
    "dma50" : 485.25,
    "dma100" : null,
    "dma200" : 435.59,
    "volume" : 2619201.00
  }, {
    "date" : "2024-12-19",
    "price" : 567.85,
    "dma50" : 488.49,
    "dma100" : null,
    "dma200" : 436.91,
    "volume" : 1870596.00
  }, {
    "date" : "2024-12-20",
    "price" : 541.55,
    "dma50" : 490.57,
    "dma100" : null,
    "dma200" : 437.95,
    "volume" : 2548109.00
  }, {
    "date" : "2024-12-23",
    "price" : 532.30,
    "dma50" : 492.21,
    "dma100" : null,
    "dma200" : 438.89,
    "volume" : 1311008.00
  }, {
    "date" : "2024-12-24",
    "price" : 530.95,
    "dma50" : 493.72,
    "dma100" : null,
    "dma200" : 439.80,
    "volume" : 1683790.00
  }, {
    "date" : "2024-12-26",
    "price" : 514.60,
    "dma50" : 494.54,
    "dma100" : null,
    "dma200" : 440.55,
    "volume" : 1138655.00
  }, {
    "date" : "2024-12-27",
    "price" : 515.30,
    "dma50" : 495.36,
    "dma100" : null,
    "dma200" : 441.29,
    "volume" : 1094935.00
  }, {
    "date" : "2024-12-30",
    "price" : 497.40,
    "dma50" : 495.44,
    "dma100" : null,
    "dma200" : 441.85,
    "volume" : 1519259.00
  }, {
    "date" : "2024-12-31",
    "price" : 510.20,
    "dma50" : 496.02,
    "dma100" : null,
    "dma200" : 442.53,
    "volume" : 1383923.00
  }, {
    "date" : "2025-01-01",
    "price" : 530.30,
    "dma50" : 497.36,
    "dma100" : null,
    "dma200" : 443.40,
    "volume" : 1620905.00
  }, {
    "date" : "2025-01-02",
    "price" : 533.00,
    "dma50" : 498.76,
    "dma100" : null,
    "dma200" : 444.30,
    "volume" : 1312086.00
  }, {
    "date" : "2025-01-03",
    "price" : 528.25,
    "dma50" : 499.92,
    "dma100" : null,
    "dma200" : 445.13,
    "volume" : 1334273.00
  }, {
    "date" : "2025-01-06",
    "price" : 487.75,
    "dma50" : 499.44,
    "dma100" : null,
    "dma200" : 445.55,
    "volume" : 1316429.00
  }, {
    "date" : "2025-01-07",
    "price" : 491.15,
    "dma50" : 499.11,
    "dma100" : null,
    "dma200" : 446.01,
    "volume" : 1188995.00
  }, {
    "date" : "2025-01-08",
    "price" : 476.95,
    "dma50" : 498.24,
    "dma100" : null,
    "dma200" : 446.32,
    "volume" : 880389.00
  }, {
    "date" : "2025-01-09",
    "price" : 467.50,
    "dma50" : 497.04,
    "dma100" : null,
    "dma200" : 446.53,
    "volume" : 616641.00
  }, {
    "date" : "2025-01-10",
    "price" : 452.15,
    "dma50" : 495.28,
    "dma100" : null,
    "dma200" : 446.58,
    "volume" : 667355.00
  }, {
    "date" : "2025-01-13",
    "price" : 424.00,
    "dma50" : 492.48,
    "dma100" : null,
    "dma200" : 446.36,
    "volume" : 1470241.00
  }, {
    "date" : "2025-01-14",
    "price" : 428.40,
    "dma50" : 489.97,
    "dma100" : null,
    "dma200" : 446.18,
    "volume" : 992262.00
  }, {
    "date" : "2025-01-15",
    "price" : 427.20,
    "dma50" : 487.51,
    "dma100" : null,
    "dma200" : 445.99,
    "volume" : 1044221.00
  }, {
    "date" : "2025-01-16",
    "price" : 431.45,
    "dma50" : 485.31,
    "dma100" : null,
    "dma200" : 445.85,
    "volume" : 492493.00
  }, {
    "date" : "2025-01-17",
    "price" : 430.15,
    "dma50" : 483.15,
    "dma100" : null,
    "dma200" : 445.69,
    "volume" : 440999.00
  }, {
    "date" : "2025-01-20",
    "price" : 432.05,
    "dma50" : 481.14,
    "dma100" : null,
    "dma200" : 445.55,
    "volume" : 419693.00
  }, {
    "date" : "2025-01-21",
    "price" : 423.90,
    "dma50" : 478.90,
    "dma100" : null,
    "dma200" : 445.34,
    "volume" : 560804.00
  }, {
    "date" : "2025-01-22",
    "price" : 416.20,
    "dma50" : 476.44,
    "dma100" : null,
    "dma200" : 445.05,
    "volume" : 557890.00
  }, {
    "date" : "2025-01-23",
    "price" : 413.05,
    "dma50" : 473.95,
    "dma100" : null,
    "dma200" : 444.73,
    "volume" : 434745.00
  }, {
    "date" : "2025-01-24",
    "price" : 408.75,
    "dma50" : 471.40,
    "dma100" : null,
    "dma200" : 444.37,
    "volume" : 681477.00
  }, {
    "date" : "2025-01-27",
    "price" : 410.65,
    "dma50" : 469.01,
    "dma100" : null,
    "dma200" : 444.04,
    "volume" : 931676.00
  }, {
    "date" : "2025-01-28",
    "price" : 401.15,
    "dma50" : 466.35,
    "dma100" : null,
    "dma200" : 443.61,
    "volume" : 734023.00
  }, {
    "date" : "2025-01-29",
    "price" : 403.80,
    "dma50" : 463.90,
    "dma100" : null,
    "dma200" : 443.21,
    "volume" : 474698.00
  }, {
    "date" : "2025-01-30",
    "price" : 393.90,
    "dma50" : 461.15,
    "dma100" : null,
    "dma200" : 442.72,
    "volume" : 442529.00
  }, {
    "date" : "2025-01-31",
    "price" : 395.00,
    "dma50" : 458.56,
    "dma100" : null,
    "dma200" : 442.25,
    "volume" : 572386.00
  }, {
    "date" : "2025-02-01",
    "price" : 382.55,
    "dma50" : 455.58,
    "dma100" : null,
    "dma200" : 441.65,
    "volume" : 722245.00
  }, {
    "date" : "2025-02-03",
    "price" : 362.00,
    "dma50" : 451.91,
    "dma100" : null,
    "dma200" : 440.86,
    "volume" : 760728.00
  }, {
    "date" : "2025-02-04",
    "price" : 373.05,
    "dma50" : 448.82,
    "dma100" : null,
    "dma200" : 440.19,
    "volume" : 828334.00
  }, {
    "date" : "2025-02-05",
    "price" : 374.80,
    "dma50" : 445.91,
    "dma100" : null,
    "dma200" : 439.54,
    "volume" : 790976.00
  }, {
    "date" : "2025-02-06",
    "price" : 376.95,
    "dma50" : 443.21,
    "dma100" : null,
    "dma200" : 438.91,
    "volume" : 716062.00
  }, {
    "date" : "2025-02-07",
    "price" : 369.40,
    "dma50" : 440.32,
    "dma100" : null,
    "dma200" : 438.22,
    "volume" : 449557.00
  }, {
    "date" : "2025-02-10",
    "price" : 365.75,
    "dma50" : 437.39,
    "dma100" : null,
    "dma200" : 437.50,
    "volume" : 393564.00
  }, {
    "date" : "2025-02-11",
    "price" : 351.00,
    "dma50" : 434.00,
    "dma100" : null,
    "dma200" : 436.64,
    "volume" : 494902.00
  }, {
    "date" : "2025-02-12",
    "price" : 342.95,
    "dma50" : 430.43,
    "dma100" : null,
    "dma200" : 435.71,
    "volume" : 1415845.00
  }, {
    "date" : "2025-02-13",
    "price" : 342.80,
    "dma50" : 427.00,
    "dma100" : null,
    "dma200" : 434.78,
    "volume" : 883350.00
  }, {
    "date" : "2025-02-14",
    "price" : 340.65,
    "dma50" : 423.61,
    "dma100" : null,
    "dma200" : 433.85,
    "volume" : 908174.00
  }, {
    "date" : "2025-02-17",
    "price" : 339.90,
    "dma50" : 420.33,
    "dma100" : null,
    "dma200" : 432.91,
    "volume" : 474382.00
  }, {
    "date" : "2025-02-18",
    "price" : 343.25,
    "dma50" : 417.30,
    "dma100" : null,
    "dma200" : 432.02,
    "volume" : 666828.00
  }, {
    "date" : "2025-02-19",
    "price" : 352.05,
    "dma50" : 414.75,
    "dma100" : null,
    "dma200" : 431.22,
    "volume" : 528186.00
  }, {
    "date" : "2025-02-20",
    "price" : 363.05,
    "dma50" : 412.72,
    "dma100" : null,
    "dma200" : 430.55,
    "volume" : 500474.00
  }, {
    "date" : "2025-02-21",
    "price" : 359.25,
    "dma50" : 410.62,
    "dma100" : null,
    "dma200" : 429.84,
    "volume" : 389428.00
  }, {
    "date" : "2025-02-24",
    "price" : 355.85,
    "dma50" : 408.47,
    "dma100" : null,
    "dma200" : 429.10,
    "volume" : 370352.00
  }, {
    "date" : "2025-02-25",
    "price" : 342.55,
    "dma50" : 405.89,
    "dma100" : null,
    "dma200" : 428.24,
    "volume" : 405189.00
  }, {
    "date" : "2025-02-27",
    "price" : 346.20,
    "dma50" : 403.55,
    "dma100" : null,
    "dma200" : 427.42,
    "volume" : 380926.00
  }, {
    "date" : "2025-02-28",
    "price" : 358.40,
    "dma50" : 401.78,
    "dma100" : null,
    "dma200" : 426.74,
    "volume" : 901941.00
  }, {
    "date" : "2025-03-03",
    "price" : 350.65,
    "dma50" : 399.77,
    "dma100" : null,
    "dma200" : 425.98,
    "volume" : 543421.00
  }, {
    "date" : "2025-03-04",
    "price" : 357.95,
    "dma50" : 398.13,
    "dma100" : null,
    "dma200" : 425.30,
    "volume" : 448145.00
  }, {
    "date" : "2025-03-05",
    "price" : 371.90,
    "dma50" : 397.10,
    "dma100" : null,
    "dma200" : 424.77,
    "volume" : 632293.00
  }, {
    "date" : "2025-03-06",
    "price" : 384.55,
    "dma50" : 396.61,
    "dma100" : null,
    "dma200" : 424.37,
    "volume" : 960817.00
  }, {
    "date" : "2025-03-07",
    "price" : 394.00,
    "dma50" : 396.51,
    "dma100" : null,
    "dma200" : 424.07,
    "volume" : 868090.00
  }, {
    "date" : "2025-03-10",
    "price" : 387.80,
    "dma50" : 396.17,
    "dma100" : null,
    "dma200" : 423.71,
    "volume" : 413304.00
  }, {
    "date" : "2025-03-11",
    "price" : 399.60,
    "dma50" : 396.30,
    "dma100" : null,
    "dma200" : 423.47,
    "volume" : 7237084.00
  }, {
    "date" : "2025-03-12",
    "price" : 406.15,
    "dma50" : 396.69,
    "dma100" : null,
    "dma200" : 423.30,
    "volume" : 1847424.00
  }, {
    "date" : "2025-03-13",
    "price" : 400.20,
    "dma50" : 396.83,
    "dma100" : null,
    "dma200" : 423.07,
    "volume" : 581473.00
  }, {
    "date" : "2025-03-17",
    "price" : 404.65,
    "dma50" : 397.13,
    "dma100" : null,
    "dma200" : 422.88,
    "volume" : 791270.00
  }, {
    "date" : "2025-03-18",
    "price" : 419.20,
    "dma50" : 398.00,
    "dma100" : null,
    "dma200" : 422.85,
    "volume" : 1163018.00
  }, {
    "date" : "2025-03-19",
    "price" : 417.15,
    "dma50" : 398.75,
    "dma100" : null,
    "dma200" : 422.79,
    "volume" : 806077.00
  }, {
    "date" : "2025-03-20",
    "price" : 424.05,
    "dma50" : 399.74,
    "dma100" : null,
    "dma200" : 422.80,
    "volume" : 633635.00
  }, {
    "date" : "2025-03-21",
    "price" : 429.50,
    "dma50" : 400.91,
    "dma100" : null,
    "dma200" : 422.87,
    "volume" : 609903.00
  }, {
    "date" : "2025-03-24",
    "price" : 431.75,
    "dma50" : 402.12,
    "dma100" : null,
    "dma200" : 422.96,
    "volume" : 420805.00
  }, {
    "date" : "2025-03-25",
    "price" : 483.00,
    "dma50" : 405.29,
    "dma100" : null,
    "dma200" : 423.55,
    "volume" : 31307783.00
  }, {
    "date" : "2025-03-26",
    "price" : 499.25,
    "dma50" : 408.97,
    "dma100" : null,
    "dma200" : 424.31,
    "volume" : 25235429.00
  }, {
    "date" : "2025-03-27",
    "price" : 486.00,
    "dma50" : 411.99,
    "dma100" : null,
    "dma200" : 424.92,
    "volume" : 4999145.00
  }, {
    "date" : "2025-03-28",
    "price" : 482.85,
    "dma50" : 414.77,
    "dma100" : null,
    "dma200" : 425.50,
    "volume" : 1743021.00
  }, {
    "date" : "2025-04-01",
    "price" : 482.55,
    "dma50" : 417.43,
    "dma100" : null,
    "dma200" : 426.06,
    "volume" : 1197087.00
  }, {
    "date" : "2025-04-02",
    "price" : 500.65,
    "dma50" : 420.69,
    "dma100" : null,
    "dma200" : 426.81,
    "volume" : 2654583.00
  }, {
    "date" : "2025-04-03",
    "price" : 498.35,
    "dma50" : 423.74,
    "dma100" : null,
    "dma200" : 427.52,
    "volume" : 934431.00
  }, {
    "date" : "2025-04-04",
    "price" : 474.70,
    "dma50" : 425.74,
    "dma100" : null,
    "dma200" : 427.99,
    "volume" : 966132.00
  }, {
    "date" : "2025-04-07",
    "price" : 455.15,
    "dma50" : 426.89,
    "dma100" : null,
    "dma200" : 428.26,
    "volume" : 1375658.00
  }, {
    "date" : "2025-04-08",
    "price" : 457.15,
    "dma50" : 428.08,
    "dma100" : null,
    "dma200" : 428.55,
    "volume" : 785904.00
  }, {
    "date" : "2025-04-09",
    "price" : 444.55,
    "dma50" : 428.72,
    "dma100" : null,
    "dma200" : 428.71,
    "volume" : 497170.00
  }, {
    "date" : "2025-04-11",
    "price" : 453.00,
    "dma50" : 429.68,
    "dma100" : null,
    "dma200" : 428.95,
    "volume" : 1092693.00
  }, {
    "date" : "2025-04-15",
    "price" : 474.60,
    "dma50" : 431.44,
    "dma100" : null,
    "dma200" : 429.40,
    "volume" : 1076586.00
  }, {
    "date" : "2025-04-16",
    "price" : 479.75,
    "dma50" : 433.33,
    "dma100" : null,
    "dma200" : 429.90,
    "volume" : 807637.00
  }, {
    "date" : "2025-04-17",
    "price" : 479.00,
    "dma50" : 435.12,
    "dma100" : null,
    "dma200" : 430.39,
    "volume" : 1276635.00
  }, {
    "date" : "2025-04-21",
    "price" : 480.20,
    "dma50" : 436.89,
    "dma100" : null,
    "dma200" : 430.89,
    "volume" : 643352.00
  }, {
    "date" : "2025-04-22",
    "price" : 479.40,
    "dma50" : 438.56,
    "dma100" : null,
    "dma200" : 431.37,
    "volume" : 1406761.00
  }, {
    "date" : "2025-04-23",
    "price" : 473.75,
    "dma50" : 439.94,
    "dma100" : null,
    "dma200" : 431.79,
    "volume" : 650139.00
  }, {
    "date" : "2025-04-24",
    "price" : 476.70,
    "dma50" : 441.38,
    "dma100" : null,
    "dma200" : 432.24,
    "volume" : 600607.00
  }, {
    "date" : "2025-04-25",
    "price" : 464.10,
    "dma50" : 442.27,
    "dma100" : null,
    "dma200" : 432.55,
    "volume" : 883627.00
  }, {
    "date" : "2025-04-28",
    "price" : 478.40,
    "dma50" : 443.69,
    "dma100" : null,
    "dma200" : 433.01,
    "volume" : 1844702.00
  }, {
    "date" : "2025-04-29",
    "price" : 472.25,
    "dma50" : 444.81,
    "dma100" : null,
    "dma200" : 433.40,
    "volume" : 500014.00
  }, {
    "date" : "2025-04-30",
    "price" : 466.35,
    "dma50" : 445.65,
    "dma100" : null,
    "dma200" : 433.73,
    "volume" : 791524.00
  }, {
    "date" : "2025-05-02",
    "price" : 460.45,
    "dma50" : 446.23,
    "dma100" : null,
    "dma200" : 434.00,
    "volume" : 433588.00
  }, {
    "date" : "2025-05-05",
    "price" : 468.20,
    "dma50" : 447.09,
    "dma100" : null,
    "dma200" : 434.34,
    "volume" : 765753.00
  }, {
    "date" : "2025-05-06",
    "price" : 447.00,
    "dma50" : 447.09,
    "dma100" : null,
    "dma200" : 434.46,
    "volume" : 663528.00
  }, {
    "date" : "2025-05-07",
    "price" : 447.35,
    "dma50" : 447.10,
    "dma100" : null,
    "dma200" : 434.59,
    "volume" : 695789.00
  }, {
    "date" : "2025-05-08",
    "price" : 436.25,
    "dma50" : 446.68,
    "dma100" : null,
    "dma200" : 434.61,
    "volume" : 319511.00
  }, {
    "date" : "2025-05-09",
    "price" : 424.90,
    "dma50" : 445.82,
    "dma100" : null,
    "dma200" : 434.51,
    "volume" : 511261.00
  }, {
    "date" : "2025-05-12",
    "price" : 463.30,
    "dma50" : 446.51,
    "dma100" : null,
    "dma200" : 434.80,
    "volume" : 884008.00
  }, {
    "date" : "2025-05-13",
    "price" : 461.60,
    "dma50" : 447.10,
    "dma100" : null,
    "dma200" : 435.06,
    "volume" : 367792.00
  }, {
    "date" : "2025-05-14",
    "price" : 488.20,
    "dma50" : 448.71,
    "dma100" : null,
    "dma200" : 435.59,
    "volume" : 2648716.00
  }, {
    "date" : "2025-05-15",
    "price" : 483.75,
    "dma50" : 450.08,
    "dma100" : 436.26,
    "dma200" : 436.07,
    "volume" : 686627.00
  }, {
    "date" : "2025-05-16",
    "price" : 490.60,
    "dma50" : 451.67,
    "dma100" : 435.52,
    "dma200" : 436.61,
    "volume" : 732639.00
  }, {
    "date" : "2025-05-19",
    "price" : 528.70,
    "dma50" : 454.69,
    "dma100" : 435.12,
    "dma200" : 437.53,
    "volume" : 14935250.00
  }, {
    "date" : "2025-05-20",
    "price" : 494.45,
    "dma50" : 456.25,
    "dma100" : 434.65,
    "dma200" : 438.10,
    "volume" : 3767618.00
  }, {
    "date" : "2025-05-21",
    "price" : 492.55,
    "dma50" : 457.68,
    "dma100" : 434.26,
    "dma200" : 438.64,
    "volume" : 1684344.00
  }, {
    "date" : "2025-05-22",
    "price" : 480.20,
    "dma50" : 458.56,
    "dma100" : 433.75,
    "dma200" : 439.05,
    "volume" : 903767.00
  }, {
    "date" : "2025-05-23",
    "price" : 495.30,
    "dma50" : 460.00,
    "dma100" : 433.56,
    "dma200" : 439.61,
    "volume" : 3291395.00
  }, {
    "date" : "2025-05-26",
    "price" : 487.80,
    "dma50" : 461.09,
    "dma100" : 433.28,
    "dma200" : 440.09,
    "volume" : 483294.00
  }, {
    "date" : "2025-05-27",
    "price" : 499.90,
    "dma50" : 462.61,
    "dma100" : 433.31,
    "dma200" : 440.69,
    "volume" : 1344923.00
  }, {
    "date" : "2025-05-28",
    "price" : 490.70,
    "dma50" : 463.71,
    "dma100" : 433.11,
    "dma200" : 441.18,
    "volume" : 440854.00
  }, {
    "date" : "2025-05-29",
    "price" : 514.35,
    "dma50" : 465.70,
    "dma100" : 432.95,
    "dma200" : 441.91,
    "volume" : 4692755.00
  }, {
    "date" : "2025-05-30",
    "price" : 523.50,
    "dma50" : 467.97,
    "dma100" : 432.86,
    "dma200" : 442.72,
    "volume" : 2404988.00
  }, {
    "date" : "2025-06-02",
    "price" : 519.25,
    "dma50" : 469.98,
    "dma100" : 432.77,
    "dma200" : 443.48,
    "volume" : 644961.00
  }, {
    "date" : "2025-06-03",
    "price" : 517.35,
    "dma50" : 471.84,
    "dma100" : 433.06,
    "dma200" : 444.22,
    "volume" : 2113079.00
  }, {
    "date" : "2025-06-04",
    "price" : 522.95,
    "dma50" : 473.84,
    "dma100" : 433.38,
    "dma200" : 445.00,
    "volume" : 2053503.00
  }, {
    "date" : "2025-06-05",
    "price" : 524.50,
    "dma50" : 475.83,
    "dma100" : 433.86,
    "dma200" : 445.79,
    "volume" : 1363983.00
  }, {
    "date" : "2025-06-06",
    "price" : 522.50,
    "dma50" : 477.66,
    "dma100" : 434.41,
    "dma200" : 446.56,
    "volume" : 504626.00
  }, {
    "date" : "2025-06-09",
    "price" : 523.50,
    "dma50" : 479.45,
    "dma100" : 435.12,
    "dma200" : 447.32,
    "volume" : 557002.00
  }, {
    "date" : "2025-06-10",
    "price" : 527.15,
    "dma50" : 481.33,
    "dma100" : 436.15,
    "dma200" : 448.12,
    "volume" : 1333728.00
  }, {
    "date" : "2025-06-11",
    "price" : 515.05,
    "dma50" : 482.65,
    "dma100" : 437.02,
    "dma200" : 448.78,
    "volume" : 1099152.00
  }, {
    "date" : "2025-06-12",
    "price" : 505.05,
    "dma50" : 483.53,
    "dma100" : 437.80,
    "dma200" : 449.34,
    "volume" : 652874.00
  }, {
    "date" : "2025-06-13",
    "price" : 503.55,
    "dma50" : 484.31,
    "dma100" : 438.52,
    "dma200" : 449.88,
    "volume" : 494051.00
  }, {
    "date" : "2025-06-16",
    "price" : 504.70,
    "dma50" : 485.11,
    "dma100" : 439.26,
    "dma200" : 450.43,
    "volume" : 740762.00
  }, {
    "date" : "2025-06-17",
    "price" : 502.50,
    "dma50" : 485.79,
    "dma100" : 439.97,
    "dma200" : 450.95,
    "volume" : 447219.00
  }, {
    "date" : "2025-06-18",
    "price" : 501.05,
    "dma50" : 486.39,
    "dma100" : 440.74,
    "dma200" : 451.44,
    "volume" : 636421.00
  }, {
    "date" : "2025-06-19",
    "price" : 487.20,
    "dma50" : 486.42,
    "dma100" : 441.45,
    "dma200" : 451.80,
    "volume" : 501457.00
  }, {
    "date" : "2025-06-20",
    "price" : 488.60,
    "dma50" : 486.51,
    "dma100" : 442.20,
    "dma200" : 452.17,
    "volume" : 416538.00
  }, {
    "date" : "2025-06-23",
    "price" : 493.75,
    "dma50" : 486.79,
    "dma100" : 443.05,
    "dma200" : 452.58,
    "volume" : 442178.00
  }, {
    "date" : "2025-06-24",
    "price" : 491.40,
    "dma50" : 486.97,
    "dma100" : 443.86,
    "dma200" : 452.97,
    "volume" : 432055.00
  }, {
    "date" : "2025-06-25",
    "price" : 493.75,
    "dma50" : 487.24,
    "dma100" : 444.79,
    "dma200" : 453.37,
    "volume" : 528738.00
  }, {
    "date" : "2025-06-26",
    "price" : 495.35,
    "dma50" : 487.56,
    "dma100" : 445.70,
    "dma200" : 453.79,
    "volume" : 319969.00
  }, {
    "date" : "2025-06-27",
    "price" : 509.70,
    "dma50" : 488.43,
    "dma100" : 446.86,
    "dma200" : 454.35,
    "volume" : 2930155.00
  }, {
    "date" : "2025-06-30",
    "price" : 510.00,
    "dma50" : 489.27,
    "dma100" : 448.01,
    "dma200" : 454.90,
    "volume" : 1025359.00
  }, {
    "date" : "2025-07-01",
    "price" : 513.35,
    "dma50" : 490.22,
    "dma100" : 449.32,
    "dma200" : 455.48,
    "volume" : 668207.00
  }, {
    "date" : "2025-07-02",
    "price" : 502.90,
    "dma50" : 490.71,
    "dma100" : 450.73,
    "dma200" : 455.95,
    "volume" : 614766.00
  }, {
    "date" : "2025-07-03",
    "price" : 505.65,
    "dma50" : 491.30,
    "dma100" : 452.05,
    "dma200" : 456.45,
    "volume" : 301054.00
  }, {
    "date" : "2025-07-04",
    "price" : 505.45,
    "dma50" : 491.85,
    "dma100" : 453.36,
    "dma200" : 456.94,
    "volume" : 274024.00
  }, {
    "date" : "2025-07-07",
    "price" : 489.25,
    "dma50" : 491.75,
    "dma100" : 454.48,
    "dma200" : 457.26,
    "volume" : 548914.00
  }, {
    "date" : "2025-07-08",
    "price" : 494.45,
    "dma50" : 491.86,
    "dma100" : 455.73,
    "dma200" : 457.63,
    "volume" : 299337.00
  }, {
    "date" : "2025-07-09",
    "price" : 493.25,
    "dma50" : 491.91,
    "dma100" : 457.01,
    "dma200" : 457.98,
    "volume" : 257482.00
  }, {
    "date" : "2025-07-10",
    "price" : 501.15,
    "dma50" : 492.27,
    "dma100" : 458.51,
    "dma200" : 458.41,
    "volume" : 519890.00
  }, {
    "date" : "2025-07-11",
    "price" : 505.45,
    "dma50" : 492.79,
    "dma100" : 460.14,
    "dma200" : 458.88,
    "volume" : 647092.00
  }, {
    "date" : "2025-07-14",
    "price" : 531.45,
    "dma50" : 494.31,
    "dma100" : 462.02,
    "dma200" : 459.60,
    "volume" : 3307912.00
  }, {
    "date" : "2025-07-15",
    "price" : 531.90,
    "dma50" : 495.78,
    "dma100" : 463.93,
    "dma200" : 460.32,
    "volume" : 1527833.00
  }, {
    "date" : "2025-07-16",
    "price" : 533.20,
    "dma50" : 497.25,
    "dma100" : 465.87,
    "dma200" : 461.05,
    "volume" : 1481074.00
  }, {
    "date" : "2025-07-17",
    "price" : 550.45,
    "dma50" : 499.33,
    "dma100" : 467.94,
    "dma200" : 461.94,
    "volume" : 3848743.00
  }, {
    "date" : "2025-07-18",
    "price" : 539.30,
    "dma50" : 500.90,
    "dma100" : 469.81,
    "dma200" : 462.71,
    "volume" : 1629194.00
  }, {
    "date" : "2025-07-21",
    "price" : 538.65,
    "dma50" : 502.38,
    "dma100" : 471.57,
    "dma200" : 463.46,
    "volume" : 1426028.00
  }, {
    "date" : "2025-07-22",
    "price" : 540.65,
    "dma50" : 503.88,
    "dma100" : 473.38,
    "dma200" : 464.23,
    "volume" : 603276.00
  }, {
    "date" : "2025-07-23",
    "price" : 541.15,
    "dma50" : 505.34,
    "dma100" : 475.23,
    "dma200" : 464.99,
    "volume" : 530337.00
  }, {
    "date" : "2025-07-24",
    "price" : 530.80,
    "dma50" : 506.34,
    "dma100" : 477.12,
    "dma200" : 465.65,
    "volume" : 543399.00
  }, {
    "date" : "2025-07-25",
    "price" : 513.70,
    "dma50" : 506.63,
    "dma100" : 478.79,
    "dma200" : 466.13,
    "volume" : 737676.00
  }, {
    "date" : "2025-07-28",
    "price" : 514.85,
    "dma50" : 506.95,
    "dma100" : 480.36,
    "dma200" : 466.61,
    "volume" : 486118.00
  }, {
    "date" : "2025-07-29",
    "price" : 525.35,
    "dma50" : 507.68,
    "dma100" : 482.10,
    "dma200" : 467.20,
    "volume" : 415204.00
  }, {
    "date" : "2025-07-30",
    "price" : 534.25,
    "dma50" : 508.72,
    "dma100" : 483.87,
    "dma200" : 467.86,
    "volume" : 608988.00
  }, {
    "date" : "2025-07-31",
    "price" : 573.10,
    "dma50" : 511.24,
    "dma100" : 485.88,
    "dma200" : 468.91,
    "volume" : 50216072.00
  }, {
    "date" : "2025-08-01",
    "price" : 532.60,
    "dma50" : 512.08,
    "dma100" : 487.36,
    "dma200" : 469.54,
    "volume" : 7297902.00
  }, {
    "date" : "2025-08-04",
    "price" : 530.25,
    "dma50" : 512.79,
    "dma100" : 488.72,
    "dma200" : 470.15,
    "volume" : 3126068.00
  }, {
    "date" : "2025-08-05",
    "price" : 527.35,
    "dma50" : 513.36,
    "dma100" : 490.12,
    "dma200" : 470.72,
    "volume" : 1135142.00
  }, {
    "date" : "2025-08-06",
    "price" : 522.95,
    "dma50" : 513.74,
    "dma100" : 491.35,
    "dma200" : 471.24,
    "volume" : 1162535.00
  }, {
    "date" : "2025-08-07",
    "price" : 519.75,
    "dma50" : 513.97,
    "dma100" : 492.49,
    "dma200" : 471.72,
    "volume" : 767024.00
  }, {
    "date" : "2025-08-08",
    "price" : 505.80,
    "dma50" : 513.65,
    "dma100" : 493.54,
    "dma200" : 472.06,
    "volume" : 521194.00
  }, {
    "date" : "2025-08-11",
    "price" : 505.55,
    "dma50" : 513.34,
    "dma100" : 494.55,
    "dma200" : 472.39,
    "volume" : 613673.00
  }, {
    "date" : "2025-08-12",
    "price" : 507.00,
    "dma50" : 513.09,
    "dma100" : 495.43,
    "dma200" : 472.74,
    "volume" : 677854.00
  }, {
    "date" : "2025-08-13",
    "price" : 503.00,
    "dma50" : 512.69,
    "dma100" : 496.29,
    "dma200" : 473.04,
    "volume" : 392635.00
  }, {
    "date" : "2025-08-14",
    "price" : 504.30,
    "dma50" : 512.36,
    "dma100" : 497.09,
    "dma200" : 473.35,
    "volume" : 577942.00
  }, {
    "date" : "2025-08-18",
    "price" : 513.90,
    "dma50" : 512.42,
    "dma100" : 497.93,
    "dma200" : 473.75,
    "volume" : 882012.00
  }, {
    "date" : "2025-08-19",
    "price" : 509.55,
    "dma50" : 512.31,
    "dma100" : 498.71,
    "dma200" : 474.11,
    "volume" : 712827.00
  }, {
    "date" : "2025-08-20",
    "price" : 502.00,
    "dma50" : 511.91,
    "dma100" : 498.90,
    "dma200" : 474.39,
    "volume" : 583494.00
  }, {
    "date" : "2025-08-21",
    "price" : 496.65,
    "dma50" : 511.31,
    "dma100" : 498.88,
    "dma200" : 474.61,
    "volume" : 574174.00
  }, {
    "date" : "2025-08-22",
    "price" : 486.70,
    "dma50" : 510.34,
    "dma100" : 498.88,
    "dma200" : 474.73,
    "volume" : 618239.00
  }, {
    "date" : "2025-08-25",
    "price" : 490.95,
    "dma50" : 509.58,
    "dma100" : 498.96,
    "dma200" : 474.89,
    "volume" : 397845.00
  }, {
    "date" : "2025-08-26",
    "price" : 478.20,
    "dma50" : 508.35,
    "dma100" : 498.92,
    "dma200" : 474.92,
    "volume" : 353795.00
  }, {
    "date" : "2025-08-28",
    "price" : 470.95,
    "dma50" : 506.89,
    "dma100" : 498.62,
    "dma200" : 474.88,
    "volume" : 339477.00
  }, {
    "date" : "2025-08-29",
    "price" : 462.00,
    "dma50" : 505.12,
    "dma100" : 498.26,
    "dma200" : 474.75,
    "volume" : 417010.00
  }, {
    "date" : "2025-09-01",
    "price" : 478.45,
    "dma50" : 504.08,
    "dma100" : 498.30,
    "dma200" : 474.79,
    "volume" : 511237.00
  }, {
    "date" : "2025-09-02",
    "price" : 478.25,
    "dma50" : 503.07,
    "dma100" : 498.53,
    "dma200" : 474.83,
    "volume" : 843754.00
  }, {
    "date" : "2025-09-03",
    "price" : 490.25,
    "dma50" : 502.56,
    "dma100" : 498.86,
    "dma200" : 474.98,
    "volume" : 646563.00
  }, {
    "date" : "2025-09-04",
    "price" : 496.60,
    "dma50" : 502.33,
    "dma100" : 499.38,
    "dma200" : 475.19,
    "volume" : 1761581.00
  }, {
    "date" : "2025-09-05",
    "price" : 492.45,
    "dma50" : 501.94,
    "dma100" : 499.78,
    "dma200" : 475.37,
    "volume" : 458400.00
  }, {
    "date" : "2025-09-08",
    "price" : 491.10,
    "dma50" : 501.52,
    "dma100" : 499.94,
    "dma200" : 475.52,
    "volume" : 657308.00
  }, {
    "date" : "2025-09-09",
    "price" : 499.10,
    "dma50" : 501.42,
    "dma100" : 500.13,
    "dma200" : 475.76,
    "volume" : 443834.00
  }, {
    "date" : "2025-09-10",
    "price" : 508.85,
    "dma50" : 501.71,
    "dma100" : 500.43,
    "dma200" : 476.09,
    "volume" : 1062297.00
  }, {
    "date" : "2025-09-11",
    "price" : 510.45,
    "dma50" : 502.06,
    "dma100" : 500.73,
    "dma200" : 476.43,
    "volume" : 730792.00
  }, {
    "date" : "2025-09-12",
    "price" : 518.55,
    "dma50" : 502.70,
    "dma100" : 501.13,
    "dma200" : 476.85,
    "volume" : 1122186.00
  }, {
    "date" : "2025-09-15",
    "price" : 514.45,
    "dma50" : 503.16,
    "dma100" : 501.53,
    "dma200" : 477.22,
    "volume" : 785232.00
  }, {
    "date" : "2025-09-16",
    "price" : 510.50,
    "dma50" : 503.45,
    "dma100" : 501.87,
    "dma200" : 477.55,
    "volume" : 1251497.00
  }, {
    "date" : "2025-09-17",
    "price" : 518.65,
    "dma50" : 504.05,
    "dma100" : 502.42,
    "dma200" : 477.96,
    "volume" : 581697.00
  }, {
    "date" : "2025-09-18",
    "price" : 518.75,
    "dma50" : 504.62,
    "dma100" : 502.82,
    "dma200" : 478.37,
    "volume" : 1181315.00
  }, {
    "date" : "2025-09-19",
    "price" : 521.35,
    "dma50" : 505.28,
    "dma100" : 503.31,
    "dma200" : 478.80,
    "volume" : 713736.00
  }, {
    "date" : "2025-09-22",
    "price" : 517.20,
    "dma50" : 505.75,
    "dma100" : 503.82,
    "dma200" : 479.18,
    "volume" : 519566.00
  }, {
    "date" : "2025-09-23",
    "price" : 519.35,
    "dma50" : 506.28,
    "dma100" : 504.41,
    "dma200" : 479.58,
    "volume" : 789349.00
  }, {
    "date" : "2025-09-24",
    "price" : 521.90,
    "dma50" : 506.89,
    "dma100" : 504.95,
    "dma200" : 480.00,
    "volume" : 545722.00
  }, {
    "date" : "2025-09-25",
    "price" : 521.80,
    "dma50" : 507.48,
    "dma100" : 505.69,
    "dma200" : 480.41,
    "volume" : 1090197.00
  }, {
    "date" : "2025-09-26",
    "price" : 506.75,
    "dma50" : 507.45,
    "dma100" : 506.29,
    "dma200" : 480.68,
    "volume" : 551037.00
  }, {
    "date" : "2025-09-29",
    "price" : 507.65,
    "dma50" : 507.46,
    "dma100" : 507.00,
    "dma200" : 480.94,
    "volume" : 492949.00
  }, {
    "date" : "2025-09-30",
    "price" : 504.90,
    "dma50" : 507.36,
    "dma100" : 507.80,
    "dma200" : 481.18,
    "volume" : 287189.00
  }, {
    "date" : "2025-10-01",
    "price" : 513.40,
    "dma50" : 507.59,
    "dma100" : 508.30,
    "dma200" : 481.50,
    "volume" : 369977.00
  }, {
    "date" : "2025-10-03",
    "price" : 516.90,
    "dma50" : 507.96,
    "dma100" : 508.86,
    "dma200" : 481.86,
    "volume" : 662915.00
  }, {
    "date" : "2025-10-06",
    "price" : 520.10,
    "dma50" : 508.43,
    "dma100" : 509.17,
    "dma200" : 482.24,
    "volume" : 929623.00
  }, {
    "date" : "2025-10-07",
    "price" : 510.75,
    "dma50" : 508.53,
    "dma100" : 509.44,
    "dma200" : 482.52,
    "volume" : 519011.00
  }, {
    "date" : "2025-10-08",
    "price" : 515.75,
    "dma50" : 508.81,
    "dma100" : 509.70,
    "dma200" : 482.85,
    "volume" : 3935541.00
  }, {
    "date" : "2025-10-09",
    "price" : 535.35,
    "dma50" : 509.85,
    "dma100" : 509.76,
    "dma200" : 483.37,
    "volume" : 4072473.00
  }, {
    "date" : "2025-10-10",
    "price" : 515.20,
    "dma50" : 510.06,
    "dma100" : 509.97,
    "dma200" : 483.69,
    "volume" : 1710192.00
  }, {
    "date" : "2025-10-13",
    "price" : 519.45,
    "dma50" : 510.43,
    "dma100" : 510.24,
    "dma200" : 484.05,
    "volume" : 856778.00
  }, {
    "date" : "2025-10-14",
    "price" : 518.60,
    "dma50" : 510.75,
    "dma100" : 510.62,
    "dma200" : 484.39,
    "volume" : 824350.00
  }, {
    "date" : "2025-10-15",
    "price" : 511.30,
    "dma50" : 510.77,
    "dma100" : 510.78,
    "dma200" : 484.66,
    "volume" : 864039.00
  }, {
    "date" : "2025-10-16",
    "price" : 521.35,
    "dma50" : 511.18,
    "dma100" : 511.12,
    "dma200" : 485.02,
    "volume" : 982359.00
  }, {
    "date" : "2025-10-17",
    "price" : 512.25,
    "dma50" : 511.23,
    "dma100" : 511.24,
    "dma200" : 485.29,
    "volume" : 461344.00
  }, {
    "date" : "2025-10-20",
    "price" : 506.80,
    "dma50" : 511.05,
    "dma100" : 511.40,
    "dma200" : 485.51,
    "volume" : 429666.00
  }, {
    "date" : "2025-10-21",
    "price" : 513.15,
    "dma50" : 511.14,
    "dma100" : 511.39,
    "dma200" : 485.78,
    "volume" : 103214.00
  }, {
    "date" : "2025-10-23",
    "price" : 514.40,
    "dma50" : 511.26,
    "dma100" : 511.30,
    "dma200" : 486.07,
    "volume" : 463058.00
  }, {
    "date" : "2025-10-24",
    "price" : 515.70,
    "dma50" : 511.44,
    "dma100" : 511.26,
    "dma200" : 486.36,
    "volume" : 524959.00
  }, {
    "date" : "2025-10-27",
    "price" : 524.20,
    "dma50" : 511.94,
    "dma100" : 511.33,
    "dma200" : 486.74,
    "volume" : 643586.00
  }, {
    "date" : "2025-10-28",
    "price" : 534.80,
    "dma50" : 512.83,
    "dma100" : 511.45,
    "dma200" : 487.22,
    "volume" : 1562115.00
  }, {
    "date" : "2025-10-29",
    "price" : 580.60,
    "dma50" : 515.49,
    "dma100" : 512.01,
    "dma200" : 488.15,
    "volume" : 9817004.00
  }, {
    "date" : "2025-10-30",
    "price" : 588.85,
    "dma50" : 518.37,
    "dma100" : 512.68,
    "dma200" : 489.15,
    "volume" : 3326624.00
  }, {
    "date" : "2025-10-31",
    "price" : 591.00,
    "dma50" : 521.22,
    "dma100" : 513.35,
    "dma200" : 490.16,
    "volume" : 1193268.00
  }, {
    "date" : "2025-11-03",
    "price" : 583.55,
    "dma50" : 523.66,
    "dma100" : 513.92,
    "dma200" : 491.09,
    "volume" : 1254459.00
  }, {
    "date" : "2025-11-04",
    "price" : 579.70,
    "dma50" : 525.86,
    "dma100" : 514.56,
    "dma200" : 491.97,
    "volume" : 665567.00
  }, {
    "date" : "2025-11-06",
    "price" : 556.65,
    "dma50" : 527.07,
    "dma100" : 515.08,
    "dma200" : 492.62,
    "volume" : 832632.00
  }, {
    "date" : "2025-11-07",
    "price" : 549.50,
    "dma50" : 527.95,
    "dma100" : 515.54,
    "dma200" : 493.18,
    "volume" : 531482.00
  }, {
    "date" : "2025-11-10",
    "price" : 519.30,
    "dma50" : 527.61,
    "dma100" : 515.68,
    "dma200" : 493.44,
    "volume" : 1583849.00
  }, {
    "date" : "2025-11-11",
    "price" : 531.80,
    "dma50" : 527.77,
    "dma100" : 515.98,
    "dma200" : 493.82,
    "volume" : 26313975.00
  }, {
    "date" : "2025-11-12",
    "price" : 522.15,
    "dma50" : 527.55,
    "dma100" : 516.19,
    "dma200" : 494.11,
    "volume" : 2120962.00
  }, {
    "date" : "2025-11-13",
    "price" : 515.25,
    "dma50" : 527.07,
    "dma100" : 516.47,
    "dma200" : 494.32,
    "volume" : 1192498.00
  }, {
    "date" : "2025-11-14",
    "price" : 515.90,
    "dma50" : 526.63,
    "dma100" : 516.74,
    "dma200" : 494.53,
    "volume" : 790847.00
  }, {
    "date" : "2025-11-17",
    "price" : 511.00,
    "dma50" : 526.02,
    "dma100" : 516.91,
    "dma200" : 494.69,
    "volume" : 940429.00
  }, {
    "date" : "2025-11-18",
    "price" : 516.95,
    "dma50" : 525.66,
    "dma100" : 517.17,
    "dma200" : 494.92,
    "volume" : 1740187.00
  }, {
    "date" : "2025-11-19",
    "price" : 520.10,
    "dma50" : 525.44,
    "dma100" : 517.43,
    "dma200" : 495.17,
    "volume" : 821293.00
  }, {
    "date" : "2025-11-20",
    "price" : 513.45,
    "dma50" : 524.97,
    "dma100" : 517.61,
    "dma200" : 495.35,
    "volume" : 688838.00
  }, {
    "date" : "2025-11-21",
    "price" : 503.45,
    "dma50" : 524.13,
    "dma100" : 517.55,
    "dma200" : 495.43,
    "volume" : 628592.00
  }, {
    "date" : "2025-11-24",
    "price" : 496.90,
    "dma50" : 523.06,
    "dma100" : 517.42,
    "dma200" : 495.44,
    "volume" : 562553.00
  }, {
    "date" : "2025-11-25",
    "price" : 525.40,
    "dma50" : 523.15,
    "dma100" : 517.54,
    "dma200" : 495.74,
    "volume" : 7843293.00
  }, {
    "date" : "2025-11-26",
    "price" : 547.65,
    "dma50" : 524.11,
    "dma100" : 517.99,
    "dma200" : 496.26,
    "volume" : 4027378.00
  }, {
    "date" : "2025-11-27",
    "price" : 533.75,
    "dma50" : 524.49,
    "dma100" : 518.27,
    "dma200" : 496.63,
    "volume" : 990754.00
  }, {
    "date" : "2025-11-28",
    "price" : 527.70,
    "dma50" : 524.62,
    "dma100" : 518.49,
    "dma200" : 496.94,
    "volume" : 547658.00
  }, {
    "date" : "2025-12-01",
    "price" : 522.10,
    "dma50" : 524.52,
    "dma100" : 518.82,
    "dma200" : 497.19,
    "volume" : 642279.00
  }, {
    "date" : "2025-12-02",
    "price" : 520.00,
    "dma50" : 524.34,
    "dma100" : 519.08,
    "dma200" : 497.42,
    "volume" : 435005.00
  }, {
    "date" : "2025-12-03",
    "price" : 523.70,
    "dma50" : 524.32,
    "dma100" : 519.38,
    "dma200" : 497.68,
    "volume" : 403907.00
  }, {
    "date" : "2025-12-04",
    "price" : 523.10,
    "dma50" : 524.27,
    "dma100" : 519.60,
    "dma200" : 497.93,
    "volume" : 901222.00
  }, {
    "date" : "2025-12-05",
    "price" : 520.50,
    "dma50" : 524.12,
    "dma100" : 519.75,
    "dma200" : 498.16,
    "volume" : 507717.00
  }, {
    "date" : "2025-12-08",
    "price" : 521.30,
    "dma50" : 524.01,
    "dma100" : 519.65,
    "dma200" : 498.39,
    "volume" : 492761.00
  }, {
    "date" : "2025-12-09",
    "price" : 536.75,
    "dma50" : 524.51,
    "dma100" : 519.70,
    "dma200" : 498.77,
    "volume" : 1046747.00
  }, {
    "date" : "2025-12-10",
    "price" : 547.10,
    "dma50" : 525.40,
    "dma100" : 519.84,
    "dma200" : 499.25,
    "volume" : 1050594.00
  }, {
    "date" : "2025-12-11",
    "price" : 533.25,
    "dma50" : 525.70,
    "dma100" : 519.66,
    "dma200" : 499.59,
    "volume" : 1221437.00
  }, {
    "date" : "2025-12-12",
    "price" : 534.50,
    "dma50" : 526.05,
    "dma100" : 519.62,
    "dma200" : 499.94,
    "volume" : 457239.00
  }, {
    "date" : "2025-12-15",
    "price" : 535.65,
    "dma50" : 526.43,
    "dma100" : 519.59,
    "dma200" : 500.29,
    "volume" : 924141.00
  }, {
    "date" : "2025-12-16",
    "price" : 534.00,
    "dma50" : 526.72,
    "dma100" : 519.52,
    "dma200" : 500.63,
    "volume" : 293213.00
  } ],
  "latestTechnicalAttributes" : {
    "date" : "2025-12-16",
    "price" : 534.00,
    "dma50" : 526.72,
    "dma100" : 519.52,
    "dma200" : 500.63,
    "volume" : 293213.00
  },
  "quarterlyResults" : [ {
    "date" : "2005-03-31",
    "sales" : 128.19,
    "salesGrowthYoY" : null,
    "grossProfitMargin" : 43.64,
    "grossProfit" : 55.94,
    "operatingProfitMargin" : 16.87,
    "operatingProfit" : 21.63,
    "netProfitMargin" : 9.46,
    "netProfit" : 12.13
  }, {
    "date" : "2005-06-30",
    "sales" : 101.23,
    "salesGrowthYoY" : null,
    "grossProfitMargin" : 46.31,
    "grossProfit" : 46.88,
    "operatingProfitMargin" : 19.11,
    "operatingProfit" : 19.35,
    "netProfitMargin" : 6.41,
    "netProfit" : 6.49
  }, {
    "date" : "2005-09-30",
    "sales" : 103.03,
    "salesGrowthYoY" : null,
    "grossProfitMargin" : 54.15,
    "grossProfit" : 55.79,
    "operatingProfitMargin" : 21.76,
    "operatingProfit" : 22.42,
    "netProfitMargin" : 5.54,
    "netProfit" : 5.71
  }, {
    "date" : "2005-12-31",
    "sales" : 127.25,
    "salesGrowthYoY" : null,
    "grossProfitMargin" : 57.31,
    "grossProfit" : 72.93,
    "operatingProfitMargin" : 27.72,
    "operatingProfit" : 35.27,
    "netProfitMargin" : 11.14,
    "netProfit" : 14.18
  }, {
    "date" : "2006-03-31",
    "sales" : 193.76,
    "salesGrowthYoY" : 51.15,
    "grossProfitMargin" : 41.73,
    "grossProfit" : 80.86,
    "operatingProfitMargin" : 17.85,
    "operatingProfit" : 34.59,
    "netProfitMargin" : 6.48,
    "netProfit" : 12.56
  }, {
    "date" : "2006-06-30",
    "sales" : 184.38,
    "salesGrowthYoY" : 82.14,
    "grossProfitMargin" : 42.75,
    "grossProfit" : 78.82,
    "operatingProfitMargin" : 19.36,
    "operatingProfit" : 35.70,
    "netProfitMargin" : 6.01,
    "netProfit" : 11.08
  }, {
    "date" : "2006-09-30",
    "sales" : 201.06,
    "salesGrowthYoY" : 95.15,
    "grossProfitMargin" : 46.34,
    "grossProfit" : 93.17,
    "operatingProfitMargin" : 21.33,
    "operatingProfit" : 42.89,
    "netProfitMargin" : 8.16,
    "netProfit" : 16.41
  }, {
    "date" : "2006-12-31",
    "sales" : 188.06,
    "salesGrowthYoY" : 47.79,
    "grossProfitMargin" : 51.29,
    "grossProfit" : 96.46,
    "operatingProfitMargin" : 20.96,
    "operatingProfit" : 39.42,
    "netProfitMargin" : 8.78,
    "netProfit" : 16.51
  }, {
    "date" : "2007-03-31",
    "sales" : 244.37,
    "salesGrowthYoY" : 26.12,
    "grossProfitMargin" : 44.85,
    "grossProfit" : 109.60,
    "operatingProfitMargin" : 23.07,
    "operatingProfit" : 56.38,
    "netProfitMargin" : 12.22,
    "netProfit" : 29.86
  }, {
    "date" : "2007-06-30",
    "sales" : 224.80,
    "salesGrowthYoY" : 21.92,
    "grossProfitMargin" : 44.54,
    "grossProfit" : 100.13,
    "operatingProfitMargin" : 21.02,
    "operatingProfit" : 47.25,
    "netProfitMargin" : 7.29,
    "netProfit" : 16.39
  }, {
    "date" : "2007-09-30",
    "sales" : 257.73,
    "salesGrowthYoY" : 28.19,
    "grossProfitMargin" : 52.56,
    "grossProfit" : 135.46,
    "operatingProfitMargin" : 32.00,
    "operatingProfit" : 82.47,
    "netProfitMargin" : 13.22,
    "netProfit" : 34.07
  }, {
    "date" : "2007-12-31",
    "sales" : 232.31,
    "salesGrowthYoY" : 23.53,
    "grossProfitMargin" : 59.04,
    "grossProfit" : 137.16,
    "operatingProfitMargin" : 37.50,
    "operatingProfit" : 87.12,
    "netProfitMargin" : 19.28,
    "netProfit" : 44.79
  }, {
    "date" : "2008-03-31",
    "sales" : 231.14,
    "salesGrowthYoY" : -5.41,
    "grossProfitMargin" : 54.77,
    "grossProfit" : 126.60,
    "operatingProfitMargin" : 35.24,
    "operatingProfit" : 81.45,
    "netProfitMargin" : 20.03,
    "netProfit" : 46.30
  }, {
    "date" : "2008-06-30",
    "sales" : 237.29,
    "salesGrowthYoY" : 5.56,
    "grossProfitMargin" : 61.08,
    "grossProfit" : 144.94,
    "operatingProfitMargin" : 37.38,
    "operatingProfit" : 88.70,
    "netProfitMargin" : 20.83,
    "netProfit" : 49.43
  }, {
    "date" : "2008-09-30",
    "sales" : 295.39,
    "salesGrowthYoY" : 14.61,
    "grossProfitMargin" : 58.39,
    "grossProfit" : 172.48,
    "operatingProfitMargin" : 35.53,
    "operatingProfit" : 104.95,
    "netProfitMargin" : 16.96,
    "netProfit" : 50.10
  }, {
    "date" : "2008-12-31",
    "sales" : 242.67,
    "salesGrowthYoY" : 4.46,
    "grossProfitMargin" : 66.00,
    "grossProfit" : 160.16,
    "operatingProfitMargin" : 36.61,
    "operatingProfit" : 88.84,
    "netProfitMargin" : 18.53,
    "netProfit" : 44.97
  }, {
    "date" : "2009-03-31",
    "sales" : 253.65,
    "salesGrowthYoY" : 9.74,
    "grossProfitMargin" : 65.20,
    "grossProfit" : 165.38,
    "operatingProfitMargin" : 36.46,
    "operatingProfit" : 92.48,
    "netProfitMargin" : 16.65,
    "netProfit" : 42.23
  }, {
    "date" : "2009-06-30",
    "sales" : 232.18,
    "salesGrowthYoY" : -2.15,
    "grossProfitMargin" : 60.72,
    "grossProfit" : 140.98,
    "operatingProfitMargin" : 36.41,
    "operatingProfit" : 84.54,
    "netProfitMargin" : 18.03,
    "netProfit" : 41.86
  }, {
    "date" : "2009-09-30",
    "sales" : 273.13,
    "salesGrowthYoY" : -7.54,
    "grossProfitMargin" : 54.46,
    "grossProfit" : 148.75,
    "operatingProfitMargin" : 34.36,
    "operatingProfit" : 93.85,
    "netProfitMargin" : 16.20,
    "netProfit" : 44.25
  }, {
    "date" : "2009-12-31",
    "sales" : 290.28,
    "salesGrowthYoY" : 19.62,
    "grossProfitMargin" : 57.02,
    "grossProfit" : 165.52,
    "operatingProfitMargin" : 32.08,
    "operatingProfit" : 93.12,
    "netProfitMargin" : 15.74,
    "netProfit" : 45.69
  }, {
    "date" : "2010-03-31",
    "sales" : 335.81,
    "salesGrowthYoY" : 32.39,
    "grossProfitMargin" : 43.70,
    "grossProfit" : 146.75,
    "operatingProfitMargin" : 22.60,
    "operatingProfit" : 75.89,
    "netProfitMargin" : 12.49,
    "netProfit" : 41.94
  }, {
    "date" : "2010-06-30",
    "sales" : 222.13,
    "salesGrowthYoY" : -4.33,
    "grossProfitMargin" : 53.35,
    "grossProfit" : 118.51,
    "operatingProfitMargin" : 25.69,
    "operatingProfit" : 57.07,
    "netProfitMargin" : 11.95,
    "netProfit" : 26.54
  }, {
    "date" : "2010-09-30",
    "sales" : 299.63,
    "salesGrowthYoY" : 9.70,
    "grossProfitMargin" : 48.78,
    "grossProfit" : 146.16,
    "operatingProfitMargin" : 18.43,
    "operatingProfit" : 55.22,
    "netProfitMargin" : 8.77,
    "netProfit" : 26.28
  }, {
    "date" : "2010-12-31",
    "sales" : 310.31,
    "salesGrowthYoY" : 6.90,
    "grossProfitMargin" : 45.37,
    "grossProfit" : 140.79,
    "operatingProfitMargin" : 20.38,
    "operatingProfit" : 63.24,
    "netProfitMargin" : 10.68,
    "netProfit" : 33.14
  }, {
    "date" : "2011-03-31",
    "sales" : 281.55,
    "salesGrowthYoY" : -16.16,
    "grossProfitMargin" : 51.47,
    "grossProfit" : 144.91,
    "operatingProfitMargin" : 15.57,
    "operatingProfit" : 43.84,
    "netProfitMargin" : 12.20,
    "netProfit" : 34.35
  }, {
    "date" : "2011-06-30",
    "sales" : 279.66,
    "salesGrowthYoY" : 25.90,
    "grossProfitMargin" : 42.67,
    "grossProfit" : 119.33,
    "operatingProfitMargin" : 14.78,
    "operatingProfit" : 41.33,
    "netProfitMargin" : 6.40,
    "netProfit" : 17.90
  }, {
    "date" : "2011-09-30",
    "sales" : 319.28,
    "salesGrowthYoY" : 6.56,
    "grossProfitMargin" : 40.87,
    "grossProfit" : 130.49,
    "operatingProfitMargin" : 13.83,
    "operatingProfit" : 44.16,
    "netProfitMargin" : 7.61,
    "netProfit" : 24.30
  }, {
    "date" : "2011-12-31",
    "sales" : 418.02,
    "salesGrowthYoY" : 34.71,
    "grossProfitMargin" : 46.75,
    "grossProfit" : 195.42,
    "operatingProfitMargin" : 20.11,
    "operatingProfit" : 84.06,
    "netProfitMargin" : 13.46,
    "netProfit" : 56.27
  }, {
    "date" : "2012-03-31",
    "sales" : 407.64,
    "salesGrowthYoY" : 44.78,
    "grossProfitMargin" : 42.95,
    "grossProfit" : 175.08,
    "operatingProfitMargin" : 17.76,
    "operatingProfit" : 72.40,
    "netProfitMargin" : 13.04,
    "netProfit" : 53.16
  }, {
    "date" : "2012-06-30",
    "sales" : 384.59,
    "salesGrowthYoY" : 37.52,
    "grossProfitMargin" : 52.49,
    "grossProfit" : 201.87,
    "operatingProfitMargin" : 26.81,
    "operatingProfit" : 103.11,
    "netProfitMargin" : 18.07,
    "netProfit" : 69.50
  }, {
    "date" : "2012-09-30",
    "sales" : 440.01,
    "salesGrowthYoY" : 37.81,
    "grossProfitMargin" : 40.56,
    "grossProfit" : 178.47,
    "operatingProfitMargin" : 16.30,
    "operatingProfit" : 71.72,
    "netProfitMargin" : 8.16,
    "netProfit" : 35.90
  }, {
    "date" : "2012-12-31",
    "sales" : 358.11,
    "salesGrowthYoY" : -14.33,
    "grossProfitMargin" : 43.62,
    "grossProfit" : 156.21,
    "operatingProfitMargin" : 14.92,
    "operatingProfit" : 53.43,
    "netProfitMargin" : 6.81,
    "netProfit" : 24.39
  }, {
    "date" : "2013-03-31",
    "sales" : 446.29,
    "salesGrowthYoY" : 9.48,
    "grossProfitMargin" : 42.74,
    "grossProfit" : 190.74,
    "operatingProfitMargin" : 15.34,
    "operatingProfit" : 68.46,
    "netProfitMargin" : 7.39,
    "netProfit" : 32.98
  }, {
    "date" : "2013-06-30",
    "sales" : 235.27,
    "salesGrowthYoY" : -38.83,
    "grossProfitMargin" : 52.52,
    "grossProfit" : 123.56,
    "operatingProfitMargin" : 15.93,
    "operatingProfit" : 37.48,
    "netProfitMargin" : 0.93,
    "netProfit" : 2.19
  }, {
    "date" : "2013-09-30",
    "sales" : 301.93,
    "salesGrowthYoY" : -31.38,
    "grossProfitMargin" : 44.44,
    "grossProfit" : 134.18,
    "operatingProfitMargin" : 15.15,
    "operatingProfit" : 45.74,
    "netProfitMargin" : 3.66,
    "netProfit" : 11.05
  }, {
    "date" : "2013-12-31",
    "sales" : 428.18,
    "salesGrowthYoY" : 19.57,
    "grossProfitMargin" : 49.24,
    "grossProfit" : 210.84,
    "operatingProfitMargin" : 19.86,
    "operatingProfit" : 85.04,
    "netProfitMargin" : 10.86,
    "netProfit" : 46.50
  }, {
    "date" : "2014-03-31",
    "sales" : 501.43,
    "salesGrowthYoY" : 12.36,
    "grossProfitMargin" : 42.32,
    "grossProfit" : 212.21,
    "operatingProfitMargin" : 15.49,
    "operatingProfit" : 77.67,
    "netProfitMargin" : 9.01,
    "netProfit" : 45.18
  }, {
    "date" : "2014-06-30",
    "sales" : 345.90,
    "salesGrowthYoY" : 47.02,
    "grossProfitMargin" : 42.58,
    "grossProfit" : 147.28,
    "operatingProfitMargin" : 16.78,
    "operatingProfit" : 58.04,
    "netProfitMargin" : 6.00,
    "netProfit" : 20.75
  }, {
    "date" : "2014-09-30",
    "sales" : 322.51,
    "salesGrowthYoY" : 6.82,
    "grossProfitMargin" : 40.31,
    "grossProfit" : 130.00,
    "operatingProfitMargin" : 13.04,
    "operatingProfit" : 42.06,
    "netProfitMargin" : 1.73,
    "netProfit" : 5.58
  }, {
    "date" : "2014-12-31",
    "sales" : 279.10,
    "salesGrowthYoY" : -34.82,
    "grossProfitMargin" : 49.89,
    "grossProfit" : 139.24,
    "operatingProfitMargin" : 16.22,
    "operatingProfit" : 45.27,
    "netProfitMargin" : 3.74,
    "netProfit" : 10.44
  }, {
    "date" : "2015-03-31",
    "sales" : 288.96,
    "salesGrowthYoY" : -42.37,
    "grossProfitMargin" : 44.77,
    "grossProfit" : 129.37,
    "operatingProfitMargin" : 13.29,
    "operatingProfit" : 38.40,
    "netProfitMargin" : 1.39,
    "netProfit" : 4.02
  }, {
    "date" : "2015-06-30",
    "sales" : 241.86,
    "salesGrowthYoY" : -30.08,
    "grossProfitMargin" : 41.45,
    "grossProfit" : 100.25,
    "operatingProfitMargin" : 11.01,
    "operatingProfit" : 26.63,
    "netProfitMargin" : -2.91,
    "netProfit" : -7.04
  }, {
    "date" : "2015-09-30",
    "sales" : 249.00,
    "salesGrowthYoY" : -22.79,
    "grossProfitMargin" : 56.84,
    "grossProfit" : 141.53,
    "operatingProfitMargin" : 23.97,
    "operatingProfit" : 59.69,
    "netProfitMargin" : 8.11,
    "netProfit" : 20.19
  }, {
    "date" : "2015-12-31",
    "sales" : 190.83,
    "salesGrowthYoY" : -31.63,
    "grossProfitMargin" : 56.22,
    "grossProfit" : 107.28,
    "operatingProfitMargin" : 20.88,
    "operatingProfit" : 39.85,
    "netProfitMargin" : 3.40,
    "netProfit" : 6.49
  }, {
    "date" : "2016-03-31",
    "sales" : 177.30,
    "salesGrowthYoY" : -38.64,
    "grossProfitMargin" : 43.49,
    "grossProfit" : 77.11,
    "operatingProfitMargin" : 5.79,
    "operatingProfit" : 10.27,
    "netProfitMargin" : -15.29,
    "netProfit" : -27.11
  }, {
    "date" : "2016-06-30",
    "sales" : 166.18,
    "salesGrowthYoY" : -31.29,
    "grossProfitMargin" : 30.50,
    "grossProfit" : 50.68,
    "operatingProfitMargin" : 1.91,
    "operatingProfit" : 3.17,
    "netProfitMargin" : -17.43,
    "netProfit" : -28.97
  }, {
    "date" : "2016-09-30",
    "sales" : 194.01,
    "salesGrowthYoY" : -22.08,
    "grossProfitMargin" : 43.72,
    "grossProfit" : 84.82,
    "operatingProfitMargin" : 9.45,
    "operatingProfit" : 18.33,
    "netProfitMargin" : -7.26,
    "netProfit" : -14.09
  }, {
    "date" : "2016-12-31",
    "sales" : 242.07,
    "salesGrowthYoY" : 26.85,
    "grossProfitMargin" : 44.24,
    "grossProfit" : 107.09,
    "operatingProfitMargin" : 11.96,
    "operatingProfit" : 28.95,
    "netProfitMargin" : -1.45,
    "netProfit" : -3.51
  }, {
    "date" : "2017-03-31",
    "sales" : 257.78,
    "salesGrowthYoY" : 45.39,
    "grossProfitMargin" : 39.39,
    "grossProfit" : 101.54,
    "operatingProfitMargin" : 11.76,
    "operatingProfit" : 30.31,
    "netProfitMargin" : -1.33,
    "netProfit" : -3.43
  }, {
    "date" : "2017-06-30",
    "sales" : 205.36,
    "salesGrowthYoY" : 23.58,
    "grossProfitMargin" : 43.18,
    "grossProfit" : 88.67,
    "operatingProfitMargin" : 11.39,
    "operatingProfit" : 23.39,
    "netProfitMargin" : -4.10,
    "netProfit" : -8.42
  }, {
    "date" : "2017-09-30",
    "sales" : 409.54,
    "salesGrowthYoY" : 111.09,
    "grossProfitMargin" : 63.49,
    "grossProfit" : 260.02,
    "operatingProfitMargin" : 46.33,
    "operatingProfit" : 189.74,
    "netProfitMargin" : 27.75,
    "netProfit" : 113.65
  }, {
    "date" : "2017-12-31",
    "sales" : 842.71,
    "salesGrowthYoY" : 248.13,
    "grossProfitMargin" : 79.09,
    "grossProfit" : 666.50,
    "operatingProfitMargin" : 66.16,
    "operatingProfit" : 557.54,
    "netProfitMargin" : 40.60,
    "netProfit" : 342.14
  }, {
    "date" : "2018-03-31",
    "sales" : 1292.45,
    "salesGrowthYoY" : 401.38,
    "grossProfitMargin" : 84.53,
    "grossProfit" : 1092.51,
    "operatingProfitMargin" : 73.56,
    "operatingProfit" : 950.73,
    "netProfitMargin" : 49.05,
    "netProfit" : 633.95
  }, {
    "date" : "2018-06-30",
    "sales" : 1587.38,
    "salesGrowthYoY" : 672.97,
    "grossProfitMargin" : 84.43,
    "grossProfit" : 1340.22,
    "operatingProfitMargin" : 74.84,
    "operatingProfit" : 1188.00,
    "netProfitMargin" : 48.53,
    "netProfit" : 770.36
  }, {
    "date" : "2018-09-30",
    "sales" : 1793.80,
    "salesGrowthYoY" : 338.00,
    "grossProfitMargin" : 85.33,
    "grossProfit" : 1530.65,
    "operatingProfitMargin" : 76.31,
    "operatingProfit" : 1368.85,
    "netProfitMargin" : 49.55,
    "netProfit" : 888.83
  }, {
    "date" : "2018-12-31",
    "sales" : 1864.99,
    "salesGrowthYoY" : 121.31,
    "grossProfitMargin" : 78.85,
    "grossProfit" : 1470.54,
    "operatingProfitMargin" : 70.43,
    "operatingProfit" : 1313.51,
    "netProfitMargin" : 46.48,
    "netProfit" : 866.85
  }, {
    "date" : "2019-03-31",
    "sales" : 1346.65,
    "salesGrowthYoY" : 4.19,
    "grossProfitMargin" : 70.80,
    "grossProfit" : 953.43,
    "operatingProfitMargin" : 58.52,
    "operatingProfit" : 788.06,
    "netProfitMargin" : 38.94,
    "netProfit" : 524.39
  }, {
    "date" : "2019-06-30",
    "sales" : 816.51,
    "salesGrowthYoY" : -48.56,
    "grossProfitMargin" : 56.99,
    "grossProfit" : 465.33,
    "operatingProfitMargin" : 42.59,
    "operatingProfit" : 347.75,
    "netProfitMargin" : 28.71,
    "netProfit" : 234.42
  }, {
    "date" : "2019-09-30",
    "sales" : 564.38,
    "salesGrowthYoY" : -68.54,
    "grossProfitMargin" : 42.05,
    "grossProfit" : 237.32,
    "operatingProfitMargin" : 24.64,
    "operatingProfit" : 139.06,
    "netProfitMargin" : 31.72,
    "netProfit" : 179.02
  }, {
    "date" : "2019-12-31",
    "sales" : 393.69,
    "salesGrowthYoY" : -78.89,
    "grossProfitMargin" : 21.72,
    "grossProfit" : 85.51,
    "operatingProfitMargin" : 1.20,
    "operatingProfit" : 4.72,
    "netProfitMargin" : 1.51,
    "netProfit" : 5.94
  }, {
    "date" : "2020-03-31",
    "sales" : 374.44,
    "salesGrowthYoY" : -72.19,
    "grossProfitMargin" : -113.11,
    "grossProfit" : -423.53,
    "operatingProfitMargin" : -132.84,
    "operatingProfit" : -497.41,
    "netProfitMargin" : -97.75,
    "netProfit" : -366.02
  }, {
    "date" : "2020-06-30",
    "sales" : 233.29,
    "salesGrowthYoY" : -71.43,
    "grossProfitMargin" : 22.61,
    "grossProfit" : 52.75,
    "operatingProfitMargin" : -4.85,
    "operatingProfit" : -11.31,
    "netProfitMargin" : 4.61,
    "netProfit" : 10.75
  }, {
    "date" : "2020-09-30",
    "sales" : 322.88,
    "salesGrowthYoY" : -42.79,
    "grossProfitMargin" : 12.78,
    "grossProfit" : 41.26,
    "operatingProfitMargin" : -12.97,
    "operatingProfit" : -41.88,
    "netProfitMargin" : -10.50,
    "netProfit" : -33.90
  }, {
    "date" : "2020-12-31",
    "sales" : 319.59,
    "salesGrowthYoY" : -18.82,
    "grossProfitMargin" : 26.11,
    "grossProfit" : 83.44,
    "operatingProfitMargin" : -0.40,
    "operatingProfit" : -1.28,
    "netProfitMargin" : 1.46,
    "netProfit" : 4.67
  }, {
    "date" : "2021-03-31",
    "sales" : 380.48,
    "salesGrowthYoY" : 1.61,
    "grossProfitMargin" : 34.25,
    "grossProfit" : 130.31,
    "operatingProfitMargin" : -1.23,
    "operatingProfit" : -4.68,
    "netProfitMargin" : -1.79,
    "netProfit" : -6.81
  }, {
    "date" : "2021-06-30",
    "sales" : 413.69,
    "salesGrowthYoY" : 77.33,
    "grossProfitMargin" : 42.93,
    "grossProfit" : 177.60,
    "operatingProfitMargin" : 17.50,
    "operatingProfit" : 72.40,
    "netProfitMargin" : 13.49,
    "netProfit" : 55.81
  }, {
    "date" : "2021-09-30",
    "sales" : 517.56,
    "salesGrowthYoY" : 60.29,
    "grossProfitMargin" : 51.25,
    "grossProfit" : 265.25,
    "operatingProfitMargin" : 27.42,
    "operatingProfit" : 141.91,
    "netProfitMargin" : 21.83,
    "netProfit" : 112.98
  }, {
    "date" : "2021-12-31",
    "sales" : 597.30,
    "salesGrowthYoY" : 86.90,
    "grossProfitMargin" : 51.45,
    "grossProfit" : 307.31,
    "operatingProfitMargin" : 26.11,
    "operatingProfit" : 155.96,
    "netProfitMargin" : 18.17,
    "netProfit" : 108.53
  }, {
    "date" : "2022-03-31",
    "sales" : 673.06,
    "salesGrowthYoY" : 76.90,
    "grossProfitMargin" : 52.20,
    "grossProfit" : 351.34,
    "operatingProfitMargin" : 23.31,
    "operatingProfit" : 156.89,
    "netProfitMargin" : 16.83,
    "netProfit" : 113.28
  }, {
    "date" : "2022-06-30",
    "sales" : 721.95,
    "salesGrowthYoY" : 74.51,
    "grossProfitMargin" : 48.93,
    "grossProfit" : 353.25,
    "operatingProfitMargin" : 25.49,
    "operatingProfit" : 184.03,
    "netProfitMargin" : 18.50,
    "netProfit" : 133.56
  }, {
    "date" : "2022-09-30",
    "sales" : 598.14,
    "salesGrowthYoY" : 15.57,
    "grossProfitMargin" : 56.45,
    "grossProfit" : 337.65,
    "operatingProfitMargin" : 29.89,
    "operatingProfit" : 178.78,
    "netProfitMargin" : 21.72,
    "netProfit" : 129.92
  }, {
    "date" : "2022-12-31",
    "sales" : 530.27,
    "salesGrowthYoY" : -11.22,
    "grossProfitMargin" : 50.99,
    "grossProfit" : 270.38,
    "operatingProfitMargin" : 25.09,
    "operatingProfit" : 133.04,
    "netProfitMargin" : 19.39,
    "netProfit" : 102.82
  }, {
    "date" : "2023-03-31",
    "sales" : 616.88,
    "salesGrowthYoY" : -8.35,
    "grossProfitMargin" : 44.56,
    "grossProfit" : 274.88,
    "operatingProfitMargin" : 20.07,
    "operatingProfit" : 123.81,
    "netProfitMargin" : 14.46,
    "netProfit" : 89.20
  }, {
    "date" : "2023-06-30",
    "sales" : 671.43,
    "salesGrowthYoY" : -7.00,
    "grossProfitMargin" : 42.23,
    "grossProfit" : 283.54,
    "operatingProfitMargin" : 22.55,
    "operatingProfit" : 151.41,
    "netProfitMargin" : 14.53,
    "netProfit" : 97.56
  }, {
    "date" : "2023-09-30",
    "sales" : 614.17,
    "salesGrowthYoY" : 2.68,
    "grossProfitMargin" : 42.30,
    "grossProfit" : 259.79,
    "operatingProfitMargin" : 16.68,
    "operatingProfit" : 102.44,
    "netProfitMargin" : 10.06,
    "netProfit" : 61.79
  }, {
    "date" : "2023-12-31",
    "sales" : 562.40,
    "salesGrowthYoY" : 6.06,
    "grossProfitMargin" : 37.21,
    "grossProfit" : 209.27,
    "operatingProfitMargin" : 15.42,
    "operatingProfit" : 86.72,
    "netProfitMargin" : 6.59,
    "netProfit" : 37.06
  }, {
    "date" : "2024-03-31",
    "sales" : 546.90,
    "salesGrowthYoY" : -11.34,
    "grossProfitMargin" : 33.06,
    "grossProfit" : 180.81,
    "operatingProfitMargin" : 7.93,
    "operatingProfit" : 43.37,
    "netProfitMargin" : 6.43,
    "netProfit" : 35.17
  }, {
    "date" : "2024-06-30",
    "sales" : 571.46,
    "salesGrowthYoY" : -14.89,
    "grossProfitMargin" : 36.87,
    "grossProfit" : 210.70,
    "operatingProfitMargin" : 6.79,
    "operatingProfit" : 38.80,
    "netProfitMargin" : 0.45,
    "netProfit" : 2.57
  }, {
    "date" : "2024-09-30",
    "sales" : 567.60,
    "salesGrowthYoY" : -7.58,
    "grossProfitMargin" : 41.74,
    "grossProfit" : 236.92,
    "operatingProfitMargin" : 17.06,
    "operatingProfit" : 96.83,
    "netProfitMargin" : 10.94,
    "netProfit" : 62.10
  }, {
    "date" : "2024-12-31",
    "sales" : 477.07,
    "salesGrowthYoY" : -15.17,
    "grossProfitMargin" : 46.05,
    "grossProfit" : 219.69,
    "operatingProfitMargin" : 16.85,
    "operatingProfit" : 80.39,
    "netProfitMargin" : 20.61,
    "netProfit" : 98.32
  }, {
    "date" : "2025-03-31",
    "sales" : 536.58,
    "salesGrowthYoY" : -1.89,
    "grossProfitMargin" : 46.59,
    "grossProfit" : 249.99,
    "operatingProfitMargin" : -9.07,
    "operatingProfit" : -48.67,
    "netProfitMargin" : -11.50,
    "netProfit" : -61.71
  }, {
    "date" : "2025-06-30",
    "sales" : 612.78,
    "salesGrowthYoY" : 7.23,
    "grossProfitMargin" : 42.56,
    "grossProfit" : 260.80,
    "operatingProfitMargin" : 17.29,
    "operatingProfit" : 105.95,
    "netProfitMargin" : 11.72,
    "netProfit" : 71.82
  }, {
    "date" : "2025-09-30",
    "sales" : 696.85,
    "salesGrowthYoY" : 22.77,
    "grossProfitMargin" : 44.68,
    "grossProfit" : 311.35,
    "operatingProfitMargin" : 17.02,
    "operatingProfit" : 118.60,
    "netProfitMargin" : 18.78,
    "netProfit" : 130.87
  } ],
  "latestQuarterlyResult" : {
    "date" : "2025-09-30",
    "sales" : 696.85,
    "salesGrowthYoY" : 22.77,
    "grossProfitMargin" : 44.68,
    "grossProfit" : 311.35,
    "operatingProfitMargin" : 17.02,
    "operatingProfit" : 118.60,
    "netProfitMargin" : 18.78,
    "netProfit" : 130.87
  },
  "companyScore" : {
    "priceHigherThanDma50" : 5.00,
    "priceHigherThanDma100" : 5.00,
    "priceHigherThanDma200" : 5.00,
    "dma50HigherThanDma100" : 5.00,
    "dma50HigherThanDma200" : 5.00,
    "dma100HigherThanDma200" : 5.00,
    "pricePercentageAboveDma50" : 4.93,
    "pricePercentageAboveDma100" : 4.86,
    "pricePercentageAboveDma200" : 4.67,
    "weeklyVolumeHigherThanYearlyVolume" : 0.00,
    "salesGrowthPercentile" : 12.91,
    "operatingProfitMarginPercentile" : 14.33,
    "netProfitMarginPercentile" : 8.07,
    "totalTechnicalScore" : 44.46,
    "totalFundamentalScore" : 35.31,
    "totalScore" : 79.77
  }
}