{
  "metadata" : {
    "screenerCompanyId" : "1302",
    "companyCode" : "HEIDELBERG",
    "companyName" : "Heidelberg Cem.",
    "screenerCompanyLink" : "https://www.screener.in/company/HEIDELBERG/",
    "screenerTechnicalHistoryLink" : "https://www.screener.in/api/company/1302/chart/?q=Price-DMA50-DMA200-Volume&days=365",
    "screenerQuarterlyResultsLink" : "https://www.screener.in/api/company/1302/chart/?q=GPM-OPM-NPM-Quarter+Sales&days=10000",
    "attributes" : {
      "companyCode" : "HEIDELBERG",
      "companyName" : "Heidelberg Cem.",
      "marketCap" : 3789.00,
      "peRatio" : 29.40,
      "description" : "Heidelberg Cement India is the Indian subsidiary of HeidelbergCement Group, Germany. The Company has its operations in Central India at Damoh (Madhya Pradesh), Jhansi (Uttar Pradesh), and in Southern India at Ammasandra (Karnataka). [1] The company sells under the MyCem and MyCem Power brand. [2]"
    },
    "companyScore" : {
      "priceHigherThanDma50" : 0.00,
      "priceHigherThanDma100" : 0.00,
      "priceHigherThanDma200" : 0.00,
      "dma50HigherThanDma100" : 0.00,
      "dma50HigherThanDma200" : 0.00,
      "dma100HigherThanDma200" : 0.00,
      "pricePercentageAboveDma50" : 5.21,
      "pricePercentageAboveDma100" : 5.52,
      "pricePercentageAboveDma200" : 5.64,
      "weeklyVolumeHigherThanYearlyVolume" : 0.00,
      "salesGrowthPercentile" : 11.39,
      "operatingProfitMarginPercentile" : 11.06,
      "netProfitMarginPercentile" : 7.41,
      "totalTechnicalScore" : 16.37,
      "totalFundamentalScore" : 29.86,
      "totalScore" : 46.23
    }
  },
  "attributes" : {
    "companyCode" : "HEIDELBERG",
    "companyName" : "Heidelberg Cem.",
    "marketCap" : 3789.00,
    "peRatio" : 29.40,
    "description" : "Heidelberg Cement India is the Indian subsidiary of HeidelbergCement Group, Germany. The Company has its operations in Central India at Damoh (Madhya Pradesh), Jhansi (Uttar Pradesh), and in Southern India at Ammasandra (Karnataka). [1] The company sells under the MyCem and MyCem Power brand. [2]"
  },
  "technicalHistory" : [ {
    "date" : "2025-02-03",
    "price" : 216.80,
    "dma50" : 216.94,
    "dma100" : null,
    "dma200" : 216.95,
    "volume" : 146166.00
  }, {
    "date" : "2025-02-04",
    "price" : 219.76,
    "dma50" : 217.05,
    "dma100" : null,
    "dma200" : 216.98,
    "volume" : 110676.00
  }, {
    "date" : "2025-02-05",
    "price" : 219.36,
    "dma50" : 217.14,
    "dma100" : null,
    "dma200" : 217.00,
    "volume" : 85931.00
  }, {
    "date" : "2025-02-06",
    "price" : 220.13,
    "dma50" : 217.26,
    "dma100" : null,
    "dma200" : 217.03,
    "volume" : 82194.00
  }, {
    "date" : "2025-02-07",
    "price" : 217.77,
    "dma50" : 217.28,
    "dma100" : null,
    "dma200" : 217.04,
    "volume" : 56619.00
  }, {
    "date" : "2025-02-10",
    "price" : 213.87,
    "dma50" : 217.14,
    "dma100" : null,
    "dma200" : 217.01,
    "volume" : 76287.00
  }, {
    "date" : "2025-02-11",
    "price" : 207.74,
    "dma50" : 216.78,
    "dma100" : null,
    "dma200" : 216.92,
    "volume" : 119012.00
  }, {
    "date" : "2025-02-12",
    "price" : 206.60,
    "dma50" : 216.38,
    "dma100" : null,
    "dma200" : 216.81,
    "volume" : 135079.00
  }, {
    "date" : "2025-02-13",
    "price" : 204.48,
    "dma50" : 215.91,
    "dma100" : null,
    "dma200" : 216.69,
    "volume" : 86604.00
  }, {
    "date" : "2025-02-14",
    "price" : 198.60,
    "dma50" : 215.23,
    "dma100" : null,
    "dma200" : 216.51,
    "volume" : 156581.00
  }, {
    "date" : "2025-02-17",
    "price" : 199.45,
    "dma50" : 214.61,
    "dma100" : null,
    "dma200" : 216.34,
    "volume" : 128903.00
  }, {
    "date" : "2025-02-18",
    "price" : 195.72,
    "dma50" : 213.87,
    "dma100" : null,
    "dma200" : 216.14,
    "volume" : 93649.00
  }, {
    "date" : "2025-02-19",
    "price" : 200.79,
    "dma50" : 213.36,
    "dma100" : null,
    "dma200" : 215.98,
    "volume" : 126911.00
  }, {
    "date" : "2025-02-20",
    "price" : 203.28,
    "dma50" : 212.96,
    "dma100" : null,
    "dma200" : 215.86,
    "volume" : 66113.00
  }, {
    "date" : "2025-02-21",
    "price" : 202.82,
    "dma50" : 212.57,
    "dma100" : null,
    "dma200" : 215.73,
    "volume" : 70206.00
  }, {
    "date" : "2025-02-24",
    "price" : 199.01,
    "dma50" : 212.03,
    "dma100" : null,
    "dma200" : 215.56,
    "volume" : 87050.00
  }, {
    "date" : "2025-02-25",
    "price" : 197.48,
    "dma50" : 211.46,
    "dma100" : null,
    "dma200" : 215.38,
    "volume" : 60710.00
  }, {
    "date" : "2025-02-27",
    "price" : 197.03,
    "dma50" : 210.90,
    "dma100" : null,
    "dma200" : 215.20,
    "volume" : 103396.00
  }, {
    "date" : "2025-02-28",
    "price" : 192.42,
    "dma50" : 210.17,
    "dma100" : null,
    "dma200" : 214.97,
    "volume" : 321137.00
  }, {
    "date" : "2025-03-03",
    "price" : 190.04,
    "dma50" : 209.38,
    "dma100" : null,
    "dma200" : 214.72,
    "volume" : 86196.00
  }, {
    "date" : "2025-03-04",
    "price" : 200.13,
    "dma50" : 209.02,
    "dma100" : null,
    "dma200" : 214.58,
    "volume" : 235747.00
  }, {
    "date" : "2025-03-05",
    "price" : 201.89,
    "dma50" : 208.74,
    "dma100" : null,
    "dma200" : 214.45,
    "volume" : 74359.00
  }, {
    "date" : "2025-03-06",
    "price" : 204.73,
    "dma50" : 208.58,
    "dma100" : null,
    "dma200" : 214.36,
    "volume" : 181613.00
  }, {
    "date" : "2025-03-07",
    "price" : 199.82,
    "dma50" : 208.24,
    "dma100" : null,
    "dma200" : 214.21,
    "volume" : 284774.00
  }, {
    "date" : "2025-03-10",
    "price" : 196.26,
    "dma50" : 207.77,
    "dma100" : null,
    "dma200" : 214.03,
    "volume" : 88751.00
  }, {
    "date" : "2025-03-11",
    "price" : 193.88,
    "dma50" : 207.23,
    "dma100" : null,
    "dma200" : 213.83,
    "volume" : 75265.00
  }, {
    "date" : "2025-03-12",
    "price" : 191.38,
    "dma50" : 206.60,
    "dma100" : null,
    "dma200" : 213.61,
    "volume" : 89261.00
  }, {
    "date" : "2025-03-13",
    "price" : 193.07,
    "dma50" : 206.07,
    "dma100" : null,
    "dma200" : 213.40,
    "volume" : 70836.00
  }, {
    "date" : "2025-03-17",
    "price" : 188.67,
    "dma50" : 205.39,
    "dma100" : null,
    "dma200" : 213.16,
    "volume" : 81565.00
  }, {
    "date" : "2025-03-18",
    "price" : 191.62,
    "dma50" : 204.85,
    "dma100" : null,
    "dma200" : 212.94,
    "volume" : 186485.00
  }, {
    "date" : "2025-03-19",
    "price" : 193.77,
    "dma50" : 204.42,
    "dma100" : null,
    "dma200" : 212.75,
    "volume" : 116505.00
  }, {
    "date" : "2025-03-20",
    "price" : 193.80,
    "dma50" : 204.00,
    "dma100" : null,
    "dma200" : 212.56,
    "volume" : 109873.00
  }, {
    "date" : "2025-03-21",
    "price" : 195.79,
    "dma50" : 203.68,
    "dma100" : null,
    "dma200" : 212.40,
    "volume" : 209223.00
  }, {
    "date" : "2025-03-24",
    "price" : 194.86,
    "dma50" : 203.33,
    "dma100" : null,
    "dma200" : 212.22,
    "volume" : 148443.00
  }, {
    "date" : "2025-03-25",
    "price" : 196.29,
    "dma50" : 203.06,
    "dma100" : null,
    "dma200" : 212.06,
    "volume" : 528019.00
  }, {
    "date" : "2025-03-26",
    "price" : 196.68,
    "dma50" : 202.81,
    "dma100" : null,
    "dma200" : 211.91,
    "volume" : 386406.00
  }, {
    "date" : "2025-03-27",
    "price" : 197.12,
    "dma50" : 202.58,
    "dma100" : null,
    "dma200" : 211.76,
    "volume" : 225673.00
  }, {
    "date" : "2025-03-28",
    "price" : 197.79,
    "dma50" : 202.39,
    "dma100" : null,
    "dma200" : 211.63,
    "volume" : 134740.00
  }, {
    "date" : "2025-04-01",
    "price" : 197.68,
    "dma50" : 202.21,
    "dma100" : null,
    "dma200" : 211.49,
    "volume" : 73280.00
  }, {
    "date" : "2025-04-02",
    "price" : 198.26,
    "dma50" : 202.06,
    "dma100" : null,
    "dma200" : 211.35,
    "volume" : 82194.00
  }, {
    "date" : "2025-04-03",
    "price" : 201.36,
    "dma50" : 202.03,
    "dma100" : null,
    "dma200" : 211.26,
    "volume" : 158136.00
  }, {
    "date" : "2025-04-04",
    "price" : 193.74,
    "dma50" : 201.70,
    "dma100" : null,
    "dma200" : 211.08,
    "volume" : 148683.00
  }, {
    "date" : "2025-04-07",
    "price" : 185.84,
    "dma50" : 201.08,
    "dma100" : null,
    "dma200" : 210.83,
    "volume" : 231628.00
  }, {
    "date" : "2025-04-08",
    "price" : 191.68,
    "dma50" : 200.71,
    "dma100" : null,
    "dma200" : 210.64,
    "volume" : 121389.00
  }, {
    "date" : "2025-04-09",
    "price" : 194.79,
    "dma50" : 200.48,
    "dma100" : null,
    "dma200" : 210.48,
    "volume" : 83329.00
  }, {
    "date" : "2025-04-11",
    "price" : 194.91,
    "dma50" : 200.26,
    "dma100" : null,
    "dma200" : 210.33,
    "volume" : 83290.00
  }, {
    "date" : "2025-04-15",
    "price" : 200.19,
    "dma50" : 200.26,
    "dma100" : null,
    "dma200" : 210.23,
    "volume" : 105130.00
  }, {
    "date" : "2025-04-16",
    "price" : 199.75,
    "dma50" : 200.24,
    "dma100" : null,
    "dma200" : 210.12,
    "volume" : 106333.00
  }, {
    "date" : "2025-04-17",
    "price" : 199.69,
    "dma50" : 200.22,
    "dma100" : null,
    "dma200" : 210.02,
    "volume" : 50192.00
  }, {
    "date" : "2025-04-21",
    "price" : 201.25,
    "dma50" : 200.26,
    "dma100" : null,
    "dma200" : 209.93,
    "volume" : 123104.00
  }, {
    "date" : "2025-04-22",
    "price" : 200.99,
    "dma50" : 200.29,
    "dma100" : null,
    "dma200" : 209.84,
    "volume" : 62247.00
  }, {
    "date" : "2025-04-23",
    "price" : 199.01,
    "dma50" : 200.24,
    "dma100" : null,
    "dma200" : 209.73,
    "volume" : 105002.00
  }, {
    "date" : "2025-04-24",
    "price" : 199.13,
    "dma50" : 200.19,
    "dma100" : null,
    "dma200" : 209.63,
    "volume" : 160295.00
  }, {
    "date" : "2025-04-25",
    "price" : 194.48,
    "dma50" : 199.97,
    "dma100" : null,
    "dma200" : 209.48,
    "volume" : 167554.00
  }, {
    "date" : "2025-04-28",
    "price" : 194.13,
    "dma50" : 199.74,
    "dma100" : null,
    "dma200" : 209.32,
    "volume" : 78343.00
  }, {
    "date" : "2025-04-29",
    "price" : 195.42,
    "dma50" : 199.57,
    "dma100" : null,
    "dma200" : 209.19,
    "volume" : 97447.00
  }, {
    "date" : "2025-04-30",
    "price" : 191.69,
    "dma50" : 199.26,
    "dma100" : null,
    "dma200" : 209.01,
    "volume" : 104246.00
  }, {
    "date" : "2025-05-02",
    "price" : 191.07,
    "dma50" : 198.94,
    "dma100" : null,
    "dma200" : 208.83,
    "volume" : 74123.00
  }, {
    "date" : "2025-05-05",
    "price" : 192.42,
    "dma50" : 198.68,
    "dma100" : null,
    "dma200" : 208.67,
    "volume" : 116572.00
  }, {
    "date" : "2025-05-06",
    "price" : 190.54,
    "dma50" : 198.37,
    "dma100" : null,
    "dma200" : 208.49,
    "volume" : 62829.00
  }, {
    "date" : "2025-05-07",
    "price" : 189.71,
    "dma50" : 198.03,
    "dma100" : null,
    "dma200" : 208.30,
    "volume" : 78413.00
  }, {
    "date" : "2025-05-08",
    "price" : 188.24,
    "dma50" : 197.64,
    "dma100" : null,
    "dma200" : 208.10,
    "volume" : 53960.00
  }, {
    "date" : "2025-05-09",
    "price" : 187.66,
    "dma50" : 197.25,
    "dma100" : null,
    "dma200" : 207.90,
    "volume" : 78580.00
  }, {
    "date" : "2025-05-12",
    "price" : 195.66,
    "dma50" : 197.19,
    "dma100" : null,
    "dma200" : 207.78,
    "volume" : 112516.00
  }, {
    "date" : "2025-05-13",
    "price" : 195.12,
    "dma50" : 197.11,
    "dma100" : null,
    "dma200" : 207.65,
    "volume" : 66737.00
  }, {
    "date" : "2025-05-14",
    "price" : 198.45,
    "dma50" : 197.16,
    "dma100" : null,
    "dma200" : 207.56,
    "volume" : 81562.00
  }, {
    "date" : "2025-05-15",
    "price" : 198.18,
    "dma50" : 197.20,
    "dma100" : null,
    "dma200" : 207.47,
    "volume" : 84193.00
  }, {
    "date" : "2025-05-16",
    "price" : 199.40,
    "dma50" : 197.29,
    "dma100" : null,
    "dma200" : 207.39,
    "volume" : 73482.00
  }, {
    "date" : "2025-05-19",
    "price" : 198.76,
    "dma50" : 197.34,
    "dma100" : null,
    "dma200" : 207.30,
    "volume" : 68156.00
  }, {
    "date" : "2025-05-20",
    "price" : 195.10,
    "dma50" : 197.26,
    "dma100" : null,
    "dma200" : 207.18,
    "volume" : 80308.00
  }, {
    "date" : "2025-05-21",
    "price" : 195.83,
    "dma50" : 197.20,
    "dma100" : null,
    "dma200" : 207.07,
    "volume" : 72692.00
  }, {
    "date" : "2025-05-22",
    "price" : 198.41,
    "dma50" : 197.25,
    "dma100" : null,
    "dma200" : 206.98,
    "volume" : 484779.00
  }, {
    "date" : "2025-05-23",
    "price" : 201.02,
    "dma50" : 197.40,
    "dma100" : null,
    "dma200" : 206.92,
    "volume" : 163471.00
  }, {
    "date" : "2025-05-26",
    "price" : 202.81,
    "dma50" : 197.61,
    "dma100" : null,
    "dma200" : 206.88,
    "volume" : 225719.00
  }, {
    "date" : "2025-05-27",
    "price" : 200.23,
    "dma50" : 197.71,
    "dma100" : null,
    "dma200" : 206.81,
    "volume" : 226687.00
  }, {
    "date" : "2025-05-28",
    "price" : 201.17,
    "dma50" : 197.85,
    "dma100" : null,
    "dma200" : 206.76,
    "volume" : 74213.00
  }, {
    "date" : "2025-05-29",
    "price" : 199.25,
    "dma50" : 197.90,
    "dma100" : null,
    "dma200" : 206.68,
    "volume" : 310736.00
  }, {
    "date" : "2025-05-30",
    "price" : 197.49,
    "dma50" : 197.89,
    "dma100" : null,
    "dma200" : 206.59,
    "volume" : 2268141.00
  }, {
    "date" : "2025-06-02",
    "price" : 196.59,
    "dma50" : 197.83,
    "dma100" : null,
    "dma200" : 206.49,
    "volume" : 68191.00
  }, {
    "date" : "2025-06-03",
    "price" : 194.20,
    "dma50" : 197.69,
    "dma100" : null,
    "dma200" : 206.37,
    "volume" : 114223.00
  }, {
    "date" : "2025-06-04",
    "price" : 192.94,
    "dma50" : 197.51,
    "dma100" : null,
    "dma200" : 206.24,
    "volume" : 137266.00
  }, {
    "date" : "2025-06-05",
    "price" : 193.72,
    "dma50" : 197.36,
    "dma100" : null,
    "dma200" : 206.11,
    "volume" : 93820.00
  }, {
    "date" : "2025-06-06",
    "price" : 194.93,
    "dma50" : 197.26,
    "dma100" : null,
    "dma200" : 206.00,
    "volume" : 55702.00
  }, {
    "date" : "2025-06-09",
    "price" : 196.33,
    "dma50" : 197.23,
    "dma100" : null,
    "dma200" : 205.90,
    "volume" : 107439.00
  }, {
    "date" : "2025-06-10",
    "price" : 197.47,
    "dma50" : 197.23,
    "dma100" : null,
    "dma200" : 205.82,
    "volume" : 110514.00
  }, {
    "date" : "2025-06-11",
    "price" : 196.83,
    "dma50" : 197.22,
    "dma100" : null,
    "dma200" : 205.73,
    "volume" : 108433.00
  }, {
    "date" : "2025-06-12",
    "price" : 195.51,
    "dma50" : 197.15,
    "dma100" : null,
    "dma200" : 205.63,
    "volume" : 82736.00
  }, {
    "date" : "2025-06-13",
    "price" : 193.19,
    "dma50" : 197.00,
    "dma100" : null,
    "dma200" : 205.51,
    "volume" : 76680.00
  }, {
    "date" : "2025-06-16",
    "price" : 192.96,
    "dma50" : 196.84,
    "dma100" : null,
    "dma200" : 205.38,
    "volume" : 91892.00
  }, {
    "date" : "2025-06-17",
    "price" : 196.62,
    "dma50" : 196.83,
    "dma100" : null,
    "dma200" : 205.29,
    "volume" : 234329.00
  }, {
    "date" : "2025-06-18",
    "price" : 196.91,
    "dma50" : 196.83,
    "dma100" : null,
    "dma200" : 205.21,
    "volume" : 108973.00
  }, {
    "date" : "2025-06-19",
    "price" : 195.50,
    "dma50" : 196.78,
    "dma100" : null,
    "dma200" : 205.11,
    "volume" : 105200.00
  }, {
    "date" : "2025-06-20",
    "price" : 196.16,
    "dma50" : 196.76,
    "dma100" : null,
    "dma200" : 205.02,
    "volume" : 88675.00
  }, {
    "date" : "2025-06-23",
    "price" : 195.18,
    "dma50" : 196.69,
    "dma100" : null,
    "dma200" : 204.93,
    "volume" : 110278.00
  }, {
    "date" : "2025-06-24",
    "price" : 196.33,
    "dma50" : 196.68,
    "dma100" : null,
    "dma200" : 204.84,
    "volume" : 135414.00
  }, {
    "date" : "2025-06-25",
    "price" : 202.53,
    "dma50" : 196.91,
    "dma100" : null,
    "dma200" : 204.82,
    "volume" : 324028.00
  }, {
    "date" : "2025-06-26",
    "price" : 203.52,
    "dma50" : 197.17,
    "dma100" : null,
    "dma200" : 204.81,
    "volume" : 516582.00
  }, {
    "date" : "2025-06-27",
    "price" : 206.43,
    "dma50" : 197.53,
    "dma100" : null,
    "dma200" : 204.82,
    "volume" : 255890.00
  }, {
    "date" : "2025-06-30",
    "price" : 205.62,
    "dma50" : 197.85,
    "dma100" : null,
    "dma200" : 204.83,
    "volume" : 117876.00
  }, {
    "date" : "2025-07-01",
    "price" : 205.35,
    "dma50" : 198.14,
    "dma100" : null,
    "dma200" : 204.83,
    "volume" : 178245.00
  }, {
    "date" : "2025-07-02",
    "price" : 214.54,
    "dma50" : 198.79,
    "dma100" : 198.24,
    "dma200" : 204.93,
    "volume" : 887457.00
  }, {
    "date" : "2025-07-03",
    "price" : 220.04,
    "dma50" : 199.62,
    "dma100" : 198.24,
    "dma200" : 205.08,
    "volume" : 495162.00
  }, {
    "date" : "2025-07-04",
    "price" : 218.63,
    "dma50" : 200.37,
    "dma100" : 198.23,
    "dma200" : 205.22,
    "volume" : 162729.00
  }, {
    "date" : "2025-07-07",
    "price" : 212.58,
    "dma50" : 200.84,
    "dma100" : 198.16,
    "dma200" : 205.29,
    "volume" : 151984.00
  }, {
    "date" : "2025-07-08",
    "price" : 211.92,
    "dma50" : 201.28,
    "dma100" : 198.10,
    "dma200" : 205.36,
    "volume" : 219291.00
  }, {
    "date" : "2025-07-09",
    "price" : 209.48,
    "dma50" : 201.60,
    "dma100" : 198.06,
    "dma200" : 205.40,
    "volume" : 117880.00
  }, {
    "date" : "2025-07-10",
    "price" : 207.58,
    "dma50" : 201.83,
    "dma100" : 198.05,
    "dma200" : 205.42,
    "volume" : 143384.00
  }, {
    "date" : "2025-07-11",
    "price" : 211.78,
    "dma50" : 202.22,
    "dma100" : 198.11,
    "dma200" : 205.48,
    "volume" : 447831.00
  }, {
    "date" : "2025-07-14",
    "price" : 215.24,
    "dma50" : 202.74,
    "dma100" : 198.21,
    "dma200" : 205.58,
    "volume" : 669938.00
  }, {
    "date" : "2025-07-15",
    "price" : 212.88,
    "dma50" : 203.13,
    "dma100" : 198.36,
    "dma200" : 205.65,
    "volume" : 166068.00
  }, {
    "date" : "2025-07-16",
    "price" : 213.13,
    "dma50" : 203.53,
    "dma100" : 198.49,
    "dma200" : 205.73,
    "volume" : 231734.00
  }, {
    "date" : "2025-07-17",
    "price" : 212.25,
    "dma50" : 203.87,
    "dma100" : 198.66,
    "dma200" : 205.79,
    "volume" : 485679.00
  }, {
    "date" : "2025-07-18",
    "price" : 211.99,
    "dma50" : 204.19,
    "dma100" : 198.77,
    "dma200" : 205.85,
    "volume" : 266632.00
  }, {
    "date" : "2025-07-21",
    "price" : 214.17,
    "dma50" : 204.58,
    "dma100" : 198.88,
    "dma200" : 205.94,
    "volume" : 330076.00
  }, {
    "date" : "2025-07-22",
    "price" : 213.58,
    "dma50" : 204.93,
    "dma100" : 198.99,
    "dma200" : 206.01,
    "volume" : 221822.00
  }, {
    "date" : "2025-07-23",
    "price" : 217.58,
    "dma50" : 205.43,
    "dma100" : 199.17,
    "dma200" : 206.13,
    "volume" : 545685.00
  }, {
    "date" : "2025-07-24",
    "price" : 214.64,
    "dma50" : 205.79,
    "dma100" : 199.34,
    "dma200" : 206.21,
    "volume" : 182341.00
  }, {
    "date" : "2025-07-25",
    "price" : 212.43,
    "dma50" : 206.05,
    "dma100" : 199.50,
    "dma200" : 206.27,
    "volume" : 94291.00
  }, {
    "date" : "2025-07-28",
    "price" : 210.22,
    "dma50" : 206.21,
    "dma100" : 199.68,
    "dma200" : 206.31,
    "volume" : 159155.00
  }, {
    "date" : "2025-07-29",
    "price" : 217.70,
    "dma50" : 206.66,
    "dma100" : 199.95,
    "dma200" : 206.43,
    "volume" : 592682.00
  }, {
    "date" : "2025-07-30",
    "price" : 215.81,
    "dma50" : 207.02,
    "dma100" : 200.11,
    "dma200" : 206.52,
    "volume" : 299230.00
  }, {
    "date" : "2025-07-31",
    "price" : 212.90,
    "dma50" : 207.25,
    "dma100" : 200.22,
    "dma200" : 206.58,
    "volume" : 82058.00
  }, {
    "date" : "2025-08-01",
    "price" : 210.80,
    "dma50" : 207.39,
    "dma100" : 200.28,
    "dma200" : 206.62,
    "volume" : 216663.00
  }, {
    "date" : "2025-08-04",
    "price" : 213.17,
    "dma50" : 207.62,
    "dma100" : 200.41,
    "dma200" : 206.69,
    "volume" : 132260.00
  }, {
    "date" : "2025-08-05",
    "price" : 213.57,
    "dma50" : 207.85,
    "dma100" : 200.59,
    "dma200" : 206.76,
    "volume" : 158370.00
  }, {
    "date" : "2025-08-06",
    "price" : 210.32,
    "dma50" : 207.95,
    "dma100" : 200.75,
    "dma200" : 206.79,
    "volume" : 96301.00
  }, {
    "date" : "2025-08-07",
    "price" : 211.17,
    "dma50" : 208.07,
    "dma100" : 200.95,
    "dma200" : 206.84,
    "volume" : 99976.00
  }, {
    "date" : "2025-08-08",
    "price" : 210.24,
    "dma50" : 208.16,
    "dma100" : 201.12,
    "dma200" : 206.87,
    "volume" : 60507.00
  }, {
    "date" : "2025-08-11",
    "price" : 211.59,
    "dma50" : 208.29,
    "dma100" : 201.35,
    "dma200" : 206.92,
    "volume" : 61664.00
  }, {
    "date" : "2025-08-12",
    "price" : 212.47,
    "dma50" : 208.46,
    "dma100" : 201.56,
    "dma200" : 206.97,
    "volume" : 77998.00
  }, {
    "date" : "2025-08-13",
    "price" : 214.98,
    "dma50" : 208.71,
    "dma100" : 201.77,
    "dma200" : 207.05,
    "volume" : 282519.00
  }, {
    "date" : "2025-08-14",
    "price" : 213.78,
    "dma50" : 208.91,
    "dma100" : 201.97,
    "dma200" : 207.12,
    "volume" : 687650.00
  }, {
    "date" : "2025-08-18",
    "price" : 217.99,
    "dma50" : 209.27,
    "dma100" : 202.19,
    "dma200" : 207.23,
    "volume" : 408708.00
  }, {
    "date" : "2025-08-19",
    "price" : 220.02,
    "dma50" : 209.69,
    "dma100" : 202.44,
    "dma200" : 207.36,
    "volume" : 459101.00
  }, {
    "date" : "2025-08-20",
    "price" : 215.20,
    "dma50" : 209.91,
    "dma100" : 202.63,
    "dma200" : 207.43,
    "volume" : 331876.00
  }, {
    "date" : "2025-08-21",
    "price" : 214.73,
    "dma50" : 210.09,
    "dma100" : 202.81,
    "dma200" : 207.51,
    "volume" : 130314.00
  }, {
    "date" : "2025-08-22",
    "price" : 214.19,
    "dma50" : 210.26,
    "dma100" : 202.98,
    "dma200" : 207.57,
    "volume" : 107162.00
  }, {
    "date" : "2025-08-25",
    "price" : 211.72,
    "dma50" : 210.31,
    "dma100" : 203.12,
    "dma200" : 207.61,
    "volume" : 135040.00
  }, {
    "date" : "2025-08-26",
    "price" : 210.84,
    "dma50" : 210.33,
    "dma100" : 203.26,
    "dma200" : 207.65,
    "volume" : 85446.00
  }, {
    "date" : "2025-08-28",
    "price" : 209.67,
    "dma50" : 210.31,
    "dma100" : 203.37,
    "dma200" : 207.67,
    "volume" : 66460.00
  }, {
    "date" : "2025-08-29",
    "price" : 205.53,
    "dma50" : 210.12,
    "dma100" : 203.41,
    "dma200" : 207.64,
    "volume" : 140252.00
  }, {
    "date" : "2025-09-01",
    "price" : 208.18,
    "dma50" : 210.04,
    "dma100" : 203.56,
    "dma200" : 207.65,
    "volume" : 82933.00
  }, {
    "date" : "2025-09-02",
    "price" : 210.40,
    "dma50" : 210.06,
    "dma100" : 203.80,
    "dma200" : 207.68,
    "volume" : 91312.00
  }, {
    "date" : "2025-09-03",
    "price" : 213.76,
    "dma50" : 210.20,
    "dma100" : 204.02,
    "dma200" : 207.74,
    "volume" : 91308.00
  }, {
    "date" : "2025-09-04",
    "price" : 214.85,
    "dma50" : 210.39,
    "dma100" : 204.22,
    "dma200" : 207.81,
    "volume" : 188412.00
  }, {
    "date" : "2025-09-05",
    "price" : 214.38,
    "dma50" : 210.54,
    "dma100" : 204.42,
    "dma200" : 207.87,
    "volume" : 99608.00
  }, {
    "date" : "2025-09-08",
    "price" : 213.43,
    "dma50" : 210.66,
    "dma100" : 204.55,
    "dma200" : 207.93,
    "volume" : 93010.00
  }, {
    "date" : "2025-09-09",
    "price" : 213.71,
    "dma50" : 210.78,
    "dma100" : 204.69,
    "dma200" : 207.99,
    "volume" : 76621.00
  }, {
    "date" : "2025-09-10",
    "price" : 218.96,
    "dma50" : 211.10,
    "dma100" : 204.88,
    "dma200" : 208.10,
    "volume" : 719553.00
  }, {
    "date" : "2025-09-11",
    "price" : 219.53,
    "dma50" : 211.43,
    "dma100" : 205.06,
    "dma200" : 208.21,
    "volume" : 474579.00
  }, {
    "date" : "2025-09-12",
    "price" : 212.31,
    "dma50" : 211.46,
    "dma100" : 205.18,
    "dma200" : 208.25,
    "volume" : 315660.00
  }, {
    "date" : "2025-09-15",
    "price" : 209.18,
    "dma50" : 211.37,
    "dma100" : 205.28,
    "dma200" : 208.26,
    "volume" : 157116.00
  }, {
    "date" : "2025-09-16",
    "price" : 210.60,
    "dma50" : 211.34,
    "dma100" : 205.39,
    "dma200" : 208.28,
    "volume" : 106456.00
  }, {
    "date" : "2025-09-17",
    "price" : 210.82,
    "dma50" : 211.32,
    "dma100" : 205.56,
    "dma200" : 208.31,
    "volume" : 75743.00
  }, {
    "date" : "2025-09-18",
    "price" : 210.98,
    "dma50" : 211.31,
    "dma100" : 205.73,
    "dma200" : 208.33,
    "volume" : 109007.00
  }, {
    "date" : "2025-09-19",
    "price" : 213.29,
    "dma50" : 211.39,
    "dma100" : 205.90,
    "dma200" : 208.38,
    "volume" : 170481.00
  }, {
    "date" : "2025-09-22",
    "price" : 215.31,
    "dma50" : 211.54,
    "dma100" : 206.14,
    "dma200" : 208.45,
    "volume" : 372508.00
  }, {
    "date" : "2025-09-23",
    "price" : 212.76,
    "dma50" : 211.59,
    "dma100" : 206.36,
    "dma200" : 208.50,
    "volume" : 55027.00
  }, {
    "date" : "2025-09-24",
    "price" : 207.32,
    "dma50" : 211.42,
    "dma100" : 206.51,
    "dma200" : 208.48,
    "volume" : 158554.00
  }, {
    "date" : "2025-09-25",
    "price" : 208.11,
    "dma50" : 211.29,
    "dma100" : 206.68,
    "dma200" : 208.48,
    "volume" : 51085.00
  }, {
    "date" : "2025-09-26",
    "price" : 204.25,
    "dma50" : 211.01,
    "dma100" : 206.83,
    "dma200" : 208.44,
    "volume" : 94783.00
  }, {
    "date" : "2025-09-29",
    "price" : 199.83,
    "dma50" : 210.58,
    "dma100" : 206.94,
    "dma200" : 208.35,
    "volume" : 640802.00
  }, {
    "date" : "2025-09-30",
    "price" : 200.79,
    "dma50" : 210.19,
    "dma100" : 207.08,
    "dma200" : 208.28,
    "volume" : 81850.00
  }, {
    "date" : "2025-10-01",
    "price" : 203.22,
    "dma50" : 209.92,
    "dma100" : 207.15,
    "dma200" : 208.23,
    "volume" : 66735.00
  }, {
    "date" : "2025-10-03",
    "price" : 200.93,
    "dma50" : 209.57,
    "dma100" : 207.21,
    "dma200" : 208.15,
    "volume" : 107334.00
  }, {
    "date" : "2025-10-06",
    "price" : 201.94,
    "dma50" : 209.27,
    "dma100" : 207.24,
    "dma200" : 208.09,
    "volume" : 53950.00
  }, {
    "date" : "2025-10-07",
    "price" : 201.66,
    "dma50" : 208.97,
    "dma100" : 207.28,
    "dma200" : 208.03,
    "volume" : 44832.00
  }, {
    "date" : "2025-10-08",
    "price" : 199.98,
    "dma50" : 208.62,
    "dma100" : 207.28,
    "dma200" : 207.95,
    "volume" : 51500.00
  }, {
    "date" : "2025-10-09",
    "price" : 200.76,
    "dma50" : 208.31,
    "dma100" : 207.30,
    "dma200" : 207.88,
    "volume" : 53238.00
  }, {
    "date" : "2025-10-10",
    "price" : 199.81,
    "dma50" : 207.97,
    "dma100" : 207.35,
    "dma200" : 207.80,
    "volume" : 71743.00
  }, {
    "date" : "2025-10-13",
    "price" : 198.67,
    "dma50" : 207.61,
    "dma100" : 207.38,
    "dma200" : 207.71,
    "volume" : 55947.00
  }, {
    "date" : "2025-10-14",
    "price" : 196.56,
    "dma50" : 207.18,
    "dma100" : 207.36,
    "dma200" : 207.60,
    "volume" : 134086.00
  }, {
    "date" : "2025-10-15",
    "price" : 193.77,
    "dma50" : 206.65,
    "dma100" : 207.29,
    "dma200" : 207.46,
    "volume" : 611252.00
  }, {
    "date" : "2025-10-16",
    "price" : 196.14,
    "dma50" : 206.24,
    "dma100" : 207.22,
    "dma200" : 207.34,
    "volume" : 71747.00
  }, {
    "date" : "2025-10-17",
    "price" : 193.43,
    "dma50" : 205.74,
    "dma100" : 207.15,
    "dma200" : 207.21,
    "volume" : 124554.00
  }, {
    "date" : "2025-10-20",
    "price" : 193.40,
    "dma50" : 205.25,
    "dma100" : 207.08,
    "dma200" : 207.07,
    "volume" : 50193.00
  }, {
    "date" : "2025-10-21",
    "price" : 196.34,
    "dma50" : 204.90,
    "dma100" : 207.05,
    "dma200" : 206.96,
    "volume" : 24453.00
  }, {
    "date" : "2025-10-23",
    "price" : 194.74,
    "dma50" : 204.50,
    "dma100" : 207.02,
    "dma200" : 206.84,
    "volume" : 223801.00
  }, {
    "date" : "2025-10-24",
    "price" : 194.37,
    "dma50" : 204.11,
    "dma100" : 207.00,
    "dma200" : 206.72,
    "volume" : 170731.00
  }, {
    "date" : "2025-10-27",
    "price" : 194.37,
    "dma50" : 203.73,
    "dma100" : 207.00,
    "dma200" : 206.59,
    "volume" : 62946.00
  }, {
    "date" : "2025-10-28",
    "price" : 194.50,
    "dma50" : 203.36,
    "dma100" : 207.01,
    "dma200" : 206.47,
    "volume" : 53301.00
  }, {
    "date" : "2025-10-29",
    "price" : 200.24,
    "dma50" : 203.24,
    "dma100" : 207.08,
    "dma200" : 206.41,
    "volume" : 1130119.00
  }, {
    "date" : "2025-10-30",
    "price" : 198.34,
    "dma50" : 203.05,
    "dma100" : 207.11,
    "dma200" : 206.33,
    "volume" : 148516.00
  }, {
    "date" : "2025-10-31",
    "price" : 196.46,
    "dma50" : 202.79,
    "dma100" : 207.12,
    "dma200" : 206.23,
    "volume" : 125446.00
  }, {
    "date" : "2025-11-03",
    "price" : 195.38,
    "dma50" : 202.50,
    "dma100" : 207.09,
    "dma200" : 206.12,
    "volume" : 62098.00
  }, {
    "date" : "2025-11-04",
    "price" : 193.91,
    "dma50" : 202.16,
    "dma100" : 207.07,
    "dma200" : 206.00,
    "volume" : 48470.00
  }, {
    "date" : "2025-11-06",
    "price" : 186.36,
    "dma50" : 201.54,
    "dma100" : 206.97,
    "dma200" : 205.81,
    "volume" : 250042.00
  }, {
    "date" : "2025-11-07",
    "price" : 188.43,
    "dma50" : 201.03,
    "dma100" : 206.93,
    "dma200" : 205.63,
    "volume" : 74447.00
  }, {
    "date" : "2025-11-10",
    "price" : 187.38,
    "dma50" : 200.49,
    "dma100" : 206.87,
    "dma200" : 205.45,
    "volume" : 52308.00
  }, {
    "date" : "2025-11-11",
    "price" : 185.85,
    "dma50" : 199.92,
    "dma100" : 206.76,
    "dma200" : 205.26,
    "volume" : 51840.00
  }, {
    "date" : "2025-11-12",
    "price" : 189.67,
    "dma50" : 199.52,
    "dma100" : 206.69,
    "dma200" : 205.10,
    "volume" : 144547.00
  }, {
    "date" : "2025-11-13",
    "price" : 187.41,
    "dma50" : 199.04,
    "dma100" : 206.61,
    "dma200" : 204.93,
    "volume" : 66594.00
  }, {
    "date" : "2025-11-14",
    "price" : 186.86,
    "dma50" : 198.56,
    "dma100" : 206.52,
    "dma200" : 204.75,
    "volume" : 20932.00
  }, {
    "date" : "2025-11-17",
    "price" : 184.76,
    "dma50" : 198.02,
    "dma100" : 206.41,
    "dma200" : 204.55,
    "volume" : 130021.00
  }, {
    "date" : "2025-11-18",
    "price" : 183.56,
    "dma50" : 197.46,
    "dma100" : 206.28,
    "dma200" : 204.34,
    "volume" : 133791.00
  }, {
    "date" : "2025-11-19",
    "price" : 184.79,
    "dma50" : 196.96,
    "dma100" : 206.11,
    "dma200" : 204.15,
    "volume" : 52360.00
  }, {
    "date" : "2025-11-20",
    "price" : 183.34,
    "dma50" : 196.43,
    "dma100" : 205.91,
    "dma200" : 203.94,
    "volume" : 41145.00
  }, {
    "date" : "2025-11-21",
    "price" : 181.54,
    "dma50" : 195.84,
    "dma100" : 205.66,
    "dma200" : 203.72,
    "volume" : 70943.00
  }, {
    "date" : "2025-11-24",
    "price" : 181.08,
    "dma50" : 195.26,
    "dma100" : 205.41,
    "dma200" : 203.49,
    "volume" : 49249.00
  }, {
    "date" : "2025-11-25",
    "price" : 183.94,
    "dma50" : 194.82,
    "dma100" : 205.20,
    "dma200" : 203.30,
    "volume" : 82012.00
  }, {
    "date" : "2025-11-26",
    "price" : 183.80,
    "dma50" : 194.39,
    "dma100" : 204.89,
    "dma200" : 203.10,
    "volume" : 31181.00
  }, {
    "date" : "2025-11-27",
    "price" : 184.79,
    "dma50" : 194.01,
    "dma100" : 204.54,
    "dma200" : 202.92,
    "volume" : 85521.00
  }, {
    "date" : "2025-11-28",
    "price" : 183.72,
    "dma50" : 193.61,
    "dma100" : 204.19,
    "dma200" : 202.73,
    "volume" : 55945.00
  }, {
    "date" : "2025-12-01",
    "price" : 181.14,
    "dma50" : 193.12,
    "dma100" : 203.87,
    "dma200" : 202.51,
    "volume" : 67745.00
  }, {
    "date" : "2025-12-02",
    "price" : 181.12,
    "dma50" : 192.65,
    "dma100" : 203.57,
    "dma200" : 202.30,
    "volume" : 68815.00
  }, {
    "date" : "2025-12-03",
    "price" : 179.79,
    "dma50" : 192.14,
    "dma100" : 203.27,
    "dma200" : 202.08,
    "volume" : 57187.00
  }, {
    "date" : "2025-12-04",
    "price" : 177.38,
    "dma50" : 191.56,
    "dma100" : 202.97,
    "dma200" : 201.83,
    "volume" : 104197.00
  }, {
    "date" : "2025-12-05",
    "price" : 176.45,
    "dma50" : 190.97,
    "dma100" : 202.61,
    "dma200" : 201.58,
    "volume" : 41954.00
  }, {
    "date" : "2025-12-08",
    "price" : 173.57,
    "dma50" : 190.29,
    "dma100" : 202.20,
    "dma200" : 201.30,
    "volume" : 102096.00
  }, {
    "date" : "2025-12-09",
    "price" : 172.59,
    "dma50" : 189.60,
    "dma100" : 201.79,
    "dma200" : 201.01,
    "volume" : 101627.00
  }, {
    "date" : "2025-12-10",
    "price" : 170.54,
    "dma50" : 188.85,
    "dma100" : 201.37,
    "dma200" : 200.71,
    "volume" : 70370.00
  }, {
    "date" : "2025-12-11",
    "price" : 171.63,
    "dma50" : 188.17,
    "dma100" : 200.96,
    "dma200" : 200.42,
    "volume" : 58029.00
  }, {
    "date" : "2025-12-12",
    "price" : 175.42,
    "dma50" : 187.67,
    "dma100" : 200.60,
    "dma200" : 200.17,
    "volume" : 77310.00
  }, {
    "date" : "2025-12-15",
    "price" : 175.03,
    "dma50" : 187.18,
    "dma100" : 200.20,
    "dma200" : 199.92,
    "volume" : 46948.00
  }, {
    "date" : "2025-12-16",
    "price" : 171.13,
    "dma50" : 186.55,
    "dma100" : 199.78,
    "dma200" : 199.64,
    "volume" : 72583.00
  }, {
    "date" : "2025-12-17",
    "price" : 171.75,
    "dma50" : 185.97,
    "dma100" : 199.32,
    "dma200" : 199.36,
    "volume" : 44058.00
  }, {
    "date" : "2025-12-18",
    "price" : 170.59,
    "dma50" : 185.36,
    "dma100" : 198.88,
    "dma200" : 199.07,
    "volume" : 63817.00
  }, {
    "date" : "2025-12-19",
    "price" : 171.71,
    "dma50" : 184.83,
    "dma100" : 198.47,
    "dma200" : 198.80,
    "volume" : 54615.00
  }, {
    "date" : "2025-12-22",
    "price" : 174.57,
    "dma50" : 184.43,
    "dma100" : 198.12,
    "dma200" : 198.56,
    "volume" : 75840.00
  }, {
    "date" : "2025-12-23",
    "price" : 172.94,
    "dma50" : 183.98,
    "dma100" : 197.67,
    "dma200" : 198.30,
    "volume" : 135753.00
  }, {
    "date" : "2025-12-24",
    "price" : 175.33,
    "dma50" : 183.64,
    "dma100" : 197.27,
    "dma200" : 198.08,
    "volume" : 110334.00
  }, {
    "date" : "2025-12-26",
    "price" : 173.62,
    "dma50" : 183.24,
    "dma100" : 196.87,
    "dma200" : 197.83,
    "volume" : 77732.00
  }, {
    "date" : "2025-12-29",
    "price" : 172.33,
    "dma50" : 182.82,
    "dma100" : 196.49,
    "dma200" : 197.58,
    "volume" : 57070.00
  }, {
    "date" : "2025-12-30",
    "price" : 173.61,
    "dma50" : 182.46,
    "dma100" : 196.09,
    "dma200" : 197.34,
    "volume" : 55166.00
  }, {
    "date" : "2025-12-31",
    "price" : 174.76,
    "dma50" : 182.15,
    "dma100" : 195.70,
    "dma200" : 197.12,
    "volume" : 39879.00
  }, {
    "date" : "2026-01-01",
    "price" : 174.61,
    "dma50" : 181.86,
    "dma100" : 195.35,
    "dma200" : 196.89,
    "volume" : 40962.00
  }, {
    "date" : "2026-01-02",
    "price" : 175.65,
    "dma50" : 181.61,
    "dma100" : 194.99,
    "dma200" : 196.68,
    "volume" : 63974.00
  }, {
    "date" : "2026-01-05",
    "price" : 175.90,
    "dma50" : 181.39,
    "dma100" : 194.65,
    "dma200" : 196.47,
    "volume" : 87403.00
  }, {
    "date" : "2026-01-06",
    "price" : 173.17,
    "dma50" : 181.07,
    "dma100" : 194.26,
    "dma200" : 196.24,
    "volume" : 87132.00
  }, {
    "date" : "2026-01-07",
    "price" : 174.14,
    "dma50" : 180.80,
    "dma100" : 193.88,
    "dma200" : 196.02,
    "volume" : 59539.00
  }, {
    "date" : "2026-01-08",
    "price" : 172.87,
    "dma50" : 180.49,
    "dma100" : 193.46,
    "dma200" : 195.79,
    "volume" : 45026.00
  }, {
    "date" : "2026-01-09",
    "price" : 169.68,
    "dma50" : 180.06,
    "dma100" : 193.02,
    "dma200" : 195.53,
    "volume" : 86829.00
  }, {
    "date" : "2026-01-12",
    "price" : 168.81,
    "dma50" : 179.62,
    "dma100" : 192.53,
    "dma200" : 195.27,
    "volume" : 80523.00
  }, {
    "date" : "2026-01-13",
    "price" : 168.19,
    "dma50" : 179.17,
    "dma100" : 192.01,
    "dma200" : 195.00,
    "volume" : 28192.00
  }, {
    "date" : "2026-01-14",
    "price" : 169.51,
    "dma50" : 178.79,
    "dma100" : 191.55,
    "dma200" : 194.74,
    "volume" : 35583.00
  }, {
    "date" : "2026-01-16",
    "price" : 171.62,
    "dma50" : 178.51,
    "dma100" : 191.12,
    "dma200" : 194.51,
    "volume" : 49158.00
  }, {
    "date" : "2026-01-19",
    "price" : 171.48,
    "dma50" : 178.24,
    "dma100" : 190.69,
    "dma200" : 194.28,
    "volume" : 38474.00
  }, {
    "date" : "2026-01-20",
    "price" : 166.28,
    "dma50" : 177.77,
    "dma100" : 190.24,
    "dma200" : 194.00,
    "volume" : 56664.00
  }, {
    "date" : "2026-01-21",
    "price" : 162.99,
    "dma50" : 177.19,
    "dma100" : 189.76,
    "dma200" : 193.70,
    "volume" : 75553.00
  }, {
    "date" : "2026-01-22",
    "price" : 164.87,
    "dma50" : 176.70,
    "dma100" : 189.31,
    "dma200" : 193.41,
    "volume" : 29097.00
  }, {
    "date" : "2026-01-23",
    "price" : 161.60,
    "dma50" : 176.11,
    "dma100" : 188.87,
    "dma200" : 193.09,
    "volume" : 71891.00
  }, {
    "date" : "2026-01-27",
    "price" : 165.73,
    "dma50" : 175.71,
    "dma100" : 188.45,
    "dma200" : 192.82,
    "volume" : 123591.00
  }, {
    "date" : "2026-01-28",
    "price" : 170.90,
    "dma50" : 175.52,
    "dma100" : 188.05,
    "dma200" : 192.60,
    "volume" : 144167.00
  }, {
    "date" : "2026-01-29",
    "price" : 167.49,
    "dma50" : 175.20,
    "dma100" : 187.59,
    "dma200" : 192.35,
    "volume" : 50547.00
  }, {
    "date" : "2026-01-30",
    "price" : 170.31,
    "dma50" : 175.01,
    "dma100" : 187.15,
    "dma200" : 192.13,
    "volume" : 68870.00
  }, {
    "date" : "2026-02-01",
    "price" : 167.30,
    "dma50" : 174.71,
    "dma100" : 186.67,
    "dma200" : 191.89,
    "volume" : 26626.00
  } ],
  "latestTechnicalAttributes" : {
    "date" : "2026-02-01",
    "price" : 167.30,
    "dma50" : 174.71,
    "dma100" : 186.67,
    "dma200" : 191.89,
    "volume" : 26626.00
  },
  "quarterlyResults" : [ {
    "date" : "2005-03-31",
    "sales" : 102.35,
    "salesGrowthYoY" : null,
    "grossProfitMargin" : 42.43,
    "grossProfit" : 43.43,
    "operatingProfitMargin" : 9.28,
    "operatingProfit" : 9.50,
    "netProfitMargin" : -0.30,
    "netProfit" : -0.31
  }, {
    "date" : "2005-06-30",
    "sales" : 102.80,
    "salesGrowthYoY" : null,
    "grossProfitMargin" : 39.55,
    "grossProfit" : 40.66,
    "operatingProfitMargin" : 6.00,
    "operatingProfit" : 6.17,
    "netProfitMargin" : -9.76,
    "netProfit" : -10.03
  }, {
    "date" : "2005-09-30",
    "sales" : 84.94,
    "salesGrowthYoY" : null,
    "grossProfitMargin" : 31.29,
    "grossProfit" : 26.58,
    "operatingProfitMargin" : -7.97,
    "operatingProfit" : -6.77,
    "netProfitMargin" : -26.47,
    "netProfit" : -22.48
  }, {
    "date" : "2005-12-31",
    "sales" : 95.81,
    "salesGrowthYoY" : null,
    "grossProfitMargin" : 42.89,
    "grossProfit" : 41.09,
    "operatingProfitMargin" : -1.86,
    "operatingProfit" : -1.78,
    "netProfitMargin" : -17.22,
    "netProfit" : -16.50
  }, {
    "date" : "2006-03-31",
    "sales" : 145.17,
    "salesGrowthYoY" : 41.84,
    "grossProfitMargin" : 53.04,
    "grossProfit" : 77.00,
    "operatingProfitMargin" : 11.01,
    "operatingProfit" : 15.98,
    "netProfitMargin" : 8.13,
    "netProfit" : 11.80
  }, {
    "date" : "2006-06-30",
    "sales" : 131.08,
    "salesGrowthYoY" : 27.51,
    "grossProfitMargin" : 58.67,
    "grossProfit" : 76.90,
    "operatingProfitMargin" : 15.11,
    "operatingProfit" : 19.81,
    "netProfitMargin" : 2.78,
    "netProfit" : 3.64
  }, {
    "date" : "2006-09-30",
    "sales" : 151.73,
    "salesGrowthYoY" : 78.63,
    "grossProfitMargin" : 54.73,
    "grossProfit" : 83.04,
    "operatingProfitMargin" : 16.11,
    "operatingProfit" : 24.44,
    "netProfitMargin" : 13.40,
    "netProfit" : 20.33
  }, {
    "date" : "2006-12-31",
    "sales" : 134.17,
    "salesGrowthYoY" : 40.04,
    "grossProfitMargin" : 61.25,
    "grossProfit" : 82.18,
    "operatingProfitMargin" : 9.49,
    "operatingProfit" : 12.73,
    "netProfitMargin" : -47.81,
    "netProfit" : -64.15
  }, {
    "date" : "2007-03-31",
    "sales" : 144.73,
    "salesGrowthYoY" : -0.30,
    "grossProfitMargin" : 62.92,
    "grossProfit" : 91.06,
    "operatingProfitMargin" : 24.13,
    "operatingProfit" : 34.92,
    "netProfitMargin" : 21.97,
    "netProfit" : 31.80
  }, {
    "date" : "2007-06-30",
    "sales" : 162.58,
    "salesGrowthYoY" : 24.03,
    "grossProfitMargin" : 57.53,
    "grossProfit" : 93.53,
    "operatingProfitMargin" : 21.72,
    "operatingProfit" : 35.31,
    "netProfitMargin" : 21.37,
    "netProfit" : 34.74
  }, {
    "date" : "2007-09-30",
    "sales" : 150.60,
    "salesGrowthYoY" : -0.74,
    "grossProfitMargin" : 54.21,
    "grossProfit" : 81.64,
    "operatingProfitMargin" : 18.71,
    "operatingProfit" : 28.18,
    "netProfitMargin" : 17.71,
    "netProfit" : 26.67
  }, {
    "date" : "2007-12-31",
    "sales" : 135.82,
    "salesGrowthYoY" : 1.23,
    "grossProfitMargin" : 57.22,
    "grossProfit" : 77.72,
    "operatingProfitMargin" : 13.97,
    "operatingProfit" : 18.97,
    "netProfitMargin" : 13.68,
    "netProfit" : 18.58
  }, {
    "date" : "2008-03-31",
    "sales" : 189.74,
    "salesGrowthYoY" : 31.10,
    "grossProfitMargin" : 59.51,
    "grossProfit" : 112.91,
    "operatingProfitMargin" : 21.75,
    "operatingProfit" : 41.27,
    "netProfitMargin" : 19.62,
    "netProfit" : 37.23
  }, {
    "date" : "2008-06-30",
    "sales" : 171.46,
    "salesGrowthYoY" : 5.46,
    "grossProfitMargin" : 57.04,
    "grossProfit" : 97.80,
    "operatingProfitMargin" : 16.59,
    "operatingProfit" : 28.45,
    "netProfitMargin" : 13.94,
    "netProfit" : 23.90
  }, {
    "date" : "2008-09-30",
    "sales" : 136.68,
    "salesGrowthYoY" : -9.24,
    "grossProfitMargin" : 55.93,
    "grossProfit" : 76.45,
    "operatingProfitMargin" : 10.44,
    "operatingProfit" : 14.27,
    "netProfitMargin" : 6.99,
    "netProfit" : 9.55
  }, {
    "date" : "2008-12-31",
    "sales" : 293.86,
    "salesGrowthYoY" : 116.36,
    "grossProfitMargin" : 51.80,
    "grossProfit" : 152.22,
    "operatingProfitMargin" : 12.07,
    "operatingProfit" : 35.47,
    "netProfitMargin" : 18.50,
    "netProfit" : 54.36
  }, {
    "date" : "2009-03-31",
    "sales" : 263.16,
    "salesGrowthYoY" : 38.70,
    "grossProfitMargin" : 57.49,
    "grossProfit" : 151.29,
    "operatingProfitMargin" : 21.35,
    "operatingProfit" : 56.18,
    "netProfitMargin" : 18.56,
    "netProfit" : 48.84
  }, {
    "date" : "2009-06-30",
    "sales" : 297.03,
    "salesGrowthYoY" : 73.24,
    "grossProfitMargin" : 62.41,
    "grossProfit" : 185.38,
    "operatingProfitMargin" : 26.32,
    "operatingProfit" : 78.18,
    "netProfitMargin" : 15.80,
    "netProfit" : 46.93
  }, {
    "date" : "2009-09-30",
    "sales" : 216.16,
    "salesGrowthYoY" : 58.15,
    "grossProfitMargin" : 63.45,
    "grossProfit" : 137.15,
    "operatingProfitMargin" : 23.33,
    "operatingProfit" : 50.43,
    "netProfitMargin" : 13.29,
    "netProfit" : 28.73
  }, {
    "date" : "2009-12-31",
    "sales" : 205.48,
    "salesGrowthYoY" : -30.08,
    "grossProfitMargin" : 54.25,
    "grossProfit" : 111.47,
    "operatingProfitMargin" : 15.59,
    "operatingProfit" : 32.03,
    "netProfitMargin" : 9.47,
    "netProfit" : 19.46
  }, {
    "date" : "2010-03-31",
    "sales" : 274.72,
    "salesGrowthYoY" : 4.39,
    "grossProfitMargin" : 61.63,
    "grossProfit" : 169.31,
    "operatingProfitMargin" : 24.51,
    "operatingProfit" : 67.33,
    "netProfitMargin" : 14.65,
    "netProfit" : 40.25
  }, {
    "date" : "2010-06-30",
    "sales" : 248.46,
    "salesGrowthYoY" : -16.35,
    "grossProfitMargin" : 55.62,
    "grossProfit" : 138.19,
    "operatingProfitMargin" : 18.71,
    "operatingProfit" : 46.49,
    "netProfitMargin" : 10.36,
    "netProfit" : 25.74
  }, {
    "date" : "2010-09-30",
    "sales" : 174.91,
    "salesGrowthYoY" : -19.08,
    "grossProfitMargin" : 48.20,
    "grossProfit" : 84.31,
    "operatingProfitMargin" : 6.83,
    "operatingProfit" : 11.95,
    "netProfitMargin" : 1.61,
    "netProfit" : 2.82
  }, {
    "date" : "2010-12-31",
    "sales" : 196.46,
    "salesGrowthYoY" : -4.39,
    "grossProfitMargin" : 49.24,
    "grossProfit" : 96.74,
    "operatingProfitMargin" : 1.10,
    "operatingProfit" : 2.16,
    "netProfitMargin" : -2.79,
    "netProfit" : -5.48
  }, {
    "date" : "2011-03-31",
    "sales" : 278.39,
    "salesGrowthYoY" : 1.34,
    "grossProfitMargin" : 52.82,
    "grossProfit" : 147.05,
    "operatingProfitMargin" : 17.00,
    "operatingProfit" : 47.33,
    "netProfitMargin" : 9.34,
    "netProfit" : 26.00
  }, {
    "date" : "2011-06-30",
    "sales" : 252.73,
    "salesGrowthYoY" : 1.72,
    "grossProfitMargin" : 47.94,
    "grossProfit" : 121.16,
    "operatingProfitMargin" : 10.72,
    "operatingProfit" : 27.09,
    "netProfitMargin" : 5.21,
    "netProfit" : 13.17
  }, {
    "date" : "2011-09-30",
    "sales" : 208.17,
    "salesGrowthYoY" : 19.02,
    "grossProfitMargin" : 38.84,
    "grossProfit" : 80.85,
    "operatingProfitMargin" : -1.60,
    "operatingProfit" : -3.33,
    "netProfitMargin" : -3.92,
    "netProfit" : -8.16
  }, {
    "date" : "2011-12-31",
    "sales" : 260.49,
    "salesGrowthYoY" : 32.59,
    "grossProfitMargin" : 45.08,
    "grossProfit" : 117.43,
    "operatingProfitMargin" : 2.50,
    "operatingProfit" : 6.51,
    "netProfitMargin" : -0.69,
    "netProfit" : -1.80
  }, {
    "date" : "2012-03-31",
    "sales" : 287.69,
    "salesGrowthYoY" : 3.34,
    "grossProfitMargin" : 45.99,
    "grossProfit" : 132.31,
    "operatingProfitMargin" : 9.25,
    "operatingProfit" : 26.61,
    "netProfitMargin" : 3.97,
    "netProfit" : 11.42
  }, {
    "date" : "2012-06-30",
    "sales" : 307.44,
    "salesGrowthYoY" : 21.65,
    "grossProfitMargin" : 49.21,
    "grossProfit" : 151.29,
    "operatingProfitMargin" : 12.84,
    "operatingProfit" : 39.48,
    "netProfitMargin" : 6.27,
    "netProfit" : 19.28
  }, {
    "date" : "2012-09-30",
    "sales" : 256.32,
    "salesGrowthYoY" : 23.13,
    "grossProfitMargin" : 47.48,
    "grossProfit" : 121.70,
    "operatingProfitMargin" : 8.30,
    "operatingProfit" : 21.27,
    "netProfitMargin" : 2.93,
    "netProfit" : 7.51
  }, {
    "date" : "2012-12-31",
    "sales" : 262.43,
    "salesGrowthYoY" : 0.74,
    "grossProfitMargin" : 43.65,
    "grossProfit" : 114.55,
    "operatingProfitMargin" : -0.08,
    "operatingProfit" : -0.21,
    "netProfitMargin" : -2.80,
    "netProfit" : -7.35
  }, {
    "date" : "2013-03-31",
    "sales" : 369.83,
    "salesGrowthYoY" : 28.55,
    "grossProfitMargin" : 49.49,
    "grossProfit" : 183.03,
    "operatingProfitMargin" : 9.95,
    "operatingProfit" : 36.80,
    "netProfitMargin" : 0.59,
    "netProfit" : 2.18
  }, {
    "date" : "2013-06-30",
    "sales" : 365.83,
    "salesGrowthYoY" : 18.99,
    "grossProfitMargin" : 49.82,
    "grossProfit" : 182.26,
    "operatingProfitMargin" : 10.64,
    "operatingProfit" : 38.92,
    "netProfitMargin" : -2.17,
    "netProfit" : -7.94
  }, {
    "date" : "2013-09-30",
    "sales" : 299.00,
    "salesGrowthYoY" : 16.65,
    "grossProfitMargin" : 41.79,
    "grossProfit" : 124.95,
    "operatingProfitMargin" : 4.01,
    "operatingProfit" : 11.99,
    "netProfitMargin" : -9.48,
    "netProfit" : -28.35
  }, {
    "date" : "2013-12-31",
    "sales" : 358.56,
    "salesGrowthYoY" : 36.63,
    "grossProfitMargin" : 46.16,
    "grossProfit" : 165.51,
    "operatingProfitMargin" : 7.56,
    "operatingProfit" : 27.11,
    "netProfitMargin" : -1.85,
    "netProfit" : -6.63
  }, {
    "date" : "2014-03-31",
    "sales" : 410.51,
    "salesGrowthYoY" : 11.00,
    "grossProfitMargin" : 54.23,
    "grossProfit" : 222.62,
    "operatingProfitMargin" : 16.99,
    "operatingProfit" : 69.75,
    "netProfitMargin" : -6.28,
    "netProfit" : -25.78
  }, {
    "date" : "2014-06-30",
    "sales" : 410.51,
    "salesGrowthYoY" : 12.21,
    "grossProfitMargin" : 54.23,
    "grossProfit" : 222.62,
    "operatingProfitMargin" : 16.99,
    "operatingProfit" : 69.75,
    "netProfitMargin" : 2.89,
    "netProfit" : 11.86
  }, {
    "date" : "2014-09-30",
    "sales" : 406.13,
    "salesGrowthYoY" : 35.83,
    "grossProfitMargin" : 50.54,
    "grossProfit" : 205.26,
    "operatingProfitMargin" : 13.88,
    "operatingProfit" : 56.37,
    "netProfitMargin" : 0.38,
    "netProfit" : 1.54
  }, {
    "date" : "2014-12-31",
    "sales" : 418.39,
    "salesGrowthYoY" : 16.69,
    "grossProfitMargin" : 50.43,
    "grossProfit" : 210.99,
    "operatingProfitMargin" : 14.62,
    "operatingProfit" : 61.17,
    "netProfitMargin" : -2.36,
    "netProfit" : -9.87
  }, {
    "date" : "2015-03-31",
    "sales" : 406.26,
    "salesGrowthYoY" : -1.04,
    "grossProfitMargin" : 53.68,
    "grossProfit" : 218.08,
    "operatingProfitMargin" : 16.48,
    "operatingProfit" : 66.95,
    "netProfitMargin" : 2.01,
    "netProfit" : 8.17
  }, {
    "date" : "2015-06-30",
    "sales" : 438.92,
    "salesGrowthYoY" : 6.92,
    "grossProfitMargin" : 49.92,
    "grossProfit" : 219.11,
    "operatingProfitMargin" : 11.82,
    "operatingProfit" : 51.88,
    "netProfitMargin" : 0.78,
    "netProfit" : 3.42
  }, {
    "date" : "2015-09-30",
    "sales" : 402.69,
    "salesGrowthYoY" : -0.85,
    "grossProfitMargin" : 52.01,
    "grossProfit" : 209.44,
    "operatingProfitMargin" : 12.51,
    "operatingProfit" : 50.38,
    "netProfitMargin" : 0.53,
    "netProfit" : 2.13
  }, {
    "date" : "2015-12-31",
    "sales" : 408.01,
    "salesGrowthYoY" : -2.48,
    "grossProfitMargin" : 51.53,
    "grossProfit" : 210.25,
    "operatingProfitMargin" : 15.45,
    "operatingProfit" : 63.04,
    "netProfitMargin" : 2.18,
    "netProfit" : 8.89
  }, {
    "date" : "2016-03-31",
    "sales" : 402.36,
    "salesGrowthYoY" : -0.96,
    "grossProfitMargin" : 56.59,
    "grossProfit" : 227.70,
    "operatingProfitMargin" : 17.28,
    "operatingProfit" : 69.53,
    "netProfitMargin" : 6.17,
    "netProfit" : 24.83
  }, {
    "date" : "2016-06-30",
    "sales" : 469.30,
    "salesGrowthYoY" : 6.92,
    "grossProfitMargin" : 53.13,
    "grossProfit" : 249.34,
    "operatingProfitMargin" : 18.63,
    "operatingProfit" : 87.43,
    "netProfitMargin" : 5.60,
    "netProfit" : 26.28
  }, {
    "date" : "2016-09-30",
    "sales" : 388.75,
    "salesGrowthYoY" : -3.46,
    "grossProfitMargin" : 56.41,
    "grossProfit" : 219.29,
    "operatingProfitMargin" : 16.56,
    "operatingProfit" : 64.38,
    "netProfitMargin" : 4.24,
    "netProfit" : 16.48
  }, {
    "date" : "2016-12-31",
    "sales" : 396.47,
    "salesGrowthYoY" : -2.83,
    "grossProfitMargin" : 52.14,
    "grossProfit" : 206.72,
    "operatingProfitMargin" : 12.05,
    "operatingProfit" : 47.77,
    "netProfitMargin" : 2.29,
    "netProfit" : 9.08
  }, {
    "date" : "2017-03-31",
    "sales" : 462.92,
    "salesGrowthYoY" : 15.05,
    "grossProfitMargin" : 54.47,
    "grossProfit" : 252.15,
    "operatingProfitMargin" : 17.13,
    "operatingProfit" : 79.30,
    "netProfitMargin" : 5.75,
    "netProfit" : 26.62
  }, {
    "date" : "2017-06-30",
    "sales" : 441.03,
    "salesGrowthYoY" : -6.02,
    "grossProfitMargin" : 54.43,
    "grossProfit" : 240.05,
    "operatingProfitMargin" : 15.21,
    "operatingProfit" : 67.08,
    "netProfitMargin" : 3.64,
    "netProfit" : 16.05
  }, {
    "date" : "2017-09-30",
    "sales" : 425.88,
    "salesGrowthYoY" : 9.55,
    "grossProfitMargin" : 58.67,
    "grossProfit" : 249.86,
    "operatingProfitMargin" : 21.91,
    "operatingProfit" : 93.31,
    "netProfitMargin" : 7.81,
    "netProfit" : 33.26
  }, {
    "date" : "2017-12-31",
    "sales" : 491.23,
    "salesGrowthYoY" : 23.90,
    "grossProfitMargin" : 54.92,
    "grossProfit" : 269.78,
    "operatingProfitMargin" : 16.86,
    "operatingProfit" : 82.82,
    "netProfitMargin" : 6.47,
    "netProfit" : 31.78
  }, {
    "date" : "2018-03-31",
    "sales" : 531.33,
    "salesGrowthYoY" : 14.78,
    "grossProfitMargin" : 59.41,
    "grossProfit" : 315.66,
    "operatingProfitMargin" : 22.62,
    "operatingProfit" : 120.19,
    "netProfitMargin" : 9.81,
    "netProfit" : 52.12
  }, {
    "date" : "2018-06-30",
    "sales" : 540.21,
    "salesGrowthYoY" : 22.49,
    "grossProfitMargin" : 58.15,
    "grossProfit" : 314.13,
    "operatingProfitMargin" : 22.09,
    "operatingProfit" : 119.33,
    "netProfitMargin" : 9.46,
    "netProfit" : 51.10
  }, {
    "date" : "2018-09-30",
    "sales" : 485.85,
    "salesGrowthYoY" : 14.08,
    "grossProfitMargin" : 60.57,
    "grossProfit" : 294.28,
    "operatingProfitMargin" : 24.00,
    "operatingProfit" : 116.60,
    "netProfitMargin" : 10.31,
    "netProfit" : 50.09
  }, {
    "date" : "2018-12-31",
    "sales" : 563.90,
    "salesGrowthYoY" : 14.79,
    "grossProfitMargin" : 55.36,
    "grossProfit" : 312.18,
    "operatingProfitMargin" : 21.73,
    "operatingProfit" : 122.54,
    "netProfitMargin" : 10.38,
    "netProfit" : 58.53
  }, {
    "date" : "2019-03-31",
    "sales" : 543.39,
    "salesGrowthYoY" : 2.27,
    "grossProfitMargin" : 59.16,
    "grossProfit" : 321.47,
    "operatingProfitMargin" : 22.99,
    "operatingProfit" : 124.93,
    "netProfitMargin" : 11.21,
    "netProfit" : 60.91
  }, {
    "date" : "2019-06-30",
    "sales" : 589.23,
    "salesGrowthYoY" : 9.07,
    "grossProfitMargin" : 60.21,
    "grossProfit" : 354.78,
    "operatingProfitMargin" : 26.76,
    "operatingProfit" : 157.68,
    "netProfitMargin" : 13.41,
    "netProfit" : 79.02
  }, {
    "date" : "2019-09-30",
    "sales" : 522.16,
    "salesGrowthYoY" : 7.47,
    "grossProfitMargin" : 58.73,
    "grossProfit" : 306.66,
    "operatingProfitMargin" : 23.52,
    "operatingProfit" : 122.81,
    "netProfitMargin" : 11.14,
    "netProfit" : 58.17
  }, {
    "date" : "2019-12-31",
    "sales" : 548.46,
    "salesGrowthYoY" : -2.74,
    "grossProfitMargin" : 59.04,
    "grossProfit" : 323.81,
    "operatingProfitMargin" : 21.88,
    "operatingProfit" : 120.00,
    "netProfitMargin" : 11.78,
    "netProfit" : 64.61
  }, {
    "date" : "2020-03-31",
    "sales" : 509.77,
    "salesGrowthYoY" : -6.19,
    "grossProfitMargin" : 63.19,
    "grossProfit" : 322.12,
    "operatingProfitMargin" : 24.98,
    "operatingProfit" : 127.34,
    "netProfitMargin" : 13.00,
    "netProfit" : 66.27
  }, {
    "date" : "2020-06-30",
    "sales" : 407.70,
    "salesGrowthYoY" : -30.81,
    "grossProfitMargin" : 61.65,
    "grossProfit" : 251.35,
    "operatingProfitMargin" : 26.57,
    "operatingProfit" : 108.33,
    "netProfitMargin" : 12.00,
    "netProfit" : 48.92
  }, {
    "date" : "2020-09-30",
    "sales" : 513.75,
    "salesGrowthYoY" : -1.61,
    "grossProfitMargin" : 60.75,
    "grossProfit" : 312.10,
    "operatingProfitMargin" : 24.52,
    "operatingProfit" : 125.97,
    "netProfitMargin" : 12.15,
    "netProfit" : 62.42
  }, {
    "date" : "2020-12-31",
    "sales" : 595.27,
    "salesGrowthYoY" : 8.53,
    "grossProfitMargin" : 56.24,
    "grossProfit" : 334.78,
    "operatingProfitMargin" : 20.19,
    "operatingProfit" : 120.19,
    "netProfitMargin" : 10.69,
    "netProfit" : 63.63
  }, {
    "date" : "2021-03-31",
    "sales" : 599.95,
    "salesGrowthYoY" : 17.69,
    "grossProfitMargin" : 59.67,
    "grossProfit" : 357.99,
    "operatingProfitMargin" : 25.36,
    "operatingProfit" : 152.15,
    "netProfitMargin" : 23.33,
    "netProfit" : 139.97
  }, {
    "date" : "2021-06-30",
    "sales" : 555.94,
    "salesGrowthYoY" : 36.36,
    "grossProfitMargin" : 56.35,
    "grossProfit" : 313.27,
    "operatingProfitMargin" : 23.58,
    "operatingProfit" : 131.09,
    "netProfitMargin" : 12.35,
    "netProfit" : 68.66
  }, {
    "date" : "2021-09-30",
    "sales" : 576.47,
    "salesGrowthYoY" : 12.21,
    "grossProfitMargin" : 55.58,
    "grossProfit" : 320.40,
    "operatingProfitMargin" : 20.20,
    "operatingProfit" : 116.45,
    "netProfitMargin" : 10.33,
    "netProfit" : 59.55
  }, {
    "date" : "2021-12-31",
    "sales" : 544.52,
    "salesGrowthYoY" : -8.53,
    "grossProfitMargin" : 49.90,
    "grossProfit" : 271.72,
    "operatingProfitMargin" : 12.57,
    "operatingProfit" : 68.45,
    "netProfitMargin" : 5.59,
    "netProfit" : 30.44
  }, {
    "date" : "2022-03-31",
    "sales" : 620.03,
    "salesGrowthYoY" : 3.35,
    "grossProfitMargin" : 51.70,
    "grossProfit" : 320.56,
    "operatingProfitMargin" : 19.12,
    "operatingProfit" : 118.55,
    "netProfitMargin" : 15.10,
    "netProfit" : 93.62
  }, {
    "date" : "2022-06-30",
    "sales" : 589.89,
    "salesGrowthYoY" : 6.11,
    "grossProfitMargin" : 49.20,
    "grossProfit" : 290.23,
    "operatingProfitMargin" : 16.11,
    "operatingProfit" : 95.03,
    "netProfitMargin" : 8.75,
    "netProfit" : 51.62
  }, {
    "date" : "2022-09-30",
    "sales" : 506.05,
    "salesGrowthYoY" : -12.22,
    "grossProfitMargin" : 44.97,
    "grossProfit" : 227.57,
    "operatingProfitMargin" : 9.40,
    "operatingProfit" : 47.57,
    "netProfitMargin" : 1.39,
    "netProfit" : 7.03
  }, {
    "date" : "2022-12-31",
    "sales" : 540.12,
    "salesGrowthYoY" : -0.81,
    "grossProfitMargin" : 45.48,
    "grossProfit" : 245.65,
    "operatingProfitMargin" : 6.87,
    "operatingProfit" : 37.11,
    "netProfitMargin" : 1.03,
    "netProfit" : 5.56
  }, {
    "date" : "2023-03-31",
    "sales" : 602.04,
    "salesGrowthYoY" : -2.90,
    "grossProfitMargin" : 50.00,
    "grossProfit" : 301.02,
    "operatingProfitMargin" : 11.48,
    "operatingProfit" : 69.11,
    "netProfitMargin" : 5.81,
    "netProfit" : 34.98
  }, {
    "date" : "2023-06-30",
    "sales" : 595.64,
    "salesGrowthYoY" : 0.97,
    "grossProfitMargin" : 51.78,
    "grossProfit" : 308.42,
    "operatingProfitMargin" : 15.59,
    "operatingProfit" : 92.86,
    "netProfitMargin" : 8.78,
    "netProfit" : 52.30
  }, {
    "date" : "2023-09-30",
    "sales" : 566.46,
    "salesGrowthYoY" : 11.94,
    "grossProfitMargin" : 51.38,
    "grossProfit" : 291.05,
    "operatingProfitMargin" : 12.27,
    "operatingProfit" : 69.50,
    "netProfitMargin" : 6.32,
    "netProfit" : 35.80
  }, {
    "date" : "2023-12-31",
    "sales" : 607.13,
    "salesGrowthYoY" : 12.41,
    "grossProfitMargin" : 50.60,
    "grossProfit" : 307.21,
    "operatingProfitMargin" : 10.78,
    "operatingProfit" : 65.45,
    "netProfitMargin" : 5.18,
    "netProfit" : 31.45
  }, {
    "date" : "2024-03-31",
    "sales" : 596.55,
    "salesGrowthYoY" : -0.91,
    "grossProfitMargin" : 54.88,
    "grossProfit" : 327.39,
    "operatingProfitMargin" : 14.90,
    "operatingProfit" : 88.89,
    "netProfitMargin" : 8.07,
    "netProfit" : 48.14
  }, {
    "date" : "2024-06-30",
    "sales" : 532.19,
    "salesGrowthYoY" : -10.65,
    "grossProfitMargin" : 56.53,
    "grossProfit" : 300.85,
    "operatingProfitMargin" : 14.66,
    "operatingProfit" : 78.02,
    "netProfitMargin" : 7.50,
    "netProfit" : 39.91
  }, {
    "date" : "2024-09-30",
    "sales" : 461.41,
    "salesGrowthYoY" : -18.54,
    "grossProfitMargin" : 52.66,
    "grossProfit" : 242.98,
    "operatingProfitMargin" : 8.12,
    "operatingProfit" : 37.47,
    "netProfitMargin" : 2.43,
    "netProfit" : 11.21
  }, {
    "date" : "2024-12-31",
    "sales" : 542.82,
    "salesGrowthYoY" : -10.59,
    "grossProfitMargin" : 49.56,
    "grossProfit" : 269.02,
    "operatingProfitMargin" : 6.13,
    "operatingProfit" : 33.27,
    "netProfitMargin" : 0.96,
    "netProfit" : 5.21
  }, {
    "date" : "2025-03-31",
    "sales" : 612.46,
    "salesGrowthYoY" : 2.67,
    "grossProfitMargin" : 54.65,
    "grossProfit" : 334.71,
    "operatingProfitMargin" : 14.80,
    "operatingProfit" : 90.64,
    "netProfitMargin" : 8.24,
    "netProfit" : 50.47
  }, {
    "date" : "2025-06-30",
    "sales" : 597.54,
    "salesGrowthYoY" : 12.28,
    "grossProfitMargin" : 56.36,
    "grossProfit" : 336.77,
    "operatingProfitMargin" : 14.81,
    "operatingProfit" : 88.50,
    "netProfitMargin" : 8.07,
    "netProfit" : 48.22
  }, {
    "date" : "2025-09-30",
    "sales" : 511.66,
    "salesGrowthYoY" : 10.89,
    "grossProfitMargin" : 54.14,
    "grossProfit" : 277.01,
    "operatingProfitMargin" : 11.24,
    "operatingProfit" : 57.51,
    "netProfitMargin" : 4.87,
    "netProfit" : 24.92
  } ],
  "latestQuarterlyResult" : {
    "date" : "2025-09-30",
    "sales" : 511.66,
    "salesGrowthYoY" : 10.89,
    "grossProfitMargin" : 54.14,
    "grossProfit" : 277.01,
    "operatingProfitMargin" : 11.24,
    "operatingProfit" : 57.51,
    "netProfitMargin" : 4.87,
    "netProfit" : 24.92
  },
  "companyScore" : {
    "priceHigherThanDma50" : 0.00,
    "priceHigherThanDma100" : 0.00,
    "priceHigherThanDma200" : 0.00,
    "dma50HigherThanDma100" : 0.00,
    "dma50HigherThanDma200" : 0.00,
    "dma100HigherThanDma200" : 0.00,
    "pricePercentageAboveDma50" : 5.21,
    "pricePercentageAboveDma100" : 5.52,
    "pricePercentageAboveDma200" : 5.64,
    "weeklyVolumeHigherThanYearlyVolume" : 0.00,
    "salesGrowthPercentile" : 11.39,
    "operatingProfitMarginPercentile" : 11.06,
    "netProfitMarginPercentile" : 7.41,
    "totalTechnicalScore" : 16.37,
    "totalFundamentalScore" : 29.86,
    "totalScore" : 46.23
  }
}