{
  "metadata" : {
    "screenerCompanyId" : "1331",
    "companyCode" : "HGS",
    "companyName" : "Hinduja Global",
    "screenerCompanyLink" : "https://www.screener.in/company/HGS",
    "screenerTechnicalHistoryLink" : "https://www.screener.in/api/company/1331/chart/?q=Price-DMA50-DMA200-Volume&days=365",
    "screenerQuarterlyResultsLink" : "https://www.screener.in/api/company/1331/chart/?q=GPM-OPM-NPM-Quarter+Sales&days=10000",
    "attributes" : {
      "companyCode" : "HGS",
      "companyName" : "Hinduja Global",
      "marketCap" : 2256.00,
      "peRatio" : 0.00,
      "description" : "Hinduja Global Solutions Ltd is engaged in the business of business process management (BPM). It offers voice and non-voice based services such as contact center solutions and back office transaction processing across the globe.[1] The company is a part of Hinduja Group which has presence in Automotive, information Technology, media, entertainment & communications, infrastructure project, development, oil & specialty chemicals, power, real estate and healthcare. It employs ~200,000 people globally.[2]"
    },
    "companyScore" : {
      "priceHigherThanDma50" : 0.00,
      "priceHigherThanDma100" : 0.00,
      "priceHigherThanDma200" : 0.00,
      "dma50HigherThanDma100" : 0.00,
      "dma50HigherThanDma200" : 0.00,
      "dma100HigherThanDma200" : 0.00,
      "pricePercentageAboveDma50" : 5.22,
      "pricePercentageAboveDma100" : 5.41,
      "pricePercentageAboveDma200" : 5.64,
      "weeklyVolumeHigherThanYearlyVolume" : 0.00,
      "salesGrowthPercentile" : 8.57,
      "operatingProfitMarginPercentile" : 6.62,
      "netProfitMarginPercentile" : 2.35,
      "totalTechnicalScore" : 16.27,
      "totalFundamentalScore" : 17.54,
      "totalScore" : 33.81
    }
  },
  "attributes" : {
    "companyCode" : "HGS",
    "companyName" : "Hinduja Global",
    "marketCap" : 2256.00,
    "peRatio" : 0.00,
    "description" : "Hinduja Global Solutions Ltd is engaged in the business of business process management (BPM). It offers voice and non-voice based services such as contact center solutions and back office transaction processing across the globe.[1] The company is a part of Hinduja Group which has presence in Automotive, information Technology, media, entertainment & communications, infrastructure project, development, oil & specialty chemicals, power, real estate and healthcare. It employs ~200,000 people globally.[2]"
  },
  "technicalHistory" : [ {
    "date" : "2024-11-29",
    "price" : 691.70,
    "dma50" : 747.25,
    "dma100" : null,
    "dma200" : 835.18,
    "volume" : 65865.00
  }, {
    "date" : "2024-12-02",
    "price" : 710.95,
    "dma50" : 745.82,
    "dma100" : null,
    "dma200" : 833.94,
    "volume" : 104657.00
  }, {
    "date" : "2024-12-03",
    "price" : 714.20,
    "dma50" : 744.58,
    "dma100" : null,
    "dma200" : 832.75,
    "volume" : 110734.00
  }, {
    "date" : "2024-12-04",
    "price" : 732.50,
    "dma50" : 744.11,
    "dma100" : null,
    "dma200" : 831.75,
    "volume" : 73264.00
  }, {
    "date" : "2024-12-05",
    "price" : 730.45,
    "dma50" : 743.57,
    "dma100" : null,
    "dma200" : 830.74,
    "volume" : 37016.00
  }, {
    "date" : "2024-12-06",
    "price" : 738.75,
    "dma50" : 743.38,
    "dma100" : null,
    "dma200" : 829.83,
    "volume" : 41492.00
  }, {
    "date" : "2024-12-09",
    "price" : 728.85,
    "dma50" : 742.81,
    "dma100" : null,
    "dma200" : 828.82,
    "volume" : 32668.00
  }, {
    "date" : "2024-12-10",
    "price" : 725.35,
    "dma50" : 742.13,
    "dma100" : null,
    "dma200" : 827.79,
    "volume" : 19109.00
  }, {
    "date" : "2024-12-11",
    "price" : 741.70,
    "dma50" : 742.11,
    "dma100" : null,
    "dma200" : 826.94,
    "volume" : 97692.00
  }, {
    "date" : "2024-12-12",
    "price" : 738.50,
    "dma50" : 741.97,
    "dma100" : null,
    "dma200" : 826.06,
    "volume" : 32633.00
  }, {
    "date" : "2024-12-13",
    "price" : 730.75,
    "dma50" : 741.53,
    "dma100" : null,
    "dma200" : 825.11,
    "volume" : 24637.00
  }, {
    "date" : "2024-12-16",
    "price" : 721.75,
    "dma50" : 740.75,
    "dma100" : null,
    "dma200" : 824.08,
    "volume" : 22395.00
  }, {
    "date" : "2024-12-17",
    "price" : 716.25,
    "dma50" : 739.79,
    "dma100" : null,
    "dma200" : 823.01,
    "volume" : 14320.00
  }, {
    "date" : "2024-12-18",
    "price" : 703.90,
    "dma50" : 738.39,
    "dma100" : null,
    "dma200" : 821.82,
    "volume" : 27766.00
  }, {
    "date" : "2024-12-19",
    "price" : 699.25,
    "dma50" : 736.85,
    "dma100" : null,
    "dma200" : 820.60,
    "volume" : 20136.00
  }, {
    "date" : "2024-12-20",
    "price" : 694.30,
    "dma50" : 735.18,
    "dma100" : null,
    "dma200" : 819.34,
    "volume" : 65497.00
  }, {
    "date" : "2024-12-23",
    "price" : 689.05,
    "dma50" : 733.37,
    "dma100" : null,
    "dma200" : 818.05,
    "volume" : 20621.00
  }, {
    "date" : "2024-12-24",
    "price" : 692.30,
    "dma50" : 731.76,
    "dma100" : null,
    "dma200" : 816.80,
    "volume" : 30395.00
  }, {
    "date" : "2024-12-26",
    "price" : 689.30,
    "dma50" : 730.10,
    "dma100" : null,
    "dma200" : 815.53,
    "volume" : 13901.00
  }, {
    "date" : "2024-12-27",
    "price" : 685.85,
    "dma50" : 728.36,
    "dma100" : null,
    "dma200" : 814.24,
    "volume" : 13303.00
  }, {
    "date" : "2024-12-30",
    "price" : 683.40,
    "dma50" : 726.60,
    "dma100" : null,
    "dma200" : 812.94,
    "volume" : 14881.00
  }, {
    "date" : "2024-12-31",
    "price" : 694.80,
    "dma50" : 725.35,
    "dma100" : null,
    "dma200" : 811.76,
    "volume" : 25403.00
  }, {
    "date" : "2025-01-01",
    "price" : 708.00,
    "dma50" : 724.67,
    "dma100" : null,
    "dma200" : 810.73,
    "volume" : 19639.00
  }, {
    "date" : "2025-01-02",
    "price" : 700.50,
    "dma50" : 723.72,
    "dma100" : null,
    "dma200" : 809.63,
    "volume" : 10699.00
  }, {
    "date" : "2025-01-03",
    "price" : 697.35,
    "dma50" : 722.69,
    "dma100" : null,
    "dma200" : 808.51,
    "volume" : 19381.00
  }, {
    "date" : "2025-01-06",
    "price" : 676.05,
    "dma50" : 720.86,
    "dma100" : null,
    "dma200" : 807.20,
    "volume" : 18329.00
  }, {
    "date" : "2025-01-07",
    "price" : 680.55,
    "dma50" : 719.28,
    "dma100" : null,
    "dma200" : 805.94,
    "volume" : 14206.00
  }, {
    "date" : "2025-01-08",
    "price" : 686.90,
    "dma50" : 718.01,
    "dma100" : null,
    "dma200" : 804.75,
    "volume" : 16629.00
  }, {
    "date" : "2025-01-09",
    "price" : 675.05,
    "dma50" : 716.33,
    "dma100" : null,
    "dma200" : 803.46,
    "volume" : 18071.00
  }, {
    "date" : "2025-01-10",
    "price" : 660.50,
    "dma50" : 714.14,
    "dma100" : null,
    "dma200" : 802.04,
    "volume" : 20608.00
  }, {
    "date" : "2025-01-13",
    "price" : 634.05,
    "dma50" : 711.00,
    "dma100" : null,
    "dma200" : 800.37,
    "volume" : 22260.00
  }, {
    "date" : "2025-01-14",
    "price" : 643.10,
    "dma50" : 708.33,
    "dma100" : null,
    "dma200" : 798.80,
    "volume" : 18193.00
  }, {
    "date" : "2025-01-15",
    "price" : 641.45,
    "dma50" : 705.71,
    "dma100" : null,
    "dma200" : 797.24,
    "volume" : 15126.00
  }, {
    "date" : "2025-01-16",
    "price" : 645.60,
    "dma50" : 703.35,
    "dma100" : null,
    "dma200" : 795.73,
    "volume" : 18195.00
  }, {
    "date" : "2025-01-17",
    "price" : 642.95,
    "dma50" : 700.98,
    "dma100" : null,
    "dma200" : 794.21,
    "volume" : 13823.00
  }, {
    "date" : "2025-01-20",
    "price" : 647.70,
    "dma50" : 698.89,
    "dma100" : null,
    "dma200" : 792.75,
    "volume" : 20842.00
  }, {
    "date" : "2025-01-21",
    "price" : 639.00,
    "dma50" : 696.55,
    "dma100" : null,
    "dma200" : 791.22,
    "volume" : 19566.00
  }, {
    "date" : "2025-01-22",
    "price" : 627.95,
    "dma50" : 693.86,
    "dma100" : null,
    "dma200" : 789.60,
    "volume" : 22740.00
  }, {
    "date" : "2025-01-23",
    "price" : 628.60,
    "dma50" : 691.30,
    "dma100" : null,
    "dma200" : 787.99,
    "volume" : 14025.00
  }, {
    "date" : "2025-01-24",
    "price" : 629.60,
    "dma50" : 688.88,
    "dma100" : null,
    "dma200" : 786.42,
    "volume" : 16215.00
  }, {
    "date" : "2025-01-27",
    "price" : 611.70,
    "dma50" : 685.85,
    "dma100" : null,
    "dma200" : 784.68,
    "volume" : 16834.00
  }, {
    "date" : "2025-01-28",
    "price" : 606.65,
    "dma50" : 682.74,
    "dma100" : null,
    "dma200" : 782.91,
    "volume" : 25787.00
  }, {
    "date" : "2025-01-29",
    "price" : 613.00,
    "dma50" : 680.01,
    "dma100" : null,
    "dma200" : 781.22,
    "volume" : 14398.00
  }, {
    "date" : "2025-01-30",
    "price" : 614.15,
    "dma50" : 677.43,
    "dma100" : null,
    "dma200" : 779.55,
    "volume" : 12482.00
  }, {
    "date" : "2025-01-31",
    "price" : 621.75,
    "dma50" : 675.24,
    "dma100" : null,
    "dma200" : 777.98,
    "volume" : 12551.00
  }, {
    "date" : "2025-02-01",
    "price" : 626.90,
    "dma50" : 673.35,
    "dma100" : null,
    "dma200" : 776.48,
    "volume" : 9330.00
  }, {
    "date" : "2025-02-03",
    "price" : 615.95,
    "dma50" : 671.10,
    "dma100" : null,
    "dma200" : 774.88,
    "volume" : 7687.00
  }, {
    "date" : "2025-02-04",
    "price" : 621.85,
    "dma50" : 669.17,
    "dma100" : null,
    "dma200" : 773.36,
    "volume" : 10709.00
  }, {
    "date" : "2025-02-05",
    "price" : 621.10,
    "dma50" : 667.28,
    "dma100" : null,
    "dma200" : 771.85,
    "volume" : 21738.00
  }, {
    "date" : "2025-02-06",
    "price" : 624.05,
    "dma50" : 665.59,
    "dma100" : null,
    "dma200" : 770.38,
    "volume" : 12560.00
  }, {
    "date" : "2025-02-07",
    "price" : 615.35,
    "dma50" : 663.62,
    "dma100" : null,
    "dma200" : 768.83,
    "volume" : 11994.00
  }, {
    "date" : "2025-02-10",
    "price" : 602.95,
    "dma50" : 661.24,
    "dma100" : null,
    "dma200" : 767.18,
    "volume" : 23498.00
  }, {
    "date" : "2025-02-11",
    "price" : 584.20,
    "dma50" : 658.22,
    "dma100" : null,
    "dma200" : 765.36,
    "volume" : 24976.00
  }, {
    "date" : "2025-02-12",
    "price" : 572.20,
    "dma50" : 654.84,
    "dma100" : null,
    "dma200" : 763.44,
    "volume" : 31962.00
  }, {
    "date" : "2025-02-13",
    "price" : 566.60,
    "dma50" : 651.38,
    "dma100" : null,
    "dma200" : 761.48,
    "volume" : 19598.00
  }, {
    "date" : "2025-02-14",
    "price" : 594.00,
    "dma50" : 649.13,
    "dma100" : null,
    "dma200" : 759.81,
    "volume" : 134277.00
  }, {
    "date" : "2025-02-17",
    "price" : 578.00,
    "dma50" : 646.34,
    "dma100" : null,
    "dma200" : 758.01,
    "volume" : 42307.00
  }, {
    "date" : "2025-02-18",
    "price" : 569.05,
    "dma50" : 643.31,
    "dma100" : null,
    "dma200" : 756.13,
    "volume" : 46082.00
  }, {
    "date" : "2025-02-19",
    "price" : 579.55,
    "dma50" : 640.81,
    "dma100" : null,
    "dma200" : 754.37,
    "volume" : 24665.00
  }, {
    "date" : "2025-02-20",
    "price" : 579.75,
    "dma50" : 638.42,
    "dma100" : null,
    "dma200" : 752.63,
    "volume" : 15933.00
  }, {
    "date" : "2025-02-21",
    "price" : 574.50,
    "dma50" : 635.91,
    "dma100" : null,
    "dma200" : 750.86,
    "volume" : 15282.00
  }, {
    "date" : "2025-02-24",
    "price" : 562.50,
    "dma50" : 633.03,
    "dma100" : null,
    "dma200" : 748.98,
    "volume" : 18098.00
  }, {
    "date" : "2025-02-25",
    "price" : 558.15,
    "dma50" : 630.09,
    "dma100" : null,
    "dma200" : 747.09,
    "volume" : 33104.00
  }, {
    "date" : "2025-02-27",
    "price" : 538.40,
    "dma50" : 626.50,
    "dma100" : null,
    "dma200" : 745.01,
    "volume" : 34531.00
  }, {
    "date" : "2025-02-28",
    "price" : 526.75,
    "dma50" : 622.59,
    "dma100" : null,
    "dma200" : 742.84,
    "volume" : 31669.00
  }, {
    "date" : "2025-03-03",
    "price" : 521.70,
    "dma50" : 618.63,
    "dma100" : null,
    "dma200" : 740.64,
    "volume" : 43242.00
  }, {
    "date" : "2025-03-04",
    "price" : 512.80,
    "dma50" : 614.48,
    "dma100" : null,
    "dma200" : 738.37,
    "volume" : 30210.00
  }, {
    "date" : "2025-03-05",
    "price" : 527.15,
    "dma50" : 611.06,
    "dma100" : null,
    "dma200" : 736.27,
    "volume" : 32283.00
  }, {
    "date" : "2025-03-06",
    "price" : 535.05,
    "dma50" : 608.07,
    "dma100" : null,
    "dma200" : 734.27,
    "volume" : 38963.00
  }, {
    "date" : "2025-03-07",
    "price" : 531.45,
    "dma50" : 605.07,
    "dma100" : null,
    "dma200" : 732.25,
    "volume" : 49832.00
  }, {
    "date" : "2025-03-10",
    "price" : 518.70,
    "dma50" : 601.68,
    "dma100" : null,
    "dma200" : 730.12,
    "volume" : 25547.00
  }, {
    "date" : "2025-03-11",
    "price" : 497.35,
    "dma50" : 597.59,
    "dma100" : null,
    "dma200" : 727.81,
    "volume" : 80956.00
  }, {
    "date" : "2025-03-12",
    "price" : 488.15,
    "dma50" : 593.30,
    "dma100" : null,
    "dma200" : 725.42,
    "volume" : 99492.00
  }, {
    "date" : "2025-03-13",
    "price" : 488.05,
    "dma50" : 589.17,
    "dma100" : null,
    "dma200" : 723.06,
    "volume" : 47249.00
  }, {
    "date" : "2025-03-17",
    "price" : 488.80,
    "dma50" : 585.24,
    "dma100" : null,
    "dma200" : 720.73,
    "volume" : 71735.00
  }, {
    "date" : "2025-03-18",
    "price" : 495.60,
    "dma50" : 581.72,
    "dma100" : null,
    "dma200" : 718.49,
    "volume" : 86238.00
  }, {
    "date" : "2025-03-19",
    "price" : 509.65,
    "dma50" : 578.89,
    "dma100" : null,
    "dma200" : 716.41,
    "volume" : 55535.00
  }, {
    "date" : "2025-03-20",
    "price" : 521.95,
    "dma50" : 576.66,
    "dma100" : null,
    "dma200" : 714.48,
    "volume" : 65454.00
  }, {
    "date" : "2025-03-21",
    "price" : 525.40,
    "dma50" : 574.65,
    "dma100" : null,
    "dma200" : 712.59,
    "volume" : 73771.00
  }, {
    "date" : "2025-03-24",
    "price" : 522.65,
    "dma50" : 572.61,
    "dma100" : null,
    "dma200" : 710.70,
    "volume" : 105887.00
  }, {
    "date" : "2025-03-25",
    "price" : 478.50,
    "dma50" : 568.92,
    "dma100" : null,
    "dma200" : 708.39,
    "volume" : 252108.00
  }, {
    "date" : "2025-03-26",
    "price" : 462.65,
    "dma50" : 564.75,
    "dma100" : null,
    "dma200" : 705.95,
    "volume" : 185981.00
  }, {
    "date" : "2025-03-27",
    "price" : 464.35,
    "dma50" : 560.82,
    "dma100" : null,
    "dma200" : 703.54,
    "volume" : 134067.00
  }, {
    "date" : "2025-03-28",
    "price" : 465.55,
    "dma50" : 557.08,
    "dma100" : null,
    "dma200" : 701.18,
    "volume" : 113969.00
  }, {
    "date" : "2025-04-01",
    "price" : 472.65,
    "dma50" : 553.77,
    "dma100" : null,
    "dma200" : 698.90,
    "volume" : 33550.00
  }, {
    "date" : "2025-04-02",
    "price" : 473.35,
    "dma50" : 550.62,
    "dma100" : null,
    "dma200" : 696.66,
    "volume" : 19481.00
  }, {
    "date" : "2025-04-03",
    "price" : 483.80,
    "dma50" : 548.00,
    "dma100" : null,
    "dma200" : 694.54,
    "volume" : 36068.00
  }, {
    "date" : "2025-04-04",
    "price" : 471.00,
    "dma50" : 544.98,
    "dma100" : null,
    "dma200" : 692.32,
    "volume" : 28137.00
  }, {
    "date" : "2025-04-07",
    "price" : 454.60,
    "dma50" : 541.43,
    "dma100" : null,
    "dma200" : 689.95,
    "volume" : 47470.00
  }, {
    "date" : "2025-04-08",
    "price" : 469.05,
    "dma50" : 538.59,
    "dma100" : null,
    "dma200" : 687.75,
    "volume" : 25545.00
  }, {
    "date" : "2025-04-09",
    "price" : 454.10,
    "dma50" : 535.28,
    "dma100" : null,
    "dma200" : 685.43,
    "volume" : 31391.00
  }, {
    "date" : "2025-04-11",
    "price" : 459.75,
    "dma50" : 532.32,
    "dma100" : null,
    "dma200" : 683.18,
    "volume" : 22232.00
  }, {
    "date" : "2025-04-15",
    "price" : 470.00,
    "dma50" : 529.87,
    "dma100" : null,
    "dma200" : 681.06,
    "volume" : 33586.00
  }, {
    "date" : "2025-04-16",
    "price" : 480.15,
    "dma50" : 527.92,
    "dma100" : null,
    "dma200" : 679.06,
    "volume" : 35883.00
  }, {
    "date" : "2025-04-17",
    "price" : 494.90,
    "dma50" : 526.63,
    "dma100" : null,
    "dma200" : 677.23,
    "volume" : 48288.00
  }, {
    "date" : "2025-04-21",
    "price" : 505.80,
    "dma50" : 525.81,
    "dma100" : null,
    "dma200" : 675.52,
    "volume" : 27641.00
  }, {
    "date" : "2025-04-22",
    "price" : 515.45,
    "dma50" : 525.41,
    "dma100" : null,
    "dma200" : 673.93,
    "volume" : 29789.00
  }, {
    "date" : "2025-04-23",
    "price" : 518.35,
    "dma50" : 525.13,
    "dma100" : null,
    "dma200" : 672.38,
    "volume" : 24445.00
  }, {
    "date" : "2025-04-24",
    "price" : 520.75,
    "dma50" : 524.96,
    "dma100" : null,
    "dma200" : 670.87,
    "volume" : 25731.00
  }, {
    "date" : "2025-04-25",
    "price" : 503.30,
    "dma50" : 524.11,
    "dma100" : null,
    "dma200" : 669.21,
    "volume" : 34511.00
  }, {
    "date" : "2025-04-28",
    "price" : 499.25,
    "dma50" : 523.13,
    "dma100" : 594.08,
    "dma200" : 667.52,
    "volume" : 17136.00
  }, {
    "date" : "2025-04-29",
    "price" : 493.20,
    "dma50" : 521.96,
    "dma100" : 591.90,
    "dma200" : 665.78,
    "volume" : 26883.00
  }, {
    "date" : "2025-04-30",
    "price" : 489.50,
    "dma50" : 520.69,
    "dma100" : 589.65,
    "dma200" : 664.03,
    "volume" : 14874.00
  }, {
    "date" : "2025-05-02",
    "price" : 495.00,
    "dma50" : 519.68,
    "dma100" : 587.28,
    "dma200" : 662.35,
    "volume" : 19922.00
  }, {
    "date" : "2025-05-05",
    "price" : 496.80,
    "dma50" : 518.78,
    "dma100" : 584.94,
    "dma200" : 660.70,
    "volume" : 15577.00
  }, {
    "date" : "2025-05-06",
    "price" : 482.40,
    "dma50" : 517.36,
    "dma100" : 582.38,
    "dma200" : 658.92,
    "volume" : 20525.00
  }, {
    "date" : "2025-05-07",
    "price" : 481.80,
    "dma50" : 515.96,
    "dma100" : 579.91,
    "dma200" : 657.16,
    "volume" : 15446.00
  }, {
    "date" : "2025-05-08",
    "price" : 481.00,
    "dma50" : 514.59,
    "dma100" : 577.47,
    "dma200" : 655.41,
    "volume" : 20404.00
  }, {
    "date" : "2025-05-09",
    "price" : 477.20,
    "dma50" : 513.12,
    "dma100" : 574.82,
    "dma200" : 653.64,
    "volume" : 18105.00
  }, {
    "date" : "2025-05-12",
    "price" : 505.90,
    "dma50" : 512.84,
    "dma100" : 572.49,
    "dma200" : 652.17,
    "volume" : 54998.00
  }, {
    "date" : "2025-05-13",
    "price" : 509.35,
    "dma50" : 512.70,
    "dma100" : 570.28,
    "dma200" : 650.74,
    "volume" : 25103.00
  }, {
    "date" : "2025-05-14",
    "price" : 516.80,
    "dma50" : 512.86,
    "dma100" : 568.23,
    "dma200" : 649.41,
    "volume" : 43193.00
  }, {
    "date" : "2025-05-15",
    "price" : 513.35,
    "dma50" : 512.88,
    "dma100" : 566.20,
    "dma200" : 648.06,
    "volume" : 23186.00
  }, {
    "date" : "2025-05-16",
    "price" : 518.60,
    "dma50" : 513.11,
    "dma100" : 564.35,
    "dma200" : 646.77,
    "volume" : 32505.00
  }, {
    "date" : "2025-05-19",
    "price" : 532.40,
    "dma50" : 513.86,
    "dma100" : 562.68,
    "dma200" : 645.63,
    "volume" : 83585.00
  }, {
    "date" : "2025-05-20",
    "price" : 528.50,
    "dma50" : 514.44,
    "dma100" : 561.02,
    "dma200" : 644.47,
    "volume" : 30942.00
  }, {
    "date" : "2025-05-21",
    "price" : 528.45,
    "dma50" : 514.99,
    "dma100" : 559.42,
    "dma200" : 643.31,
    "volume" : 14536.00
  }, {
    "date" : "2025-05-22",
    "price" : 523.35,
    "dma50" : 515.32,
    "dma100" : 557.73,
    "dma200" : 642.12,
    "volume" : 11524.00
  }, {
    "date" : "2025-05-23",
    "price" : 528.40,
    "dma50" : 515.83,
    "dma100" : 556.12,
    "dma200" : 640.99,
    "volume" : 21927.00
  }, {
    "date" : "2025-05-26",
    "price" : 528.55,
    "dma50" : 516.33,
    "dma100" : 554.54,
    "dma200" : 639.87,
    "volume" : 21320.00
  }, {
    "date" : "2025-05-27",
    "price" : 529.10,
    "dma50" : 516.83,
    "dma100" : 553.00,
    "dma200" : 638.77,
    "volume" : 52408.00
  }, {
    "date" : "2025-05-28",
    "price" : 531.10,
    "dma50" : 517.39,
    "dma100" : 551.36,
    "dma200" : 637.69,
    "volume" : 22381.00
  }, {
    "date" : "2025-05-29",
    "price" : 517.25,
    "dma50" : 517.38,
    "dma100" : 549.46,
    "dma200" : 636.50,
    "volume" : 60966.00
  }, {
    "date" : "2025-05-30",
    "price" : 513.75,
    "dma50" : 517.24,
    "dma100" : 547.59,
    "dma200" : 635.27,
    "volume" : 28192.00
  }, {
    "date" : "2025-06-02",
    "price" : 505.65,
    "dma50" : 516.79,
    "dma100" : 545.67,
    "dma200" : 633.98,
    "volume" : 26183.00
  }, {
    "date" : "2025-06-03",
    "price" : 509.85,
    "dma50" : 516.51,
    "dma100" : 544.01,
    "dma200" : 632.75,
    "volume" : 25016.00
  }, {
    "date" : "2025-06-04",
    "price" : 503.10,
    "dma50" : 515.99,
    "dma100" : 542.24,
    "dma200" : 631.46,
    "volume" : 16075.00
  }, {
    "date" : "2025-06-05",
    "price" : 507.10,
    "dma50" : 515.64,
    "dma100" : 540.44,
    "dma200" : 630.22,
    "volume" : 15996.00
  }, {
    "date" : "2025-06-06",
    "price" : 508.85,
    "dma50" : 515.37,
    "dma100" : 538.78,
    "dma200" : 629.01,
    "volume" : 23212.00
  }, {
    "date" : "2025-06-09",
    "price" : 521.55,
    "dma50" : 515.62,
    "dma100" : 537.39,
    "dma200" : 627.95,
    "volume" : 38115.00
  }, {
    "date" : "2025-06-10",
    "price" : 532.40,
    "dma50" : 516.27,
    "dma100" : 536.37,
    "dma200" : 626.99,
    "volume" : 77394.00
  }, {
    "date" : "2025-06-11",
    "price" : 558.80,
    "dma50" : 517.94,
    "dma100" : 535.53,
    "dma200" : 626.32,
    "volume" : 149562.00
  }, {
    "date" : "2025-06-12",
    "price" : 544.25,
    "dma50" : 518.97,
    "dma100" : 534.56,
    "dma200" : 625.50,
    "volume" : 56827.00
  }, {
    "date" : "2025-06-13",
    "price" : 536.80,
    "dma50" : 519.67,
    "dma100" : 533.47,
    "dma200" : 624.62,
    "volume" : 28363.00
  }, {
    "date" : "2025-06-16",
    "price" : 545.60,
    "dma50" : 520.69,
    "dma100" : 532.49,
    "dma200" : 623.83,
    "volume" : 86159.00
  }, {
    "date" : "2025-06-17",
    "price" : 535.30,
    "dma50" : 521.26,
    "dma100" : 531.37,
    "dma200" : 622.95,
    "volume" : 27362.00
  }, {
    "date" : "2025-06-18",
    "price" : 541.55,
    "dma50" : 522.06,
    "dma100" : 530.40,
    "dma200" : 622.14,
    "volume" : 33403.00
  }, {
    "date" : "2025-06-19",
    "price" : 530.45,
    "dma50" : 522.39,
    "dma100" : 529.42,
    "dma200" : 621.23,
    "volume" : 19925.00
  }, {
    "date" : "2025-06-20",
    "price" : 530.00,
    "dma50" : 522.68,
    "dma100" : 528.43,
    "dma200" : 620.32,
    "volume" : 17768.00
  }, {
    "date" : "2025-06-23",
    "price" : 524.15,
    "dma50" : 522.74,
    "dma100" : 527.38,
    "dma200" : 619.36,
    "volume" : 13085.00
  }, {
    "date" : "2025-06-24",
    "price" : 530.10,
    "dma50" : 523.03,
    "dma100" : 526.56,
    "dma200" : 618.47,
    "volume" : 14443.00
  }, {
    "date" : "2025-06-25",
    "price" : 541.65,
    "dma50" : 523.76,
    "dma100" : 525.91,
    "dma200" : 617.71,
    "volume" : 19964.00
  }, {
    "date" : "2025-06-26",
    "price" : 543.85,
    "dma50" : 524.55,
    "dma100" : 525.22,
    "dma200" : 616.98,
    "volume" : 24039.00
  }, {
    "date" : "2025-06-27",
    "price" : 545.90,
    "dma50" : 525.39,
    "dma100" : 524.54,
    "dma200" : 616.27,
    "volume" : 19699.00
  }, {
    "date" : "2025-06-30",
    "price" : 557.75,
    "dma50" : 526.66,
    "dma100" : 523.90,
    "dma200" : 615.69,
    "volume" : 59063.00
  }, {
    "date" : "2025-07-01",
    "price" : 569.85,
    "dma50" : 528.35,
    "dma100" : 523.33,
    "dma200" : 615.23,
    "volume" : 72907.00
  }, {
    "date" : "2025-07-02",
    "price" : 563.50,
    "dma50" : 529.73,
    "dma100" : 522.80,
    "dma200" : 614.71,
    "volume" : 19538.00
  }, {
    "date" : "2025-07-03",
    "price" : 561.50,
    "dma50" : 530.97,
    "dma100" : 522.20,
    "dma200" : 614.19,
    "volume" : 18258.00
  }, {
    "date" : "2025-07-04",
    "price" : 564.50,
    "dma50" : 532.29,
    "dma100" : 521.64,
    "dma200" : 613.69,
    "volume" : 23559.00
  }, {
    "date" : "2025-07-07",
    "price" : 554.50,
    "dma50" : 533.16,
    "dma100" : 520.94,
    "dma200" : 613.10,
    "volume" : 18589.00
  }, {
    "date" : "2025-07-08",
    "price" : 553.65,
    "dma50" : 533.96,
    "dma100" : 520.32,
    "dma200" : 612.51,
    "volume" : 15165.00
  }, {
    "date" : "2025-07-09",
    "price" : 552.75,
    "dma50" : 534.70,
    "dma100" : 519.82,
    "dma200" : 611.92,
    "volume" : 12056.00
  }, {
    "date" : "2025-07-10",
    "price" : 552.10,
    "dma50" : 535.38,
    "dma100" : 519.50,
    "dma200" : 611.32,
    "volume" : 14578.00
  }, {
    "date" : "2025-07-11",
    "price" : 545.65,
    "dma50" : 535.78,
    "dma100" : 519.23,
    "dma200" : 610.67,
    "volume" : 16351.00
  }, {
    "date" : "2025-07-14",
    "price" : 561.65,
    "dma50" : 536.80,
    "dma100" : 519.18,
    "dma200" : 610.18,
    "volume" : 26868.00
  }, {
    "date" : "2025-07-15",
    "price" : 564.10,
    "dma50" : 537.87,
    "dma100" : 518.89,
    "dma200" : 609.72,
    "volume" : 14420.00
  }, {
    "date" : "2025-07-16",
    "price" : 554.30,
    "dma50" : 538.51,
    "dma100" : 518.65,
    "dma200" : 609.17,
    "volume" : 28333.00
  }, {
    "date" : "2025-07-17",
    "price" : 613.70,
    "dma50" : 541.46,
    "dma100" : 519.10,
    "dma200" : 609.21,
    "volume" : 1262316.00
  }, {
    "date" : "2025-07-18",
    "price" : 614.05,
    "dma50" : 544.31,
    "dma100" : 519.44,
    "dma200" : 609.26,
    "volume" : 184053.00
  }, {
    "date" : "2025-07-21",
    "price" : 601.15,
    "dma50" : 546.54,
    "dma100" : 519.65,
    "dma200" : 609.18,
    "volume" : 56608.00
  }, {
    "date" : "2025-07-22",
    "price" : 590.05,
    "dma50" : 548.24,
    "dma100" : 519.81,
    "dma200" : 608.99,
    "volume" : 37720.00
  }, {
    "date" : "2025-07-23",
    "price" : 599.05,
    "dma50" : 550.24,
    "dma100" : 520.18,
    "dma200" : 608.89,
    "volume" : 23718.00
  }, {
    "date" : "2025-07-24",
    "price" : 592.30,
    "dma50" : 551.89,
    "dma100" : 520.52,
    "dma200" : 608.73,
    "volume" : 31139.00
  }, {
    "date" : "2025-07-25",
    "price" : 577.15,
    "dma50" : 552.88,
    "dma100" : 520.90,
    "dma200" : 608.41,
    "volume" : 22384.00
  }, {
    "date" : "2025-07-28",
    "price" : 564.35,
    "dma50" : 553.33,
    "dma100" : 521.28,
    "dma200" : 607.98,
    "volume" : 22006.00
  }, {
    "date" : "2025-07-29",
    "price" : 577.20,
    "dma50" : 554.26,
    "dma100" : 521.84,
    "dma200" : 607.67,
    "volume" : 13595.00
  }, {
    "date" : "2025-07-30",
    "price" : 572.00,
    "dma50" : 554.96,
    "dma100" : 522.43,
    "dma200" : 607.31,
    "volume" : 12008.00
  }, {
    "date" : "2025-07-31",
    "price" : 571.35,
    "dma50" : 555.60,
    "dma100" : 522.87,
    "dma200" : 606.96,
    "volume" : 18656.00
  }, {
    "date" : "2025-08-01",
    "price" : 570.70,
    "dma50" : 556.19,
    "dma100" : 523.23,
    "dma200" : 606.60,
    "volume" : 13531.00
  }, {
    "date" : "2025-08-04",
    "price" : 584.10,
    "dma50" : 557.29,
    "dma100" : 523.75,
    "dma200" : 606.37,
    "volume" : 29046.00
  }, {
    "date" : "2025-08-05",
    "price" : 574.65,
    "dma50" : 557.97,
    "dma100" : 524.31,
    "dma200" : 606.06,
    "volume" : 22613.00
  }, {
    "date" : "2025-08-06",
    "price" : 577.70,
    "dma50" : 558.74,
    "dma100" : 525.12,
    "dma200" : 605.77,
    "volume" : 15096.00
  }, {
    "date" : "2025-08-07",
    "price" : 540.75,
    "dma50" : 558.04,
    "dma100" : 525.64,
    "dma200" : 605.13,
    "volume" : 64547.00
  }, {
    "date" : "2025-08-08",
    "price" : 537.05,
    "dma50" : 557.21,
    "dma100" : 526.13,
    "dma200" : 604.45,
    "volume" : 19257.00
  }, {
    "date" : "2025-08-11",
    "price" : 528.60,
    "dma50" : 556.09,
    "dma100" : 526.53,
    "dma200" : 603.69,
    "volume" : 23194.00
  }, {
    "date" : "2025-08-12",
    "price" : 531.50,
    "dma50" : 555.13,
    "dma100" : 526.89,
    "dma200" : 602.98,
    "volume" : 18526.00
  }, {
    "date" : "2025-08-13",
    "price" : 537.85,
    "dma50" : 554.45,
    "dma100" : 527.17,
    "dma200" : 602.33,
    "volume" : 29146.00
  }, {
    "date" : "2025-08-14",
    "price" : 536.05,
    "dma50" : 553.73,
    "dma100" : 527.31,
    "dma200" : 601.67,
    "volume" : 13840.00
  }, {
    "date" : "2025-08-18",
    "price" : 535.80,
    "dma50" : 553.03,
    "dma100" : 527.42,
    "dma200" : 601.01,
    "volume" : 24142.00
  }, {
    "date" : "2025-08-19",
    "price" : 537.40,
    "dma50" : 552.41,
    "dma100" : 527.56,
    "dma200" : 600.38,
    "volume" : 16752.00
  }, {
    "date" : "2025-08-20",
    "price" : 542.80,
    "dma50" : 552.04,
    "dma100" : 528.21,
    "dma200" : 599.81,
    "volume" : 16380.00
  }, {
    "date" : "2025-08-21",
    "price" : 545.10,
    "dma50" : 551.76,
    "dma100" : 529.03,
    "dma200" : 599.26,
    "volume" : 18038.00
  }, {
    "date" : "2025-08-22",
    "price" : 547.10,
    "dma50" : 551.58,
    "dma100" : 529.86,
    "dma200" : 598.74,
    "volume" : 11333.00
  }, {
    "date" : "2025-08-25",
    "price" : 535.55,
    "dma50" : 550.95,
    "dma100" : 530.56,
    "dma200" : 598.12,
    "volume" : 43123.00
  }, {
    "date" : "2025-08-26",
    "price" : 522.70,
    "dma50" : 549.84,
    "dma100" : 531.06,
    "dma200" : 597.36,
    "volume" : 17203.00
  }, {
    "date" : "2025-08-28",
    "price" : 523.75,
    "dma50" : 548.82,
    "dma100" : 531.56,
    "dma200" : 596.63,
    "volume" : 13904.00
  }, {
    "date" : "2025-08-29",
    "price" : 512.35,
    "dma50" : 547.39,
    "dma100" : 531.85,
    "dma200" : 595.79,
    "volume" : 20535.00
  }, {
    "date" : "2025-09-01",
    "price" : 515.80,
    "dma50" : 546.15,
    "dma100" : 532.30,
    "dma200" : 595.00,
    "volume" : 13170.00
  }, {
    "date" : "2025-09-02",
    "price" : 523.35,
    "dma50" : 545.26,
    "dma100" : 532.98,
    "dma200" : 594.28,
    "volume" : 14758.00
  }, {
    "date" : "2025-09-03",
    "price" : 523.55,
    "dma50" : 544.41,
    "dma100" : 533.53,
    "dma200" : 593.58,
    "volume" : 7715.00
  }, {
    "date" : "2025-09-04",
    "price" : 522.00,
    "dma50" : 543.53,
    "dma100" : 534.21,
    "dma200" : 592.87,
    "volume" : 7304.00
  }, {
    "date" : "2025-09-05",
    "price" : 520.25,
    "dma50" : 542.61,
    "dma100" : 534.81,
    "dma200" : 592.15,
    "volume" : 10573.00
  }, {
    "date" : "2025-09-08",
    "price" : 523.85,
    "dma50" : 541.88,
    "dma100" : 535.35,
    "dma200" : 591.47,
    "volume" : 9612.00
  }, {
    "date" : "2025-09-09",
    "price" : 524.90,
    "dma50" : 541.21,
    "dma100" : 535.80,
    "dma200" : 590.80,
    "volume" : 8064.00
  }, {
    "date" : "2025-09-10",
    "price" : 526.00,
    "dma50" : 540.62,
    "dma100" : 536.11,
    "dma200" : 590.16,
    "volume" : 14474.00
  }, {
    "date" : "2025-09-11",
    "price" : 528.05,
    "dma50" : 540.12,
    "dma100" : 536.33,
    "dma200" : 589.54,
    "volume" : 12699.00
  }, {
    "date" : "2025-09-12",
    "price" : 533.20,
    "dma50" : 539.85,
    "dma100" : 536.51,
    "dma200" : 588.98,
    "volume" : 15008.00
  }, {
    "date" : "2025-09-15",
    "price" : 531.35,
    "dma50" : 539.52,
    "dma100" : 536.64,
    "dma200" : 588.41,
    "volume" : 10717.00
  }, {
    "date" : "2025-09-16",
    "price" : 524.95,
    "dma50" : 538.95,
    "dma100" : 536.68,
    "dma200" : 587.78,
    "volume" : 20715.00
  }, {
    "date" : "2025-09-17",
    "price" : 519.20,
    "dma50" : 538.17,
    "dma100" : 536.84,
    "dma200" : 587.09,
    "volume" : 17164.00
  }, {
    "date" : "2025-09-18",
    "price" : 530.10,
    "dma50" : 537.86,
    "dma100" : 537.15,
    "dma200" : 586.53,
    "volume" : 17085.00
  }, {
    "date" : "2025-09-19",
    "price" : 531.00,
    "dma50" : 537.59,
    "dma100" : 537.53,
    "dma200" : 585.97,
    "volume" : 20466.00
  }, {
    "date" : "2025-09-22",
    "price" : 522.90,
    "dma50" : 537.01,
    "dma100" : 537.86,
    "dma200" : 585.35,
    "volume" : 12808.00
  }, {
    "date" : "2025-09-23",
    "price" : 517.70,
    "dma50" : 536.25,
    "dma100" : 538.09,
    "dma200" : 584.67,
    "volume" : 17028.00
  }, {
    "date" : "2025-09-24",
    "price" : 516.80,
    "dma50" : 535.49,
    "dma100" : 538.29,
    "dma200" : 584.00,
    "volume" : 8795.00
  }, {
    "date" : "2025-09-25",
    "price" : 511.90,
    "dma50" : 534.57,
    "dma100" : 538.58,
    "dma200" : 583.28,
    "volume" : 8123.00
  }, {
    "date" : "2025-09-26",
    "price" : 507.00,
    "dma50" : 533.49,
    "dma100" : 538.83,
    "dma200" : 582.52,
    "volume" : 15074.00
  }, {
    "date" : "2025-09-29",
    "price" : 499.80,
    "dma50" : 532.16,
    "dma100" : 539.02,
    "dma200" : 581.70,
    "volume" : 14597.00
  }, {
    "date" : "2025-09-30",
    "price" : 490.15,
    "dma50" : 530.52,
    "dma100" : 539.15,
    "dma200" : 580.79,
    "volume" : 27447.00
  }, {
    "date" : "2025-10-01",
    "price" : 496.60,
    "dma50" : 529.19,
    "dma100" : 539.06,
    "dma200" : 579.95,
    "volume" : 9319.00
  }, {
    "date" : "2025-10-03",
    "price" : 504.20,
    "dma50" : 528.21,
    "dma100" : 539.01,
    "dma200" : 579.20,
    "volume" : 14765.00
  }, {
    "date" : "2025-10-06",
    "price" : 493.80,
    "dma50" : 526.86,
    "dma100" : 538.78,
    "dma200" : 578.35,
    "volume" : 14358.00
  }, {
    "date" : "2025-10-07",
    "price" : 493.10,
    "dma50" : 525.53,
    "dma100" : 538.58,
    "dma200" : 577.50,
    "volume" : 9438.00
  }, {
    "date" : "2025-10-08",
    "price" : 490.95,
    "dma50" : 524.18,
    "dma100" : 538.30,
    "dma200" : 576.64,
    "volume" : 6374.00
  }, {
    "date" : "2025-10-09",
    "price" : 494.85,
    "dma50" : 523.03,
    "dma100" : 537.92,
    "dma200" : 575.82,
    "volume" : 12405.00
  }, {
    "date" : "2025-10-10",
    "price" : 494.50,
    "dma50" : 521.91,
    "dma100" : 537.58,
    "dma200" : 575.01,
    "volume" : 8615.00
  }, {
    "date" : "2025-10-13",
    "price" : 494.35,
    "dma50" : 520.83,
    "dma100" : 537.24,
    "dma200" : 574.21,
    "volume" : 9389.00
  }, {
    "date" : "2025-10-14",
    "price" : 493.30,
    "dma50" : 519.75,
    "dma100" : 536.94,
    "dma200" : 573.41,
    "volume" : 12677.00
  }, {
    "date" : "2025-10-15",
    "price" : 490.60,
    "dma50" : 518.61,
    "dma100" : 536.56,
    "dma200" : 572.58,
    "volume" : 11103.00
  }, {
    "date" : "2025-10-16",
    "price" : 491.10,
    "dma50" : 517.53,
    "dma100" : 536.19,
    "dma200" : 571.77,
    "volume" : 8651.00
  }, {
    "date" : "2025-10-17",
    "price" : 488.95,
    "dma50" : 516.41,
    "dma100" : 535.79,
    "dma200" : 570.95,
    "volume" : 12402.00
  }, {
    "date" : "2025-10-20",
    "price" : 489.20,
    "dma50" : 515.34,
    "dma100" : 535.37,
    "dma200" : 570.13,
    "volume" : 16810.00
  }, {
    "date" : "2025-10-21",
    "price" : 490.95,
    "dma50" : 514.38,
    "dma100" : 535.11,
    "dma200" : 569.35,
    "volume" : 10604.00
  }, {
    "date" : "2025-10-23",
    "price" : 501.40,
    "dma50" : 513.87,
    "dma100" : 534.98,
    "dma200" : 568.67,
    "volume" : 20062.00
  }, {
    "date" : "2025-10-24",
    "price" : 521.00,
    "dma50" : 514.15,
    "dma100" : 535.14,
    "dma200" : 568.20,
    "volume" : 50494.00
  }, {
    "date" : "2025-10-27",
    "price" : 534.00,
    "dma50" : 514.93,
    "dma100" : 535.38,
    "dma200" : 567.86,
    "volume" : 79146.00
  }, {
    "date" : "2025-10-28",
    "price" : 530.25,
    "dma50" : 515.53,
    "dma100" : 535.65,
    "dma200" : 567.48,
    "volume" : 19417.00
  }, {
    "date" : "2025-10-29",
    "price" : 528.40,
    "dma50" : 516.04,
    "dma100" : 535.86,
    "dma200" : 567.09,
    "volume" : 18594.00
  }, {
    "date" : "2025-10-30",
    "price" : 521.15,
    "dma50" : 516.24,
    "dma100" : 535.98,
    "dma200" : 566.64,
    "volume" : 17157.00
  }, {
    "date" : "2025-10-31",
    "price" : 517.10,
    "dma50" : 516.27,
    "dma100" : 535.94,
    "dma200" : 566.14,
    "volume" : 19539.00
  }, {
    "date" : "2025-11-03",
    "price" : 513.35,
    "dma50" : 516.16,
    "dma100" : 535.75,
    "dma200" : 565.62,
    "volume" : 18275.00
  }, {
    "date" : "2025-11-04",
    "price" : 517.80,
    "dma50" : 516.22,
    "dma100" : 535.34,
    "dma200" : 565.14,
    "volume" : 14462.00
  }, {
    "date" : "2025-11-06",
    "price" : 503.95,
    "dma50" : 515.74,
    "dma100" : 534.94,
    "dma200" : 564.53,
    "volume" : 11837.00
  }, {
    "date" : "2025-11-07",
    "price" : 504.85,
    "dma50" : 515.31,
    "dma100" : 534.62,
    "dma200" : 563.94,
    "volume" : 11599.00
  }, {
    "date" : "2025-11-10",
    "price" : 509.95,
    "dma50" : 515.10,
    "dma100" : 534.26,
    "dma200" : 563.40,
    "volume" : 8323.00
  }, {
    "date" : "2025-11-11",
    "price" : 497.20,
    "dma50" : 514.40,
    "dma100" : 533.88,
    "dma200" : 562.74,
    "volume" : 16375.00
  }, {
    "date" : "2025-11-12",
    "price" : 500.35,
    "dma50" : 513.85,
    "dma100" : 533.47,
    "dma200" : 562.12,
    "volume" : 5311.00
  }, {
    "date" : "2025-11-13",
    "price" : 498.70,
    "dma50" : 513.26,
    "dma100" : 533.15,
    "dma200" : 561.49,
    "volume" : 11648.00
  }, {
    "date" : "2025-11-14",
    "price" : 503.70,
    "dma50" : 512.88,
    "dma100" : 532.89,
    "dma200" : 560.92,
    "volume" : 12407.00
  }, {
    "date" : "2025-11-17",
    "price" : 513.70,
    "dma50" : 512.91,
    "dma100" : 532.78,
    "dma200" : 560.45,
    "volume" : 24200.00
  }, {
    "date" : "2025-11-18",
    "price" : 505.85,
    "dma50" : 512.64,
    "dma100" : 532.54,
    "dma200" : 559.90,
    "volume" : 12844.00
  }, {
    "date" : "2025-11-19",
    "price" : 512.85,
    "dma50" : 512.64,
    "dma100" : 532.25,
    "dma200" : 559.43,
    "volume" : 17098.00
  }, {
    "date" : "2025-11-20",
    "price" : 505.75,
    "dma50" : 512.37,
    "dma100" : 531.87,
    "dma200" : 558.90,
    "volume" : 9680.00
  }, {
    "date" : "2025-11-21",
    "price" : 499.80,
    "dma50" : 511.88,
    "dma100" : 531.41,
    "dma200" : 558.31,
    "volume" : 6485.00
  }, {
    "date" : "2025-11-24",
    "price" : 479.20,
    "dma50" : 510.60,
    "dma100" : 530.62,
    "dma200" : 557.53,
    "volume" : 36546.00
  }, {
    "date" : "2025-11-25",
    "price" : 480.90,
    "dma50" : 509.43,
    "dma100" : 529.73,
    "dma200" : 556.76,
    "volume" : 6118.00
  }, {
    "date" : "2025-11-26",
    "price" : 481.55,
    "dma50" : 508.34,
    "dma100" : 528.92,
    "dma200" : 556.01,
    "volume" : 9898.00
  }, {
    "date" : "2025-11-27",
    "price" : 483.60,
    "dma50" : 507.37,
    "dma100" : 528.14,
    "dma200" : 555.29,
    "volume" : 6727.00
  }, {
    "date" : "2025-11-28",
    "price" : 484.00,
    "dma50" : 506.45,
    "dma100" : 527.33,
    "dma200" : 554.58,
    "volume" : 12136.00
  } ],
  "latestTechnicalAttributes" : {
    "date" : "2025-11-28",
    "price" : 484.00,
    "dma50" : 506.45,
    "dma100" : 527.33,
    "dma200" : 554.58,
    "volume" : 12136.00
  },
  "quarterlyResults" : [ {
    "date" : "2006-06-30",
    "sales" : 0.00,
    "salesGrowthYoY" : null,
    "grossProfitMargin" : 0.00,
    "grossProfit" : 0.00,
    "operatingProfitMargin" : 0.00,
    "operatingProfit" : 0.00,
    "netProfitMargin" : 0.00,
    "netProfit" : 0.00
  }, {
    "date" : "2006-09-30",
    "sales" : 0.00,
    "salesGrowthYoY" : null,
    "grossProfitMargin" : 0.00,
    "grossProfit" : 0.00,
    "operatingProfitMargin" : 0.00,
    "operatingProfit" : 0.00,
    "netProfitMargin" : 0.00,
    "netProfit" : 0.00
  }, {
    "date" : "2006-12-31",
    "sales" : 74.35,
    "salesGrowthYoY" : null,
    "grossProfitMargin" : 100.00,
    "grossProfit" : 74.35,
    "operatingProfitMargin" : 19.53,
    "operatingProfit" : 14.52,
    "netProfitMargin" : 13.26,
    "netProfit" : 9.86
  }, {
    "date" : "2007-03-31",
    "sales" : 77.90,
    "salesGrowthYoY" : null,
    "grossProfitMargin" : 100.00,
    "grossProfit" : 77.90,
    "operatingProfitMargin" : 18.23,
    "operatingProfit" : 14.20,
    "netProfitMargin" : 13.16,
    "netProfit" : 10.25
  }, {
    "date" : "2007-06-30",
    "sales" : 77.20,
    "salesGrowthYoY" : 100.00,
    "grossProfitMargin" : 100.00,
    "grossProfit" : 77.20,
    "operatingProfitMargin" : 21.94,
    "operatingProfit" : 16.94,
    "netProfitMargin" : 15.41,
    "netProfit" : 11.90
  }, {
    "date" : "2007-09-30",
    "sales" : 86.90,
    "salesGrowthYoY" : 100.00,
    "grossProfitMargin" : 100.00,
    "grossProfit" : 86.90,
    "operatingProfitMargin" : 23.30,
    "operatingProfit" : 20.25,
    "netProfitMargin" : 17.08,
    "netProfit" : 14.84
  }, {
    "date" : "2007-12-31",
    "sales" : 95.37,
    "salesGrowthYoY" : 28.27,
    "grossProfitMargin" : 100.00,
    "grossProfit" : 95.37,
    "operatingProfitMargin" : 22.60,
    "operatingProfit" : 21.55,
    "netProfitMargin" : 17.91,
    "netProfit" : 17.08
  }, {
    "date" : "2008-03-31",
    "sales" : 98.52,
    "salesGrowthYoY" : 26.47,
    "grossProfitMargin" : 100.00,
    "grossProfit" : 98.52,
    "operatingProfitMargin" : 22.67,
    "operatingProfit" : 22.33,
    "netProfitMargin" : 15.45,
    "netProfit" : 15.22
  }, {
    "date" : "2008-06-30",
    "sales" : 98.24,
    "salesGrowthYoY" : 27.25,
    "grossProfitMargin" : 100.00,
    "grossProfit" : 98.24,
    "operatingProfitMargin" : 23.61,
    "operatingProfit" : 23.19,
    "netProfitMargin" : 15.41,
    "netProfit" : 15.14
  }, {
    "date" : "2008-09-30",
    "sales" : 108.10,
    "salesGrowthYoY" : 24.40,
    "grossProfitMargin" : 100.00,
    "grossProfit" : 108.10,
    "operatingProfitMargin" : 28.89,
    "operatingProfit" : 31.23,
    "netProfitMargin" : 22.78,
    "netProfit" : 24.63
  }, {
    "date" : "2008-12-31",
    "sales" : 115.74,
    "salesGrowthYoY" : 21.36,
    "grossProfitMargin" : 100.00,
    "grossProfit" : 115.74,
    "operatingProfitMargin" : 27.75,
    "operatingProfit" : 32.12,
    "netProfitMargin" : 10.26,
    "netProfit" : 11.87
  }, {
    "date" : "2009-03-31",
    "sales" : 122.68,
    "salesGrowthYoY" : 24.52,
    "grossProfitMargin" : 100.00,
    "grossProfit" : 122.68,
    "operatingProfitMargin" : 32.78,
    "operatingProfit" : 40.21,
    "netProfitMargin" : 17.88,
    "netProfit" : 21.94
  }, {
    "date" : "2009-06-30",
    "sales" : 120.39,
    "salesGrowthYoY" : 22.55,
    "grossProfitMargin" : 100.00,
    "grossProfit" : 120.39,
    "operatingProfitMargin" : 30.35,
    "operatingProfit" : 36.54,
    "netProfitMargin" : 18.78,
    "netProfit" : 22.61
  }, {
    "date" : "2009-09-30",
    "sales" : 123.14,
    "salesGrowthYoY" : 13.91,
    "grossProfitMargin" : 100.00,
    "grossProfit" : 123.14,
    "operatingProfitMargin" : 30.83,
    "operatingProfit" : 37.96,
    "netProfitMargin" : 21.07,
    "netProfit" : 25.95
  }, {
    "date" : "2009-12-31",
    "sales" : 122.75,
    "salesGrowthYoY" : 6.06,
    "grossProfitMargin" : 100.00,
    "grossProfit" : 122.75,
    "operatingProfitMargin" : 29.69,
    "operatingProfit" : 36.44,
    "netProfitMargin" : 18.41,
    "netProfit" : 22.60
  }, {
    "date" : "2010-03-31",
    "sales" : 120.53,
    "salesGrowthYoY" : -1.75,
    "grossProfitMargin" : 100.00,
    "grossProfit" : 120.53,
    "operatingProfitMargin" : 25.98,
    "operatingProfit" : 31.31,
    "netProfitMargin" : 15.39,
    "netProfit" : 18.55
  }, {
    "date" : "2010-06-30",
    "sales" : 122.67,
    "salesGrowthYoY" : 1.89,
    "grossProfitMargin" : 100.00,
    "grossProfit" : 122.67,
    "operatingProfitMargin" : 21.02,
    "operatingProfit" : 25.79,
    "netProfitMargin" : 12.63,
    "netProfit" : 15.49
  }, {
    "date" : "2010-09-30",
    "sales" : 132.73,
    "salesGrowthYoY" : 7.79,
    "grossProfitMargin" : 100.00,
    "grossProfit" : 132.73,
    "operatingProfitMargin" : 23.36,
    "operatingProfit" : 31.01,
    "netProfitMargin" : 13.41,
    "netProfit" : 17.80
  }, {
    "date" : "2010-12-31",
    "sales" : 139.18,
    "salesGrowthYoY" : 13.38,
    "grossProfitMargin" : 100.00,
    "grossProfit" : 139.18,
    "operatingProfitMargin" : 24.33,
    "operatingProfit" : 33.86,
    "netProfitMargin" : 14.99,
    "netProfit" : 20.86
  }, {
    "date" : "2011-03-31",
    "sales" : 150.31,
    "salesGrowthYoY" : 24.71,
    "grossProfitMargin" : 100.00,
    "grossProfit" : 150.31,
    "operatingProfitMargin" : 22.21,
    "operatingProfit" : 33.38,
    "netProfitMargin" : 13.98,
    "netProfit" : 21.01
  }, {
    "date" : "2011-06-30",
    "sales" : 142.91,
    "salesGrowthYoY" : 16.50,
    "grossProfitMargin" : 100.00,
    "grossProfit" : 142.91,
    "operatingProfitMargin" : 18.07,
    "operatingProfit" : 25.82,
    "netProfitMargin" : 10.72,
    "netProfit" : 15.32
  }, {
    "date" : "2011-09-30",
    "sales" : 151.46,
    "salesGrowthYoY" : 14.11,
    "grossProfitMargin" : 100.00,
    "grossProfit" : 151.46,
    "operatingProfitMargin" : 14.82,
    "operatingProfit" : 22.45,
    "netProfitMargin" : 13.38,
    "netProfit" : 20.27
  }, {
    "date" : "2011-12-31",
    "sales" : 167.33,
    "salesGrowthYoY" : 20.23,
    "grossProfitMargin" : 100.00,
    "grossProfit" : 167.33,
    "operatingProfitMargin" : 15.03,
    "operatingProfit" : 25.15,
    "netProfitMargin" : 5.16,
    "netProfit" : 8.63
  }, {
    "date" : "2012-03-31",
    "sales" : 169.91,
    "salesGrowthYoY" : 13.04,
    "grossProfitMargin" : 100.00,
    "grossProfit" : 169.91,
    "operatingProfitMargin" : 19.26,
    "operatingProfit" : 32.72,
    "netProfitMargin" : 10.83,
    "netProfit" : 18.40
  }, {
    "date" : "2012-06-30",
    "sales" : 171.90,
    "salesGrowthYoY" : 20.29,
    "grossProfitMargin" : 100.00,
    "grossProfit" : 171.90,
    "operatingProfitMargin" : 13.65,
    "operatingProfit" : 23.46,
    "netProfitMargin" : 8.20,
    "netProfit" : 14.10
  }, {
    "date" : "2012-09-30",
    "sales" : 171.86,
    "salesGrowthYoY" : 13.47,
    "grossProfitMargin" : 100.00,
    "grossProfit" : 171.86,
    "operatingProfitMargin" : 17.54,
    "operatingProfit" : 30.14,
    "netProfitMargin" : 5.66,
    "netProfit" : 9.73
  }, {
    "date" : "2012-12-31",
    "sales" : 176.95,
    "salesGrowthYoY" : 5.75,
    "grossProfitMargin" : 100.00,
    "grossProfit" : 176.95,
    "operatingProfitMargin" : 16.83,
    "operatingProfit" : 29.78,
    "netProfitMargin" : 8.61,
    "netProfit" : 15.24
  }, {
    "date" : "2013-03-31",
    "sales" : 182.70,
    "salesGrowthYoY" : 7.53,
    "grossProfitMargin" : 100.00,
    "grossProfit" : 182.70,
    "operatingProfitMargin" : 20.72,
    "operatingProfit" : 37.86,
    "netProfitMargin" : 10.39,
    "netProfit" : 18.98
  }, {
    "date" : "2013-06-30",
    "sales" : 196.01,
    "salesGrowthYoY" : 14.03,
    "grossProfitMargin" : 100.00,
    "grossProfit" : 196.01,
    "operatingProfitMargin" : 16.88,
    "operatingProfit" : 33.09,
    "netProfitMargin" : 11.46,
    "netProfit" : 22.46
  }, {
    "date" : "2013-09-30",
    "sales" : 217.65,
    "salesGrowthYoY" : 26.64,
    "grossProfitMargin" : 100.00,
    "grossProfit" : 217.65,
    "operatingProfitMargin" : 20.79,
    "operatingProfit" : 45.25,
    "netProfitMargin" : 12.77,
    "netProfit" : 27.79
  }, {
    "date" : "2013-12-31",
    "sales" : 217.82,
    "salesGrowthYoY" : 23.10,
    "grossProfitMargin" : 100.00,
    "grossProfit" : 217.82,
    "operatingProfitMargin" : 21.80,
    "operatingProfit" : 47.48,
    "netProfitMargin" : 7.36,
    "netProfit" : 16.03
  }, {
    "date" : "2014-03-31",
    "sales" : 234.87,
    "salesGrowthYoY" : 28.56,
    "grossProfitMargin" : 100.00,
    "grossProfit" : 234.87,
    "operatingProfitMargin" : 22.57,
    "operatingProfit" : 53.01,
    "netProfitMargin" : 29.06,
    "netProfit" : 68.25
  }, {
    "date" : "2014-06-30",
    "sales" : 248.88,
    "salesGrowthYoY" : 26.97,
    "grossProfitMargin" : 100.00,
    "grossProfit" : 248.88,
    "operatingProfitMargin" : 20.85,
    "operatingProfit" : 51.89,
    "netProfitMargin" : 10.14,
    "netProfit" : 25.24
  }, {
    "date" : "2014-09-30",
    "sales" : 267.43,
    "salesGrowthYoY" : 22.87,
    "grossProfitMargin" : 100.00,
    "grossProfit" : 267.43,
    "operatingProfitMargin" : 19.33,
    "operatingProfit" : 51.69,
    "netProfitMargin" : 10.31,
    "netProfit" : 27.57
  }, {
    "date" : "2014-12-31",
    "sales" : 274.74,
    "salesGrowthYoY" : 26.13,
    "grossProfitMargin" : 100.00,
    "grossProfit" : 274.74,
    "operatingProfitMargin" : 19.26,
    "operatingProfit" : 52.91,
    "netProfitMargin" : 9.73,
    "netProfit" : 26.73
  }, {
    "date" : "2015-03-31",
    "sales" : 279.35,
    "salesGrowthYoY" : 18.94,
    "grossProfitMargin" : 100.00,
    "grossProfit" : 279.35,
    "operatingProfitMargin" : 18.96,
    "operatingProfit" : 52.96,
    "netProfitMargin" : 11.82,
    "netProfit" : 33.02
  }, {
    "date" : "2015-06-30",
    "sales" : 288.38,
    "salesGrowthYoY" : 15.87,
    "grossProfitMargin" : 100.00,
    "grossProfit" : 288.38,
    "operatingProfitMargin" : 15.18,
    "operatingProfit" : 43.78,
    "netProfitMargin" : 7.03,
    "netProfit" : 20.27
  }, {
    "date" : "2015-09-30",
    "sales" : 334.21,
    "salesGrowthYoY" : 24.97,
    "grossProfitMargin" : 100.00,
    "grossProfit" : 334.21,
    "operatingProfitMargin" : 20.88,
    "operatingProfit" : 69.78,
    "netProfitMargin" : 10.32,
    "netProfit" : 34.49
  }, {
    "date" : "2015-12-31",
    "sales" : 368.47,
    "salesGrowthYoY" : 34.12,
    "grossProfitMargin" : 100.00,
    "grossProfit" : 368.47,
    "operatingProfitMargin" : 15.61,
    "operatingProfit" : 57.52,
    "netProfitMargin" : 6.32,
    "netProfit" : 23.29
  }, {
    "date" : "2016-03-31",
    "sales" : 384.61,
    "salesGrowthYoY" : 37.68,
    "grossProfitMargin" : 100.00,
    "grossProfit" : 384.61,
    "operatingProfitMargin" : 17.94,
    "operatingProfit" : 69.00,
    "netProfitMargin" : 11.54,
    "netProfit" : 44.38
  }, {
    "date" : "2016-06-30",
    "sales" : 378.95,
    "salesGrowthYoY" : 31.41,
    "grossProfitMargin" : 100.00,
    "grossProfit" : 378.95,
    "operatingProfitMargin" : 15.85,
    "operatingProfit" : 60.06,
    "netProfitMargin" : 7.13,
    "netProfit" : 27.02
  }, {
    "date" : "2016-09-30",
    "sales" : 388.59,
    "salesGrowthYoY" : 16.27,
    "grossProfitMargin" : 100.00,
    "grossProfit" : 388.59,
    "operatingProfitMargin" : 14.62,
    "operatingProfit" : 56.81,
    "netProfitMargin" : 6.19,
    "netProfit" : 24.05
  }, {
    "date" : "2016-12-31",
    "sales" : 418.52,
    "salesGrowthYoY" : 13.58,
    "grossProfitMargin" : 100.00,
    "grossProfit" : 418.52,
    "operatingProfitMargin" : 14.41,
    "operatingProfit" : 60.31,
    "netProfitMargin" : 7.25,
    "netProfit" : 30.34
  }, {
    "date" : "2017-03-31",
    "sales" : 411.48,
    "salesGrowthYoY" : 6.99,
    "grossProfitMargin" : 100.00,
    "grossProfit" : 411.48,
    "operatingProfitMargin" : 11.10,
    "operatingProfit" : 45.67,
    "netProfitMargin" : 4.89,
    "netProfit" : 20.12
  }, {
    "date" : "2017-06-30",
    "sales" : 510.59,
    "salesGrowthYoY" : 34.74,
    "grossProfitMargin" : 100.00,
    "grossProfit" : 510.59,
    "operatingProfitMargin" : 13.66,
    "operatingProfit" : 69.75,
    "netProfitMargin" : 6.83,
    "netProfit" : 34.87
  }, {
    "date" : "2017-09-30",
    "sales" : 509.40,
    "salesGrowthYoY" : 31.09,
    "grossProfitMargin" : 100.00,
    "grossProfit" : 509.40,
    "operatingProfitMargin" : 15.87,
    "operatingProfit" : 80.84,
    "netProfitMargin" : 9.81,
    "netProfit" : 49.97
  }, {
    "date" : "2017-12-31",
    "sales" : 512.96,
    "salesGrowthYoY" : 22.57,
    "grossProfitMargin" : 100.00,
    "grossProfit" : 512.96,
    "operatingProfitMargin" : 15.89,
    "operatingProfit" : 81.51,
    "netProfitMargin" : 11.08,
    "netProfit" : 56.84
  }, {
    "date" : "2018-03-31",
    "sales" : 525.71,
    "salesGrowthYoY" : 27.76,
    "grossProfitMargin" : 100.00,
    "grossProfit" : 525.71,
    "operatingProfitMargin" : 16.43,
    "operatingProfit" : 86.37,
    "netProfitMargin" : 13.48,
    "netProfit" : 70.87
  }, {
    "date" : "2018-06-30",
    "sales" : 520.16,
    "salesGrowthYoY" : 1.87,
    "grossProfitMargin" : 100.00,
    "grossProfit" : 520.16,
    "operatingProfitMargin" : 12.43,
    "operatingProfit" : 64.66,
    "netProfitMargin" : 10.15,
    "netProfit" : 52.80
  }, {
    "date" : "2018-09-30",
    "sales" : 529.90,
    "salesGrowthYoY" : 4.02,
    "grossProfitMargin" : 100.00,
    "grossProfit" : 529.90,
    "operatingProfitMargin" : 13.58,
    "operatingProfit" : 71.96,
    "netProfitMargin" : 11.41,
    "netProfit" : 60.46
  }, {
    "date" : "2018-12-31",
    "sales" : 479.17,
    "salesGrowthYoY" : -6.59,
    "grossProfitMargin" : 100.00,
    "grossProfit" : 479.17,
    "operatingProfitMargin" : 17.41,
    "operatingProfit" : 83.42,
    "netProfitMargin" : 6.45,
    "netProfit" : 30.91
  }, {
    "date" : "2019-03-31",
    "sales" : 496.35,
    "salesGrowthYoY" : -5.58,
    "grossProfitMargin" : 100.00,
    "grossProfit" : 496.35,
    "operatingProfitMargin" : 22.69,
    "operatingProfit" : 112.62,
    "netProfitMargin" : 17.38,
    "netProfit" : 86.27
  }, {
    "date" : "2019-06-30",
    "sales" : 489.42,
    "salesGrowthYoY" : -5.91,
    "grossProfitMargin" : 100.00,
    "grossProfit" : 489.42,
    "operatingProfitMargin" : 20.60,
    "operatingProfit" : 100.82,
    "netProfitMargin" : 7.29,
    "netProfit" : 35.68
  }, {
    "date" : "2019-09-30",
    "sales" : 521.48,
    "salesGrowthYoY" : -1.59,
    "grossProfitMargin" : 100.00,
    "grossProfit" : 521.48,
    "operatingProfitMargin" : 20.90,
    "operatingProfit" : 108.99,
    "netProfitMargin" : 11.24,
    "netProfit" : 58.61
  }, {
    "date" : "2019-12-31",
    "sales" : 564.64,
    "salesGrowthYoY" : 17.84,
    "grossProfitMargin" : 100.00,
    "grossProfit" : 564.64,
    "operatingProfitMargin" : 23.14,
    "operatingProfit" : 130.66,
    "netProfitMargin" : 13.00,
    "netProfit" : 73.40
  }, {
    "date" : "2020-03-31",
    "sales" : 566.64,
    "salesGrowthYoY" : 14.16,
    "grossProfitMargin" : 100.00,
    "grossProfit" : 566.64,
    "operatingProfitMargin" : 21.57,
    "operatingProfit" : 122.22,
    "netProfitMargin" : 14.83,
    "netProfit" : 84.03
  }, {
    "date" : "2020-06-30",
    "sales" : 526.13,
    "salesGrowthYoY" : 7.50,
    "grossProfitMargin" : 100.00,
    "grossProfit" : 526.13,
    "operatingProfitMargin" : 16.82,
    "operatingProfit" : 88.50,
    "netProfitMargin" : 5.99,
    "netProfit" : 31.52
  }, {
    "date" : "2020-09-30",
    "sales" : 589.56,
    "salesGrowthYoY" : 13.06,
    "grossProfitMargin" : 100.00,
    "grossProfit" : 589.56,
    "operatingProfitMargin" : 22.57,
    "operatingProfit" : 133.06,
    "netProfitMargin" : 6.61,
    "netProfit" : 38.97
  }, {
    "date" : "2020-12-31",
    "sales" : 135.90,
    "salesGrowthYoY" : -75.93,
    "grossProfitMargin" : 100.00,
    "grossProfit" : 135.90,
    "operatingProfitMargin" : -5.67,
    "operatingProfit" : -7.71,
    "netProfitMargin" : 53.38,
    "netProfit" : 72.54
  }, {
    "date" : "2021-03-31",
    "sales" : 139.23,
    "salesGrowthYoY" : -75.43,
    "grossProfitMargin" : 100.00,
    "grossProfit" : 139.23,
    "operatingProfitMargin" : -17.07,
    "operatingProfit" : -23.77,
    "netProfitMargin" : -12.78,
    "netProfit" : -17.79
  }, {
    "date" : "2021-06-30",
    "sales" : 626.22,
    "salesGrowthYoY" : 19.02,
    "grossProfitMargin" : 100.00,
    "grossProfit" : 626.22,
    "operatingProfitMargin" : 23.50,
    "operatingProfit" : 147.16,
    "netProfitMargin" : 12.46,
    "netProfit" : 78.03
  }, {
    "date" : "2021-09-30",
    "sales" : 324.57,
    "salesGrowthYoY" : -44.95,
    "grossProfitMargin" : 99.87,
    "grossProfit" : 324.15,
    "operatingProfitMargin" : -1.54,
    "operatingProfit" : -5.00,
    "netProfitMargin" : -15.24,
    "netProfit" : -49.46
  }, {
    "date" : "2021-12-31",
    "sales" : 307.89,
    "salesGrowthYoY" : 126.56,
    "grossProfitMargin" : 99.90,
    "grossProfit" : 307.58,
    "operatingProfitMargin" : 1.23,
    "operatingProfit" : 3.79,
    "netProfitMargin" : -18.74,
    "netProfit" : -57.70
  }, {
    "date" : "2022-03-31",
    "sales" : 312.90,
    "salesGrowthYoY" : 124.74,
    "grossProfitMargin" : 99.63,
    "grossProfit" : 311.74,
    "operatingProfitMargin" : 5.23,
    "operatingProfit" : 16.36,
    "netProfitMargin" : 19.79,
    "netProfit" : 61.92
  }, {
    "date" : "2022-06-30",
    "sales" : 309.71,
    "salesGrowthYoY" : -50.54,
    "grossProfitMargin" : 99.86,
    "grossProfit" : 309.28,
    "operatingProfitMargin" : 8.64,
    "operatingProfit" : 26.76,
    "netProfitMargin" : 17.47,
    "netProfit" : 54.11
  }, {
    "date" : "2022-09-30",
    "sales" : 334.54,
    "salesGrowthYoY" : 3.07,
    "grossProfitMargin" : 99.84,
    "grossProfit" : 334.00,
    "operatingProfitMargin" : 1.17,
    "operatingProfit" : 3.91,
    "netProfitMargin" : 40.43,
    "netProfit" : 135.25
  }, {
    "date" : "2022-12-31",
    "sales" : 338.98,
    "salesGrowthYoY" : 10.10,
    "grossProfitMargin" : 99.88,
    "grossProfit" : 338.57,
    "operatingProfitMargin" : 0.63,
    "operatingProfit" : 2.14,
    "netProfitMargin" : 4.47,
    "netProfit" : 15.15
  }, {
    "date" : "2023-03-31",
    "sales" : 340.09,
    "salesGrowthYoY" : 8.69,
    "grossProfitMargin" : 100.04,
    "grossProfit" : 340.23,
    "operatingProfitMargin" : 1.61,
    "operatingProfit" : 5.48,
    "netProfitMargin" : 10.89,
    "netProfit" : 37.04
  }, {
    "date" : "2023-06-30",
    "sales" : 348.75,
    "salesGrowthYoY" : 12.61,
    "grossProfitMargin" : 99.79,
    "grossProfit" : 348.02,
    "operatingProfitMargin" : 0.79,
    "operatingProfit" : 2.76,
    "netProfitMargin" : -1.48,
    "netProfit" : -5.16
  }, {
    "date" : "2023-09-30",
    "sales" : 405.31,
    "salesGrowthYoY" : 21.15,
    "grossProfitMargin" : 99.88,
    "grossProfit" : 404.82,
    "operatingProfitMargin" : 1.71,
    "operatingProfit" : 6.93,
    "netProfitMargin" : -4.62,
    "netProfit" : -18.73
  }, {
    "date" : "2023-12-31",
    "sales" : 407.82,
    "salesGrowthYoY" : 20.31,
    "grossProfitMargin" : 99.85,
    "grossProfit" : 407.21,
    "operatingProfitMargin" : 5.67,
    "operatingProfit" : 23.12,
    "netProfitMargin" : -6.86,
    "netProfit" : -27.98
  }, {
    "date" : "2024-03-31",
    "sales" : 416.38,
    "salesGrowthYoY" : 22.43,
    "grossProfitMargin" : 99.65,
    "grossProfit" : 414.92,
    "operatingProfitMargin" : 1.92,
    "operatingProfit" : 7.99,
    "netProfitMargin" : 5.48,
    "netProfit" : 22.82
  }, {
    "date" : "2024-06-30",
    "sales" : 411.11,
    "salesGrowthYoY" : 17.88,
    "grossProfitMargin" : 98.91,
    "grossProfit" : 406.63,
    "operatingProfitMargin" : -11.01,
    "operatingProfit" : -45.26,
    "netProfitMargin" : -20.72,
    "netProfit" : -85.18
  }, {
    "date" : "2024-09-30",
    "sales" : 422.86,
    "salesGrowthYoY" : 4.33,
    "grossProfitMargin" : 99.86,
    "grossProfit" : 422.27,
    "operatingProfitMargin" : -1.72,
    "operatingProfit" : -7.27,
    "netProfitMargin" : -17.94,
    "netProfit" : -75.86
  }, {
    "date" : "2024-12-31",
    "sales" : 430.07,
    "salesGrowthYoY" : 5.46,
    "grossProfitMargin" : 99.97,
    "grossProfit" : 429.94,
    "operatingProfitMargin" : -0.71,
    "operatingProfit" : -3.05,
    "netProfitMargin" : -12.74,
    "netProfit" : -54.79
  }, {
    "date" : "2025-03-31",
    "sales" : 447.05,
    "salesGrowthYoY" : 7.37,
    "grossProfitMargin" : 99.24,
    "grossProfit" : 443.65,
    "operatingProfitMargin" : 2.25,
    "operatingProfit" : 10.06,
    "netProfitMargin" : -23.92,
    "netProfit" : -106.93
  }, {
    "date" : "2025-06-30",
    "sales" : 462.10,
    "salesGrowthYoY" : 12.40,
    "grossProfitMargin" : 99.93,
    "grossProfit" : 461.78,
    "operatingProfitMargin" : -0.93,
    "operatingProfit" : -4.30,
    "netProfitMargin" : -13.45,
    "netProfit" : -62.15
  }, {
    "date" : "2025-09-30",
    "sales" : 468.74,
    "salesGrowthYoY" : 10.85,
    "grossProfitMargin" : 99.40,
    "grossProfit" : 465.93,
    "operatingProfitMargin" : -0.57,
    "operatingProfit" : -2.67,
    "netProfitMargin" : -5.78,
    "netProfit" : -27.09
  } ],
  "latestQuarterlyResult" : {
    "date" : "2025-09-30",
    "sales" : 468.74,
    "salesGrowthYoY" : 10.85,
    "grossProfitMargin" : 99.40,
    "grossProfit" : 465.93,
    "operatingProfitMargin" : -0.57,
    "operatingProfit" : -2.67,
    "netProfitMargin" : -5.78,
    "netProfit" : -27.09
  },
  "companyScore" : {
    "priceHigherThanDma50" : 0.00,
    "priceHigherThanDma100" : 0.00,
    "priceHigherThanDma200" : 0.00,
    "dma50HigherThanDma100" : 0.00,
    "dma50HigherThanDma200" : 0.00,
    "dma100HigherThanDma200" : 0.00,
    "pricePercentageAboveDma50" : 5.22,
    "pricePercentageAboveDma100" : 5.41,
    "pricePercentageAboveDma200" : 5.64,
    "weeklyVolumeHigherThanYearlyVolume" : 0.00,
    "salesGrowthPercentile" : 8.57,
    "operatingProfitMarginPercentile" : 6.62,
    "netProfitMarginPercentile" : 2.35,
    "totalTechnicalScore" : 16.27,
    "totalFundamentalScore" : 17.54,
    "totalScore" : 33.81
  }
}