{
  "metadata" : {
    "screenerCompanyId" : "1348",
    "companyCode" : "HINDPETRO",
    "companyName" : "H P C L",
    "screenerCompanyLink" : "https://www.screener.in/company/HINDPETRO",
    "screenerTechnicalHistoryLink" : "https://www.screener.in/api/company/1348/chart/?q=Price-DMA50-DMA200-Volume&days=365",
    "screenerQuarterlyResultsLink" : "https://www.screener.in/api/company/1348/chart/?q=GPM-OPM-NPM-Quarter+Sales&days=10000",
    "attributes" : {
      "companyCode" : "HINDPETRO",
      "companyName" : "H P C L",
      "marketCap" : 95826.00,
      "peRatio" : 6.57,
      "description" : "Hindustan Petroleum Corporation Ltd is mainly engaged in the business of refining of crude oil and marketing of petroleum products, production of hydrocarbons as well as providing services for management of E&P Blocks.[1]"
    },
    "companyScore" : {
      "priceHigherThanDma50" : 0.00,
      "priceHigherThanDma100" : 5.00,
      "priceHigherThanDma200" : 5.00,
      "dma50HigherThanDma100" : 5.00,
      "dma50HigherThanDma200" : 5.00,
      "dma100HigherThanDma200" : 5.00,
      "pricePercentageAboveDma50" : 5.05,
      "pricePercentageAboveDma100" : 4.80,
      "pricePercentageAboveDma200" : 4.61,
      "weeklyVolumeHigherThanYearlyVolume" : 0.00,
      "salesGrowthPercentile" : 6.87,
      "operatingProfitMarginPercentile" : 16.14,
      "netProfitMarginPercentile" : 7.83,
      "totalTechnicalScore" : 39.46,
      "totalFundamentalScore" : 30.85,
      "totalScore" : 70.30
    }
  },
  "attributes" : {
    "companyCode" : "HINDPETRO",
    "companyName" : "H P C L",
    "marketCap" : 95826.00,
    "peRatio" : 6.57,
    "description" : "Hindustan Petroleum Corporation Ltd is mainly engaged in the business of refining of crude oil and marketing of petroleum products, production of hydrocarbons as well as providing services for management of E&P Blocks.[1]"
  },
  "technicalHistory" : [ {
    "date" : "2024-12-09",
    "price" : 399.70,
    "dma50" : 388.36,
    "dma100" : null,
    "dma200" : 358.54,
    "volume" : 5205467.00
  }, {
    "date" : "2024-12-10",
    "price" : 404.90,
    "dma50" : 389.01,
    "dma100" : null,
    "dma200" : 359.00,
    "volume" : 7149223.00
  }, {
    "date" : "2024-12-11",
    "price" : 410.10,
    "dma50" : 389.84,
    "dma100" : null,
    "dma200" : 359.51,
    "volume" : 9074203.00
  }, {
    "date" : "2024-12-12",
    "price" : 411.70,
    "dma50" : 390.70,
    "dma100" : null,
    "dma200" : 360.03,
    "volume" : 5112927.00
  }, {
    "date" : "2024-12-13",
    "price" : 415.05,
    "dma50" : 391.65,
    "dma100" : null,
    "dma200" : 360.58,
    "volume" : 7706827.00
  }, {
    "date" : "2024-12-16",
    "price" : 407.10,
    "dma50" : 392.26,
    "dma100" : null,
    "dma200" : 361.04,
    "volume" : 7564766.00
  }, {
    "date" : "2024-12-17",
    "price" : 407.10,
    "dma50" : 392.84,
    "dma100" : null,
    "dma200" : 361.50,
    "volume" : 3964860.00
  }, {
    "date" : "2024-12-18",
    "price" : 398.05,
    "dma50" : 393.04,
    "dma100" : null,
    "dma200" : 361.86,
    "volume" : 4400811.00
  }, {
    "date" : "2024-12-19",
    "price" : 407.40,
    "dma50" : 393.61,
    "dma100" : null,
    "dma200" : 362.32,
    "volume" : 7547441.00
  }, {
    "date" : "2024-12-20",
    "price" : 399.50,
    "dma50" : 393.84,
    "dma100" : null,
    "dma200" : 362.69,
    "volume" : 8415507.00
  }, {
    "date" : "2024-12-23",
    "price" : 403.60,
    "dma50" : 394.22,
    "dma100" : null,
    "dma200" : 363.09,
    "volume" : 4339709.00
  }, {
    "date" : "2024-12-24",
    "price" : 412.85,
    "dma50" : 394.95,
    "dma100" : null,
    "dma200" : 363.59,
    "volume" : 6721795.00
  }, {
    "date" : "2024-12-26",
    "price" : 419.30,
    "dma50" : 395.91,
    "dma100" : null,
    "dma200" : 364.14,
    "volume" : 6893276.00
  }, {
    "date" : "2024-12-27",
    "price" : 410.70,
    "dma50" : 396.49,
    "dma100" : null,
    "dma200" : 364.61,
    "volume" : 3799920.00
  }, {
    "date" : "2024-12-30",
    "price" : 405.80,
    "dma50" : 396.85,
    "dma100" : null,
    "dma200" : 365.02,
    "volume" : 6947148.00
  }, {
    "date" : "2024-12-31",
    "price" : 408.75,
    "dma50" : 397.32,
    "dma100" : null,
    "dma200" : 365.45,
    "volume" : 3190178.00
  }, {
    "date" : "2025-01-01",
    "price" : 412.35,
    "dma50" : 397.91,
    "dma100" : null,
    "dma200" : 365.92,
    "volume" : 2288625.00
  }, {
    "date" : "2025-01-02",
    "price" : 412.70,
    "dma50" : 398.49,
    "dma100" : null,
    "dma200" : 366.38,
    "volume" : 2499635.00
  }, {
    "date" : "2025-01-03",
    "price" : 413.05,
    "dma50" : 399.06,
    "dma100" : null,
    "dma200" : 366.85,
    "volume" : 4138235.00
  }, {
    "date" : "2025-01-06",
    "price" : 388.95,
    "dma50" : 398.66,
    "dma100" : null,
    "dma200" : 367.07,
    "volume" : 5317671.00
  }, {
    "date" : "2025-01-07",
    "price" : 386.20,
    "dma50" : 398.17,
    "dma100" : null,
    "dma200" : 367.26,
    "volume" : 3269911.00
  }, {
    "date" : "2025-01-08",
    "price" : 391.35,
    "dma50" : 397.91,
    "dma100" : null,
    "dma200" : 367.50,
    "volume" : 3751262.00
  }, {
    "date" : "2025-01-09",
    "price" : 384.80,
    "dma50" : 397.39,
    "dma100" : null,
    "dma200" : 367.67,
    "volume" : 2590271.00
  }, {
    "date" : "2025-01-10",
    "price" : 388.45,
    "dma50" : 397.04,
    "dma100" : null,
    "dma200" : 367.88,
    "volume" : 3645456.00
  }, {
    "date" : "2025-01-13",
    "price" : 364.40,
    "dma50" : 395.76,
    "dma100" : null,
    "dma200" : 367.84,
    "volume" : 13773109.00
  }, {
    "date" : "2025-01-14",
    "price" : 373.25,
    "dma50" : 394.88,
    "dma100" : null,
    "dma200" : 367.90,
    "volume" : 3493646.00
  }, {
    "date" : "2025-01-15",
    "price" : 363.25,
    "dma50" : 393.64,
    "dma100" : null,
    "dma200" : 367.85,
    "volume" : 4325454.00
  }, {
    "date" : "2025-01-16",
    "price" : 358.20,
    "dma50" : 392.25,
    "dma100" : null,
    "dma200" : 367.75,
    "volume" : 5171168.00
  }, {
    "date" : "2025-01-17",
    "price" : 358.90,
    "dma50" : 390.94,
    "dma100" : null,
    "dma200" : 367.67,
    "volume" : 3227260.00
  }, {
    "date" : "2025-01-20",
    "price" : 360.35,
    "dma50" : 389.74,
    "dma100" : null,
    "dma200" : 367.59,
    "volume" : 7116469.00
  }, {
    "date" : "2025-01-21",
    "price" : 369.95,
    "dma50" : 388.96,
    "dma100" : null,
    "dma200" : 367.62,
    "volume" : 12748049.00
  }, {
    "date" : "2025-01-22",
    "price" : 370.10,
    "dma50" : 388.22,
    "dma100" : null,
    "dma200" : 367.64,
    "volume" : 6818726.00
  }, {
    "date" : "2025-01-23",
    "price" : 362.10,
    "dma50" : 387.20,
    "dma100" : null,
    "dma200" : 367.59,
    "volume" : 5250243.00
  }, {
    "date" : "2025-01-24",
    "price" : 352.85,
    "dma50" : 385.85,
    "dma100" : null,
    "dma200" : 367.44,
    "volume" : 18952244.00
  }, {
    "date" : "2025-01-27",
    "price" : 345.95,
    "dma50" : 384.29,
    "dma100" : null,
    "dma200" : 367.23,
    "volume" : 4628628.00
  }, {
    "date" : "2025-01-28",
    "price" : 349.50,
    "dma50" : 382.92,
    "dma100" : null,
    "dma200" : 367.05,
    "volume" : 5207742.00
  }, {
    "date" : "2025-01-29",
    "price" : 345.25,
    "dma50" : 381.45,
    "dma100" : null,
    "dma200" : 366.83,
    "volume" : 3885521.00
  }, {
    "date" : "2025-01-30",
    "price" : 351.60,
    "dma50" : 380.28,
    "dma100" : null,
    "dma200" : 366.68,
    "volume" : 4593603.00
  }, {
    "date" : "2025-01-31",
    "price" : 358.25,
    "dma50" : 379.41,
    "dma100" : null,
    "dma200" : 366.60,
    "volume" : 2086183.00
  }, {
    "date" : "2025-02-01",
    "price" : 344.85,
    "dma50" : 378.06,
    "dma100" : null,
    "dma200" : 366.38,
    "volume" : 8251703.00
  }, {
    "date" : "2025-02-03",
    "price" : 324.90,
    "dma50" : 375.97,
    "dma100" : null,
    "dma200" : 365.97,
    "volume" : 27307242.00
  }, {
    "date" : "2025-02-04",
    "price" : 333.70,
    "dma50" : 374.31,
    "dma100" : null,
    "dma200" : 365.65,
    "volume" : 7556872.00
  }, {
    "date" : "2025-02-05",
    "price" : 342.90,
    "dma50" : 373.08,
    "dma100" : null,
    "dma200" : 365.42,
    "volume" : 7369890.00
  }, {
    "date" : "2025-02-06",
    "price" : 343.10,
    "dma50" : 371.91,
    "dma100" : null,
    "dma200" : 365.20,
    "volume" : 3220729.00
  }, {
    "date" : "2025-02-07",
    "price" : 342.50,
    "dma50" : 370.75,
    "dma100" : null,
    "dma200" : 364.97,
    "volume" : 1862822.00
  }, {
    "date" : "2025-02-10",
    "price" : 338.30,
    "dma50" : 369.48,
    "dma100" : null,
    "dma200" : 364.71,
    "volume" : 2045777.00
  }, {
    "date" : "2025-02-11",
    "price" : 330.00,
    "dma50" : 367.93,
    "dma100" : null,
    "dma200" : 364.36,
    "volume" : 1597865.00
  }, {
    "date" : "2025-02-12",
    "price" : 323.95,
    "dma50" : 366.21,
    "dma100" : null,
    "dma200" : 363.96,
    "volume" : 3277283.00
  }, {
    "date" : "2025-02-13",
    "price" : 320.15,
    "dma50" : 364.40,
    "dma100" : null,
    "dma200" : 363.52,
    "volume" : 10089206.00
  }, {
    "date" : "2025-02-14",
    "price" : 312.35,
    "dma50" : 362.36,
    "dma100" : null,
    "dma200" : 363.01,
    "volume" : 9859636.00
  }, {
    "date" : "2025-02-17",
    "price" : 318.10,
    "dma50" : 360.62,
    "dma100" : null,
    "dma200" : 362.57,
    "volume" : 4776586.00
  }, {
    "date" : "2025-02-18",
    "price" : 319.95,
    "dma50" : 359.03,
    "dma100" : null,
    "dma200" : 362.14,
    "volume" : 1776239.00
  }, {
    "date" : "2025-02-19",
    "price" : 324.60,
    "dma50" : 357.68,
    "dma100" : null,
    "dma200" : 361.77,
    "volume" : 2391244.00
  }, {
    "date" : "2025-02-20",
    "price" : 331.70,
    "dma50" : 356.66,
    "dma100" : null,
    "dma200" : 361.47,
    "volume" : 1856692.00
  }, {
    "date" : "2025-02-21",
    "price" : 323.00,
    "dma50" : 355.34,
    "dma100" : null,
    "dma200" : 361.09,
    "volume" : 2278204.00
  }, {
    "date" : "2025-02-24",
    "price" : 319.30,
    "dma50" : 353.93,
    "dma100" : null,
    "dma200" : 360.67,
    "volume" : 3382244.00
  }, {
    "date" : "2025-02-25",
    "price" : 309.85,
    "dma50" : 352.20,
    "dma100" : null,
    "dma200" : 360.17,
    "volume" : 4479944.00
  }, {
    "date" : "2025-02-27",
    "price" : 307.00,
    "dma50" : 350.43,
    "dma100" : null,
    "dma200" : 359.64,
    "volume" : 5389379.00
  }, {
    "date" : "2025-02-28",
    "price" : 293.75,
    "dma50" : 348.20,
    "dma100" : null,
    "dma200" : 358.98,
    "volume" : 6796022.00
  }, {
    "date" : "2025-03-03",
    "price" : 297.80,
    "dma50" : 346.23,
    "dma100" : null,
    "dma200" : 358.37,
    "volume" : 4044970.00
  }, {
    "date" : "2025-03-04",
    "price" : 315.20,
    "dma50" : 345.01,
    "dma100" : null,
    "dma200" : 357.94,
    "volume" : 7575770.00
  }, {
    "date" : "2025-03-05",
    "price" : 326.15,
    "dma50" : 344.27,
    "dma100" : null,
    "dma200" : 357.63,
    "volume" : 12779492.00
  }, {
    "date" : "2025-03-06",
    "price" : 339.15,
    "dma50" : 344.07,
    "dma100" : null,
    "dma200" : 357.44,
    "volume" : 13345703.00
  }, {
    "date" : "2025-03-07",
    "price" : 332.45,
    "dma50" : 343.61,
    "dma100" : null,
    "dma200" : 357.19,
    "volume" : 3964830.00
  }, {
    "date" : "2025-03-10",
    "price" : 325.80,
    "dma50" : 342.92,
    "dma100" : null,
    "dma200" : 356.88,
    "volume" : 7438161.00
  }, {
    "date" : "2025-03-11",
    "price" : 329.70,
    "dma50" : 342.40,
    "dma100" : null,
    "dma200" : 356.61,
    "volume" : 6504643.00
  }, {
    "date" : "2025-03-12",
    "price" : 327.35,
    "dma50" : 341.81,
    "dma100" : null,
    "dma200" : 356.32,
    "volume" : 9008980.00
  }, {
    "date" : "2025-03-13",
    "price" : 323.70,
    "dma50" : 341.10,
    "dma100" : null,
    "dma200" : 356.00,
    "volume" : 4748399.00
  }, {
    "date" : "2025-03-17",
    "price" : 325.50,
    "dma50" : 340.49,
    "dma100" : null,
    "dma200" : 355.69,
    "volume" : 5533650.00
  }, {
    "date" : "2025-03-18",
    "price" : 324.00,
    "dma50" : 339.84,
    "dma100" : null,
    "dma200" : 355.38,
    "volume" : 6246572.00
  }, {
    "date" : "2025-03-19",
    "price" : 328.00,
    "dma50" : 339.37,
    "dma100" : null,
    "dma200" : 355.10,
    "volume" : 6067129.00
  }, {
    "date" : "2025-03-20",
    "price" : 336.55,
    "dma50" : 339.26,
    "dma100" : null,
    "dma200" : 354.92,
    "volume" : 5040796.00
  }, {
    "date" : "2025-03-21",
    "price" : 356.95,
    "dma50" : 339.96,
    "dma100" : null,
    "dma200" : 354.94,
    "volume" : 16315752.00
  }, {
    "date" : "2025-03-24",
    "price" : 361.90,
    "dma50" : 340.82,
    "dma100" : null,
    "dma200" : 355.01,
    "volume" : 9858638.00
  }, {
    "date" : "2025-03-25",
    "price" : 361.45,
    "dma50" : 341.63,
    "dma100" : null,
    "dma200" : 355.07,
    "volume" : 6940303.00
  }, {
    "date" : "2025-03-26",
    "price" : 351.90,
    "dma50" : 342.03,
    "dma100" : null,
    "dma200" : 355.04,
    "volume" : 4140688.00
  }, {
    "date" : "2025-03-27",
    "price" : 359.55,
    "dma50" : 342.72,
    "dma100" : null,
    "dma200" : 355.09,
    "volume" : 4697636.00
  }, {
    "date" : "2025-03-28",
    "price" : 360.35,
    "dma50" : 343.41,
    "dma100" : null,
    "dma200" : 355.14,
    "volume" : 5519711.00
  }, {
    "date" : "2025-04-01",
    "price" : 361.70,
    "dma50" : 344.13,
    "dma100" : null,
    "dma200" : 355.20,
    "volume" : 5216118.00
  }, {
    "date" : "2025-04-02",
    "price" : 362.15,
    "dma50" : 344.83,
    "dma100" : null,
    "dma200" : 355.27,
    "volume" : 2591312.00
  }, {
    "date" : "2025-04-03",
    "price" : 362.45,
    "dma50" : 345.52,
    "dma100" : null,
    "dma200" : 355.34,
    "volume" : 5685128.00
  }, {
    "date" : "2025-04-04",
    "price" : 358.35,
    "dma50" : 346.03,
    "dma100" : null,
    "dma200" : 355.37,
    "volume" : 13444904.00
  }, {
    "date" : "2025-04-07",
    "price" : 352.80,
    "dma50" : 346.29,
    "dma100" : null,
    "dma200" : 355.35,
    "volume" : 16043280.00
  }, {
    "date" : "2025-04-08",
    "price" : 369.15,
    "dma50" : 347.19,
    "dma100" : null,
    "dma200" : 355.49,
    "volume" : 11028694.00
  }, {
    "date" : "2025-04-09",
    "price" : 379.30,
    "dma50" : 348.45,
    "dma100" : null,
    "dma200" : 355.72,
    "volume" : 11759707.00
  }, {
    "date" : "2025-04-11",
    "price" : 382.20,
    "dma50" : 349.77,
    "dma100" : null,
    "dma200" : 355.99,
    "volume" : 7503668.00
  }, {
    "date" : "2025-04-15",
    "price" : 379.10,
    "dma50" : 350.92,
    "dma100" : null,
    "dma200" : 356.22,
    "volume" : 4703992.00
  }, {
    "date" : "2025-04-16",
    "price" : 390.05,
    "dma50" : 352.46,
    "dma100" : null,
    "dma200" : 356.55,
    "volume" : 3947720.00
  }, {
    "date" : "2025-04-17",
    "price" : 387.70,
    "dma50" : 353.84,
    "dma100" : null,
    "dma200" : 356.86,
    "volume" : 2459125.00
  }, {
    "date" : "2025-04-21",
    "price" : 394.85,
    "dma50" : 355.45,
    "dma100" : null,
    "dma200" : 357.24,
    "volume" : 3021251.00
  }, {
    "date" : "2025-04-22",
    "price" : 398.45,
    "dma50" : 357.13,
    "dma100" : null,
    "dma200" : 357.65,
    "volume" : 5832504.00
  }, {
    "date" : "2025-04-23",
    "price" : 388.80,
    "dma50" : 358.37,
    "dma100" : null,
    "dma200" : 357.96,
    "volume" : 4855143.00
  }, {
    "date" : "2025-04-24",
    "price" : 390.45,
    "dma50" : 359.63,
    "dma100" : null,
    "dma200" : 358.28,
    "volume" : 4514824.00
  }, {
    "date" : "2025-04-25",
    "price" : 380.70,
    "dma50" : 360.46,
    "dma100" : null,
    "dma200" : 358.51,
    "volume" : 2686199.00
  }, {
    "date" : "2025-04-28",
    "price" : 392.20,
    "dma50" : 361.70,
    "dma100" : null,
    "dma200" : 358.84,
    "volume" : 6201203.00
  }, {
    "date" : "2025-04-29",
    "price" : 391.10,
    "dma50" : 362.86,
    "dma100" : null,
    "dma200" : 359.16,
    "volume" : 4562187.00
  }, {
    "date" : "2025-04-30",
    "price" : 378.70,
    "dma50" : 363.48,
    "dma100" : null,
    "dma200" : 359.36,
    "volume" : 9339628.00
  }, {
    "date" : "2025-05-02",
    "price" : 385.05,
    "dma50" : 364.32,
    "dma100" : null,
    "dma200" : 359.61,
    "volume" : 4726921.00
  }, {
    "date" : "2025-05-05",
    "price" : 409.85,
    "dma50" : 366.11,
    "dma100" : null,
    "dma200" : 360.11,
    "volume" : 28915172.00
  }, {
    "date" : "2025-05-06",
    "price" : 396.80,
    "dma50" : 367.31,
    "dma100" : null,
    "dma200" : 360.48,
    "volume" : 5708558.00
  }, {
    "date" : "2025-05-07",
    "price" : 396.95,
    "dma50" : 368.47,
    "dma100" : 363.60,
    "dma200" : 360.84,
    "volume" : 9119212.00
  }, {
    "date" : "2025-05-08",
    "price" : 388.10,
    "dma50" : 369.24,
    "dma100" : 363.43,
    "dma200" : 361.11,
    "volume" : 5520190.00
  }, {
    "date" : "2025-05-09",
    "price" : 386.25,
    "dma50" : 369.91,
    "dma100" : 363.19,
    "dma200" : 361.36,
    "volume" : 3913663.00
  }, {
    "date" : "2025-05-12",
    "price" : 388.80,
    "dma50" : 370.65,
    "dma100" : 362.96,
    "dma200" : 361.64,
    "volume" : 5071303.00
  }, {
    "date" : "2025-05-13",
    "price" : 388.90,
    "dma50" : 371.37,
    "dma100" : 362.70,
    "dma200" : 361.91,
    "volume" : 3810370.00
  }, {
    "date" : "2025-05-14",
    "price" : 396.60,
    "dma50" : 372.36,
    "dma100" : 362.60,
    "dma200" : 362.25,
    "volume" : 4544492.00
  }, {
    "date" : "2025-05-15",
    "price" : 402.70,
    "dma50" : 373.55,
    "dma100" : 362.55,
    "dma200" : 362.66,
    "volume" : 6233088.00
  }, {
    "date" : "2025-05-16",
    "price" : 410.05,
    "dma50" : 374.98,
    "dma100" : 362.67,
    "dma200" : 363.13,
    "volume" : 5456425.00
  }, {
    "date" : "2025-05-19",
    "price" : 404.90,
    "dma50" : 376.15,
    "dma100" : 362.65,
    "dma200" : 363.54,
    "volume" : 2556410.00
  }, {
    "date" : "2025-05-20",
    "price" : 397.40,
    "dma50" : 376.99,
    "dma100" : 362.63,
    "dma200" : 363.88,
    "volume" : 3374842.00
  }, {
    "date" : "2025-05-21",
    "price" : 404.90,
    "dma50" : 378.08,
    "dma100" : 362.64,
    "dma200" : 364.29,
    "volume" : 4401973.00
  }, {
    "date" : "2025-05-22",
    "price" : 401.25,
    "dma50" : 378.99,
    "dma100" : 362.52,
    "dma200" : 364.66,
    "volume" : 2024848.00
  }, {
    "date" : "2025-05-23",
    "price" : 408.10,
    "dma50" : 380.13,
    "dma100" : 362.41,
    "dma200" : 365.09,
    "volume" : 5823550.00
  }, {
    "date" : "2025-05-26",
    "price" : 414.60,
    "dma50" : 381.48,
    "dma100" : 362.45,
    "dma200" : 365.58,
    "volume" : 3057790.00
  }, {
    "date" : "2025-05-27",
    "price" : 412.15,
    "dma50" : 382.68,
    "dma100" : 362.51,
    "dma200" : 366.04,
    "volume" : 4935684.00
  }, {
    "date" : "2025-05-28",
    "price" : 418.10,
    "dma50" : 384.07,
    "dma100" : 362.61,
    "dma200" : 366.56,
    "volume" : 5719403.00
  }, {
    "date" : "2025-05-29",
    "price" : 414.75,
    "dma50" : 385.28,
    "dma100" : 362.63,
    "dma200" : 367.04,
    "volume" : 3162590.00
  }, {
    "date" : "2025-05-30",
    "price" : 411.05,
    "dma50" : 386.29,
    "dma100" : 362.62,
    "dma200" : 367.48,
    "volume" : 6300312.00
  }, {
    "date" : "2025-06-02",
    "price" : 408.20,
    "dma50" : 387.15,
    "dma100" : 362.57,
    "dma200" : 367.88,
    "volume" : 2270873.00
  }, {
    "date" : "2025-06-03",
    "price" : 402.00,
    "dma50" : 387.73,
    "dma100" : 362.70,
    "dma200" : 368.22,
    "volume" : 2647033.00
  }, {
    "date" : "2025-06-04",
    "price" : 406.60,
    "dma50" : 388.47,
    "dma100" : 362.90,
    "dma200" : 368.61,
    "volume" : 2450045.00
  }, {
    "date" : "2025-06-05",
    "price" : 401.00,
    "dma50" : 388.96,
    "dma100" : 363.00,
    "dma200" : 368.93,
    "volume" : 2682636.00
  }, {
    "date" : "2025-06-06",
    "price" : 407.05,
    "dma50" : 389.67,
    "dma100" : 363.22,
    "dma200" : 369.31,
    "volume" : 1565403.00
  }, {
    "date" : "2025-06-09",
    "price" : 408.45,
    "dma50" : 390.41,
    "dma100" : 363.42,
    "dma200" : 369.70,
    "volume" : 1177075.00
  }, {
    "date" : "2025-06-10",
    "price" : 405.10,
    "dma50" : 390.98,
    "dma100" : 363.83,
    "dma200" : 370.05,
    "volume" : 2119560.00
  }, {
    "date" : "2025-06-11",
    "price" : 414.85,
    "dma50" : 391.92,
    "dma100" : 364.24,
    "dma200" : 370.49,
    "volume" : 9229663.00
  }, {
    "date" : "2025-06-12",
    "price" : 392.55,
    "dma50" : 391.94,
    "dma100" : 364.54,
    "dma200" : 370.71,
    "volume" : 12740501.00
  }, {
    "date" : "2025-06-13",
    "price" : 386.25,
    "dma50" : 391.72,
    "dma100" : 364.82,
    "dma200" : 370.87,
    "volume" : 18119110.00
  }, {
    "date" : "2025-06-16",
    "price" : 395.35,
    "dma50" : 391.86,
    "dma100" : 365.18,
    "dma200" : 371.11,
    "volume" : 6068428.00
  }, {
    "date" : "2025-06-17",
    "price" : 393.25,
    "dma50" : 391.92,
    "dma100" : 365.51,
    "dma200" : 371.33,
    "volume" : 3991916.00
  }, {
    "date" : "2025-06-18",
    "price" : 393.95,
    "dma50" : 392.00,
    "dma100" : 365.75,
    "dma200" : 371.56,
    "volume" : 3480030.00
  }, {
    "date" : "2025-06-19",
    "price" : 390.00,
    "dma50" : 391.92,
    "dma100" : 365.95,
    "dma200" : 371.74,
    "volume" : 3490915.00
  }, {
    "date" : "2025-06-20",
    "price" : 392.25,
    "dma50" : 391.93,
    "dma100" : 366.25,
    "dma200" : 371.95,
    "volume" : 6348825.00
  }, {
    "date" : "2025-06-23",
    "price" : 393.25,
    "dma50" : 391.98,
    "dma100" : 366.66,
    "dma200" : 372.16,
    "volume" : 4731580.00
  }, {
    "date" : "2025-06-24",
    "price" : 406.25,
    "dma50" : 392.54,
    "dma100" : 367.26,
    "dma200" : 372.50,
    "volume" : 15832803.00
  }, {
    "date" : "2025-06-25",
    "price" : 408.15,
    "dma50" : 393.15,
    "dma100" : 367.84,
    "dma200" : 372.85,
    "volume" : 4346209.00
  }, {
    "date" : "2025-06-26",
    "price" : 420.30,
    "dma50" : 394.22,
    "dma100" : 368.60,
    "dma200" : 373.32,
    "volume" : 11747540.00
  }, {
    "date" : "2025-06-27",
    "price" : 439.00,
    "dma50" : 395.98,
    "dma100" : 369.47,
    "dma200" : 373.98,
    "volume" : 15920715.00
  }, {
    "date" : "2025-06-30",
    "price" : 438.05,
    "dma50" : 397.63,
    "dma100" : 370.27,
    "dma200" : 374.61,
    "volume" : 3606387.00
  }, {
    "date" : "2025-07-01",
    "price" : 440.45,
    "dma50" : 399.30,
    "dma100" : 371.22,
    "dma200" : 375.27,
    "volume" : 4698498.00
  }, {
    "date" : "2025-07-02",
    "price" : 436.55,
    "dma50" : 400.77,
    "dma100" : 372.34,
    "dma200" : 375.88,
    "volume" : 3691078.00
  }, {
    "date" : "2025-07-03",
    "price" : 436.60,
    "dma50" : 402.17,
    "dma100" : 373.37,
    "dma200" : 376.48,
    "volume" : 2223503.00
  }, {
    "date" : "2025-07-04",
    "price" : 444.60,
    "dma50" : 403.83,
    "dma100" : 374.39,
    "dma200" : 377.16,
    "volume" : 4465503.00
  }, {
    "date" : "2025-07-07",
    "price" : 447.90,
    "dma50" : 405.56,
    "dma100" : 375.43,
    "dma200" : 377.86,
    "volume" : 8861189.00
  }, {
    "date" : "2025-07-08",
    "price" : 452.70,
    "dma50" : 407.41,
    "dma100" : 376.54,
    "dma200" : 378.61,
    "volume" : 4260466.00
  }, {
    "date" : "2025-07-09",
    "price" : 445.45,
    "dma50" : 408.90,
    "dma100" : 377.61,
    "dma200" : 379.27,
    "volume" : 5341924.00
  }, {
    "date" : "2025-07-10",
    "price" : 441.25,
    "dma50" : 410.17,
    "dma100" : 378.72,
    "dma200" : 379.89,
    "volume" : 4638323.00
  }, {
    "date" : "2025-07-11",
    "price" : 435.90,
    "dma50" : 411.18,
    "dma100" : 379.84,
    "dma200" : 380.45,
    "volume" : 2690603.00
  }, {
    "date" : "2025-07-14",
    "price" : 429.90,
    "dma50" : 411.91,
    "dma100" : 380.94,
    "dma200" : 380.94,
    "volume" : 5070756.00
  }, {
    "date" : "2025-07-15",
    "price" : 433.45,
    "dma50" : 412.76,
    "dma100" : 382.15,
    "dma200" : 381.46,
    "volume" : 6590237.00
  }, {
    "date" : "2025-07-16",
    "price" : 446.10,
    "dma50" : 414.07,
    "dma100" : 383.43,
    "dma200" : 382.11,
    "volume" : 6950124.00
  }, {
    "date" : "2025-07-17",
    "price" : 440.00,
    "dma50" : 415.08,
    "dma100" : 384.63,
    "dma200" : 382.68,
    "volume" : 2748060.00
  }, {
    "date" : "2025-07-18",
    "price" : 430.60,
    "dma50" : 415.69,
    "dma100" : 385.69,
    "dma200" : 383.16,
    "volume" : 3910814.00
  }, {
    "date" : "2025-07-21",
    "price" : 431.70,
    "dma50" : 416.32,
    "dma100" : 386.69,
    "dma200" : 383.64,
    "volume" : 3573914.00
  }, {
    "date" : "2025-07-22",
    "price" : 429.25,
    "dma50" : 416.83,
    "dma100" : 387.75,
    "dma200" : 384.10,
    "volume" : 4320470.00
  }, {
    "date" : "2025-07-23",
    "price" : 434.50,
    "dma50" : 417.52,
    "dma100" : 388.90,
    "dma200" : 384.60,
    "volume" : 2855949.00
  }, {
    "date" : "2025-07-24",
    "price" : 434.90,
    "dma50" : 418.20,
    "dma100" : 390.15,
    "dma200" : 385.10,
    "volume" : 3030926.00
  }, {
    "date" : "2025-07-25",
    "price" : 421.80,
    "dma50" : 418.34,
    "dma100" : 391.30,
    "dma200" : 385.46,
    "volume" : 3250974.00
  }, {
    "date" : "2025-07-28",
    "price" : 421.90,
    "dma50" : 418.48,
    "dma100" : 392.58,
    "dma200" : 385.83,
    "volume" : 2664867.00
  }, {
    "date" : "2025-07-29",
    "price" : 425.80,
    "dma50" : 418.77,
    "dma100" : 393.86,
    "dma200" : 386.22,
    "volume" : 4828365.00
  }, {
    "date" : "2025-07-30",
    "price" : 426.25,
    "dma50" : 419.06,
    "dma100" : 394.97,
    "dma200" : 386.62,
    "volume" : 7073298.00
  }, {
    "date" : "2025-07-31",
    "price" : 418.45,
    "dma50" : 419.04,
    "dma100" : 395.90,
    "dma200" : 386.94,
    "volume" : 10057221.00
  }, {
    "date" : "2025-08-01",
    "price" : 403.80,
    "dma50" : 418.44,
    "dma100" : 396.54,
    "dma200" : 387.11,
    "volume" : 3959752.00
  }, {
    "date" : "2025-08-04",
    "price" : 408.65,
    "dma50" : 418.06,
    "dma100" : 397.30,
    "dma200" : 387.32,
    "volume" : 3373705.00
  }, {
    "date" : "2025-08-05",
    "price" : 402.45,
    "dma50" : 417.44,
    "dma100" : 398.07,
    "dma200" : 387.47,
    "volume" : 8254386.00
  }, {
    "date" : "2025-08-06",
    "price" : 401.40,
    "dma50" : 416.82,
    "dma100" : 398.79,
    "dma200" : 387.61,
    "volume" : 2178476.00
  }, {
    "date" : "2025-08-07",
    "price" : 402.40,
    "dma50" : 416.25,
    "dma100" : 399.54,
    "dma200" : 387.76,
    "volume" : 6575079.00
  }, {
    "date" : "2025-08-08",
    "price" : 409.50,
    "dma50" : 415.99,
    "dma100" : 400.40,
    "dma200" : 387.97,
    "volume" : 12826893.00
  }, {
    "date" : "2025-08-11",
    "price" : 410.35,
    "dma50" : 415.76,
    "dma100" : 401.25,
    "dma200" : 388.20,
    "volume" : 9191103.00
  }, {
    "date" : "2025-08-12",
    "price" : 408.05,
    "dma50" : 415.46,
    "dma100" : 402.09,
    "dma200" : 388.39,
    "volume" : 4786594.00
  }, {
    "date" : "2025-08-13",
    "price" : 411.10,
    "dma50" : 415.29,
    "dma100" : 402.92,
    "dma200" : 388.62,
    "volume" : 3739101.00
  }, {
    "date" : "2025-08-14",
    "price" : 394.35,
    "dma50" : 414.47,
    "dma100" : 403.49,
    "dma200" : 388.68,
    "volume" : 6776666.00
  }, {
    "date" : "2025-08-18",
    "price" : 387.05,
    "dma50" : 413.39,
    "dma100" : 403.80,
    "dma200" : 388.66,
    "volume" : 6759298.00
  }, {
    "date" : "2025-08-19",
    "price" : 395.60,
    "dma50" : 412.70,
    "dma100" : 404.13,
    "dma200" : 388.73,
    "volume" : 4407757.00
  }, {
    "date" : "2025-08-20",
    "price" : 390.80,
    "dma50" : 411.84,
    "dma100" : 404.43,
    "dma200" : 388.75,
    "volume" : 5755827.00
  }, {
    "date" : "2025-08-21",
    "price" : 393.15,
    "dma50" : 411.11,
    "dma100" : 404.84,
    "dma200" : 388.79,
    "volume" : 2180776.00
  }, {
    "date" : "2025-08-22",
    "price" : 390.75,
    "dma50" : 410.31,
    "dma100" : 405.15,
    "dma200" : 388.81,
    "volume" : 2672226.00
  }, {
    "date" : "2025-08-25",
    "price" : 390.25,
    "dma50" : 409.52,
    "dma100" : 405.45,
    "dma200" : 388.83,
    "volume" : 1277168.00
  }, {
    "date" : "2025-08-26",
    "price" : 382.95,
    "dma50" : 408.48,
    "dma100" : 405.66,
    "dma200" : 388.77,
    "volume" : 4897609.00
  }, {
    "date" : "2025-08-28",
    "price" : 381.75,
    "dma50" : 407.43,
    "dma100" : 405.86,
    "dma200" : 388.70,
    "volume" : 4055573.00
  }, {
    "date" : "2025-08-29",
    "price" : 375.90,
    "dma50" : 406.19,
    "dma100" : 405.99,
    "dma200" : 388.57,
    "volume" : 3180291.00
  }, {
    "date" : "2025-09-01",
    "price" : 385.25,
    "dma50" : 405.37,
    "dma100" : 406.26,
    "dma200" : 388.54,
    "volume" : 2458092.00
  }, {
    "date" : "2025-09-02",
    "price" : 384.60,
    "dma50" : 404.56,
    "dma100" : 406.58,
    "dma200" : 388.50,
    "volume" : 1715172.00
  }, {
    "date" : "2025-09-03",
    "price" : 387.25,
    "dma50" : 403.88,
    "dma100" : 406.76,
    "dma200" : 388.49,
    "volume" : 2791970.00
  }, {
    "date" : "2025-09-04",
    "price" : 384.60,
    "dma50" : 403.12,
    "dma100" : 406.81,
    "dma200" : 388.45,
    "volume" : 2763924.00
  }, {
    "date" : "2025-09-05",
    "price" : 383.60,
    "dma50" : 402.36,
    "dma100" : 406.83,
    "dma200" : 388.40,
    "volume" : 2184356.00
  }, {
    "date" : "2025-09-08",
    "price" : 393.90,
    "dma50" : 402.03,
    "dma100" : 406.98,
    "dma200" : 388.45,
    "volume" : 3172749.00
  }, {
    "date" : "2025-09-09",
    "price" : 389.90,
    "dma50" : 401.55,
    "dma100" : 406.97,
    "dma200" : 388.47,
    "volume" : 1999799.00
  }, {
    "date" : "2025-09-10",
    "price" : 392.45,
    "dma50" : 401.19,
    "dma100" : 407.02,
    "dma200" : 388.51,
    "volume" : 1962704.00
  }, {
    "date" : "2025-09-11",
    "price" : 397.80,
    "dma50" : 401.06,
    "dma100" : 407.05,
    "dma200" : 388.60,
    "volume" : 3856808.00
  }, {
    "date" : "2025-09-12",
    "price" : 398.75,
    "dma50" : 400.97,
    "dma100" : 407.05,
    "dma200" : 388.70,
    "volume" : 1469867.00
  }, {
    "date" : "2025-09-15",
    "price" : 399.85,
    "dma50" : 400.93,
    "dma100" : 407.16,
    "dma200" : 388.81,
    "volume" : 1489472.00
  }, {
    "date" : "2025-09-16",
    "price" : 402.00,
    "dma50" : 400.97,
    "dma100" : 407.28,
    "dma200" : 388.94,
    "volume" : 1552771.00
  }, {
    "date" : "2025-09-17",
    "price" : 405.65,
    "dma50" : 401.15,
    "dma100" : 407.53,
    "dma200" : 389.11,
    "volume" : 2645384.00
  }, {
    "date" : "2025-09-18",
    "price" : 408.60,
    "dma50" : 401.44,
    "dma100" : 407.69,
    "dma200" : 389.30,
    "volume" : 1899438.00
  }, {
    "date" : "2025-09-19",
    "price" : 413.05,
    "dma50" : 401.90,
    "dma100" : 407.91,
    "dma200" : 389.54,
    "volume" : 4839553.00
  }, {
    "date" : "2025-09-22",
    "price" : 412.75,
    "dma50" : 402.32,
    "dma100" : 408.25,
    "dma200" : 389.77,
    "volume" : 2694255.00
  }, {
    "date" : "2025-09-23",
    "price" : 424.30,
    "dma50" : 403.19,
    "dma100" : 408.65,
    "dma200" : 390.12,
    "volume" : 5038055.00
  }, {
    "date" : "2025-09-24",
    "price" : 424.90,
    "dma50" : 404.04,
    "dma100" : 408.80,
    "dma200" : 390.46,
    "volume" : 7521531.00
  }, {
    "date" : "2025-09-25",
    "price" : 423.50,
    "dma50" : 404.80,
    "dma100" : 409.06,
    "dma200" : 390.79,
    "volume" : 2568286.00
  }, {
    "date" : "2025-09-26",
    "price" : 422.25,
    "dma50" : 405.49,
    "dma100" : 409.32,
    "dma200" : 391.10,
    "volume" : 5636880.00
  }, {
    "date" : "2025-09-29",
    "price" : 441.75,
    "dma50" : 406.91,
    "dma100" : 409.85,
    "dma200" : 391.61,
    "volume" : 12020506.00
  }, {
    "date" : "2025-09-30",
    "price" : 443.40,
    "dma50" : 408.34,
    "dma100" : 410.42,
    "dma200" : 392.12,
    "volume" : 4404838.00
  }, {
    "date" : "2025-10-01",
    "price" : 434.40,
    "dma50" : 409.36,
    "dma100" : 410.88,
    "dma200" : 392.54,
    "volume" : 6650122.00
  }, {
    "date" : "2025-10-03",
    "price" : 446.30,
    "dma50" : 410.81,
    "dma100" : 411.45,
    "dma200" : 393.08,
    "volume" : 6529809.00
  }, {
    "date" : "2025-10-06",
    "price" : 456.30,
    "dma50" : 412.59,
    "dma100" : 412.05,
    "dma200" : 393.71,
    "volume" : 4496963.00
  }, {
    "date" : "2025-10-07",
    "price" : 454.25,
    "dma50" : 414.23,
    "dma100" : 412.57,
    "dma200" : 394.31,
    "volume" : 8699238.00
  }, {
    "date" : "2025-10-08",
    "price" : 457.30,
    "dma50" : 415.92,
    "dma100" : 413.04,
    "dma200" : 394.94,
    "volume" : 4376359.00
  }, {
    "date" : "2025-10-09",
    "price" : 458.00,
    "dma50" : 417.57,
    "dma100" : 413.57,
    "dma200" : 395.56,
    "volume" : 3706507.00
  }, {
    "date" : "2025-10-10",
    "price" : 452.50,
    "dma50" : 418.94,
    "dma100" : 414.12,
    "dma200" : 396.13,
    "volume" : 1815604.00
  }, {
    "date" : "2025-10-13",
    "price" : 451.35,
    "dma50" : 420.21,
    "dma100" : 414.59,
    "dma200" : 396.68,
    "volume" : 6365406.00
  }, {
    "date" : "2025-10-14",
    "price" : 442.65,
    "dma50" : 421.09,
    "dma100" : 415.00,
    "dma200" : 397.14,
    "volume" : 1804114.00
  }, {
    "date" : "2025-10-15",
    "price" : 448.65,
    "dma50" : 422.17,
    "dma100" : 415.41,
    "dma200" : 397.65,
    "volume" : 7752168.00
  }, {
    "date" : "2025-10-16",
    "price" : 451.95,
    "dma50" : 423.34,
    "dma100" : 415.78,
    "dma200" : 398.19,
    "volume" : 5605177.00
  }, {
    "date" : "2025-10-17",
    "price" : 448.60,
    "dma50" : 424.33,
    "dma100" : 416.14,
    "dma200" : 398.69,
    "volume" : 3370136.00
  }, {
    "date" : "2025-10-20",
    "price" : 452.95,
    "dma50" : 425.45,
    "dma100" : 416.49,
    "dma200" : 399.23,
    "volume" : 2203932.00
  }, {
    "date" : "2025-10-21",
    "price" : 455.40,
    "dma50" : 426.62,
    "dma100" : 416.90,
    "dma200" : 399.79,
    "volume" : 354631.00
  }, {
    "date" : "2025-10-23",
    "price" : 440.70,
    "dma50" : 427.18,
    "dma100" : 417.20,
    "dma200" : 400.20,
    "volume" : 6356841.00
  }, {
    "date" : "2025-10-24",
    "price" : 438.45,
    "dma50" : 427.62,
    "dma100" : 417.50,
    "dma200" : 400.58,
    "volume" : 4444121.00
  }, {
    "date" : "2025-10-27",
    "price" : 453.75,
    "dma50" : 428.64,
    "dma100" : 418.02,
    "dma200" : 401.11,
    "volume" : 5808519.00
  }, {
    "date" : "2025-10-28",
    "price" : 452.15,
    "dma50" : 429.56,
    "dma100" : 418.47,
    "dma200" : 401.62,
    "volume" : 4696724.00
  }, {
    "date" : "2025-10-29",
    "price" : 468.85,
    "dma50" : 431.11,
    "dma100" : 419.15,
    "dma200" : 402.28,
    "volume" : 8984731.00
  }, {
    "date" : "2025-10-30",
    "price" : 469.75,
    "dma50" : 432.62,
    "dma100" : 419.78,
    "dma200" : 402.96,
    "volume" : 9996464.00
  }, {
    "date" : "2025-10-31",
    "price" : 476.00,
    "dma50" : 434.32,
    "dma100" : 420.45,
    "dma200" : 403.68,
    "volume" : 8476264.00
  }, {
    "date" : "2025-11-03",
    "price" : 484.10,
    "dma50" : 436.27,
    "dma100" : 421.24,
    "dma200" : 404.48,
    "volume" : 6417356.00
  }, {
    "date" : "2025-11-04",
    "price" : 484.85,
    "dma50" : 438.18,
    "dma100" : 421.94,
    "dma200" : 405.28,
    "volume" : 6164083.00
  }, {
    "date" : "2025-11-06",
    "price" : 473.15,
    "dma50" : 439.55,
    "dma100" : 422.75,
    "dma200" : 405.96,
    "volume" : 5263449.00
  }, {
    "date" : "2025-11-07",
    "price" : 479.55,
    "dma50" : 441.12,
    "dma100" : 423.68,
    "dma200" : 406.69,
    "volume" : 5368788.00
  }, {
    "date" : "2025-11-10",
    "price" : 482.00,
    "dma50" : 442.72,
    "dma100" : 424.55,
    "dma200" : 407.44,
    "volume" : 2282708.00
  }, {
    "date" : "2025-11-11",
    "price" : 487.90,
    "dma50" : 444.49,
    "dma100" : 425.49,
    "dma200" : 408.24,
    "volume" : 6908130.00
  }, {
    "date" : "2025-11-12",
    "price" : 484.90,
    "dma50" : 446.08,
    "dma100" : 426.40,
    "dma200" : 409.00,
    "volume" : 3695351.00
  }, {
    "date" : "2025-11-13",
    "price" : 486.05,
    "dma50" : 447.65,
    "dma100" : 427.36,
    "dma200" : 409.77,
    "volume" : 2889701.00
  }, {
    "date" : "2025-11-14",
    "price" : 481.25,
    "dma50" : 448.96,
    "dma100" : 428.25,
    "dma200" : 410.48,
    "volume" : 2542319.00
  }, {
    "date" : "2025-11-17",
    "price" : 486.50,
    "dma50" : 450.44,
    "dma100" : 429.19,
    "dma200" : 411.24,
    "volume" : 3594404.00
  }, {
    "date" : "2025-11-18",
    "price" : 483.55,
    "dma50" : 451.73,
    "dma100" : 429.96,
    "dma200" : 411.96,
    "volume" : 1854935.00
  }, {
    "date" : "2025-11-19",
    "price" : 477.15,
    "dma50" : 452.73,
    "dma100" : 430.65,
    "dma200" : 412.60,
    "volume" : 4042926.00
  }, {
    "date" : "2025-11-20",
    "price" : 477.90,
    "dma50" : 453.72,
    "dma100" : 431.23,
    "dma200" : 413.25,
    "volume" : 2924023.00
  }, {
    "date" : "2025-11-21",
    "price" : 471.90,
    "dma50" : 454.43,
    "dma100" : 431.55,
    "dma200" : 413.84,
    "volume" : 2886631.00
  }, {
    "date" : "2025-11-24",
    "price" : 463.05,
    "dma50" : 454.77,
    "dma100" : 431.80,
    "dma200" : 414.33,
    "volume" : 8206232.00
  }, {
    "date" : "2025-11-25",
    "price" : 455.25,
    "dma50" : 454.79,
    "dma100" : 431.95,
    "dma200" : 414.74,
    "volume" : 6350556.00
  }, {
    "date" : "2025-11-26",
    "price" : 466.25,
    "dma50" : 455.24,
    "dma100" : 432.25,
    "dma200" : 415.25,
    "volume" : 3778185.00
  }, {
    "date" : "2025-11-27",
    "price" : 463.40,
    "dma50" : 455.56,
    "dma100" : 432.52,
    "dma200" : 415.73,
    "volume" : 2288808.00
  }, {
    "date" : "2025-11-28",
    "price" : 457.50,
    "dma50" : 455.63,
    "dma100" : 432.65,
    "dma200" : 416.14,
    "volume" : 1604695.00
  }, {
    "date" : "2025-12-01",
    "price" : 451.95,
    "dma50" : 455.49,
    "dma100" : 432.69,
    "dma200" : 416.50,
    "volume" : 2200323.00
  }, {
    "date" : "2025-12-02",
    "price" : 450.45,
    "dma50" : 455.29,
    "dma100" : 432.66,
    "dma200" : 416.84,
    "volume" : 5497601.00
  }, {
    "date" : "2025-12-03",
    "price" : 450.70,
    "dma50" : 455.11,
    "dma100" : 432.72,
    "dma200" : 417.17,
    "volume" : 4330347.00
  }, {
    "date" : "2025-12-04",
    "price" : 447.95,
    "dma50" : 454.83,
    "dma100" : 432.78,
    "dma200" : 417.48,
    "volume" : 3170624.00
  }, {
    "date" : "2025-12-05",
    "price" : 450.35,
    "dma50" : 454.65,
    "dma100" : 432.93,
    "dma200" : 417.81,
    "volume" : 2158051.00
  } ],
  "latestTechnicalAttributes" : {
    "date" : "2025-12-05",
    "price" : 450.35,
    "dma50" : 454.65,
    "dma100" : 432.93,
    "dma200" : 417.81,
    "volume" : 2158051.00
  },
  "quarterlyResults" : [ {
    "date" : "2005-03-31",
    "sales" : 16448.89,
    "salesGrowthYoY" : null,
    "grossProfitMargin" : 9.59,
    "grossProfit" : 1577.45,
    "operatingProfitMargin" : 2.77,
    "operatingProfit" : 455.63,
    "netProfitMargin" : 3.04,
    "netProfit" : 500.05
  }, {
    "date" : "2005-06-30",
    "sales" : 15095.26,
    "salesGrowthYoY" : null,
    "grossProfitMargin" : 2.80,
    "grossProfit" : 422.67,
    "operatingProfitMargin" : -2.48,
    "operatingProfit" : -374.36,
    "netProfitMargin" : -3.36,
    "netProfit" : -507.20
  }, {
    "date" : "2005-09-30",
    "sales" : 16841.83,
    "salesGrowthYoY" : null,
    "grossProfitMargin" : 7.02,
    "grossProfit" : 1182.30,
    "operatingProfitMargin" : 0.47,
    "operatingProfit" : 79.16,
    "netProfitMargin" : -0.13,
    "netProfit" : -21.89
  }, {
    "date" : "2005-12-31",
    "sales" : 18231.19,
    "salesGrowthYoY" : null,
    "grossProfitMargin" : -0.13,
    "grossProfit" : -23.70,
    "operatingProfitMargin" : -4.74,
    "operatingProfit" : -864.16,
    "netProfitMargin" : -5.91,
    "netProfit" : -1077.46
  }, {
    "date" : "2006-03-31",
    "sales" : 20778.04,
    "salesGrowthYoY" : 26.32,
    "grossProfitMargin" : 14.95,
    "grossProfit" : 3106.32,
    "operatingProfitMargin" : 9.45,
    "operatingProfit" : 1963.52,
    "netProfitMargin" : 9.69,
    "netProfit" : 2013.39
  }, {
    "date" : "2006-06-30",
    "sales" : 20674.10,
    "salesGrowthYoY" : 36.96,
    "grossProfitMargin" : 2.49,
    "grossProfit" : 514.79,
    "operatingProfitMargin" : -2.50,
    "operatingProfit" : -516.85,
    "netProfitMargin" : -2.94,
    "netProfit" : -607.82
  }, {
    "date" : "2006-09-30",
    "sales" : 24367.46,
    "salesGrowthYoY" : 44.68,
    "grossProfitMargin" : 11.66,
    "grossProfit" : 2841.25,
    "operatingProfitMargin" : 6.98,
    "operatingProfit" : 1700.85,
    "netProfitMargin" : 5.01,
    "netProfit" : 1220.81
  }, {
    "date" : "2006-12-31",
    "sales" : 22150.20,
    "salesGrowthYoY" : 21.50,
    "grossProfitMargin" : 4.45,
    "grossProfit" : 985.68,
    "operatingProfitMargin" : 0.87,
    "operatingProfit" : 192.71,
    "netProfitMargin" : 1.84,
    "netProfit" : 407.56
  }, {
    "date" : "2007-03-31",
    "sales" : 21849.50,
    "salesGrowthYoY" : 5.16,
    "grossProfitMargin" : 10.42,
    "grossProfit" : 2276.72,
    "operatingProfitMargin" : 4.75,
    "operatingProfit" : 1037.85,
    "netProfitMargin" : 2.52,
    "netProfit" : 550.61
  }, {
    "date" : "2007-06-30",
    "sales" : 21881.70,
    "salesGrowthYoY" : 5.84,
    "grossProfitMargin" : 3.67,
    "grossProfit" : 803.06,
    "operatingProfitMargin" : -0.58,
    "operatingProfit" : -126.91,
    "netProfitMargin" : -0.40,
    "netProfit" : -87.53
  }, {
    "date" : "2007-09-30",
    "sales" : 24375.09,
    "salesGrowthYoY" : 0.03,
    "grossProfitMargin" : 11.87,
    "grossProfit" : 2893.32,
    "operatingProfitMargin" : 5.98,
    "operatingProfit" : 1457.63,
    "netProfitMargin" : 3.50,
    "netProfit" : 853.13
  }, {
    "date" : "2007-12-31",
    "sales" : 27280.30,
    "salesGrowthYoY" : 23.16,
    "grossProfitMargin" : 5.55,
    "grossProfit" : 1514.06,
    "operatingProfitMargin" : 1.19,
    "operatingProfit" : 324.64,
    "netProfitMargin" : -0.06,
    "netProfit" : -16.37
  }, {
    "date" : "2008-03-31",
    "sales" : 31645.69,
    "salesGrowthYoY" : 44.83,
    "grossProfitMargin" : 6.64,
    "grossProfit" : 2101.27,
    "operatingProfitMargin" : 1.23,
    "operatingProfit" : 389.24,
    "netProfitMargin" : 1.22,
    "netProfit" : 386.08
  }, {
    "date" : "2008-06-30",
    "sales" : 34757.60,
    "salesGrowthYoY" : 58.84,
    "grossProfitMargin" : 3.66,
    "grossProfit" : 1272.13,
    "operatingProfitMargin" : -1.01,
    "operatingProfit" : -351.05,
    "netProfitMargin" : -2.56,
    "netProfit" : -889.79
  }, {
    "date" : "2008-09-30",
    "sales" : 35574.73,
    "salesGrowthYoY" : 45.95,
    "grossProfitMargin" : -1.59,
    "grossProfit" : -565.64,
    "operatingProfitMargin" : -7.15,
    "operatingProfit" : -2543.59,
    "netProfitMargin" : -9.05,
    "netProfit" : -3219.51
  }, {
    "date" : "2008-12-31",
    "sales" : 29470.59,
    "salesGrowthYoY" : 8.03,
    "grossProfitMargin" : 5.59,
    "grossProfit" : 1647.41,
    "operatingProfitMargin" : 1.80,
    "operatingProfit" : 530.47,
    "netProfitMargin" : -1.43,
    "netProfit" : -421.43
  }, {
    "date" : "2009-03-31",
    "sales" : 25334.86,
    "salesGrowthYoY" : -19.94,
    "grossProfitMargin" : 25.87,
    "grossProfit" : 6554.13,
    "operatingProfitMargin" : 22.19,
    "operatingProfit" : 5621.81,
    "netProfitMargin" : 20.15,
    "netProfit" : 5104.97
  }, {
    "date" : "2009-06-30",
    "sales" : 24436.15,
    "salesGrowthYoY" : -29.70,
    "grossProfitMargin" : 11.98,
    "grossProfit" : 2927.45,
    "operatingProfitMargin" : 5.43,
    "operatingProfit" : 1326.88,
    "netProfitMargin" : 2.66,
    "netProfit" : 650.00
  }, {
    "date" : "2009-09-30",
    "sales" : 24628.96,
    "salesGrowthYoY" : -30.77,
    "grossProfitMargin" : 7.53,
    "grossProfit" : 1854.56,
    "operatingProfitMargin" : 0.70,
    "operatingProfit" : 172.40,
    "netProfitMargin" : -0.56,
    "netProfit" : -137.92
  }, {
    "date" : "2009-12-31",
    "sales" : 27874.20,
    "salesGrowthYoY" : -5.42,
    "grossProfitMargin" : 7.09,
    "grossProfit" : 1976.28,
    "operatingProfitMargin" : 1.27,
    "operatingProfit" : 354.00,
    "netProfitMargin" : 0.11,
    "netProfit" : 30.66
  }, {
    "date" : "2010-03-31",
    "sales" : 31558.41,
    "salesGrowthYoY" : 24.57,
    "grossProfitMargin" : 14.53,
    "grossProfit" : 4585.44,
    "operatingProfitMargin" : 4.91,
    "operatingProfit" : 1549.52,
    "netProfitMargin" : 2.39,
    "netProfit" : 754.25
  }, {
    "date" : "2010-06-30",
    "sales" : 29301.50,
    "salesGrowthYoY" : 19.91,
    "grossProfitMargin" : -0.80,
    "grossProfit" : -234.41,
    "operatingProfitMargin" : -5.23,
    "operatingProfit" : -1532.47,
    "netProfitMargin" : -6.43,
    "netProfit" : -1884.09
  }, {
    "date" : "2010-09-30",
    "sales" : 30870.23,
    "salesGrowthYoY" : 25.34,
    "grossProfitMargin" : 14.28,
    "grossProfit" : 4408.27,
    "operatingProfitMargin" : 8.04,
    "operatingProfit" : 2481.97,
    "netProfitMargin" : 6.77,
    "netProfit" : 2089.91
  }, {
    "date" : "2010-12-31",
    "sales" : 34055.99,
    "salesGrowthYoY" : 22.18,
    "grossProfitMargin" : 8.34,
    "grossProfit" : 2840.27,
    "operatingProfitMargin" : 2.29,
    "operatingProfit" : 779.88,
    "netProfitMargin" : 0.62,
    "netProfit" : 211.15
  }, {
    "date" : "2011-03-31",
    "sales" : 39714.75,
    "salesGrowthYoY" : 25.85,
    "grossProfitMargin" : 11.61,
    "grossProfit" : 4610.88,
    "operatingProfitMargin" : 5.09,
    "operatingProfit" : 2021.48,
    "netProfitMargin" : 2.85,
    "netProfit" : 1131.87
  }, {
    "date" : "2011-06-30",
    "sales" : 40840.02,
    "salesGrowthYoY" : 39.38,
    "grossProfitMargin" : -2.40,
    "grossProfit" : -980.16,
    "operatingProfitMargin" : -6.63,
    "operatingProfit" : -2707.69,
    "netProfitMargin" : -7.55,
    "netProfit" : -3083.42
  }, {
    "date" : "2011-09-30",
    "sales" : 37077.90,
    "salesGrowthYoY" : 20.11,
    "grossProfitMargin" : 1.15,
    "grossProfit" : 426.40,
    "operatingProfitMargin" : -6.46,
    "operatingProfit" : -2395.23,
    "netProfitMargin" : -9.07,
    "netProfit" : -3362.97
  }, {
    "date" : "2011-12-31",
    "sales" : 47974.76,
    "salesGrowthYoY" : 40.87,
    "grossProfitMargin" : 14.29,
    "grossProfit" : 6855.59,
    "operatingProfitMargin" : 7.57,
    "operatingProfit" : 3631.69,
    "netProfitMargin" : 5.68,
    "netProfit" : 2724.97
  }, {
    "date" : "2012-03-31",
    "sales" : 52443.14,
    "salesGrowthYoY" : 32.05,
    "grossProfitMargin" : 12.48,
    "grossProfit" : 6544.90,
    "operatingProfitMargin" : 10.69,
    "operatingProfit" : 5606.17,
    "netProfitMargin" : 8.83,
    "netProfit" : 4630.73
  }, {
    "date" : "2012-06-30",
    "sales" : 44497.60,
    "salesGrowthYoY" : 8.96,
    "grossProfitMargin" : -10.93,
    "grossProfit" : -4863.59,
    "operatingProfitMargin" : -19.39,
    "operatingProfit" : -8628.08,
    "netProfitMargin" : -20.78,
    "netProfit" : -9246.60
  }, {
    "date" : "2012-09-30",
    "sales" : 49129.79,
    "salesGrowthYoY" : 32.50,
    "grossProfitMargin" : 10.88,
    "grossProfit" : 5345.32,
    "operatingProfitMargin" : 6.60,
    "operatingProfit" : 3242.57,
    "netProfitMargin" : 4.74,
    "netProfit" : 2328.75
  }, {
    "date" : "2012-12-31",
    "sales" : 53413.89,
    "salesGrowthYoY" : 11.34,
    "grossProfitMargin" : 6.91,
    "grossProfit" : 3690.90,
    "operatingProfitMargin" : 2.00,
    "operatingProfit" : 1068.28,
    "netProfitMargin" : 0.28,
    "netProfit" : 149.56
  }, {
    "date" : "2013-03-31",
    "sales" : 59680.94,
    "salesGrowthYoY" : 13.80,
    "grossProfitMargin" : 17.42,
    "grossProfit" : 10396.42,
    "operatingProfitMargin" : 14.27,
    "operatingProfit" : 8516.47,
    "netProfitMargin" : 12.87,
    "netProfit" : 7680.94
  }, {
    "date" : "2013-06-30",
    "sales" : 51763.86,
    "salesGrowthYoY" : 16.33,
    "grossProfitMargin" : 4.48,
    "grossProfit" : 2319.02,
    "operatingProfitMargin" : -1.45,
    "operatingProfit" : -750.58,
    "netProfitMargin" : -2.82,
    "netProfit" : -1459.74
  }, {
    "date" : "2013-09-30",
    "sales" : 51903.66,
    "salesGrowthYoY" : 5.65,
    "grossProfitMargin" : 8.19,
    "grossProfit" : 4250.91,
    "operatingProfitMargin" : 1.91,
    "operatingProfit" : 991.36,
    "netProfitMargin" : 0.61,
    "netProfit" : 316.61
  }, {
    "date" : "2013-12-31",
    "sales" : 55436.76,
    "salesGrowthYoY" : 3.79,
    "grossProfitMargin" : 2.29,
    "grossProfit" : 1269.50,
    "operatingProfitMargin" : -1.84,
    "operatingProfit" : -1020.04,
    "netProfitMargin" : -3.13,
    "netProfit" : -1735.17
  }, {
    "date" : "2014-03-31",
    "sales" : 64247.25,
    "salesGrowthYoY" : 7.65,
    "grossProfitMargin" : 13.98,
    "grossProfit" : 8981.77,
    "operatingProfitMargin" : 9.24,
    "operatingProfit" : 5936.45,
    "netProfitMargin" : 7.17,
    "netProfit" : 4606.53
  }, {
    "date" : "2014-06-30",
    "sales" : 59237.48,
    "salesGrowthYoY" : 14.44,
    "grossProfitMargin" : 4.69,
    "grossProfit" : 2778.24,
    "operatingProfitMargin" : 1.00,
    "operatingProfit" : 592.37,
    "netProfitMargin" : 0.08,
    "netProfit" : 47.39
  }, {
    "date" : "2014-09-30",
    "sales" : 51667.02,
    "salesGrowthYoY" : -0.46,
    "grossProfitMargin" : 9.10,
    "grossProfit" : 4701.70,
    "operatingProfitMargin" : 3.10,
    "operatingProfit" : 1601.68,
    "netProfitMargin" : 1.65,
    "netProfit" : 852.51
  }, {
    "date" : "2014-12-31",
    "sales" : 51106.15,
    "salesGrowthYoY" : -7.81,
    "grossProfitMargin" : 5.67,
    "grossProfit" : 2897.72,
    "operatingProfitMargin" : -0.08,
    "operatingProfit" : -40.88,
    "netProfitMargin" : -0.64,
    "netProfit" : -327.08
  }, {
    "date" : "2015-03-31",
    "sales" : 44615.54,
    "salesGrowthYoY" : -30.56,
    "grossProfitMargin" : 15.83,
    "grossProfit" : 7062.64,
    "operatingProfitMargin" : 7.88,
    "operatingProfit" : 3515.70,
    "netProfitMargin" : 4.85,
    "netProfit" : 2163.85
  }, {
    "date" : "2015-06-30",
    "sales" : 51468.91,
    "salesGrowthYoY" : -13.11,
    "grossProfitMargin" : 12.49,
    "grossProfit" : 6428.47,
    "operatingProfitMargin" : 6.02,
    "operatingProfit" : 3098.43,
    "netProfitMargin" : 3.14,
    "netProfit" : 1616.12
  }, {
    "date" : "2015-09-30",
    "sales" : 42106.02,
    "salesGrowthYoY" : -18.51,
    "grossProfitMargin" : 6.35,
    "grossProfit" : 2673.73,
    "operatingProfitMargin" : -0.16,
    "operatingProfit" : -67.37,
    "netProfitMargin" : -0.75,
    "netProfit" : -315.80
  }, {
    "date" : "2015-12-31",
    "sales" : 43006.87,
    "salesGrowthYoY" : -15.85,
    "grossProfitMargin" : 12.14,
    "grossProfit" : 5221.03,
    "operatingProfitMargin" : 5.21,
    "operatingProfit" : 2240.66,
    "netProfitMargin" : 2.42,
    "netProfit" : 1040.77
  }, {
    "date" : "2016-03-31",
    "sales" : 41118.83,
    "salesGrowthYoY" : -7.84,
    "grossProfitMargin" : 15.87,
    "grossProfit" : 6525.56,
    "operatingProfitMargin" : 6.48,
    "operatingProfit" : 2664.50,
    "netProfitMargin" : 3.38,
    "netProfit" : 1389.82
  }, {
    "date" : "2016-06-30",
    "sales" : 44849.49,
    "salesGrowthYoY" : -12.86,
    "grossProfitMargin" : 15.09,
    "grossProfit" : 6767.79,
    "operatingProfitMargin" : 8.07,
    "operatingProfit" : 3619.35,
    "netProfitMargin" : 4.68,
    "netProfit" : 2098.96
  }, {
    "date" : "2016-09-30",
    "sales" : 42112.18,
    "salesGrowthYoY" : 0.01,
    "grossProfitMargin" : 10.14,
    "grossProfit" : 4270.18,
    "operatingProfitMargin" : 3.04,
    "operatingProfit" : 1280.21,
    "netProfitMargin" : 1.67,
    "netProfit" : 703.27
  }, {
    "date" : "2016-12-31",
    "sales" : 48560.77,
    "salesGrowthYoY" : 12.91,
    "grossProfitMargin" : 12.67,
    "grossProfit" : 6152.65,
    "operatingProfitMargin" : 5.94,
    "operatingProfit" : 2884.51,
    "netProfitMargin" : 3.27,
    "netProfit" : 1587.94
  }, {
    "date" : "2017-03-31",
    "sales" : 51523.79,
    "salesGrowthYoY" : 25.30,
    "grossProfitMargin" : 12.50,
    "grossProfit" : 6440.47,
    "operatingProfitMargin" : 5.46,
    "operatingProfit" : 2813.20,
    "netProfitMargin" : 3.53,
    "netProfit" : 1818.79
  }, {
    "date" : "2017-06-30",
    "sales" : 53490.55,
    "salesGrowthYoY" : 19.27,
    "grossProfitMargin" : 9.54,
    "grossProfit" : 5103.00,
    "operatingProfitMargin" : 3.08,
    "operatingProfit" : 1647.51,
    "netProfitMargin" : 1.73,
    "netProfit" : 925.39
  }, {
    "date" : "2017-09-30",
    "sales" : 47530.44,
    "salesGrowthYoY" : 12.87,
    "grossProfitMargin" : 12.83,
    "grossProfit" : 6098.16,
    "operatingProfitMargin" : 6.13,
    "operatingProfit" : 2913.62,
    "netProfitMargin" : 3.65,
    "netProfit" : 1734.86
  }, {
    "date" : "2017-12-31",
    "sales" : 57501.84,
    "salesGrowthYoY" : 18.41,
    "grossProfitMargin" : 11.53,
    "grossProfit" : 6629.96,
    "operatingProfitMargin" : 5.54,
    "operatingProfit" : 3185.60,
    "netProfitMargin" : 3.39,
    "netProfit" : 1949.31
  }, {
    "date" : "2018-03-31",
    "sales" : 60809.78,
    "salesGrowthYoY" : 18.02,
    "grossProfitMargin" : 11.60,
    "grossProfit" : 7053.93,
    "operatingProfitMargin" : 4.81,
    "operatingProfit" : 2924.95,
    "netProfitMargin" : 2.87,
    "netProfit" : 1745.24
  }, {
    "date" : "2018-06-30",
    "sales" : 67628.85,
    "salesGrowthYoY" : 26.43,
    "grossProfitMargin" : 11.01,
    "grossProfit" : 7445.94,
    "operatingProfitMargin" : 4.72,
    "operatingProfit" : 3192.08,
    "netProfitMargin" : 2.54,
    "netProfit" : 1717.77
  }, {
    "date" : "2018-09-30",
    "sales" : 67517.97,
    "salesGrowthYoY" : 42.05,
    "grossProfitMargin" : 9.81,
    "grossProfit" : 6623.51,
    "operatingProfitMargin" : 3.14,
    "operatingProfit" : 2120.06,
    "netProfitMargin" : 1.62,
    "netProfit" : 1093.79
  }, {
    "date" : "2018-12-31",
    "sales" : 72106.62,
    "salesGrowthYoY" : 25.40,
    "grossProfitMargin" : 5.31,
    "grossProfit" : 3828.86,
    "operatingProfitMargin" : 1.27,
    "operatingProfit" : 915.75,
    "netProfitMargin" : 0.34,
    "netProfit" : 245.16
  }, {
    "date" : "2019-03-31",
    "sales" : 67938.13,
    "salesGrowthYoY" : 11.72,
    "grossProfitMargin" : 13.71,
    "grossProfit" : 9314.32,
    "operatingProfitMargin" : 7.60,
    "operatingProfit" : 5163.30,
    "netProfitMargin" : 4.37,
    "netProfit" : 2968.90
  }, {
    "date" : "2019-06-30",
    "sales" : 70988.92,
    "salesGrowthYoY" : 4.97,
    "grossProfitMargin" : 7.51,
    "grossProfit" : 5331.27,
    "operatingProfitMargin" : 2.32,
    "operatingProfit" : 1646.94,
    "netProfitMargin" : 1.14,
    "netProfit" : 809.27
  }, {
    "date" : "2019-09-30",
    "sales" : 60868.39,
    "salesGrowthYoY" : -9.85,
    "grossProfitMargin" : 10.26,
    "grossProfit" : 6245.10,
    "operatingProfitMargin" : 3.81,
    "operatingProfit" : 2319.09,
    "netProfitMargin" : 1.73,
    "netProfit" : 1053.02
  }, {
    "date" : "2019-12-31",
    "sales" : 70749.58,
    "salesGrowthYoY" : -1.88,
    "grossProfitMargin" : 8.65,
    "grossProfit" : 6119.84,
    "operatingProfitMargin" : 2.63,
    "operatingProfit" : 1860.71,
    "netProfitMargin" : 1.06,
    "netProfit" : 749.95
  }, {
    "date" : "2020-03-31",
    "sales" : 66154.93,
    "salesGrowthYoY" : -2.62,
    "grossProfitMargin" : 6.84,
    "grossProfit" : 4525.00,
    "operatingProfitMargin" : -1.07,
    "operatingProfit" : -707.86,
    "netProfitMargin" : 1.48,
    "netProfit" : 979.09
  }, {
    "date" : "2020-06-30",
    "sales" : 37720.87,
    "salesGrowthYoY" : -46.86,
    "grossProfitMargin" : 20.66,
    "grossProfit" : 7793.13,
    "operatingProfitMargin" : 11.54,
    "operatingProfit" : 4352.99,
    "netProfitMargin" : 7.46,
    "netProfit" : 2813.98
  }, {
    "date" : "2020-09-30",
    "sales" : 51773.31,
    "salesGrowthYoY" : -14.94,
    "grossProfitMargin" : 14.78,
    "grossProfit" : 7652.10,
    "operatingProfitMargin" : 6.96,
    "operatingProfit" : 3603.42,
    "netProfitMargin" : 4.79,
    "netProfit" : 2479.94
  }, {
    "date" : "2020-12-31",
    "sales" : 68659.21,
    "salesGrowthYoY" : -2.95,
    "grossProfitMargin" : 10.86,
    "grossProfit" : 7456.39,
    "operatingProfitMargin" : 4.81,
    "operatingProfit" : 3302.51,
    "netProfitMargin" : 3.43,
    "netProfit" : 2355.01
  }, {
    "date" : "2021-03-31",
    "sales" : 74843.42,
    "salesGrowthYoY" : 13.13,
    "grossProfitMargin" : 12.93,
    "grossProfit" : 9677.25,
    "operatingProfitMargin" : 6.23,
    "operatingProfit" : 4662.75,
    "netProfitMargin" : 4.03,
    "netProfit" : 3016.19
  }, {
    "date" : "2021-06-30",
    "sales" : 72443.37,
    "salesGrowthYoY" : 92.05,
    "grossProfitMargin" : 9.68,
    "grossProfit" : 7012.52,
    "operatingProfitMargin" : 4.41,
    "operatingProfit" : 3194.75,
    "netProfitMargin" : 2.48,
    "netProfit" : 1796.60
  }, {
    "date" : "2021-09-30",
    "sales" : 83064.45,
    "salesGrowthYoY" : 60.44,
    "grossProfitMargin" : 8.73,
    "grossProfit" : 7251.53,
    "operatingProfitMargin" : 3.37,
    "operatingProfit" : 2799.27,
    "netProfitMargin" : 2.32,
    "netProfit" : 1927.10
  }, {
    "date" : "2021-12-31",
    "sales" : 96602.37,
    "salesGrowthYoY" : 40.70,
    "grossProfitMargin" : 6.19,
    "grossProfit" : 5979.69,
    "operatingProfitMargin" : 1.94,
    "operatingProfit" : 1874.09,
    "netProfitMargin" : 0.90,
    "netProfit" : 869.42
  }, {
    "date" : "2022-03-31",
    "sales" : 97572.74,
    "salesGrowthYoY" : 30.37,
    "grossProfitMargin" : 7.62,
    "grossProfit" : 7435.04,
    "operatingProfitMargin" : 2.80,
    "operatingProfit" : 2732.04,
    "netProfitMargin" : 1.84,
    "netProfit" : 1795.34
  }, {
    "date" : "2022-06-30",
    "sales" : 114454.71,
    "salesGrowthYoY" : 57.99,
    "grossProfitMargin" : -6.02,
    "grossProfit" : -6890.17,
    "operatingProfitMargin" : -10.92,
    "operatingProfit" : -12498.45,
    "netProfitMargin" : -8.91,
    "netProfit" : -10197.91
  }, {
    "date" : "2022-09-30",
    "sales" : 108417.26,
    "salesGrowthYoY" : 30.52,
    "grossProfitMargin" : 3.57,
    "grossProfit" : 3870.50,
    "operatingProfitMargin" : -1.38,
    "operatingProfit" : -1496.16,
    "netProfitMargin" : -2.00,
    "netProfit" : -2168.35
  }, {
    "date" : "2022-12-31",
    "sales" : 109603.19,
    "salesGrowthYoY" : 13.46,
    "grossProfitMargin" : 5.91,
    "grossProfit" : 6477.55,
    "operatingProfitMargin" : 1.53,
    "operatingProfit" : 1676.93,
    "netProfitMargin" : 0.16,
    "netProfit" : 175.37
  }, {
    "date" : "2023-03-31",
    "sales" : 107927.83,
    "salesGrowthYoY" : 10.61,
    "grossProfitMargin" : 9.20,
    "grossProfit" : 9929.36,
    "operatingProfitMargin" : 4.45,
    "operatingProfit" : 4802.79,
    "netProfitMargin" : 2.99,
    "netProfit" : 3227.04
  }, {
    "date" : "2023-06-30",
    "sales" : 111960.59,
    "salesGrowthYoY" : -2.18,
    "grossProfitMargin" : 13.47,
    "grossProfit" : 15081.09,
    "operatingProfitMargin" : 8.62,
    "operatingProfit" : 9651.00,
    "netProfitMargin" : 5.54,
    "netProfit" : 6202.62
  }, {
    "date" : "2023-09-30",
    "sales" : 95701.10,
    "salesGrowthYoY" : -11.73,
    "grossProfitMargin" : 13.55,
    "grossProfit" : 12967.50,
    "operatingProfitMargin" : 8.59,
    "operatingProfit" : 8220.72,
    "netProfitMargin" : 5.35,
    "netProfit" : 5120.01
  }, {
    "date" : "2023-12-31",
    "sales" : 111306.32,
    "salesGrowthYoY" : 1.55,
    "grossProfitMargin" : 6.82,
    "grossProfit" : 7591.09,
    "operatingProfitMargin" : 1.94,
    "operatingProfit" : 2159.34,
    "netProfitMargin" : 0.48,
    "netProfit" : 534.27
  }, {
    "date" : "2024-03-31",
    "sales" : 114556.87,
    "salesGrowthYoY" : 6.14,
    "grossProfitMargin" : 9.18,
    "grossProfit" : 10516.32,
    "operatingProfitMargin" : 4.19,
    "operatingProfit" : 4799.93,
    "netProfitMargin" : 2.48,
    "netProfit" : 2841.01
  }, {
    "date" : "2024-06-30",
    "sales" : 113822.59,
    "salesGrowthYoY" : 1.66,
    "grossProfitMargin" : 6.50,
    "grossProfit" : 7398.47,
    "operatingProfitMargin" : 1.87,
    "operatingProfit" : 2128.48,
    "netProfitMargin" : 0.31,
    "netProfit" : 352.85
  }, {
    "date" : "2024-09-30",
    "sales" : 99925.91,
    "salesGrowthYoY" : 4.41,
    "grossProfitMargin" : 8.05,
    "grossProfit" : 8044.04,
    "operatingProfitMargin" : 2.73,
    "operatingProfit" : 2727.98,
    "netProfitMargin" : 0.63,
    "netProfit" : 629.53
  }, {
    "date" : "2024-12-31",
    "sales" : 110505.41,
    "salesGrowthYoY" : -0.72,
    "grossProfitMargin" : 11.01,
    "grossProfit" : 12166.65,
    "operatingProfitMargin" : 5.40,
    "operatingProfit" : 5967.29,
    "netProfitMargin" : 2.74,
    "netProfit" : 3027.85
  }, {
    "date" : "2025-03-31",
    "sales" : 109492.37,
    "salesGrowthYoY" : -4.42,
    "grossProfitMargin" : 10.54,
    "grossProfit" : 11540.50,
    "operatingProfitMargin" : 5.30,
    "operatingProfit" : 5803.10,
    "netProfitMargin" : 3.06,
    "netProfit" : 3350.47
  }, {
    "date" : "2025-06-30",
    "sales" : 110767.40,
    "salesGrowthYoY" : -2.68,
    "grossProfitMargin" : 11.91,
    "grossProfit" : 13192.40,
    "operatingProfitMargin" : 6.86,
    "operatingProfit" : 7598.64,
    "netProfitMargin" : 3.95,
    "netProfit" : 4375.31
  }, {
    "date" : "2025-09-30",
    "sales" : 100781.12,
    "salesGrowthYoY" : 0.86,
    "grossProfitMargin" : 12.87,
    "grossProfit" : 12970.53,
    "operatingProfitMargin" : 6.84,
    "operatingProfit" : 6893.43,
    "netProfitMargin" : 3.80,
    "netProfit" : 3829.68
  } ],
  "latestQuarterlyResult" : {
    "date" : "2025-09-30",
    "sales" : 100781.12,
    "salesGrowthYoY" : 0.86,
    "grossProfitMargin" : 12.87,
    "grossProfit" : 12970.53,
    "operatingProfitMargin" : 6.84,
    "operatingProfit" : 6893.43,
    "netProfitMargin" : 3.80,
    "netProfit" : 3829.68
  },
  "companyScore" : {
    "priceHigherThanDma50" : 0.00,
    "priceHigherThanDma100" : 5.00,
    "priceHigherThanDma200" : 5.00,
    "dma50HigherThanDma100" : 5.00,
    "dma50HigherThanDma200" : 5.00,
    "dma100HigherThanDma200" : 5.00,
    "pricePercentageAboveDma50" : 5.05,
    "pricePercentageAboveDma100" : 4.80,
    "pricePercentageAboveDma200" : 4.61,
    "weeklyVolumeHigherThanYearlyVolume" : 0.00,
    "salesGrowthPercentile" : 6.87,
    "operatingProfitMarginPercentile" : 16.14,
    "netProfitMarginPercentile" : 7.83,
    "totalTechnicalScore" : 39.46,
    "totalFundamentalScore" : 30.85,
    "totalScore" : 70.30
  }
}