{
  "metadata" : {
    "screenerCompanyId" : "1338",
    "companyCode" : "HINDCOPPER",
    "companyName" : "Hindustan Copper",
    "screenerCompanyLink" : "https://www.screener.in/company/HINDCOPPER",
    "screenerTechnicalHistoryLink" : "https://www.screener.in/api/company/1338/chart/?q=Price-DMA50-DMA200-Volume&days=365",
    "screenerQuarterlyResultsLink" : "https://www.screener.in/api/company/1338/chart/?q=GPM-OPM-NPM-Quarter+Sales&days=10000",
    "attributes" : {
      "companyCode" : "HINDCOPPER",
      "companyName" : "Hindustan Copper",
      "marketCap" : 32811.00,
      "peRatio" : 57.20,
      "description" : "Incorporated in the year 1967, Hindustan Copper Limited (HCL) was formed to take over from National Mineral Development Corporation Ltd. It is the first Indian PSU and only vertically integrated copper producing company. HCL is engaged in various processes right from copper mining to the final stage of converting copper into saleable products. [1]"
    },
    "companyScore" : {
      "priceHigherThanDma50" : 5.00,
      "priceHigherThanDma100" : 5.00,
      "priceHigherThanDma200" : 5.00,
      "dma50HigherThanDma100" : 5.00,
      "dma50HigherThanDma200" : 5.00,
      "dma100HigherThanDma200" : 5.00,
      "pricePercentageAboveDma50" : 4.73,
      "pricePercentageAboveDma100" : 4.19,
      "pricePercentageAboveDma200" : 4.02,
      "weeklyVolumeHigherThanYearlyVolume" : 5.00,
      "salesGrowthPercentile" : 16.20,
      "operatingProfitMarginPercentile" : 19.47,
      "netProfitMarginPercentile" : 9.52,
      "totalTechnicalScore" : 47.93,
      "totalFundamentalScore" : 45.19,
      "totalScore" : 93.12
    }
  },
  "attributes" : {
    "companyCode" : "HINDCOPPER",
    "companyName" : "Hindustan Copper",
    "marketCap" : 32811.00,
    "peRatio" : 57.20,
    "description" : "Incorporated in the year 1967, Hindustan Copper Limited (HCL) was formed to take over from National Mineral Development Corporation Ltd. It is the first Indian PSU and only vertically integrated copper producing company. HCL is engaged in various processes right from copper mining to the final stage of converting copper into saleable products. [1]"
  },
  "technicalHistory" : [ {
    "date" : "2024-12-02",
    "price" : 276.75,
    "dma50" : 292.80,
    "dma100" : null,
    "dma200" : 294.04,
    "volume" : 2134993.00
  }, {
    "date" : "2024-12-03",
    "price" : 284.70,
    "dma50" : 292.48,
    "dma100" : null,
    "dma200" : 293.95,
    "volume" : 4172387.00
  }, {
    "date" : "2024-12-04",
    "price" : 283.45,
    "dma50" : 292.13,
    "dma100" : null,
    "dma200" : 293.84,
    "volume" : 3796475.00
  }, {
    "date" : "2024-12-05",
    "price" : 284.80,
    "dma50" : 291.84,
    "dma100" : null,
    "dma200" : 293.75,
    "volume" : 2802132.00
  }, {
    "date" : "2024-12-06",
    "price" : 287.80,
    "dma50" : 291.68,
    "dma100" : null,
    "dma200" : 293.69,
    "volume" : 6561975.00
  }, {
    "date" : "2024-12-09",
    "price" : 292.50,
    "dma50" : 291.71,
    "dma100" : null,
    "dma200" : 293.68,
    "volume" : 4785571.00
  }, {
    "date" : "2024-12-10",
    "price" : 291.85,
    "dma50" : 291.72,
    "dma100" : null,
    "dma200" : 293.66,
    "volume" : 2957908.00
  }, {
    "date" : "2024-12-11",
    "price" : 290.05,
    "dma50" : 291.65,
    "dma100" : null,
    "dma200" : 293.63,
    "volume" : 3576783.00
  }, {
    "date" : "2024-12-12",
    "price" : 291.15,
    "dma50" : 291.63,
    "dma100" : null,
    "dma200" : 293.60,
    "volume" : 3665965.00
  }, {
    "date" : "2024-12-13",
    "price" : 291.95,
    "dma50" : 291.64,
    "dma100" : null,
    "dma200" : 293.59,
    "volume" : 4276224.00
  }, {
    "date" : "2024-12-16",
    "price" : 290.65,
    "dma50" : 291.61,
    "dma100" : null,
    "dma200" : 293.56,
    "volume" : 1708562.00
  }, {
    "date" : "2024-12-17",
    "price" : 284.50,
    "dma50" : 291.33,
    "dma100" : null,
    "dma200" : 293.47,
    "volume" : 2263766.00
  }, {
    "date" : "2024-12-18",
    "price" : 280.95,
    "dma50" : 290.92,
    "dma100" : null,
    "dma200" : 293.34,
    "volume" : 4094240.00
  }, {
    "date" : "2024-12-19",
    "price" : 279.65,
    "dma50" : 290.48,
    "dma100" : null,
    "dma200" : 293.21,
    "volume" : 3274512.00
  }, {
    "date" : "2024-12-20",
    "price" : 271.50,
    "dma50" : 289.73,
    "dma100" : null,
    "dma200" : 292.99,
    "volume" : 4169314.00
  }, {
    "date" : "2024-12-23",
    "price" : 271.05,
    "dma50" : 289.00,
    "dma100" : null,
    "dma200" : 292.77,
    "volume" : 3628304.00
  }, {
    "date" : "2024-12-24",
    "price" : 280.65,
    "dma50" : 288.67,
    "dma100" : null,
    "dma200" : 292.65,
    "volume" : 10049256.00
  }, {
    "date" : "2024-12-26",
    "price" : 263.20,
    "dma50" : 287.67,
    "dma100" : null,
    "dma200" : 292.36,
    "volume" : 13232474.00
  }, {
    "date" : "2024-12-27",
    "price" : 256.50,
    "dma50" : 286.45,
    "dma100" : null,
    "dma200" : 292.00,
    "volume" : 6872107.00
  }, {
    "date" : "2024-12-30",
    "price" : 247.15,
    "dma50" : 284.91,
    "dma100" : null,
    "dma200" : 291.56,
    "volume" : 5484321.00
  }, {
    "date" : "2024-12-31",
    "price" : 247.95,
    "dma50" : 283.46,
    "dma100" : null,
    "dma200" : 291.12,
    "volume" : 4685980.00
  }, {
    "date" : "2025-01-01",
    "price" : 247.39,
    "dma50" : 282.05,
    "dma100" : null,
    "dma200" : 290.69,
    "volume" : 2701138.00
  }, {
    "date" : "2025-01-02",
    "price" : 249.74,
    "dma50" : 280.78,
    "dma100" : null,
    "dma200" : 290.28,
    "volume" : 3200290.00
  }, {
    "date" : "2025-01-03",
    "price" : 250.23,
    "dma50" : 279.58,
    "dma100" : null,
    "dma200" : 289.88,
    "volume" : 3732152.00
  }, {
    "date" : "2025-01-06",
    "price" : 235.64,
    "dma50" : 277.86,
    "dma100" : null,
    "dma200" : 289.34,
    "volume" : 5824608.00
  }, {
    "date" : "2025-01-07",
    "price" : 238.13,
    "dma50" : 276.30,
    "dma100" : null,
    "dma200" : 288.83,
    "volume" : 3534718.00
  }, {
    "date" : "2025-01-08",
    "price" : 239.73,
    "dma50" : 274.87,
    "dma100" : null,
    "dma200" : 288.34,
    "volume" : 2705725.00
  }, {
    "date" : "2025-01-09",
    "price" : 235.78,
    "dma50" : 273.33,
    "dma100" : null,
    "dma200" : 287.82,
    "volume" : 2407229.00
  }, {
    "date" : "2025-01-10",
    "price" : 233.31,
    "dma50" : 271.76,
    "dma100" : null,
    "dma200" : 287.28,
    "volume" : 5444174.00
  }, {
    "date" : "2025-01-13",
    "price" : 219.35,
    "dma50" : 269.71,
    "dma100" : null,
    "dma200" : 286.60,
    "volume" : 8666698.00
  }, {
    "date" : "2025-01-14",
    "price" : 226.08,
    "dma50" : 268.00,
    "dma100" : null,
    "dma200" : 286.00,
    "volume" : 5293707.00
  }, {
    "date" : "2025-01-15",
    "price" : 220.82,
    "dma50" : 266.15,
    "dma100" : null,
    "dma200" : 285.35,
    "volume" : 4539448.00
  }, {
    "date" : "2025-01-16",
    "price" : 231.30,
    "dma50" : 264.78,
    "dma100" : null,
    "dma200" : 284.81,
    "volume" : 5648718.00
  }, {
    "date" : "2025-01-17",
    "price" : 247.69,
    "dma50" : 264.11,
    "dma100" : null,
    "dma200" : 284.44,
    "volume" : 12426057.00
  }, {
    "date" : "2025-01-20",
    "price" : 251.24,
    "dma50" : 263.61,
    "dma100" : null,
    "dma200" : 284.11,
    "volume" : 5742624.00
  }, {
    "date" : "2025-01-21",
    "price" : 243.73,
    "dma50" : 262.83,
    "dma100" : null,
    "dma200" : 283.71,
    "volume" : 6693852.00
  }, {
    "date" : "2025-01-22",
    "price" : 242.06,
    "dma50" : 262.01,
    "dma100" : null,
    "dma200" : 283.30,
    "volume" : 4832797.00
  }, {
    "date" : "2025-01-23",
    "price" : 246.05,
    "dma50" : 261.39,
    "dma100" : null,
    "dma200" : 282.93,
    "volume" : 2270383.00
  }, {
    "date" : "2025-01-24",
    "price" : 242.05,
    "dma50" : 260.63,
    "dma100" : null,
    "dma200" : 282.52,
    "volume" : 3279946.00
  }, {
    "date" : "2025-01-27",
    "price" : 231.21,
    "dma50" : 259.47,
    "dma100" : null,
    "dma200" : 282.01,
    "volume" : 4210934.00
  }, {
    "date" : "2025-01-28",
    "price" : 227.83,
    "dma50" : 258.23,
    "dma100" : null,
    "dma200" : 281.47,
    "volume" : 4265447.00
  }, {
    "date" : "2025-01-29",
    "price" : 228.42,
    "dma50" : 257.06,
    "dma100" : null,
    "dma200" : 280.94,
    "volume" : 3758401.00
  }, {
    "date" : "2025-01-30",
    "price" : 229.95,
    "dma50" : 256.00,
    "dma100" : null,
    "dma200" : 280.44,
    "volume" : 2979293.00
  }, {
    "date" : "2025-01-31",
    "price" : 238.98,
    "dma50" : 255.33,
    "dma100" : null,
    "dma200" : 280.02,
    "volume" : 5457085.00
  }, {
    "date" : "2025-02-01",
    "price" : 240.37,
    "dma50" : 254.75,
    "dma100" : null,
    "dma200" : 279.63,
    "volume" : 5116540.00
  }, {
    "date" : "2025-02-03",
    "price" : 232.50,
    "dma50" : 253.87,
    "dma100" : null,
    "dma200" : 279.16,
    "volume" : 3680411.00
  }, {
    "date" : "2025-02-04",
    "price" : 238.47,
    "dma50" : 253.27,
    "dma100" : null,
    "dma200" : 278.75,
    "volume" : 3175994.00
  }, {
    "date" : "2025-02-05",
    "price" : 244.63,
    "dma50" : 252.93,
    "dma100" : null,
    "dma200" : 278.41,
    "volume" : 3749488.00
  }, {
    "date" : "2025-02-06",
    "price" : 240.68,
    "dma50" : 252.45,
    "dma100" : null,
    "dma200" : 278.04,
    "volume" : 3967000.00
  }, {
    "date" : "2025-02-07",
    "price" : 244.14,
    "dma50" : 252.12,
    "dma100" : null,
    "dma200" : 277.70,
    "volume" : 3533271.00
  }, {
    "date" : "2025-02-10",
    "price" : 236.78,
    "dma50" : 251.52,
    "dma100" : null,
    "dma200" : 277.29,
    "volume" : 2888487.00
  }, {
    "date" : "2025-02-11",
    "price" : 230.22,
    "dma50" : 250.69,
    "dma100" : null,
    "dma200" : 276.83,
    "volume" : 4687782.00
  }, {
    "date" : "2025-02-12",
    "price" : 224.63,
    "dma50" : 249.67,
    "dma100" : null,
    "dma200" : 276.31,
    "volume" : 3987421.00
  }, {
    "date" : "2025-02-13",
    "price" : 225.89,
    "dma50" : 248.73,
    "dma100" : null,
    "dma200" : 275.81,
    "volume" : 2632461.00
  }, {
    "date" : "2025-02-14",
    "price" : 214.50,
    "dma50" : 247.39,
    "dma100" : null,
    "dma200" : 275.20,
    "volume" : 5260683.00
  }, {
    "date" : "2025-02-17",
    "price" : 215.33,
    "dma50" : 246.13,
    "dma100" : null,
    "dma200" : 274.60,
    "volume" : 4112481.00
  }, {
    "date" : "2025-02-18",
    "price" : 213.40,
    "dma50" : 244.85,
    "dma100" : null,
    "dma200" : 273.99,
    "volume" : 4924882.00
  }, {
    "date" : "2025-02-19",
    "price" : 218.11,
    "dma50" : 243.80,
    "dma100" : null,
    "dma200" : 273.43,
    "volume" : 4386715.00
  }, {
    "date" : "2025-02-20",
    "price" : 224.47,
    "dma50" : 243.04,
    "dma100" : null,
    "dma200" : 272.95,
    "volume" : 3170932.00
  }, {
    "date" : "2025-02-21",
    "price" : 222.52,
    "dma50" : 242.24,
    "dma100" : null,
    "dma200" : 272.45,
    "volume" : 3016549.00
  }, {
    "date" : "2025-02-24",
    "price" : 218.92,
    "dma50" : 241.32,
    "dma100" : null,
    "dma200" : 271.91,
    "volume" : 2340282.00
  }, {
    "date" : "2025-02-25",
    "price" : 217.48,
    "dma50" : 240.39,
    "dma100" : null,
    "dma200" : 271.37,
    "volume" : 2977202.00
  }, {
    "date" : "2025-02-27",
    "price" : 212.67,
    "dma50" : 239.30,
    "dma100" : null,
    "dma200" : 270.79,
    "volume" : 3659422.00
  }, {
    "date" : "2025-02-28",
    "price" : 202.32,
    "dma50" : 237.85,
    "dma100" : null,
    "dma200" : 270.11,
    "volume" : 6307525.00
  }, {
    "date" : "2025-03-03",
    "price" : 203.40,
    "dma50" : 236.50,
    "dma100" : null,
    "dma200" : 269.44,
    "volume" : 4647336.00
  }, {
    "date" : "2025-03-04",
    "price" : 202.34,
    "dma50" : 235.16,
    "dma100" : null,
    "dma200" : 268.77,
    "volume" : 3241386.00
  }, {
    "date" : "2025-03-05",
    "price" : 217.41,
    "dma50" : 234.46,
    "dma100" : null,
    "dma200" : 268.26,
    "volume" : 5987499.00
  }, {
    "date" : "2025-03-06",
    "price" : 223.46,
    "dma50" : 234.03,
    "dma100" : null,
    "dma200" : 267.82,
    "volume" : 7469259.00
  }, {
    "date" : "2025-03-07",
    "price" : 223.85,
    "dma50" : 233.63,
    "dma100" : null,
    "dma200" : 267.38,
    "volume" : 10216803.00
  }, {
    "date" : "2025-03-10",
    "price" : 217.47,
    "dma50" : 233.00,
    "dma100" : null,
    "dma200" : 266.88,
    "volume" : 4358207.00
  }, {
    "date" : "2025-03-11",
    "price" : 218.90,
    "dma50" : 232.45,
    "dma100" : null,
    "dma200" : 266.41,
    "volume" : 3957817.00
  }, {
    "date" : "2025-03-12",
    "price" : 219.38,
    "dma50" : 231.93,
    "dma100" : null,
    "dma200" : 265.94,
    "volume" : 4078628.00
  }, {
    "date" : "2025-03-13",
    "price" : 215.80,
    "dma50" : 231.30,
    "dma100" : null,
    "dma200" : 265.44,
    "volume" : 3965043.00
  }, {
    "date" : "2025-03-17",
    "price" : 215.59,
    "dma50" : 230.69,
    "dma100" : null,
    "dma200" : 264.94,
    "volume" : 2594357.00
  }, {
    "date" : "2025-03-18",
    "price" : 221.57,
    "dma50" : 230.33,
    "dma100" : null,
    "dma200" : 264.51,
    "volume" : 4485170.00
  }, {
    "date" : "2025-03-19",
    "price" : 222.89,
    "dma50" : 230.04,
    "dma100" : null,
    "dma200" : 264.10,
    "volume" : 6210278.00
  }, {
    "date" : "2025-03-20",
    "price" : 231.79,
    "dma50" : 230.11,
    "dma100" : null,
    "dma200" : 263.78,
    "volume" : 12874275.00
  }, {
    "date" : "2025-03-21",
    "price" : 229.91,
    "dma50" : 230.10,
    "dma100" : null,
    "dma200" : 263.44,
    "volume" : 9327951.00
  }, {
    "date" : "2025-03-24",
    "price" : 237.49,
    "dma50" : 230.39,
    "dma100" : null,
    "dma200" : 263.18,
    "volume" : 12450110.00
  }, {
    "date" : "2025-03-25",
    "price" : 228.94,
    "dma50" : 230.33,
    "dma100" : null,
    "dma200" : 262.84,
    "volume" : 9697007.00
  }, {
    "date" : "2025-03-26",
    "price" : 225.51,
    "dma50" : 230.14,
    "dma100" : null,
    "dma200" : 262.47,
    "volume" : 12841932.00
  }, {
    "date" : "2025-03-27",
    "price" : 223.45,
    "dma50" : 229.88,
    "dma100" : null,
    "dma200" : 262.08,
    "volume" : 11552881.00
  }, {
    "date" : "2025-03-28",
    "price" : 220.79,
    "dma50" : 229.52,
    "dma100" : null,
    "dma200" : 261.67,
    "volume" : 12281188.00
  }, {
    "date" : "2025-04-01",
    "price" : 222.01,
    "dma50" : 229.23,
    "dma100" : null,
    "dma200" : 261.28,
    "volume" : 5075367.00
  }, {
    "date" : "2025-04-02",
    "price" : 226.55,
    "dma50" : 229.12,
    "dma100" : null,
    "dma200" : 260.93,
    "volume" : 6816620.00
  }, {
    "date" : "2025-04-03",
    "price" : 224.76,
    "dma50" : 228.95,
    "dma100" : null,
    "dma200" : 260.57,
    "volume" : 8725554.00
  }, {
    "date" : "2025-04-04",
    "price" : 204.25,
    "dma50" : 227.98,
    "dma100" : null,
    "dma200" : 260.01,
    "volume" : 16895123.00
  }, {
    "date" : "2025-04-07",
    "price" : 188.00,
    "dma50" : 226.42,
    "dma100" : null,
    "dma200" : 259.29,
    "volume" : 11042051.00
  }, {
    "date" : "2025-04-08",
    "price" : 192.54,
    "dma50" : 225.09,
    "dma100" : null,
    "dma200" : 258.63,
    "volume" : 4659397.00
  }, {
    "date" : "2025-04-09",
    "price" : 196.24,
    "dma50" : 223.96,
    "dma100" : null,
    "dma200" : 258.01,
    "volume" : 4192907.00
  }, {
    "date" : "2025-04-11",
    "price" : 199.65,
    "dma50" : 223.00,
    "dma100" : null,
    "dma200" : 257.43,
    "volume" : 3813495.00
  }, {
    "date" : "2025-04-15",
    "price" : 209.69,
    "dma50" : 222.48,
    "dma100" : null,
    "dma200" : 256.95,
    "volume" : 4252581.00
  }, {
    "date" : "2025-04-16",
    "price" : 209.69,
    "dma50" : 221.98,
    "dma100" : null,
    "dma200" : 256.48,
    "volume" : 3543267.00
  }, {
    "date" : "2025-04-17",
    "price" : 210.41,
    "dma50" : 221.53,
    "dma100" : null,
    "dma200" : 256.02,
    "volume" : 3179111.00
  }, {
    "date" : "2025-04-21",
    "price" : 220.39,
    "dma50" : 221.48,
    "dma100" : null,
    "dma200" : 255.67,
    "volume" : 6063258.00
  }, {
    "date" : "2025-04-22",
    "price" : 224.49,
    "dma50" : 221.60,
    "dma100" : null,
    "dma200" : 255.36,
    "volume" : 5766966.00
  }, {
    "date" : "2025-04-23",
    "price" : 225.32,
    "dma50" : 221.74,
    "dma100" : null,
    "dma200" : 255.06,
    "volume" : 7342529.00
  }, {
    "date" : "2025-04-24",
    "price" : 224.18,
    "dma50" : 221.84,
    "dma100" : null,
    "dma200" : 254.75,
    "volume" : 2936266.00
  }, {
    "date" : "2025-04-25",
    "price" : 213.48,
    "dma50" : 221.51,
    "dma100" : null,
    "dma200" : 254.34,
    "volume" : 6074702.00
  }, {
    "date" : "2025-04-28",
    "price" : 218.10,
    "dma50" : 221.38,
    "dma100" : null,
    "dma200" : 253.98,
    "volume" : 3991935.00
  }, {
    "date" : "2025-04-29",
    "price" : 218.36,
    "dma50" : 221.26,
    "dma100" : 235.75,
    "dma200" : 253.63,
    "volume" : 2690767.00
  }, {
    "date" : "2025-04-30",
    "price" : 213.28,
    "dma50" : 220.95,
    "dma100" : 235.03,
    "dma200" : 253.23,
    "volume" : 2857036.00
  }, {
    "date" : "2025-05-02",
    "price" : 213.14,
    "dma50" : 220.64,
    "dma100" : 234.33,
    "dma200" : 252.83,
    "volume" : 3329670.00
  }, {
    "date" : "2025-05-05",
    "price" : 217.39,
    "dma50" : 220.51,
    "dma100" : 233.66,
    "dma200" : 252.47,
    "volume" : 2890615.00
  }, {
    "date" : "2025-05-06",
    "price" : 207.33,
    "dma50" : 220.00,
    "dma100" : 232.85,
    "dma200" : 252.02,
    "volume" : 3348969.00
  }, {
    "date" : "2025-05-07",
    "price" : 212.05,
    "dma50" : 219.68,
    "dma100" : 232.05,
    "dma200" : 251.63,
    "volume" : 3647728.00
  }, {
    "date" : "2025-05-08",
    "price" : 204.59,
    "dma50" : 219.09,
    "dma100" : 231.17,
    "dma200" : 251.16,
    "volume" : 3300474.00
  }, {
    "date" : "2025-05-09",
    "price" : 205.32,
    "dma50" : 218.55,
    "dma100" : 230.33,
    "dma200" : 250.70,
    "volume" : 4394455.00
  }, {
    "date" : "2025-05-12",
    "price" : 225.06,
    "dma50" : 218.81,
    "dma100" : 229.67,
    "dma200" : 250.45,
    "volume" : 9202089.00
  }, {
    "date" : "2025-05-13",
    "price" : 221.81,
    "dma50" : 218.93,
    "dma100" : 228.97,
    "dma200" : 250.16,
    "volume" : 5942620.00
  }, {
    "date" : "2025-05-14",
    "price" : 231.80,
    "dma50" : 219.43,
    "dma100" : 228.38,
    "dma200" : 249.98,
    "volume" : 9187245.00
  }, {
    "date" : "2025-05-15",
    "price" : 227.78,
    "dma50" : 219.76,
    "dma100" : 227.81,
    "dma200" : 249.76,
    "volume" : 8082852.00
  }, {
    "date" : "2025-05-16",
    "price" : 226.00,
    "dma50" : 220.00,
    "dma100" : 227.26,
    "dma200" : 249.52,
    "volume" : 5344833.00
  }, {
    "date" : "2025-05-19",
    "price" : 226.64,
    "dma50" : 220.26,
    "dma100" : 226.73,
    "dma200" : 249.30,
    "volume" : 6240892.00
  }, {
    "date" : "2025-05-20",
    "price" : 225.03,
    "dma50" : 220.45,
    "dma100" : 226.27,
    "dma200" : 249.05,
    "volume" : 6637575.00
  }, {
    "date" : "2025-05-21",
    "price" : 229.47,
    "dma50" : 220.80,
    "dma100" : 225.85,
    "dma200" : 248.86,
    "volume" : 9259114.00
  }, {
    "date" : "2025-05-22",
    "price" : 226.46,
    "dma50" : 221.03,
    "dma100" : 225.31,
    "dma200" : 248.64,
    "volume" : 4215276.00
  }, {
    "date" : "2025-05-23",
    "price" : 238.13,
    "dma50" : 221.70,
    "dma100" : 225.06,
    "dma200" : 248.53,
    "volume" : 18996252.00
  }, {
    "date" : "2025-05-26",
    "price" : 243.85,
    "dma50" : 222.57,
    "dma100" : 224.93,
    "dma200" : 248.48,
    "volume" : 11829310.00
  }, {
    "date" : "2025-05-27",
    "price" : 245.07,
    "dma50" : 223.45,
    "dma100" : 224.91,
    "dma200" : 248.45,
    "volume" : 7270821.00
  }, {
    "date" : "2025-05-28",
    "price" : 248.48,
    "dma50" : 224.43,
    "dma100" : 224.91,
    "dma200" : 248.45,
    "volume" : 25472882.00
  }, {
    "date" : "2025-05-29",
    "price" : 251.32,
    "dma50" : 225.48,
    "dma100" : 224.95,
    "dma200" : 248.48,
    "volume" : 10902793.00
  }, {
    "date" : "2025-05-30",
    "price" : 247.51,
    "dma50" : 226.35,
    "dma100" : 224.93,
    "dma200" : 248.47,
    "volume" : 5191647.00
  }, {
    "date" : "2025-06-02",
    "price" : 252.43,
    "dma50" : 227.37,
    "dma100" : 224.95,
    "dma200" : 248.51,
    "volume" : 6745700.00
  }, {
    "date" : "2025-06-03",
    "price" : 248.39,
    "dma50" : 228.19,
    "dma100" : 225.08,
    "dma200" : 248.51,
    "volume" : 8157033.00
  }, {
    "date" : "2025-06-04",
    "price" : 253.12,
    "dma50" : 229.17,
    "dma100" : 225.23,
    "dma200" : 248.55,
    "volume" : 5440158.00
  }, {
    "date" : "2025-06-05",
    "price" : 253.71,
    "dma50" : 230.13,
    "dma100" : 225.37,
    "dma200" : 248.61,
    "volume" : 5540269.00
  }, {
    "date" : "2025-06-06",
    "price" : 256.08,
    "dma50" : 231.15,
    "dma100" : 225.57,
    "dma200" : 248.68,
    "volume" : 17115316.00
  }, {
    "date" : "2025-06-09",
    "price" : 258.87,
    "dma50" : 232.24,
    "dma100" : 225.83,
    "dma200" : 248.78,
    "volume" : 6247282.00
  }, {
    "date" : "2025-06-10",
    "price" : 263.64,
    "dma50" : 233.47,
    "dma100" : 226.27,
    "dma200" : 248.93,
    "volume" : 12583230.00
  }, {
    "date" : "2025-06-11",
    "price" : 259.53,
    "dma50" : 234.49,
    "dma100" : 226.61,
    "dma200" : 249.03,
    "volume" : 7033299.00
  }, {
    "date" : "2025-06-12",
    "price" : 254.75,
    "dma50" : 235.29,
    "dma100" : 226.95,
    "dma200" : 249.09,
    "volume" : 5962881.00
  }, {
    "date" : "2025-06-13",
    "price" : 253.71,
    "dma50" : 236.01,
    "dma100" : 227.17,
    "dma200" : 249.14,
    "volume" : 4961494.00
  }, {
    "date" : "2025-06-16",
    "price" : 262.76,
    "dma50" : 237.06,
    "dma100" : 227.32,
    "dma200" : 249.27,
    "volume" : 11521883.00
  }, {
    "date" : "2025-06-17",
    "price" : 252.71,
    "dma50" : 237.67,
    "dma100" : 227.34,
    "dma200" : 249.31,
    "volume" : 5126236.00
  }, {
    "date" : "2025-06-18",
    "price" : 253.93,
    "dma50" : 238.31,
    "dma100" : 227.44,
    "dma200" : 249.35,
    "volume" : 2622223.00
  }, {
    "date" : "2025-06-19",
    "price" : 245.02,
    "dma50" : 238.57,
    "dma100" : 227.47,
    "dma200" : 249.31,
    "volume" : 4236848.00
  }, {
    "date" : "2025-06-20",
    "price" : 248.67,
    "dma50" : 238.97,
    "dma100" : 227.49,
    "dma200" : 249.30,
    "volume" : 6267954.00
  }, {
    "date" : "2025-06-23",
    "price" : 251.51,
    "dma50" : 239.46,
    "dma100" : 227.59,
    "dma200" : 249.33,
    "volume" : 3998837.00
  }, {
    "date" : "2025-06-24",
    "price" : 257.36,
    "dma50" : 240.16,
    "dma100" : 227.85,
    "dma200" : 249.41,
    "volume" : 6009072.00
  }, {
    "date" : "2025-06-25",
    "price" : 259.22,
    "dma50" : 240.91,
    "dma100" : 228.16,
    "dma200" : 249.50,
    "volume" : 2795093.00
  }, {
    "date" : "2025-06-26",
    "price" : 272.08,
    "dma50" : 242.13,
    "dma100" : 228.60,
    "dma200" : 249.73,
    "volume" : 15764902.00
  }, {
    "date" : "2025-06-27",
    "price" : 276.16,
    "dma50" : 243.47,
    "dma100" : 229.06,
    "dma200" : 249.99,
    "volume" : 18881298.00
  }, {
    "date" : "2025-06-30",
    "price" : 279.30,
    "dma50" : 244.87,
    "dma100" : 229.47,
    "dma200" : 250.28,
    "volume" : 11173013.00
  }, {
    "date" : "2025-07-01",
    "price" : 283.60,
    "dma50" : 246.39,
    "dma100" : 229.90,
    "dma200" : 250.61,
    "volume" : 7842395.00
  }, {
    "date" : "2025-07-02",
    "price" : 283.75,
    "dma50" : 247.86,
    "dma100" : 230.41,
    "dma200" : 250.94,
    "volume" : 4722544.00
  }, {
    "date" : "2025-07-03",
    "price" : 280.70,
    "dma50" : 249.14,
    "dma100" : 230.83,
    "dma200" : 251.24,
    "volume" : 5635782.00
  }, {
    "date" : "2025-07-04",
    "price" : 277.15,
    "dma50" : 250.24,
    "dma100" : 231.16,
    "dma200" : 251.50,
    "volume" : 3398326.00
  }, {
    "date" : "2025-07-07",
    "price" : 274.55,
    "dma50" : 251.20,
    "dma100" : 231.50,
    "dma200" : 251.73,
    "volume" : 1945108.00
  }, {
    "date" : "2025-07-08",
    "price" : 273.75,
    "dma50" : 252.08,
    "dma100" : 231.79,
    "dma200" : 251.95,
    "volume" : 1875433.00
  }, {
    "date" : "2025-07-09",
    "price" : 264.75,
    "dma50" : 252.58,
    "dma100" : 232.07,
    "dma200" : 252.07,
    "volume" : 16185091.00
  }, {
    "date" : "2025-07-10",
    "price" : 265.00,
    "dma50" : 253.06,
    "dma100" : 232.42,
    "dma200" : 252.20,
    "volume" : 3281891.00
  }, {
    "date" : "2025-07-11",
    "price" : 262.65,
    "dma50" : 253.44,
    "dma100" : 232.80,
    "dma200" : 252.31,
    "volume" : 3195473.00
  }, {
    "date" : "2025-07-14",
    "price" : 263.50,
    "dma50" : 253.83,
    "dma100" : 233.18,
    "dma200" : 252.42,
    "volume" : 2476853.00
  }, {
    "date" : "2025-07-15",
    "price" : 262.05,
    "dma50" : 254.16,
    "dma100" : 233.65,
    "dma200" : 252.51,
    "volume" : 1708946.00
  }, {
    "date" : "2025-07-16",
    "price" : 264.05,
    "dma50" : 254.54,
    "dma100" : 234.14,
    "dma200" : 252.63,
    "volume" : 2360844.00
  }, {
    "date" : "2025-07-17",
    "price" : 267.65,
    "dma50" : 255.06,
    "dma100" : 234.68,
    "dma200" : 252.78,
    "volume" : 2399503.00
  }, {
    "date" : "2025-07-18",
    "price" : 269.75,
    "dma50" : 255.63,
    "dma100" : 235.20,
    "dma200" : 252.95,
    "volume" : 3906747.00
  }, {
    "date" : "2025-07-21",
    "price" : 273.80,
    "dma50" : 256.35,
    "dma100" : 235.69,
    "dma200" : 253.15,
    "volume" : 4931756.00
  }, {
    "date" : "2025-07-22",
    "price" : 271.95,
    "dma50" : 256.96,
    "dma100" : 236.19,
    "dma200" : 253.34,
    "volume" : 5903512.00
  }, {
    "date" : "2025-07-23",
    "price" : 276.05,
    "dma50" : 257.71,
    "dma100" : 236.76,
    "dma200" : 253.57,
    "volume" : 7012291.00
  }, {
    "date" : "2025-07-24",
    "price" : 273.75,
    "dma50" : 258.34,
    "dma100" : 237.32,
    "dma200" : 253.77,
    "volume" : 2764496.00
  }, {
    "date" : "2025-07-25",
    "price" : 259.00,
    "dma50" : 258.36,
    "dma100" : 237.78,
    "dma200" : 253.82,
    "volume" : 7821977.00
  }, {
    "date" : "2025-07-28",
    "price" : 248.30,
    "dma50" : 257.97,
    "dma100" : 238.24,
    "dma200" : 253.76,
    "volume" : 8703935.00
  }, {
    "date" : "2025-07-29",
    "price" : 258.40,
    "dma50" : 257.98,
    "dma100" : 238.79,
    "dma200" : 253.81,
    "volume" : 5992871.00
  }, {
    "date" : "2025-07-30",
    "price" : 258.35,
    "dma50" : 258.00,
    "dma100" : 239.35,
    "dma200" : 253.86,
    "volume" : 12766780.00
  }, {
    "date" : "2025-07-31",
    "price" : 243.35,
    "dma50" : 257.42,
    "dma100" : 239.61,
    "dma200" : 253.75,
    "volume" : 14931637.00
  }, {
    "date" : "2025-08-01",
    "price" : 236.96,
    "dma50" : 256.62,
    "dma100" : 239.75,
    "dma200" : 253.58,
    "volume" : 3975077.00
  }, {
    "date" : "2025-08-04",
    "price" : 243.98,
    "dma50" : 256.13,
    "dma100" : 239.95,
    "dma200" : 253.49,
    "volume" : 3427258.00
  }, {
    "date" : "2025-08-05",
    "price" : 247.14,
    "dma50" : 255.77,
    "dma100" : 240.25,
    "dma200" : 253.43,
    "volume" : 4119461.00
  }, {
    "date" : "2025-08-06",
    "price" : 244.83,
    "dma50" : 255.34,
    "dma100" : 240.50,
    "dma200" : 253.34,
    "volume" : 1768237.00
  }, {
    "date" : "2025-08-07",
    "price" : 241.27,
    "dma50" : 254.79,
    "dma100" : 240.72,
    "dma200" : 253.22,
    "volume" : 3930609.00
  }, {
    "date" : "2025-08-08",
    "price" : 238.85,
    "dma50" : 254.17,
    "dma100" : 240.95,
    "dma200" : 253.08,
    "volume" : 2160659.00
  }, {
    "date" : "2025-08-11",
    "price" : 237.72,
    "dma50" : 253.52,
    "dma100" : 241.18,
    "dma200" : 252.92,
    "volume" : 1834878.00
  }, {
    "date" : "2025-08-12",
    "price" : 239.26,
    "dma50" : 252.96,
    "dma100" : 241.35,
    "dma200" : 252.79,
    "volume" : 1788837.00
  }, {
    "date" : "2025-08-13",
    "price" : 242.20,
    "dma50" : 252.54,
    "dma100" : 241.55,
    "dma200" : 252.68,
    "volume" : 2024561.00
  }, {
    "date" : "2025-08-14",
    "price" : 240.19,
    "dma50" : 252.06,
    "dma100" : 241.63,
    "dma200" : 252.56,
    "volume" : 1947602.00
  }, {
    "date" : "2025-08-18",
    "price" : 241.33,
    "dma50" : 251.64,
    "dma100" : 241.74,
    "dma200" : 252.45,
    "volume" : 1959609.00
  }, {
    "date" : "2025-08-19",
    "price" : 242.26,
    "dma50" : 251.27,
    "dma100" : 241.79,
    "dma200" : 252.35,
    "volume" : 1853827.00
  }, {
    "date" : "2025-08-20",
    "price" : 240.57,
    "dma50" : 250.85,
    "dma100" : 241.91,
    "dma200" : 252.23,
    "volume" : 1926999.00
  }, {
    "date" : "2025-08-21",
    "price" : 239.81,
    "dma50" : 250.42,
    "dma100" : 242.05,
    "dma200" : 252.10,
    "volume" : 946683.00
  }, {
    "date" : "2025-08-22",
    "price" : 237.98,
    "dma50" : 249.93,
    "dma100" : 242.20,
    "dma200" : 251.96,
    "volume" : 1271944.00
  }, {
    "date" : "2025-08-25",
    "price" : 236.17,
    "dma50" : 249.39,
    "dma100" : 242.35,
    "dma200" : 251.81,
    "volume" : 1492474.00
  }, {
    "date" : "2025-08-26",
    "price" : 231.19,
    "dma50" : 248.68,
    "dma100" : 242.44,
    "dma200" : 251.60,
    "volume" : 2561522.00
  }, {
    "date" : "2025-08-28",
    "price" : 230.91,
    "dma50" : 247.98,
    "dma100" : 242.48,
    "dma200" : 251.40,
    "volume" : 1630615.00
  }, {
    "date" : "2025-08-29",
    "price" : 229.90,
    "dma50" : 247.27,
    "dma100" : 242.54,
    "dma200" : 251.18,
    "volume" : 1538929.00
  }, {
    "date" : "2025-09-01",
    "price" : 232.82,
    "dma50" : 246.70,
    "dma100" : 242.82,
    "dma200" : 251.00,
    "volume" : 2645527.00
  }, {
    "date" : "2025-09-02",
    "price" : 237.80,
    "dma50" : 246.35,
    "dma100" : 243.32,
    "dma200" : 250.87,
    "volume" : 2831284.00
  }, {
    "date" : "2025-09-03",
    "price" : 247.97,
    "dma50" : 246.42,
    "dma100" : 243.87,
    "dma200" : 250.84,
    "volume" : 6826377.00
  }, {
    "date" : "2025-09-04",
    "price" : 243.04,
    "dma50" : 246.28,
    "dma100" : 244.34,
    "dma200" : 250.76,
    "volume" : 2021381.00
  }, {
    "date" : "2025-09-05",
    "price" : 244.23,
    "dma50" : 246.20,
    "dma100" : 244.79,
    "dma200" : 250.70,
    "volume" : 1451336.00
  }, {
    "date" : "2025-09-08",
    "price" : 245.65,
    "dma50" : 246.18,
    "dma100" : 245.15,
    "dma200" : 250.65,
    "volume" : 2949744.00
  }, {
    "date" : "2025-09-09",
    "price" : 244.33,
    "dma50" : 246.11,
    "dma100" : 245.49,
    "dma200" : 250.58,
    "volume" : 2106131.00
  }, {
    "date" : "2025-09-10",
    "price" : 244.94,
    "dma50" : 246.06,
    "dma100" : 245.84,
    "dma200" : 250.53,
    "volume" : 3145249.00
  }, {
    "date" : "2025-09-11",
    "price" : 248.58,
    "dma50" : 246.16,
    "dma100" : 246.12,
    "dma200" : 250.51,
    "volume" : 5828256.00
  }, {
    "date" : "2025-09-12",
    "price" : 280.05,
    "dma50" : 247.49,
    "dma100" : 246.68,
    "dma200" : 250.80,
    "volume" : 53208314.00
  }, {
    "date" : "2025-09-15",
    "price" : 280.49,
    "dma50" : 248.79,
    "dma100" : 247.23,
    "dma200" : 251.10,
    "volume" : 15778593.00
  }, {
    "date" : "2025-09-16",
    "price" : 289.45,
    "dma50" : 250.38,
    "dma100" : 247.88,
    "dma200" : 251.48,
    "volume" : 20035392.00
  }, {
    "date" : "2025-09-17",
    "price" : 284.58,
    "dma50" : 251.72,
    "dma100" : 248.59,
    "dma200" : 251.81,
    "volume" : 9480284.00
  }, {
    "date" : "2025-09-18",
    "price" : 280.47,
    "dma50" : 252.85,
    "dma100" : 249.22,
    "dma200" : 252.09,
    "volume" : 5320243.00
  }, {
    "date" : "2025-09-19",
    "price" : 282.86,
    "dma50" : 254.03,
    "dma100" : 249.86,
    "dma200" : 252.40,
    "volume" : 5203167.00
  }, {
    "date" : "2025-09-22",
    "price" : 296.57,
    "dma50" : 255.69,
    "dma100" : 250.69,
    "dma200" : 252.84,
    "volume" : 37396775.00
  }, {
    "date" : "2025-09-23",
    "price" : 307.43,
    "dma50" : 257.72,
    "dma100" : 251.64,
    "dma200" : 253.38,
    "volume" : 29742220.00
  }, {
    "date" : "2025-09-24",
    "price" : 308.71,
    "dma50" : 259.72,
    "dma100" : 252.55,
    "dma200" : 253.93,
    "volume" : 14603516.00
  }, {
    "date" : "2025-09-25",
    "price" : 328.23,
    "dma50" : 262.41,
    "dma100" : 253.76,
    "dma200" : 254.67,
    "volume" : 64762642.00
  }, {
    "date" : "2025-09-26",
    "price" : 311.97,
    "dma50" : 264.35,
    "dma100" : 254.76,
    "dma200" : 255.24,
    "volume" : 18090105.00
  }, {
    "date" : "2025-09-29",
    "price" : 319.46,
    "dma50" : 266.51,
    "dma100" : 255.91,
    "dma200" : 255.88,
    "volume" : 20459095.00
  }, {
    "date" : "2025-09-30",
    "price" : 329.44,
    "dma50" : 268.98,
    "dma100" : 257.15,
    "dma200" : 256.61,
    "volume" : 38363794.00
  }, {
    "date" : "2025-10-01",
    "price" : 335.30,
    "dma50" : 271.58,
    "dma100" : 258.25,
    "dma200" : 257.40,
    "volume" : 16063555.00
  }, {
    "date" : "2025-10-03",
    "price" : 338.40,
    "dma50" : 274.20,
    "dma100" : 259.42,
    "dma200" : 258.20,
    "volume" : 16273563.00
  }, {
    "date" : "2025-10-06",
    "price" : 337.95,
    "dma50" : 276.70,
    "dma100" : 260.48,
    "dma200" : 259.00,
    "volume" : 10372718.00
  }, {
    "date" : "2025-10-07",
    "price" : 332.65,
    "dma50" : 278.90,
    "dma100" : 261.53,
    "dma200" : 259.73,
    "volume" : 15013150.00
  }, {
    "date" : "2025-10-08",
    "price" : 342.20,
    "dma50" : 281.38,
    "dma100" : 262.69,
    "dma200" : 260.55,
    "volume" : 12113580.00
  }, {
    "date" : "2025-10-09",
    "price" : 364.15,
    "dma50" : 284.62,
    "dma100" : 264.06,
    "dma200" : 261.58,
    "volume" : 46781296.00
  }, {
    "date" : "2025-10-10",
    "price" : 344.55,
    "dma50" : 286.97,
    "dma100" : 265.26,
    "dma200" : 262.41,
    "volume" : 22433007.00
  }, {
    "date" : "2025-10-13",
    "price" : 340.80,
    "dma50" : 289.09,
    "dma100" : 266.37,
    "dma200" : 263.19,
    "volume" : 10471806.00
  }, {
    "date" : "2025-10-14",
    "price" : 330.15,
    "dma50" : 290.70,
    "dma100" : 267.41,
    "dma200" : 263.85,
    "volume" : 15982892.00
  }, {
    "date" : "2025-10-15",
    "price" : 341.90,
    "dma50" : 292.70,
    "dma100" : 268.45,
    "dma200" : 264.63,
    "volume" : 11510201.00
  }, {
    "date" : "2025-10-16",
    "price" : 342.20,
    "dma50" : 294.64,
    "dma100" : 269.43,
    "dma200" : 265.40,
    "volume" : 6069291.00
  }, {
    "date" : "2025-10-17",
    "price" : 341.95,
    "dma50" : 296.50,
    "dma100" : 270.40,
    "dma200" : 266.16,
    "volume" : 6629679.00
  }, {
    "date" : "2025-10-20",
    "price" : 345.35,
    "dma50" : 298.42,
    "dma100" : 271.37,
    "dma200" : 266.95,
    "volume" : 8424568.00
  }, {
    "date" : "2025-10-21",
    "price" : 346.30,
    "dma50" : 300.29,
    "dma100" : 272.32,
    "dma200" : 267.74,
    "volume" : 2173349.00
  }, {
    "date" : "2025-10-23",
    "price" : 330.65,
    "dma50" : 301.48,
    "dma100" : 273.15,
    "dma200" : 268.37,
    "volume" : 7956767.00
  }, {
    "date" : "2025-10-24",
    "price" : 343.10,
    "dma50" : 303.12,
    "dma100" : 274.06,
    "dma200" : 269.11,
    "volume" : 14148696.00
  }, {
    "date" : "2025-10-27",
    "price" : 348.30,
    "dma50" : 304.89,
    "dma100" : 275.05,
    "dma200" : 269.90,
    "volume" : 12393208.00
  }, {
    "date" : "2025-10-28",
    "price" : 342.30,
    "dma50" : 306.36,
    "dma100" : 275.95,
    "dma200" : 270.62,
    "volume" : 4800602.00
  }, {
    "date" : "2025-10-29",
    "price" : 351.50,
    "dma50" : 308.13,
    "dma100" : 276.92,
    "dma200" : 271.42,
    "volume" : 14611022.00
  }, {
    "date" : "2025-10-30",
    "price" : 348.30,
    "dma50" : 309.70,
    "dma100" : 277.85,
    "dma200" : 272.19,
    "volume" : 3731515.00
  }, {
    "date" : "2025-10-31",
    "price" : 340.25,
    "dma50" : 310.90,
    "dma100" : 278.66,
    "dma200" : 272.86,
    "volume" : 4659883.00
  }, {
    "date" : "2025-11-03",
    "price" : 341.75,
    "dma50" : 312.11,
    "dma100" : 279.44,
    "dma200" : 273.55,
    "volume" : 4388322.00
  }, {
    "date" : "2025-11-04",
    "price" : 332.40,
    "dma50" : 312.90,
    "dma100" : 280.17,
    "dma200" : 274.14,
    "volume" : 4340950.00
  }, {
    "date" : "2025-11-06",
    "price" : 322.30,
    "dma50" : 313.27,
    "dma100" : 280.85,
    "dma200" : 274.61,
    "volume" : 4861949.00
  }, {
    "date" : "2025-11-07",
    "price" : 332.80,
    "dma50" : 314.04,
    "dma100" : 281.64,
    "dma200" : 275.19,
    "volume" : 6899239.00
  }, {
    "date" : "2025-11-10",
    "price" : 337.95,
    "dma50" : 314.98,
    "dma100" : 282.39,
    "dma200" : 275.82,
    "volume" : 7680987.00
  }, {
    "date" : "2025-11-11",
    "price" : 359.70,
    "dma50" : 316.73,
    "dma100" : 283.46,
    "dma200" : 276.65,
    "volume" : 39662351.00
  }, {
    "date" : "2025-11-12",
    "price" : 339.70,
    "dma50" : 317.63,
    "dma100" : 284.32,
    "dma200" : 277.28,
    "volume" : 18163963.00
  }, {
    "date" : "2025-11-13",
    "price" : 337.05,
    "dma50" : 318.39,
    "dma100" : 285.24,
    "dma200" : 277.88,
    "volume" : 12364480.00
  }, {
    "date" : "2025-11-14",
    "price" : 335.25,
    "dma50" : 319.05,
    "dma100" : 286.10,
    "dma200" : 278.45,
    "volume" : 5812907.00
  }, {
    "date" : "2025-11-17",
    "price" : 338.55,
    "dma50" : 319.82,
    "dma100" : 286.97,
    "dma200" : 279.04,
    "volume" : 5601137.00
  }, {
    "date" : "2025-11-18",
    "price" : 330.55,
    "dma50" : 320.24,
    "dma100" : 287.70,
    "dma200" : 279.56,
    "volume" : 5458655.00
  }, {
    "date" : "2025-11-19",
    "price" : 327.75,
    "dma50" : 320.53,
    "dma100" : 288.39,
    "dma200" : 280.04,
    "volume" : 3681909.00
  }, {
    "date" : "2025-11-20",
    "price" : 327.15,
    "dma50" : 320.79,
    "dma100" : 288.94,
    "dma200" : 280.50,
    "volume" : 4789353.00
  }, {
    "date" : "2025-11-21",
    "price" : 314.15,
    "dma50" : 320.53,
    "dma100" : 289.32,
    "dma200" : 280.84,
    "volume" : 5887867.00
  }, {
    "date" : "2025-11-24",
    "price" : 313.30,
    "dma50" : 320.25,
    "dma100" : 289.66,
    "dma200" : 281.16,
    "volume" : 5111863.00
  }, {
    "date" : "2025-11-25",
    "price" : 320.20,
    "dma50" : 320.25,
    "dma100" : 290.03,
    "dma200" : 281.55,
    "volume" : 6646672.00
  }, {
    "date" : "2025-11-26",
    "price" : 329.10,
    "dma50" : 320.59,
    "dma100" : 290.48,
    "dma200" : 282.02,
    "volume" : 8691792.00
  }, {
    "date" : "2025-11-27",
    "price" : 325.80,
    "dma50" : 320.80,
    "dma100" : 290.93,
    "dma200" : 282.46,
    "volume" : 5797138.00
  }, {
    "date" : "2025-11-28",
    "price" : 327.00,
    "dma50" : 321.04,
    "dma100" : 291.43,
    "dma200" : 282.90,
    "volume" : 5111631.00
  }, {
    "date" : "2025-12-01",
    "price" : 339.30,
    "dma50" : 321.76,
    "dma100" : 292.08,
    "dma200" : 283.46,
    "volume" : 17290262.00
  } ],
  "latestTechnicalAttributes" : {
    "date" : "2025-12-01",
    "price" : 339.30,
    "dma50" : 321.76,
    "dma100" : 292.08,
    "dma200" : 283.46,
    "volume" : 17290262.00
  },
  "quarterlyResults" : [ {
    "date" : "2005-03-31",
    "sales" : 111.43,
    "salesGrowthYoY" : null,
    "grossProfitMargin" : 99.23,
    "grossProfit" : 110.57,
    "operatingProfitMargin" : 23.21,
    "operatingProfit" : 25.86,
    "netProfitMargin" : 12.54,
    "netProfit" : 13.97
  }, {
    "date" : "2005-06-30",
    "sales" : 125.87,
    "salesGrowthYoY" : null,
    "grossProfitMargin" : 82.19,
    "grossProfit" : 103.45,
    "operatingProfitMargin" : 24.92,
    "operatingProfit" : 31.37,
    "netProfitMargin" : 14.24,
    "netProfit" : 17.92
  }, {
    "date" : "2005-09-30",
    "sales" : 190.21,
    "salesGrowthYoY" : null,
    "grossProfitMargin" : 59.71,
    "grossProfit" : 113.57,
    "operatingProfitMargin" : 23.43,
    "operatingProfit" : 44.57,
    "netProfitMargin" : 17.30,
    "netProfit" : 32.91
  }, {
    "date" : "2005-12-31",
    "sales" : 263.02,
    "salesGrowthYoY" : null,
    "grossProfitMargin" : 46.61,
    "grossProfit" : 122.59,
    "operatingProfitMargin" : 14.86,
    "operatingProfit" : 39.08,
    "netProfitMargin" : 10.24,
    "netProfit" : 26.93
  }, {
    "date" : "2006-03-31",
    "sales" : 335.34,
    "salesGrowthYoY" : 200.94,
    "grossProfitMargin" : 39.78,
    "grossProfit" : 133.40,
    "operatingProfitMargin" : 13.06,
    "operatingProfit" : 43.80,
    "netProfitMargin" : 10.33,
    "netProfit" : 34.64
  }, {
    "date" : "2006-06-30",
    "sales" : 331.01,
    "salesGrowthYoY" : 162.98,
    "grossProfitMargin" : 41.45,
    "grossProfit" : 137.20,
    "operatingProfitMargin" : 15.42,
    "operatingProfit" : 51.04,
    "netProfitMargin" : 10.41,
    "netProfit" : 34.46
  }, {
    "date" : "2006-09-30",
    "sales" : 299.16,
    "salesGrowthYoY" : 57.28,
    "grossProfitMargin" : 80.92,
    "grossProfit" : 242.08,
    "operatingProfitMargin" : 33.23,
    "operatingProfit" : 99.41,
    "netProfitMargin" : 31.29,
    "netProfit" : 93.61
  }, {
    "date" : "2006-12-31",
    "sales" : 479.85,
    "salesGrowthYoY" : 82.44,
    "grossProfitMargin" : 57.21,
    "grossProfit" : 274.52,
    "operatingProfitMargin" : 28.79,
    "operatingProfit" : 138.15,
    "netProfitMargin" : 27.04,
    "netProfit" : 129.75
  }, {
    "date" : "2007-03-31",
    "sales" : 453.35,
    "salesGrowthYoY" : 35.19,
    "grossProfitMargin" : 48.34,
    "grossProfit" : 219.15,
    "operatingProfitMargin" : 15.51,
    "operatingProfit" : 70.31,
    "netProfitMargin" : 10.45,
    "netProfit" : 47.38
  }, {
    "date" : "2007-06-30",
    "sales" : 373.82,
    "salesGrowthYoY" : 12.93,
    "grossProfitMargin" : 53.81,
    "grossProfit" : 201.15,
    "operatingProfitMargin" : 23.41,
    "operatingProfit" : 87.51,
    "netProfitMargin" : 17.51,
    "netProfit" : 65.46
  }, {
    "date" : "2007-09-30",
    "sales" : 328.69,
    "salesGrowthYoY" : 9.87,
    "grossProfitMargin" : 53.14,
    "grossProfit" : 174.67,
    "operatingProfitMargin" : 15.80,
    "operatingProfit" : 51.93,
    "netProfitMargin" : 16.11,
    "netProfit" : 52.95
  }, {
    "date" : "2007-12-31",
    "sales" : 425.89,
    "salesGrowthYoY" : -11.25,
    "grossProfitMargin" : 43.00,
    "grossProfit" : 183.13,
    "operatingProfitMargin" : 12.92,
    "operatingProfit" : 55.02,
    "netProfitMargin" : 12.61,
    "netProfit" : 53.70
  }, {
    "date" : "2008-03-31",
    "sales" : 451.96,
    "salesGrowthYoY" : -0.31,
    "grossProfitMargin" : 58.09,
    "grossProfit" : 262.54,
    "operatingProfitMargin" : 19.85,
    "operatingProfit" : 89.71,
    "netProfitMargin" : 18.91,
    "netProfit" : 85.47
  }, {
    "date" : "2008-06-30",
    "sales" : 337.30,
    "salesGrowthYoY" : -9.77,
    "grossProfitMargin" : 48.67,
    "grossProfit" : 164.16,
    "operatingProfitMargin" : 13.57,
    "operatingProfit" : 45.77,
    "netProfitMargin" : 11.04,
    "netProfit" : 37.24
  }, {
    "date" : "2008-09-30",
    "sales" : 352.85,
    "salesGrowthYoY" : 7.35,
    "grossProfitMargin" : 51.20,
    "grossProfit" : 180.66,
    "operatingProfitMargin" : 5.54,
    "operatingProfit" : 19.55,
    "netProfitMargin" : 5.05,
    "netProfit" : 17.82
  }, {
    "date" : "2008-12-31",
    "sales" : 162.99,
    "salesGrowthYoY" : -61.73,
    "grossProfitMargin" : 4.88,
    "grossProfit" : 7.95,
    "operatingProfitMargin" : -84.44,
    "operatingProfit" : -137.63,
    "netProfitMargin" : -42.43,
    "netProfit" : -69.16
  }, {
    "date" : "2009-03-31",
    "sales" : 351.09,
    "salesGrowthYoY" : -22.32,
    "grossProfitMargin" : 45.17,
    "grossProfit" : 158.59,
    "operatingProfitMargin" : 1.55,
    "operatingProfit" : 5.44,
    "netProfitMargin" : 1.08,
    "netProfit" : 3.79
  }, {
    "date" : "2009-06-30",
    "sales" : 326.11,
    "salesGrowthYoY" : -3.32,
    "grossProfitMargin" : 35.54,
    "grossProfit" : 115.90,
    "operatingProfitMargin" : -0.77,
    "operatingProfit" : -2.51,
    "netProfitMargin" : 0.07,
    "netProfit" : 0.23
  }, {
    "date" : "2009-09-30",
    "sales" : 249.47,
    "salesGrowthYoY" : -29.30,
    "grossProfitMargin" : 61.67,
    "grossProfit" : 153.85,
    "operatingProfitMargin" : 6.88,
    "operatingProfit" : 17.16,
    "netProfitMargin" : 6.05,
    "netProfit" : 15.09
  }, {
    "date" : "2009-12-31",
    "sales" : 323.51,
    "salesGrowthYoY" : 98.48,
    "grossProfitMargin" : 65.59,
    "grossProfit" : 212.19,
    "operatingProfitMargin" : 19.59,
    "operatingProfit" : 63.38,
    "netProfitMargin" : 14.72,
    "netProfit" : 47.62
  }, {
    "date" : "2010-03-31",
    "sales" : 414.72,
    "salesGrowthYoY" : 18.12,
    "grossProfitMargin" : 74.53,
    "grossProfit" : 309.09,
    "operatingProfitMargin" : 28.39,
    "operatingProfit" : 117.74,
    "netProfitMargin" : 22.12,
    "netProfit" : 91.74
  }, {
    "date" : "2010-06-30",
    "sales" : 226.98,
    "salesGrowthYoY" : -30.40,
    "grossProfitMargin" : 87.78,
    "grossProfit" : 199.24,
    "operatingProfitMargin" : 15.98,
    "operatingProfit" : 36.27,
    "netProfitMargin" : 11.54,
    "netProfit" : 26.19
  }, {
    "date" : "2010-09-30",
    "sales" : 325.95,
    "salesGrowthYoY" : 30.66,
    "grossProfitMargin" : 89.99,
    "grossProfit" : 293.32,
    "operatingProfitMargin" : 23.24,
    "operatingProfit" : 75.75,
    "netProfitMargin" : 17.24,
    "netProfit" : 56.19
  }, {
    "date" : "2010-12-31",
    "sales" : 307.79,
    "salesGrowthYoY" : -4.86,
    "grossProfitMargin" : 91.03,
    "grossProfit" : 280.18,
    "operatingProfitMargin" : 37.39,
    "operatingProfit" : 115.08,
    "netProfitMargin" : 26.23,
    "netProfit" : 80.73
  }, {
    "date" : "2011-03-31",
    "sales" : 299.07,
    "salesGrowthYoY" : -27.89,
    "grossProfitMargin" : 96.79,
    "grossProfit" : 289.47,
    "operatingProfitMargin" : 30.58,
    "operatingProfit" : 91.46,
    "netProfitMargin" : 20.39,
    "netProfit" : 60.98
  }, {
    "date" : "2011-06-30",
    "sales" : 269.71,
    "salesGrowthYoY" : 18.83,
    "grossProfitMargin" : 99.22,
    "grossProfit" : 267.61,
    "operatingProfitMargin" : 25.02,
    "operatingProfit" : 67.48,
    "netProfitMargin" : 22.40,
    "netProfit" : 60.42
  }, {
    "date" : "2011-09-30",
    "sales" : 269.98,
    "salesGrowthYoY" : -17.17,
    "grossProfitMargin" : 92.23,
    "grossProfit" : 249.00,
    "operatingProfitMargin" : 32.05,
    "operatingProfit" : 86.53,
    "netProfitMargin" : 17.21,
    "netProfit" : 46.46
  }, {
    "date" : "2011-12-31",
    "sales" : 346.52,
    "salesGrowthYoY" : 12.58,
    "grossProfitMargin" : 87.77,
    "grossProfit" : 304.14,
    "operatingProfitMargin" : 36.32,
    "operatingProfit" : 125.86,
    "netProfitMargin" : 22.84,
    "netProfit" : 79.15
  }, {
    "date" : "2012-03-31",
    "sales" : 585.70,
    "salesGrowthYoY" : 95.84,
    "grossProfitMargin" : 67.94,
    "grossProfit" : 397.92,
    "operatingProfitMargin" : 35.42,
    "operatingProfit" : 207.45,
    "netProfitMargin" : 23.46,
    "netProfit" : 137.41
  }, {
    "date" : "2012-06-30",
    "sales" : 313.76,
    "salesGrowthYoY" : 16.33,
    "grossProfitMargin" : 81.70,
    "grossProfit" : 256.34,
    "operatingProfitMargin" : 23.52,
    "operatingProfit" : 73.80,
    "netProfitMargin" : 15.58,
    "netProfit" : 48.88
  }, {
    "date" : "2012-09-30",
    "sales" : 283.40,
    "salesGrowthYoY" : 4.97,
    "grossProfitMargin" : 90.19,
    "grossProfit" : 255.60,
    "operatingProfitMargin" : 23.86,
    "operatingProfit" : 67.62,
    "netProfitMargin" : 15.42,
    "netProfit" : 43.70
  }, {
    "date" : "2012-12-31",
    "sales" : 310.92,
    "salesGrowthYoY" : -10.27,
    "grossProfitMargin" : 90.66,
    "grossProfit" : 281.88,
    "operatingProfitMargin" : 26.81,
    "operatingProfit" : 83.36,
    "netProfitMargin" : 24.39,
    "netProfit" : 75.83
  }, {
    "date" : "2013-03-31",
    "sales" : 415.06,
    "salesGrowthYoY" : -29.13,
    "grossProfitMargin" : 64.49,
    "grossProfit" : 267.67,
    "operatingProfitMargin" : 20.33,
    "operatingProfit" : 84.38,
    "netProfitMargin" : 44.98,
    "netProfit" : 186.69
  }, {
    "date" : "2013-06-30",
    "sales" : 225.71,
    "salesGrowthYoY" : -28.06,
    "grossProfitMargin" : 98.76,
    "grossProfit" : 222.91,
    "operatingProfitMargin" : 18.78,
    "operatingProfit" : 42.39,
    "netProfitMargin" : 8.23,
    "netProfit" : 18.58
  }, {
    "date" : "2013-09-30",
    "sales" : 335.05,
    "salesGrowthYoY" : 18.23,
    "grossProfitMargin" : 91.31,
    "grossProfit" : 305.93,
    "operatingProfitMargin" : 31.66,
    "operatingProfit" : 106.08,
    "netProfitMargin" : 18.51,
    "netProfit" : 62.02
  }, {
    "date" : "2013-12-31",
    "sales" : 427.06,
    "salesGrowthYoY" : 37.35,
    "grossProfitMargin" : 79.48,
    "grossProfit" : 339.43,
    "operatingProfitMargin" : 28.75,
    "operatingProfit" : 122.78,
    "netProfitMargin" : 16.15,
    "netProfit" : 68.97
  }, {
    "date" : "2014-03-31",
    "sales" : 501.06,
    "salesGrowthYoY" : 20.72,
    "grossProfitMargin" : 81.65,
    "grossProfit" : 409.12,
    "operatingProfitMargin" : 48.06,
    "operatingProfit" : 240.81,
    "netProfitMargin" : 27.32,
    "netProfit" : 136.89
  }, {
    "date" : "2014-06-30",
    "sales" : 296.90,
    "salesGrowthYoY" : 31.54,
    "grossProfitMargin" : 72.56,
    "grossProfit" : 215.43,
    "operatingProfitMargin" : 8.46,
    "operatingProfit" : 25.12,
    "netProfitMargin" : 4.45,
    "netProfit" : 13.21
  }, {
    "date" : "2014-09-30",
    "sales" : 220.80,
    "salesGrowthYoY" : -34.10,
    "grossProfitMargin" : 100.87,
    "grossProfit" : 222.72,
    "operatingProfitMargin" : 14.94,
    "operatingProfit" : 32.99,
    "netProfitMargin" : 7.79,
    "netProfit" : 17.20
  }, {
    "date" : "2014-12-31",
    "sales" : 241.31,
    "salesGrowthYoY" : -43.50,
    "grossProfitMargin" : 77.75,
    "grossProfit" : 187.62,
    "operatingProfitMargin" : 7.35,
    "operatingProfit" : 17.74,
    "netProfitMargin" : 4.39,
    "netProfit" : 10.59
  }, {
    "date" : "2015-03-31",
    "sales" : 256.53,
    "salesGrowthYoY" : -48.80,
    "grossProfitMargin" : 76.95,
    "grossProfit" : 197.40,
    "operatingProfitMargin" : 19.97,
    "operatingProfit" : 51.23,
    "netProfitMargin" : 10.37,
    "netProfit" : 26.60
  }, {
    "date" : "2015-06-30",
    "sales" : 236.38,
    "salesGrowthYoY" : -20.38,
    "grossProfitMargin" : 94.85,
    "grossProfit" : 224.21,
    "operatingProfitMargin" : 17.07,
    "operatingProfit" : 40.35,
    "netProfitMargin" : 8.46,
    "netProfit" : 20.00
  }, {
    "date" : "2015-09-30",
    "sales" : 203.08,
    "salesGrowthYoY" : -8.03,
    "grossProfitMargin" : 98.43,
    "grossProfit" : 199.89,
    "operatingProfitMargin" : 9.06,
    "operatingProfit" : 18.40,
    "netProfitMargin" : 3.75,
    "netProfit" : 7.62
  }, {
    "date" : "2015-12-31",
    "sales" : 203.76,
    "salesGrowthYoY" : -15.56,
    "grossProfitMargin" : 106.25,
    "grossProfit" : 216.50,
    "operatingProfitMargin" : 13.19,
    "operatingProfit" : 26.88,
    "netProfitMargin" : 4.09,
    "netProfit" : 8.33
  }, {
    "date" : "2016-03-31",
    "sales" : 325.54,
    "salesGrowthYoY" : 26.90,
    "grossProfitMargin" : 61.51,
    "grossProfit" : 200.24,
    "operatingProfitMargin" : 7.48,
    "operatingProfit" : 24.35,
    "netProfitMargin" : 0.18,
    "netProfit" : 0.59
  }, {
    "date" : "2016-06-30",
    "sales" : 206.23,
    "salesGrowthYoY" : -12.75,
    "grossProfitMargin" : 81.53,
    "grossProfit" : 168.14,
    "operatingProfitMargin" : 3.81,
    "operatingProfit" : 7.86,
    "netProfitMargin" : -1.40,
    "netProfit" : -2.89
  }, {
    "date" : "2016-09-30",
    "sales" : 162.66,
    "salesGrowthYoY" : -19.90,
    "grossProfitMargin" : 109.24,
    "grossProfit" : 177.69,
    "operatingProfitMargin" : 5.29,
    "operatingProfit" : 8.60,
    "netProfitMargin" : 4.16,
    "netProfit" : 6.77
  }, {
    "date" : "2016-12-31",
    "sales" : 237.98,
    "salesGrowthYoY" : 16.79,
    "grossProfitMargin" : 110.12,
    "grossProfit" : 262.06,
    "operatingProfitMargin" : 26.81,
    "operatingProfit" : 63.80,
    "netProfitMargin" : 7.09,
    "netProfit" : 16.87
  }, {
    "date" : "2017-03-31",
    "sales" : 563.34,
    "salesGrowthYoY" : 73.05,
    "grossProfitMargin" : 59.82,
    "grossProfit" : 336.99,
    "operatingProfitMargin" : 18.42,
    "operatingProfit" : 103.77,
    "netProfitMargin" : 7.23,
    "netProfit" : 40.73
  }, {
    "date" : "2017-06-30",
    "sales" : 385.99,
    "salesGrowthYoY" : 87.16,
    "grossProfitMargin" : 59.82,
    "grossProfit" : 230.90,
    "operatingProfitMargin" : 12.52,
    "operatingProfit" : 48.33,
    "netProfitMargin" : 2.65,
    "netProfit" : 10.23
  }, {
    "date" : "2017-09-30",
    "sales" : 475.43,
    "salesGrowthYoY" : 192.28,
    "grossProfitMargin" : 56.58,
    "grossProfit" : 269.00,
    "operatingProfitMargin" : 17.02,
    "operatingProfit" : 80.92,
    "netProfitMargin" : 6.01,
    "netProfit" : 28.57
  }, {
    "date" : "2017-12-31",
    "sales" : 430.70,
    "salesGrowthYoY" : 80.98,
    "grossProfitMargin" : 59.32,
    "grossProfit" : 255.49,
    "operatingProfitMargin" : 14.18,
    "operatingProfit" : 61.07,
    "netProfitMargin" : 4.39,
    "netProfit" : 18.91
  }, {
    "date" : "2018-03-31",
    "sales" : 381.52,
    "salesGrowthYoY" : -32.28,
    "grossProfitMargin" : 79.39,
    "grossProfit" : 302.89,
    "operatingProfitMargin" : 20.85,
    "operatingProfit" : 79.55,
    "netProfitMargin" : 5.75,
    "netProfit" : 21.94
  }, {
    "date" : "2018-06-30",
    "sales" : 417.89,
    "salesGrowthYoY" : 8.26,
    "grossProfitMargin" : 76.66,
    "grossProfit" : 320.35,
    "operatingProfitMargin" : 25.19,
    "operatingProfit" : 105.27,
    "netProfitMargin" : 8.44,
    "netProfit" : 35.27
  }, {
    "date" : "2018-09-30",
    "sales" : 469.37,
    "salesGrowthYoY" : -1.27,
    "grossProfitMargin" : 80.22,
    "grossProfit" : 376.53,
    "operatingProfitMargin" : 28.26,
    "operatingProfit" : 132.64,
    "netProfitMargin" : 7.51,
    "netProfit" : 35.25
  }, {
    "date" : "2018-12-31",
    "sales" : 474.22,
    "salesGrowthYoY" : 10.10,
    "grossProfitMargin" : 76.67,
    "grossProfit" : 363.58,
    "operatingProfitMargin" : 25.21,
    "operatingProfit" : 119.55,
    "netProfitMargin" : 7.29,
    "netProfit" : 34.57
  }, {
    "date" : "2019-03-31",
    "sales" : 454.77,
    "salesGrowthYoY" : 19.20,
    "grossProfitMargin" : 71.60,
    "grossProfit" : 325.62,
    "operatingProfitMargin" : 31.75,
    "operatingProfit" : 144.39,
    "netProfitMargin" : 8.90,
    "netProfit" : 40.47
  }, {
    "date" : "2019-06-30",
    "sales" : 304.07,
    "salesGrowthYoY" : -27.24,
    "grossProfitMargin" : 93.48,
    "grossProfit" : 284.24,
    "operatingProfitMargin" : 30.66,
    "operatingProfit" : 93.23,
    "netProfitMargin" : 6.97,
    "netProfit" : 21.19
  }, {
    "date" : "2019-09-30",
    "sales" : 287.65,
    "salesGrowthYoY" : -38.72,
    "grossProfitMargin" : 108.57,
    "grossProfit" : 312.30,
    "operatingProfitMargin" : 39.99,
    "operatingProfit" : 115.03,
    "netProfitMargin" : 6.77,
    "netProfit" : 19.47
  }, {
    "date" : "2019-12-31",
    "sales" : 93.29,
    "salesGrowthYoY" : -80.33,
    "grossProfitMargin" : 172.85,
    "grossProfit" : 161.25,
    "operatingProfitMargin" : -44.09,
    "operatingProfit" : -41.13,
    "netProfitMargin" : -102.48,
    "netProfit" : -95.60
  }, {
    "date" : "2020-03-31",
    "sales" : 146.84,
    "salesGrowthYoY" : -67.71,
    "grossProfitMargin" : -39.94,
    "grossProfit" : -58.65,
    "operatingProfitMargin" : -280.98,
    "operatingProfit" : -412.59,
    "netProfitMargin" : -350.33,
    "netProfit" : -514.42
  }, {
    "date" : "2020-06-30",
    "sales" : 431.43,
    "salesGrowthYoY" : 41.89,
    "grossProfitMargin" : 51.94,
    "grossProfit" : 224.08,
    "operatingProfitMargin" : 19.95,
    "operatingProfit" : 86.07,
    "netProfitMargin" : 6.81,
    "netProfit" : 29.38
  }, {
    "date" : "2020-09-30",
    "sales" : 294.67,
    "salesGrowthYoY" : 2.44,
    "grossProfitMargin" : 81.11,
    "grossProfit" : 239.01,
    "operatingProfitMargin" : 25.33,
    "operatingProfit" : 74.64,
    "netProfitMargin" : 3.12,
    "netProfit" : 9.19
  }, {
    "date" : "2020-12-31",
    "sales" : 538.42,
    "salesGrowthYoY" : 477.15,
    "grossProfitMargin" : 72.14,
    "grossProfit" : 388.42,
    "operatingProfitMargin" : 40.36,
    "operatingProfit" : 217.31,
    "netProfitMargin" : 20.10,
    "netProfit" : 108.22
  }, {
    "date" : "2021-03-31",
    "sales" : 522.24,
    "salesGrowthYoY" : 255.65,
    "grossProfitMargin" : 91.10,
    "grossProfit" : 475.76,
    "operatingProfitMargin" : 5.87,
    "operatingProfit" : 30.66,
    "netProfitMargin" : -7.05,
    "netProfit" : -36.82
  }, {
    "date" : "2021-06-30",
    "sales" : 267.60,
    "salesGrowthYoY" : -37.97,
    "grossProfitMargin" : 134.26,
    "grossProfit" : 359.28,
    "operatingProfitMargin" : 44.89,
    "operatingProfit" : 120.13,
    "netProfitMargin" : 17.04,
    "netProfit" : 45.60
  }, {
    "date" : "2021-09-30",
    "sales" : 464.46,
    "salesGrowthYoY" : 57.62,
    "grossProfitMargin" : 81.12,
    "grossProfit" : 376.77,
    "operatingProfitMargin" : 22.94,
    "operatingProfit" : 106.55,
    "netProfitMargin" : 14.55,
    "netProfit" : 67.58
  }, {
    "date" : "2021-12-31",
    "sales" : 544.41,
    "salesGrowthYoY" : 1.11,
    "grossProfitMargin" : 63.21,
    "grossProfit" : 344.12,
    "operatingProfitMargin" : 24.16,
    "operatingProfit" : 131.53,
    "netProfitMargin" : 31.55,
    "netProfit" : 171.76
  }, {
    "date" : "2022-03-31",
    "sales" : 545.46,
    "salesGrowthYoY" : 4.45,
    "grossProfitMargin" : 77.48,
    "grossProfit" : 422.62,
    "operatingProfitMargin" : 27.93,
    "operatingProfit" : 152.35,
    "netProfitMargin" : 16.32,
    "netProfit" : 89.02
  }, {
    "date" : "2022-06-30",
    "sales" : 348.39,
    "salesGrowthYoY" : 30.19,
    "grossProfitMargin" : 98.03,
    "grossProfit" : 341.53,
    "operatingProfitMargin" : 36.35,
    "operatingProfit" : 126.64,
    "netProfitMargin" : 16.39,
    "netProfit" : 57.10
  }, {
    "date" : "2022-09-30",
    "sales" : 212.14,
    "salesGrowthYoY" : -54.33,
    "grossProfitMargin" : 141.11,
    "grossProfit" : 299.35,
    "operatingProfitMargin" : 30.19,
    "operatingProfit" : 64.05,
    "netProfitMargin" : 12.20,
    "netProfit" : 25.88
  }, {
    "date" : "2022-12-31",
    "sales" : 557.04,
    "salesGrowthYoY" : 2.32,
    "grossProfitMargin" : 69.57,
    "grossProfit" : 387.53,
    "operatingProfitMargin" : 20.46,
    "operatingProfit" : 113.97,
    "netProfitMargin" : 14.40,
    "netProfit" : 80.21
  }, {
    "date" : "2023-03-31",
    "sales" : 559.76,
    "salesGrowthYoY" : 2.62,
    "grossProfitMargin" : 92.91,
    "grossProfit" : 520.07,
    "operatingProfitMargin" : 33.23,
    "operatingProfit" : 186.01,
    "netProfitMargin" : 23.61,
    "netProfit" : 132.16
  }, {
    "date" : "2023-06-30",
    "sales" : 370.94,
    "salesGrowthYoY" : 6.47,
    "grossProfitMargin" : 95.34,
    "grossProfit" : 353.65,
    "operatingProfitMargin" : 25.10,
    "operatingProfit" : 93.11,
    "netProfitMargin" : 12.75,
    "netProfit" : 47.29
  }, {
    "date" : "2023-09-30",
    "sales" : 381.40,
    "salesGrowthYoY" : 79.79,
    "grossProfitMargin" : 101.05,
    "grossProfit" : 385.40,
    "operatingProfitMargin" : 31.77,
    "operatingProfit" : 121.17,
    "netProfitMargin" : 15.94,
    "netProfit" : 60.80
  }, {
    "date" : "2023-12-31",
    "sales" : 399.29,
    "salesGrowthYoY" : -28.32,
    "grossProfitMargin" : 93.30,
    "grossProfit" : 372.54,
    "operatingProfitMargin" : 26.70,
    "operatingProfit" : 106.61,
    "netProfitMargin" : 15.78,
    "netProfit" : 63.01
  }, {
    "date" : "2024-03-31",
    "sales" : 565.37,
    "salesGrowthYoY" : 1.00,
    "grossProfitMargin" : 94.81,
    "grossProfit" : 536.03,
    "operatingProfitMargin" : 39.92,
    "operatingProfit" : 225.70,
    "netProfitMargin" : 21.99,
    "netProfit" : 124.32
  }, {
    "date" : "2024-06-30",
    "sales" : 493.60,
    "salesGrowthYoY" : 33.07,
    "grossProfitMargin" : 97.78,
    "grossProfit" : 482.64,
    "operatingProfitMargin" : 38.18,
    "operatingProfit" : 188.46,
    "netProfitMargin" : 22.98,
    "netProfit" : 113.43
  }, {
    "date" : "2024-09-30",
    "sales" : 518.19,
    "salesGrowthYoY" : 35.87,
    "grossProfitMargin" : 86.69,
    "grossProfit" : 449.22,
    "operatingProfitMargin" : 29.30,
    "operatingProfit" : 151.83,
    "netProfitMargin" : 19.62,
    "netProfit" : 101.67
  }, {
    "date" : "2024-12-31",
    "sales" : 327.77,
    "salesGrowthYoY" : -17.91,
    "grossProfitMargin" : 119.25,
    "grossProfit" : 390.87,
    "operatingProfitMargin" : 32.82,
    "operatingProfit" : 107.57,
    "netProfitMargin" : 19.19,
    "netProfit" : 62.90
  }, {
    "date" : "2025-03-31",
    "sales" : 731.40,
    "salesGrowthYoY" : 29.37,
    "grossProfitMargin" : 79.89,
    "grossProfit" : 584.32,
    "operatingProfitMargin" : 36.46,
    "operatingProfit" : 266.67,
    "netProfitMargin" : 26.05,
    "netProfit" : 190.53
  }, {
    "date" : "2025-06-30",
    "sales" : 516.37,
    "salesGrowthYoY" : 4.61,
    "grossProfitMargin" : 96.86,
    "grossProfit" : 500.16,
    "operatingProfitMargin" : 41.06,
    "operatingProfit" : 212.02,
    "netProfitMargin" : 26.00,
    "netProfit" : 134.26
  }, {
    "date" : "2025-09-30",
    "sales" : 718.04,
    "salesGrowthYoY" : 38.57,
    "grossProfitMargin" : 91.04,
    "grossProfit" : 653.70,
    "operatingProfitMargin" : 39.29,
    "operatingProfit" : 282.12,
    "netProfitMargin" : 25.91,
    "netProfit" : 186.04
  } ],
  "latestQuarterlyResult" : {
    "date" : "2025-09-30",
    "sales" : 718.04,
    "salesGrowthYoY" : 38.57,
    "grossProfitMargin" : 91.04,
    "grossProfit" : 653.70,
    "operatingProfitMargin" : 39.29,
    "operatingProfit" : 282.12,
    "netProfitMargin" : 25.91,
    "netProfit" : 186.04
  },
  "companyScore" : {
    "priceHigherThanDma50" : 5.00,
    "priceHigherThanDma100" : 5.00,
    "priceHigherThanDma200" : 5.00,
    "dma50HigherThanDma100" : 5.00,
    "dma50HigherThanDma200" : 5.00,
    "dma100HigherThanDma200" : 5.00,
    "pricePercentageAboveDma50" : 4.73,
    "pricePercentageAboveDma100" : 4.19,
    "pricePercentageAboveDma200" : 4.02,
    "weeklyVolumeHigherThanYearlyVolume" : 5.00,
    "salesGrowthPercentile" : 16.20,
    "operatingProfitMarginPercentile" : 19.47,
    "netProfitMarginPercentile" : 9.52,
    "totalTechnicalScore" : 47.93,
    "totalFundamentalScore" : 45.19,
    "totalScore" : 93.12
  }
}