{
  "metadata" : {
    "screenerCompanyId" : "1346",
    "companyCode" : "HINDOILEXP",
    "companyName" : "Hind.Oil Explor.",
    "screenerCompanyLink" : "https://www.screener.in/company/HINDOILEXP/consolidated/",
    "screenerTechnicalHistoryLink" : "https://www.screener.in/api/company/1346/chart/?q=Price-DMA50-DMA200-Volume&days=365",
    "screenerQuarterlyResultsLink" : "https://www.screener.in/api/company/1346/chart/?q=GPM-OPM-NPM-Quarter+Sales&days=10000",
    "attributes" : {
      "companyCode" : "HINDOILEXP",
      "companyName" : "Hind.Oil Explor.",
      "marketCap" : 2018.00,
      "peRatio" : 18.50,
      "description" : "Hindustan Oil Exploration Company Limited was incorporated in 1983, It is engaged in the exploration, development and production of crude oil and natural gas in India, both onshore and offshore. The company is India's first private E&P company and its assets are geographically spread across Tamil Nadu, Maharashtra, Gujarat, Assam and Arunachal Pradesh (both offshore and onshore). [1][2][3]"
    },
    "companyScore" : {
      "priceHigherThanDma50" : 0.00,
      "priceHigherThanDma100" : 0.00,
      "priceHigherThanDma200" : 0.00,
      "dma50HigherThanDma100" : 0.00,
      "dma50HigherThanDma200" : 0.00,
      "dma100HigherThanDma200" : 0.00,
      "pricePercentageAboveDma50" : 5.06,
      "pricePercentageAboveDma100" : 5.28,
      "pricePercentageAboveDma200" : 5.49,
      "weeklyVolumeHigherThanYearlyVolume" : 0.00,
      "salesGrowthPercentile" : 19.49,
      "operatingProfitMarginPercentile" : 14.93,
      "netProfitMarginPercentile" : 8.27,
      "totalTechnicalScore" : 15.83,
      "totalFundamentalScore" : 42.69,
      "totalScore" : 58.52
    }
  },
  "attributes" : {
    "companyCode" : "HINDOILEXP",
    "companyName" : "Hind.Oil Explor.",
    "marketCap" : 2018.00,
    "peRatio" : 18.50,
    "description" : "Hindustan Oil Exploration Company Limited was incorporated in 1983, It is engaged in the exploration, development and production of crude oil and natural gas in India, both onshore and offshore. The company is India's first private E&P company and its assets are geographically spread across Tamil Nadu, Maharashtra, Gujarat, Assam and Arunachal Pradesh (both offshore and onshore). [1][2][3]"
  },
  "technicalHistory" : [ {
    "date" : "2024-12-13",
    "price" : 195.12,
    "dma50" : 204.95,
    "dma100" : null,
    "dma200" : 209.72,
    "volume" : 744769.00
  }, {
    "date" : "2024-12-16",
    "price" : 193.51,
    "dma50" : 204.50,
    "dma100" : null,
    "dma200" : 209.56,
    "volume" : 419476.00
  }, {
    "date" : "2024-12-17",
    "price" : 194.66,
    "dma50" : 204.11,
    "dma100" : null,
    "dma200" : 209.41,
    "volume" : 878773.00
  }, {
    "date" : "2024-12-18",
    "price" : 194.07,
    "dma50" : 203.72,
    "dma100" : null,
    "dma200" : 209.26,
    "volume" : 695684.00
  }, {
    "date" : "2024-12-19",
    "price" : 196.72,
    "dma50" : 203.45,
    "dma100" : null,
    "dma200" : 209.14,
    "volume" : 864388.00
  }, {
    "date" : "2024-12-20",
    "price" : 192.66,
    "dma50" : 203.02,
    "dma100" : null,
    "dma200" : 208.97,
    "volume" : 644754.00
  }, {
    "date" : "2024-12-23",
    "price" : 192.18,
    "dma50" : 202.60,
    "dma100" : null,
    "dma200" : 208.81,
    "volume" : 466729.00
  }, {
    "date" : "2024-12-24",
    "price" : 191.87,
    "dma50" : 202.18,
    "dma100" : null,
    "dma200" : 208.64,
    "volume" : 315884.00
  }, {
    "date" : "2024-12-26",
    "price" : 186.25,
    "dma50" : 201.55,
    "dma100" : null,
    "dma200" : 208.41,
    "volume" : 570791.00
  }, {
    "date" : "2024-12-27",
    "price" : 183.50,
    "dma50" : 200.84,
    "dma100" : null,
    "dma200" : 208.17,
    "volume" : 436840.00
  }, {
    "date" : "2024-12-30",
    "price" : 180.72,
    "dma50" : 200.06,
    "dma100" : null,
    "dma200" : 207.89,
    "volume" : 545671.00
  }, {
    "date" : "2024-12-31",
    "price" : 183.16,
    "dma50" : 199.39,
    "dma100" : null,
    "dma200" : 207.65,
    "volume" : 272116.00
  }, {
    "date" : "2025-01-01",
    "price" : 184.81,
    "dma50" : 198.82,
    "dma100" : null,
    "dma200" : 207.42,
    "volume" : 249072.00
  }, {
    "date" : "2025-01-02",
    "price" : 193.61,
    "dma50" : 198.62,
    "dma100" : null,
    "dma200" : 207.28,
    "volume" : 997159.00
  }, {
    "date" : "2025-01-03",
    "price" : 198.66,
    "dma50" : 198.62,
    "dma100" : null,
    "dma200" : 207.20,
    "volume" : 1303863.00
  }, {
    "date" : "2025-01-06",
    "price" : 187.66,
    "dma50" : 198.19,
    "dma100" : null,
    "dma200" : 207.00,
    "volume" : 747594.00
  }, {
    "date" : "2025-01-07",
    "price" : 192.14,
    "dma50" : 197.95,
    "dma100" : null,
    "dma200" : 206.86,
    "volume" : 350795.00
  }, {
    "date" : "2025-01-08",
    "price" : 188.89,
    "dma50" : 197.60,
    "dma100" : null,
    "dma200" : 206.68,
    "volume" : 1027980.00
  }, {
    "date" : "2025-01-09",
    "price" : 186.15,
    "dma50" : 197.15,
    "dma100" : null,
    "dma200" : 206.47,
    "volume" : 425346.00
  }, {
    "date" : "2025-01-10",
    "price" : 189.74,
    "dma50" : 196.86,
    "dma100" : null,
    "dma200" : 206.31,
    "volume" : 674878.00
  }, {
    "date" : "2025-01-13",
    "price" : 180.98,
    "dma50" : 196.23,
    "dma100" : null,
    "dma200" : 206.05,
    "volume" : 1045830.00
  }, {
    "date" : "2025-01-14",
    "price" : 181.31,
    "dma50" : 195.65,
    "dma100" : null,
    "dma200" : 205.81,
    "volume" : 376097.00
  }, {
    "date" : "2025-01-15",
    "price" : 183.53,
    "dma50" : 195.17,
    "dma100" : null,
    "dma200" : 205.59,
    "volume" : 348029.00
  }, {
    "date" : "2025-01-16",
    "price" : 186.83,
    "dma50" : 194.85,
    "dma100" : null,
    "dma200" : 205.40,
    "volume" : 380408.00
  }, {
    "date" : "2025-01-17",
    "price" : 186.63,
    "dma50" : 194.52,
    "dma100" : null,
    "dma200" : 205.21,
    "volume" : 397496.00
  }, {
    "date" : "2025-01-20",
    "price" : 203.15,
    "dma50" : 194.86,
    "dma100" : null,
    "dma200" : 205.19,
    "volume" : 1686196.00
  }, {
    "date" : "2025-01-21",
    "price" : 202.08,
    "dma50" : 195.15,
    "dma100" : null,
    "dma200" : 205.16,
    "volume" : 1554823.00
  }, {
    "date" : "2025-01-22",
    "price" : 194.79,
    "dma50" : 195.13,
    "dma100" : null,
    "dma200" : 205.06,
    "volume" : 819205.00
  }, {
    "date" : "2025-01-23",
    "price" : 196.60,
    "dma50" : 195.19,
    "dma100" : null,
    "dma200" : 204.97,
    "volume" : 334724.00
  }, {
    "date" : "2025-01-24",
    "price" : 194.32,
    "dma50" : 195.16,
    "dma100" : null,
    "dma200" : 204.87,
    "volume" : 382200.00
  }, {
    "date" : "2025-01-27",
    "price" : 182.42,
    "dma50" : 194.66,
    "dma100" : null,
    "dma200" : 204.64,
    "volume" : 649669.00
  }, {
    "date" : "2025-01-28",
    "price" : 188.35,
    "dma50" : 194.41,
    "dma100" : null,
    "dma200" : 204.48,
    "volume" : 973011.00
  }, {
    "date" : "2025-01-29",
    "price" : 197.74,
    "dma50" : 194.54,
    "dma100" : null,
    "dma200" : 204.41,
    "volume" : 645669.00
  }, {
    "date" : "2025-01-30",
    "price" : 196.25,
    "dma50" : 194.61,
    "dma100" : null,
    "dma200" : 204.33,
    "volume" : 679984.00
  }, {
    "date" : "2025-01-31",
    "price" : 198.17,
    "dma50" : 194.75,
    "dma100" : null,
    "dma200" : 204.27,
    "volume" : 527176.00
  }, {
    "date" : "2025-02-01",
    "price" : 196.23,
    "dma50" : 194.80,
    "dma100" : null,
    "dma200" : 204.19,
    "volume" : 320147.00
  }, {
    "date" : "2025-02-03",
    "price" : 191.62,
    "dma50" : 194.68,
    "dma100" : null,
    "dma200" : 204.07,
    "volume" : 415980.00
  }, {
    "date" : "2025-02-04",
    "price" : 195.16,
    "dma50" : 194.70,
    "dma100" : null,
    "dma200" : 203.98,
    "volume" : 499761.00
  }, {
    "date" : "2025-02-05",
    "price" : 200.97,
    "dma50" : 194.94,
    "dma100" : null,
    "dma200" : 203.95,
    "volume" : 2173271.00
  }, {
    "date" : "2025-02-06",
    "price" : 214.58,
    "dma50" : 195.71,
    "dma100" : null,
    "dma200" : 204.05,
    "volume" : 2581250.00
  }, {
    "date" : "2025-02-07",
    "price" : 214.11,
    "dma50" : 196.44,
    "dma100" : null,
    "dma200" : 204.15,
    "volume" : 1010486.00
  }, {
    "date" : "2025-02-10",
    "price" : 207.47,
    "dma50" : 196.87,
    "dma100" : null,
    "dma200" : 204.19,
    "volume" : 497675.00
  }, {
    "date" : "2025-02-11",
    "price" : 203.85,
    "dma50" : 197.14,
    "dma100" : null,
    "dma200" : 204.18,
    "volume" : 1147762.00
  }, {
    "date" : "2025-02-12",
    "price" : 203.30,
    "dma50" : 197.38,
    "dma100" : null,
    "dma200" : 204.18,
    "volume" : 1175649.00
  }, {
    "date" : "2025-02-13",
    "price" : 201.36,
    "dma50" : 197.54,
    "dma100" : null,
    "dma200" : 204.15,
    "volume" : 1164019.00
  }, {
    "date" : "2025-02-14",
    "price" : 193.97,
    "dma50" : 197.40,
    "dma100" : null,
    "dma200" : 204.05,
    "volume" : 901536.00
  }, {
    "date" : "2025-02-17",
    "price" : 202.34,
    "dma50" : 197.59,
    "dma100" : null,
    "dma200" : 204.03,
    "volume" : 937346.00
  }, {
    "date" : "2025-02-18",
    "price" : 198.78,
    "dma50" : 197.64,
    "dma100" : null,
    "dma200" : 203.98,
    "volume" : 801008.00
  }, {
    "date" : "2025-02-19",
    "price" : 201.92,
    "dma50" : 197.81,
    "dma100" : null,
    "dma200" : 203.96,
    "volume" : 767391.00
  }, {
    "date" : "2025-02-20",
    "price" : 205.77,
    "dma50" : 198.12,
    "dma100" : null,
    "dma200" : 203.97,
    "volume" : 464256.00
  }, {
    "date" : "2025-02-21",
    "price" : 202.08,
    "dma50" : 198.28,
    "dma100" : null,
    "dma200" : 203.96,
    "volume" : 926552.00
  }, {
    "date" : "2025-02-24",
    "price" : 191.81,
    "dma50" : 198.02,
    "dma100" : null,
    "dma200" : 203.83,
    "volume" : 913197.00
  }, {
    "date" : "2025-02-25",
    "price" : 192.73,
    "dma50" : 197.81,
    "dma100" : null,
    "dma200" : 203.72,
    "volume" : 466018.00
  }, {
    "date" : "2025-02-27",
    "price" : 184.80,
    "dma50" : 197.30,
    "dma100" : null,
    "dma200" : 203.54,
    "volume" : 757704.00
  }, {
    "date" : "2025-02-28",
    "price" : 180.31,
    "dma50" : 196.64,
    "dma100" : null,
    "dma200" : 203.30,
    "volume" : 760919.00
  }, {
    "date" : "2025-03-03",
    "price" : 182.60,
    "dma50" : 196.09,
    "dma100" : null,
    "dma200" : 203.10,
    "volume" : 1142121.00
  }, {
    "date" : "2025-03-04",
    "price" : 182.79,
    "dma50" : 195.57,
    "dma100" : null,
    "dma200" : 202.90,
    "volume" : 752801.00
  }, {
    "date" : "2025-03-05",
    "price" : 181.85,
    "dma50" : 195.03,
    "dma100" : null,
    "dma200" : 202.69,
    "volume" : 791002.00
  }, {
    "date" : "2025-03-06",
    "price" : 178.43,
    "dma50" : 194.38,
    "dma100" : null,
    "dma200" : 202.45,
    "volume" : 887888.00
  }, {
    "date" : "2025-03-07",
    "price" : 178.44,
    "dma50" : 193.75,
    "dma100" : null,
    "dma200" : 202.21,
    "volume" : 851024.00
  }, {
    "date" : "2025-03-10",
    "price" : 170.89,
    "dma50" : 192.86,
    "dma100" : null,
    "dma200" : 201.90,
    "volume" : 749141.00
  }, {
    "date" : "2025-03-11",
    "price" : 169.93,
    "dma50" : 191.96,
    "dma100" : null,
    "dma200" : 201.58,
    "volume" : 967455.00
  }, {
    "date" : "2025-03-12",
    "price" : 166.86,
    "dma50" : 190.97,
    "dma100" : null,
    "dma200" : 201.23,
    "volume" : 1003629.00
  }, {
    "date" : "2025-03-13",
    "price" : 170.33,
    "dma50" : 190.16,
    "dma100" : null,
    "dma200" : 200.92,
    "volume" : 1297746.00
  }, {
    "date" : "2025-03-17",
    "price" : 165.63,
    "dma50" : 189.20,
    "dma100" : null,
    "dma200" : 200.57,
    "volume" : 800711.00
  }, {
    "date" : "2025-03-18",
    "price" : 169.72,
    "dma50" : 188.44,
    "dma100" : null,
    "dma200" : 200.27,
    "volume" : 924841.00
  }, {
    "date" : "2025-03-19",
    "price" : 172.14,
    "dma50" : 187.80,
    "dma100" : null,
    "dma200" : 199.99,
    "volume" : 882148.00
  }, {
    "date" : "2025-03-20",
    "price" : 173.38,
    "dma50" : 187.23,
    "dma100" : null,
    "dma200" : 199.72,
    "volume" : 903495.00
  }, {
    "date" : "2025-03-21",
    "price" : 177.00,
    "dma50" : 186.83,
    "dma100" : null,
    "dma200" : 199.50,
    "volume" : 1083147.00
  }, {
    "date" : "2025-03-24",
    "price" : 181.33,
    "dma50" : 186.62,
    "dma100" : null,
    "dma200" : 199.31,
    "volume" : 1631042.00
  }, {
    "date" : "2025-03-25",
    "price" : 175.14,
    "dma50" : 186.17,
    "dma100" : null,
    "dma200" : 199.07,
    "volume" : 1284535.00
  }, {
    "date" : "2025-03-26",
    "price" : 170.31,
    "dma50" : 185.54,
    "dma100" : null,
    "dma200" : 198.79,
    "volume" : 1251300.00
  }, {
    "date" : "2025-03-27",
    "price" : 174.51,
    "dma50" : 185.11,
    "dma100" : null,
    "dma200" : 198.55,
    "volume" : 2184722.00
  }, {
    "date" : "2025-03-28",
    "price" : 171.06,
    "dma50" : 184.56,
    "dma100" : null,
    "dma200" : 198.27,
    "volume" : 686751.00
  }, {
    "date" : "2025-04-01",
    "price" : 175.52,
    "dma50" : 184.21,
    "dma100" : null,
    "dma200" : 198.05,
    "volume" : 524015.00
  }, {
    "date" : "2025-04-02",
    "price" : 172.58,
    "dma50" : 183.75,
    "dma100" : null,
    "dma200" : 197.79,
    "volume" : 459844.00
  }, {
    "date" : "2025-04-03",
    "price" : 173.86,
    "dma50" : 183.36,
    "dma100" : null,
    "dma200" : 197.56,
    "volume" : 639264.00
  }, {
    "date" : "2025-04-04",
    "price" : 166.67,
    "dma50" : 182.71,
    "dma100" : null,
    "dma200" : 197.25,
    "volume" : 1127694.00
  }, {
    "date" : "2025-04-07",
    "price" : 162.38,
    "dma50" : 181.91,
    "dma100" : null,
    "dma200" : 196.90,
    "volume" : 2395877.00
  }, {
    "date" : "2025-04-08",
    "price" : 161.82,
    "dma50" : 181.12,
    "dma100" : null,
    "dma200" : 196.55,
    "volume" : 1301764.00
  }, {
    "date" : "2025-04-09",
    "price" : 160.68,
    "dma50" : 180.32,
    "dma100" : null,
    "dma200" : 196.19,
    "volume" : 671939.00
  }, {
    "date" : "2025-04-11",
    "price" : 163.37,
    "dma50" : 179.66,
    "dma100" : null,
    "dma200" : 195.87,
    "volume" : 441280.00
  }, {
    "date" : "2025-04-15",
    "price" : 170.84,
    "dma50" : 179.31,
    "dma100" : null,
    "dma200" : 195.62,
    "volume" : 571904.00
  }, {
    "date" : "2025-04-16",
    "price" : 175.71,
    "dma50" : 179.17,
    "dma100" : null,
    "dma200" : 195.42,
    "volume" : 914125.00
  }, {
    "date" : "2025-04-17",
    "price" : 177.56,
    "dma50" : 179.11,
    "dma100" : null,
    "dma200" : 195.24,
    "volume" : 482558.00
  }, {
    "date" : "2025-04-21",
    "price" : 188.16,
    "dma50" : 179.46,
    "dma100" : null,
    "dma200" : 195.17,
    "volume" : 1201538.00
  }, {
    "date" : "2025-04-22",
    "price" : 194.71,
    "dma50" : 180.06,
    "dma100" : null,
    "dma200" : 195.17,
    "volume" : 1274460.00
  }, {
    "date" : "2025-04-23",
    "price" : 191.45,
    "dma50" : 180.51,
    "dma100" : null,
    "dma200" : 195.13,
    "volume" : 565492.00
  }, {
    "date" : "2025-04-24",
    "price" : 191.64,
    "dma50" : 180.94,
    "dma100" : null,
    "dma200" : 195.10,
    "volume" : 452395.00
  }, {
    "date" : "2025-04-25",
    "price" : 187.60,
    "dma50" : 181.20,
    "dma100" : null,
    "dma200" : 195.02,
    "volume" : 663037.00
  }, {
    "date" : "2025-04-28",
    "price" : 190.92,
    "dma50" : 181.58,
    "dma100" : null,
    "dma200" : 194.98,
    "volume" : 623970.00
  }, {
    "date" : "2025-04-29",
    "price" : 189.05,
    "dma50" : 181.88,
    "dma100" : null,
    "dma200" : 194.92,
    "volume" : 607462.00
  }, {
    "date" : "2025-04-30",
    "price" : 183.20,
    "dma50" : 181.93,
    "dma100" : null,
    "dma200" : 194.81,
    "volume" : 928093.00
  }, {
    "date" : "2025-05-02",
    "price" : 181.14,
    "dma50" : 181.90,
    "dma100" : null,
    "dma200" : 194.67,
    "volume" : 495785.00
  }, {
    "date" : "2025-05-05",
    "price" : 180.93,
    "dma50" : 181.86,
    "dma100" : null,
    "dma200" : 194.53,
    "volume" : 220689.00
  }, {
    "date" : "2025-05-06",
    "price" : 175.37,
    "dma50" : 181.61,
    "dma100" : null,
    "dma200" : 194.34,
    "volume" : 276484.00
  }, {
    "date" : "2025-05-07",
    "price" : 176.74,
    "dma50" : 181.41,
    "dma100" : null,
    "dma200" : 194.17,
    "volume" : 356523.00
  }, {
    "date" : "2025-05-08",
    "price" : 173.65,
    "dma50" : 181.11,
    "dma100" : null,
    "dma200" : 193.96,
    "volume" : 648293.00
  }, {
    "date" : "2025-05-09",
    "price" : 172.76,
    "dma50" : 180.78,
    "dma100" : null,
    "dma200" : 193.75,
    "volume" : 299368.00
  }, {
    "date" : "2025-05-12",
    "price" : 182.01,
    "dma50" : 180.83,
    "dma100" : null,
    "dma200" : 193.64,
    "volume" : 775122.00
  }, {
    "date" : "2025-05-13",
    "price" : 184.37,
    "dma50" : 180.97,
    "dma100" : 185.84,
    "dma200" : 193.54,
    "volume" : 450738.00
  }, {
    "date" : "2025-05-14",
    "price" : 186.23,
    "dma50" : 181.18,
    "dma100" : 185.77,
    "dma200" : 193.47,
    "volume" : 354298.00
  }, {
    "date" : "2025-05-15",
    "price" : 189.38,
    "dma50" : 181.50,
    "dma100" : 185.72,
    "dma200" : 193.43,
    "volume" : 587161.00
  }, {
    "date" : "2025-05-16",
    "price" : 189.19,
    "dma50" : 181.80,
    "dma100" : 185.67,
    "dma200" : 193.39,
    "volume" : 268557.00
  }, {
    "date" : "2025-05-19",
    "price" : 191.40,
    "dma50" : 182.18,
    "dma100" : 185.62,
    "dma200" : 193.37,
    "volume" : 467500.00
  }, {
    "date" : "2025-05-20",
    "price" : 188.43,
    "dma50" : 182.42,
    "dma100" : 185.57,
    "dma200" : 193.32,
    "volume" : 399031.00
  }, {
    "date" : "2025-05-21",
    "price" : 188.75,
    "dma50" : 182.67,
    "dma100" : 185.54,
    "dma200" : 193.27,
    "volume" : 257641.00
  }, {
    "date" : "2025-05-22",
    "price" : 180.86,
    "dma50" : 182.60,
    "dma100" : 185.43,
    "dma200" : 193.15,
    "volume" : 692327.00
  }, {
    "date" : "2025-05-23",
    "price" : 181.09,
    "dma50" : 182.54,
    "dma100" : 185.38,
    "dma200" : 193.03,
    "volume" : 400590.00
  }, {
    "date" : "2025-05-26",
    "price" : 178.79,
    "dma50" : 182.39,
    "dma100" : 185.33,
    "dma200" : 192.89,
    "volume" : 476035.00
  }, {
    "date" : "2025-05-27",
    "price" : 182.39,
    "dma50" : 182.39,
    "dma100" : 185.35,
    "dma200" : 192.78,
    "volume" : 477096.00
  }, {
    "date" : "2025-05-28",
    "price" : 179.92,
    "dma50" : 182.30,
    "dma100" : 185.31,
    "dma200" : 192.66,
    "volume" : 763101.00
  }, {
    "date" : "2025-05-29",
    "price" : 171.61,
    "dma50" : 181.88,
    "dma100" : 185.18,
    "dma200" : 192.45,
    "volume" : 1943010.00
  }, {
    "date" : "2025-05-30",
    "price" : 173.50,
    "dma50" : 181.55,
    "dma100" : 184.98,
    "dma200" : 192.26,
    "volume" : 883458.00
  }, {
    "date" : "2025-06-02",
    "price" : 169.69,
    "dma50" : 181.08,
    "dma100" : 184.69,
    "dma200" : 192.03,
    "volume" : 759018.00
  }, {
    "date" : "2025-06-03",
    "price" : 169.65,
    "dma50" : 180.63,
    "dma100" : 184.51,
    "dma200" : 191.81,
    "volume" : 446721.00
  }, {
    "date" : "2025-06-04",
    "price" : 169.10,
    "dma50" : 180.18,
    "dma100" : 184.28,
    "dma200" : 191.58,
    "volume" : 543133.00
  }, {
    "date" : "2025-06-05",
    "price" : 171.04,
    "dma50" : 179.82,
    "dma100" : 184.10,
    "dma200" : 191.38,
    "volume" : 1108594.00
  }, {
    "date" : "2025-06-06",
    "price" : 170.09,
    "dma50" : 179.44,
    "dma100" : 183.94,
    "dma200" : 191.17,
    "volume" : 657329.00
  }, {
    "date" : "2025-06-09",
    "price" : 172.48,
    "dma50" : 179.17,
    "dma100" : 183.77,
    "dma200" : 190.98,
    "volume" : 1292364.00
  }, {
    "date" : "2025-06-10",
    "price" : 173.21,
    "dma50" : 178.94,
    "dma100" : 183.69,
    "dma200" : 190.80,
    "volume" : 910456.00
  }, {
    "date" : "2025-06-11",
    "price" : 174.92,
    "dma50" : 178.78,
    "dma100" : 183.63,
    "dma200" : 190.65,
    "volume" : 1478738.00
  }, {
    "date" : "2025-06-12",
    "price" : 174.35,
    "dma50" : 178.60,
    "dma100" : 183.54,
    "dma200" : 190.48,
    "volume" : 1924676.00
  }, {
    "date" : "2025-06-13",
    "price" : 175.75,
    "dma50" : 178.49,
    "dma100" : 183.43,
    "dma200" : 190.34,
    "volume" : 6360452.00
  }, {
    "date" : "2025-06-16",
    "price" : 175.85,
    "dma50" : 178.39,
    "dma100" : 183.32,
    "dma200" : 190.19,
    "volume" : 1399389.00
  }, {
    "date" : "2025-06-17",
    "price" : 170.49,
    "dma50" : 178.08,
    "dma100" : 182.99,
    "dma200" : 190.00,
    "volume" : 1319324.00
  }, {
    "date" : "2025-06-18",
    "price" : 173.72,
    "dma50" : 177.91,
    "dma100" : 182.71,
    "dma200" : 189.84,
    "volume" : 1190949.00
  }, {
    "date" : "2025-06-19",
    "price" : 167.61,
    "dma50" : 177.50,
    "dma100" : 182.44,
    "dma200" : 189.61,
    "volume" : 712650.00
  }, {
    "date" : "2025-06-20",
    "price" : 171.39,
    "dma50" : 177.26,
    "dma100" : 182.18,
    "dma200" : 189.43,
    "volume" : 862256.00
  }, {
    "date" : "2025-06-23",
    "price" : 171.39,
    "dma50" : 177.03,
    "dma100" : 181.95,
    "dma200" : 189.25,
    "volume" : 1014372.00
  }, {
    "date" : "2025-06-24",
    "price" : 170.61,
    "dma50" : 176.78,
    "dma100" : 181.84,
    "dma200" : 189.07,
    "volume" : 732927.00
  }, {
    "date" : "2025-06-25",
    "price" : 171.42,
    "dma50" : 176.57,
    "dma100" : 181.67,
    "dma200" : 188.89,
    "volume" : 571476.00
  }, {
    "date" : "2025-06-26",
    "price" : 171.01,
    "dma50" : 176.35,
    "dma100" : 181.40,
    "dma200" : 188.71,
    "volume" : 403107.00
  }, {
    "date" : "2025-06-27",
    "price" : 169.89,
    "dma50" : 176.10,
    "dma100" : 181.14,
    "dma200" : 188.53,
    "volume" : 609002.00
  }, {
    "date" : "2025-06-30",
    "price" : 169.54,
    "dma50" : 175.84,
    "dma100" : 180.85,
    "dma200" : 188.34,
    "volume" : 626348.00
  }, {
    "date" : "2025-07-01",
    "price" : 167.10,
    "dma50" : 175.50,
    "dma100" : 180.56,
    "dma200" : 188.13,
    "volume" : 745002.00
  }, {
    "date" : "2025-07-02",
    "price" : 165.49,
    "dma50" : 175.11,
    "dma100" : 180.30,
    "dma200" : 187.90,
    "volume" : 570301.00
  }, {
    "date" : "2025-07-03",
    "price" : 169.19,
    "dma50" : 174.88,
    "dma100" : 180.04,
    "dma200" : 187.72,
    "volume" : 856362.00
  }, {
    "date" : "2025-07-04",
    "price" : 169.24,
    "dma50" : 174.65,
    "dma100" : 179.72,
    "dma200" : 187.53,
    "volume" : 425253.00
  }, {
    "date" : "2025-07-07",
    "price" : 169.06,
    "dma50" : 174.43,
    "dma100" : 179.26,
    "dma200" : 187.35,
    "volume" : 375063.00
  }, {
    "date" : "2025-07-08",
    "price" : 169.55,
    "dma50" : 174.24,
    "dma100" : 178.82,
    "dma200" : 187.17,
    "volume" : 332495.00
  }, {
    "date" : "2025-07-09",
    "price" : 168.57,
    "dma50" : 174.02,
    "dma100" : 178.43,
    "dma200" : 186.99,
    "volume" : 342322.00
  }, {
    "date" : "2025-07-10",
    "price" : 171.06,
    "dma50" : 173.90,
    "dma100" : 178.10,
    "dma200" : 186.83,
    "volume" : 591843.00
  }, {
    "date" : "2025-07-11",
    "price" : 169.28,
    "dma50" : 173.72,
    "dma100" : 177.76,
    "dma200" : 186.65,
    "volume" : 253591.00
  }, {
    "date" : "2025-07-14",
    "price" : 167.71,
    "dma50" : 173.49,
    "dma100" : 177.43,
    "dma200" : 186.46,
    "volume" : 370798.00
  }, {
    "date" : "2025-07-15",
    "price" : 172.24,
    "dma50" : 173.44,
    "dma100" : 177.21,
    "dma200" : 186.32,
    "volume" : 656201.00
  }, {
    "date" : "2025-07-16",
    "price" : 172.11,
    "dma50" : 173.39,
    "dma100" : 176.91,
    "dma200" : 186.18,
    "volume" : 301231.00
  }, {
    "date" : "2025-07-17",
    "price" : 172.77,
    "dma50" : 173.36,
    "dma100" : 176.65,
    "dma200" : 186.05,
    "volume" : 616299.00
  }, {
    "date" : "2025-07-18",
    "price" : 170.76,
    "dma50" : 173.26,
    "dma100" : 176.33,
    "dma200" : 185.90,
    "volume" : 254964.00
  }, {
    "date" : "2025-07-21",
    "price" : 168.24,
    "dma50" : 173.06,
    "dma100" : 175.96,
    "dma200" : 185.72,
    "volume" : 737010.00
  }, {
    "date" : "2025-07-22",
    "price" : 167.72,
    "dma50" : 172.85,
    "dma100" : 175.62,
    "dma200" : 185.54,
    "volume" : 259870.00
  }, {
    "date" : "2025-07-23",
    "price" : 168.61,
    "dma50" : 172.69,
    "dma100" : 175.38,
    "dma200" : 185.37,
    "volume" : 200290.00
  }, {
    "date" : "2025-07-24",
    "price" : 166.18,
    "dma50" : 172.43,
    "dma100" : 175.12,
    "dma200" : 185.18,
    "volume" : 288435.00
  }, {
    "date" : "2025-07-25",
    "price" : 161.92,
    "dma50" : 172.02,
    "dma100" : 174.89,
    "dma200" : 184.95,
    "volume" : 445262.00
  }, {
    "date" : "2025-07-28",
    "price" : 162.18,
    "dma50" : 171.63,
    "dma100" : 174.71,
    "dma200" : 184.72,
    "volume" : 571626.00
  }, {
    "date" : "2025-07-29",
    "price" : 166.00,
    "dma50" : 171.41,
    "dma100" : 174.54,
    "dma200" : 184.54,
    "volume" : 249556.00
  }, {
    "date" : "2025-07-30",
    "price" : 165.30,
    "dma50" : 171.17,
    "dma100" : 174.37,
    "dma200" : 184.35,
    "volume" : 234379.00
  }, {
    "date" : "2025-07-31",
    "price" : 166.31,
    "dma50" : 170.98,
    "dma100" : 174.21,
    "dma200" : 184.17,
    "volume" : 332780.00
  }, {
    "date" : "2025-08-01",
    "price" : 163.14,
    "dma50" : 170.68,
    "dma100" : 174.06,
    "dma200" : 183.96,
    "volume" : 179323.00
  }, {
    "date" : "2025-08-04",
    "price" : 162.89,
    "dma50" : 170.37,
    "dma100" : 173.90,
    "dma200" : 183.75,
    "volume" : 254299.00
  }, {
    "date" : "2025-08-05",
    "price" : 161.51,
    "dma50" : 170.02,
    "dma100" : 173.81,
    "dma200" : 183.53,
    "volume" : 201697.00
  }, {
    "date" : "2025-08-06",
    "price" : 159.15,
    "dma50" : 169.60,
    "dma100" : 173.70,
    "dma200" : 183.28,
    "volume" : 502379.00
  }, {
    "date" : "2025-08-07",
    "price" : 159.00,
    "dma50" : 169.18,
    "dma100" : 173.62,
    "dma200" : 183.04,
    "volume" : 244245.00
  }, {
    "date" : "2025-08-08",
    "price" : 158.21,
    "dma50" : 168.75,
    "dma100" : 173.50,
    "dma200" : 182.80,
    "volume" : 154070.00
  }, {
    "date" : "2025-08-11",
    "price" : 159.25,
    "dma50" : 168.38,
    "dma100" : 173.44,
    "dma200" : 182.56,
    "volume" : 135807.00
  }, {
    "date" : "2025-08-12",
    "price" : 161.34,
    "dma50" : 168.10,
    "dma100" : 173.35,
    "dma200" : 182.35,
    "volume" : 134258.00
  }, {
    "date" : "2025-08-13",
    "price" : 159.32,
    "dma50" : 167.76,
    "dma100" : 173.23,
    "dma200" : 182.12,
    "volume" : 244631.00
  }, {
    "date" : "2025-08-14",
    "price" : 162.23,
    "dma50" : 167.54,
    "dma100" : 173.11,
    "dma200" : 181.92,
    "volume" : 359359.00
  }, {
    "date" : "2025-08-18",
    "price" : 161.91,
    "dma50" : 167.32,
    "dma100" : 172.96,
    "dma200" : 181.72,
    "volume" : 472994.00
  }, {
    "date" : "2025-08-19",
    "price" : 166.29,
    "dma50" : 167.28,
    "dma100" : 172.81,
    "dma200" : 181.57,
    "volume" : 365628.00
  }, {
    "date" : "2025-08-20",
    "price" : 169.87,
    "dma50" : 167.38,
    "dma100" : 172.76,
    "dma200" : 181.45,
    "volume" : 721932.00
  }, {
    "date" : "2025-08-21",
    "price" : 170.89,
    "dma50" : 167.52,
    "dma100" : 172.77,
    "dma200" : 181.35,
    "volume" : 453572.00
  }, {
    "date" : "2025-08-22",
    "price" : 168.93,
    "dma50" : 167.57,
    "dma100" : 172.71,
    "dma200" : 181.22,
    "volume" : 191118.00
  }, {
    "date" : "2025-08-25",
    "price" : 167.00,
    "dma50" : 167.55,
    "dma100" : 172.67,
    "dma200" : 181.08,
    "volume" : 130438.00
  }, {
    "date" : "2025-08-26",
    "price" : 164.07,
    "dma50" : 167.41,
    "dma100" : 172.55,
    "dma200" : 180.91,
    "volume" : 152212.00
  }, {
    "date" : "2025-08-28",
    "price" : 161.47,
    "dma50" : 167.18,
    "dma100" : 172.44,
    "dma200" : 180.72,
    "volume" : 123792.00
  }, {
    "date" : "2025-08-29",
    "price" : 166.73,
    "dma50" : 167.16,
    "dma100" : 172.37,
    "dma200" : 180.58,
    "volume" : 664741.00
  }, {
    "date" : "2025-09-01",
    "price" : 170.82,
    "dma50" : 167.31,
    "dma100" : 172.41,
    "dma200" : 180.48,
    "volume" : 404209.00
  }, {
    "date" : "2025-09-02",
    "price" : 173.80,
    "dma50" : 167.56,
    "dma100" : 172.53,
    "dma200" : 180.42,
    "volume" : 882695.00
  }, {
    "date" : "2025-09-03",
    "price" : 174.83,
    "dma50" : 167.85,
    "dma100" : 172.66,
    "dma200" : 180.36,
    "volume" : 577138.00
  }, {
    "date" : "2025-09-04",
    "price" : 175.13,
    "dma50" : 168.13,
    "dma100" : 172.80,
    "dma200" : 180.31,
    "volume" : 490813.00
  }, {
    "date" : "2025-09-05",
    "price" : 174.93,
    "dma50" : 168.40,
    "dma100" : 172.92,
    "dma200" : 180.26,
    "volume" : 601000.00
  }, {
    "date" : "2025-09-08",
    "price" : 173.54,
    "dma50" : 168.60,
    "dma100" : 172.95,
    "dma200" : 180.19,
    "volume" : 335060.00
  }, {
    "date" : "2025-09-09",
    "price" : 172.18,
    "dma50" : 168.74,
    "dma100" : 172.91,
    "dma200" : 180.11,
    "volume" : 147456.00
  }, {
    "date" : "2025-09-10",
    "price" : 170.01,
    "dma50" : 168.79,
    "dma100" : 172.83,
    "dma200" : 180.01,
    "volume" : 271063.00
  }, {
    "date" : "2025-09-11",
    "price" : 168.40,
    "dma50" : 168.78,
    "dma100" : 172.64,
    "dma200" : 179.89,
    "volume" : 322466.00
  }, {
    "date" : "2025-09-12",
    "price" : 168.62,
    "dma50" : 168.77,
    "dma100" : 172.38,
    "dma200" : 179.78,
    "volume" : 174909.00
  }, {
    "date" : "2025-09-15",
    "price" : 170.28,
    "dma50" : 168.83,
    "dma100" : 172.16,
    "dma200" : 179.69,
    "volume" : 595763.00
  }, {
    "date" : "2025-09-16",
    "price" : 172.75,
    "dma50" : 168.98,
    "dma100" : 171.98,
    "dma200" : 179.62,
    "volume" : 390252.00
  }, {
    "date" : "2025-09-17",
    "price" : 178.68,
    "dma50" : 169.36,
    "dma100" : 171.89,
    "dma200" : 179.61,
    "volume" : 2127725.00
  }, {
    "date" : "2025-09-18",
    "price" : 180.78,
    "dma50" : 169.81,
    "dma100" : 171.78,
    "dma200" : 179.62,
    "volume" : 814562.00
  }, {
    "date" : "2025-09-19",
    "price" : 180.17,
    "dma50" : 170.22,
    "dma100" : 171.70,
    "dma200" : 179.63,
    "volume" : 555291.00
  }, {
    "date" : "2025-09-22",
    "price" : 177.67,
    "dma50" : 170.51,
    "dma100" : 171.64,
    "dma200" : 179.61,
    "volume" : 327702.00
  }, {
    "date" : "2025-09-23",
    "price" : 174.59,
    "dma50" : 170.67,
    "dma100" : 171.58,
    "dma200" : 179.56,
    "volume" : 303378.00
  }, {
    "date" : "2025-09-24",
    "price" : 175.58,
    "dma50" : 170.86,
    "dma100" : 171.52,
    "dma200" : 179.52,
    "volume" : 255347.00
  }, {
    "date" : "2025-09-25",
    "price" : 176.04,
    "dma50" : 171.06,
    "dma100" : 171.53,
    "dma200" : 179.48,
    "volume" : 650826.00
  }, {
    "date" : "2025-09-26",
    "price" : 172.82,
    "dma50" : 171.13,
    "dma100" : 171.49,
    "dma200" : 179.42,
    "volume" : 360123.00
  }, {
    "date" : "2025-09-29",
    "price" : 171.60,
    "dma50" : 171.15,
    "dma100" : 171.47,
    "dma200" : 179.34,
    "volume" : 339982.00
  }, {
    "date" : "2025-09-30",
    "price" : 170.30,
    "dma50" : 171.12,
    "dma100" : 171.44,
    "dma200" : 179.25,
    "volume" : 218325.00
  }, {
    "date" : "2025-10-01",
    "price" : 173.16,
    "dma50" : 171.20,
    "dma100" : 171.36,
    "dma200" : 179.19,
    "volume" : 189341.00
  }, {
    "date" : "2025-10-03",
    "price" : 172.64,
    "dma50" : 171.26,
    "dma100" : 171.24,
    "dma200" : 179.12,
    "volume" : 298170.00
  }, {
    "date" : "2025-10-06",
    "price" : 170.93,
    "dma50" : 171.24,
    "dma100" : 171.09,
    "dma200" : 179.04,
    "volume" : 210253.00
  }, {
    "date" : "2025-10-07",
    "price" : 168.73,
    "dma50" : 171.14,
    "dma100" : 170.88,
    "dma200" : 178.94,
    "volume" : 206518.00
  }, {
    "date" : "2025-10-08",
    "price" : 165.24,
    "dma50" : 170.91,
    "dma100" : 170.64,
    "dma200" : 178.80,
    "volume" : 360085.00
  }, {
    "date" : "2025-10-09",
    "price" : 164.12,
    "dma50" : 170.65,
    "dma100" : 170.37,
    "dma200" : 178.66,
    "volume" : 520906.00
  }, {
    "date" : "2025-10-10",
    "price" : 165.90,
    "dma50" : 170.46,
    "dma100" : 170.14,
    "dma200" : 178.53,
    "volume" : 201205.00
  }, {
    "date" : "2025-10-13",
    "price" : 164.26,
    "dma50" : 170.22,
    "dma100" : 169.90,
    "dma200" : 178.39,
    "volume" : 638128.00
  }, {
    "date" : "2025-10-14",
    "price" : 159.94,
    "dma50" : 169.81,
    "dma100" : 169.69,
    "dma200" : 178.20,
    "volume" : 429941.00
  }, {
    "date" : "2025-10-15",
    "price" : 161.42,
    "dma50" : 169.48,
    "dma100" : 169.49,
    "dma200" : 178.04,
    "volume" : 270316.00
  }, {
    "date" : "2025-10-16",
    "price" : 161.69,
    "dma50" : 169.18,
    "dma100" : 169.32,
    "dma200" : 177.87,
    "volume" : 306389.00
  }, {
    "date" : "2025-10-17",
    "price" : 160.68,
    "dma50" : 168.85,
    "dma100" : 169.10,
    "dma200" : 177.70,
    "volume" : 225576.00
  }, {
    "date" : "2025-10-20",
    "price" : 159.86,
    "dma50" : 168.49,
    "dma100" : 168.90,
    "dma200" : 177.53,
    "volume" : 142371.00
  }, {
    "date" : "2025-10-21",
    "price" : 161.41,
    "dma50" : 168.22,
    "dma100" : 168.80,
    "dma200" : 177.37,
    "volume" : 39913.00
  }, {
    "date" : "2025-10-23",
    "price" : 163.54,
    "dma50" : 168.03,
    "dma100" : 168.70,
    "dma200" : 177.23,
    "volume" : 336078.00
  }, {
    "date" : "2025-10-24",
    "price" : 163.40,
    "dma50" : 167.85,
    "dma100" : 168.64,
    "dma200" : 177.09,
    "volume" : 348568.00
  }, {
    "date" : "2025-10-27",
    "price" : 162.07,
    "dma50" : 167.62,
    "dma100" : 168.56,
    "dma200" : 176.94,
    "volume" : 190085.00
  }, {
    "date" : "2025-10-28",
    "price" : 152.70,
    "dma50" : 167.04,
    "dma100" : 168.40,
    "dma200" : 176.70,
    "volume" : 1771193.00
  }, {
    "date" : "2025-10-29",
    "price" : 155.17,
    "dma50" : 166.57,
    "dma100" : 168.24,
    "dma200" : 176.49,
    "volume" : 655216.00
  }, {
    "date" : "2025-10-30",
    "price" : 155.61,
    "dma50" : 166.14,
    "dma100" : 168.09,
    "dma200" : 176.28,
    "volume" : 482398.00
  }, {
    "date" : "2025-10-31",
    "price" : 153.04,
    "dma50" : 165.63,
    "dma100" : 167.90,
    "dma200" : 176.05,
    "volume" : 371360.00
  }, {
    "date" : "2025-11-03",
    "price" : 151.55,
    "dma50" : 165.08,
    "dma100" : 167.68,
    "dma200" : 175.80,
    "volume" : 285405.00
  }, {
    "date" : "2025-11-04",
    "price" : 152.50,
    "dma50" : 164.58,
    "dma100" : 167.46,
    "dma200" : 175.57,
    "volume" : 275148.00
  }, {
    "date" : "2025-11-06",
    "price" : 151.22,
    "dma50" : 164.06,
    "dma100" : 167.23,
    "dma200" : 175.33,
    "volume" : 237685.00
  }, {
    "date" : "2025-11-07",
    "price" : 149.01,
    "dma50" : 163.47,
    "dma100" : 166.96,
    "dma200" : 175.07,
    "volume" : 306852.00
  }, {
    "date" : "2025-11-10",
    "price" : 150.60,
    "dma50" : 162.96,
    "dma100" : 166.71,
    "dma200" : 174.82,
    "volume" : 329710.00
  }, {
    "date" : "2025-11-11",
    "price" : 151.60,
    "dma50" : 162.52,
    "dma100" : 166.52,
    "dma200" : 174.59,
    "volume" : 297751.00
  }, {
    "date" : "2025-11-12",
    "price" : 150.08,
    "dma50" : 162.03,
    "dma100" : 166.28,
    "dma200" : 174.35,
    "volume" : 263030.00
  }, {
    "date" : "2025-11-13",
    "price" : 146.94,
    "dma50" : 161.44,
    "dma100" : 166.08,
    "dma200" : 174.08,
    "volume" : 421115.00
  }, {
    "date" : "2025-11-14",
    "price" : 143.80,
    "dma50" : 160.75,
    "dma100" : 165.80,
    "dma200" : 173.77,
    "volume" : 553239.00
  }, {
    "date" : "2025-11-17",
    "price" : 139.53,
    "dma50" : 159.92,
    "dma100" : 165.48,
    "dma200" : 173.43,
    "volume" : 975783.00
  }, {
    "date" : "2025-11-18",
    "price" : 139.94,
    "dma50" : 159.13,
    "dma100" : 165.17,
    "dma200" : 173.10,
    "volume" : 322872.00
  }, {
    "date" : "2025-11-19",
    "price" : 137.04,
    "dma50" : 158.27,
    "dma100" : 164.83,
    "dma200" : 172.74,
    "volume" : 396246.00
  }, {
    "date" : "2025-11-20",
    "price" : 138.65,
    "dma50" : 157.50,
    "dma100" : 164.51,
    "dma200" : 172.40,
    "volume" : 512856.00
  }, {
    "date" : "2025-11-21",
    "price" : 144.17,
    "dma50" : 156.97,
    "dma100" : 164.25,
    "dma200" : 172.12,
    "volume" : 1217358.00
  }, {
    "date" : "2025-11-24",
    "price" : 138.34,
    "dma50" : 156.24,
    "dma100" : 163.94,
    "dma200" : 171.78,
    "volume" : 592377.00
  }, {
    "date" : "2025-11-25",
    "price" : 140.90,
    "dma50" : 155.64,
    "dma100" : 163.68,
    "dma200" : 171.48,
    "volume" : 347946.00
  }, {
    "date" : "2025-11-26",
    "price" : 142.07,
    "dma50" : 155.11,
    "dma100" : 163.44,
    "dma200" : 171.18,
    "volume" : 427840.00
  }, {
    "date" : "2025-11-27",
    "price" : 143.87,
    "dma50" : 154.67,
    "dma100" : 163.19,
    "dma200" : 170.91,
    "volume" : 268149.00
  }, {
    "date" : "2025-11-28",
    "price" : 144.57,
    "dma50" : 154.27,
    "dma100" : 162.94,
    "dma200" : 170.65,
    "volume" : 237805.00
  }, {
    "date" : "2025-12-01",
    "price" : 152.70,
    "dma50" : 154.21,
    "dma100" : 162.78,
    "dma200" : 170.47,
    "volume" : 882914.00
  }, {
    "date" : "2025-12-02",
    "price" : 151.11,
    "dma50" : 154.09,
    "dma100" : 162.59,
    "dma200" : 170.28,
    "volume" : 418066.00
  }, {
    "date" : "2025-12-03",
    "price" : 153.66,
    "dma50" : 154.07,
    "dma100" : 162.44,
    "dma200" : 170.11,
    "volume" : 338701.00
  }, {
    "date" : "2025-12-04",
    "price" : 154.00,
    "dma50" : 154.07,
    "dma100" : 162.27,
    "dma200" : 169.95,
    "volume" : 261337.00
  }, {
    "date" : "2025-12-05",
    "price" : 154.07,
    "dma50" : 154.07,
    "dma100" : 162.12,
    "dma200" : 169.80,
    "volume" : 432683.00
  }, {
    "date" : "2025-12-08",
    "price" : 156.62,
    "dma50" : 154.17,
    "dma100" : 162.01,
    "dma200" : 169.66,
    "volume" : 518229.00
  }, {
    "date" : "2025-12-09",
    "price" : 153.66,
    "dma50" : 154.15,
    "dma100" : 161.83,
    "dma200" : 169.51,
    "volume" : 1052046.00
  }, {
    "date" : "2025-12-10",
    "price" : 153.40,
    "dma50" : 154.12,
    "dma100" : 161.64,
    "dma200" : 169.35,
    "volume" : 214423.00
  }, {
    "date" : "2025-12-11",
    "price" : 153.17,
    "dma50" : 154.08,
    "dma100" : 161.44,
    "dma200" : 169.18,
    "volume" : 225544.00
  }, {
    "date" : "2025-12-12",
    "price" : 152.30,
    "dma50" : 154.01,
    "dma100" : 161.26,
    "dma200" : 169.02,
    "volume" : 235213.00
  } ],
  "latestTechnicalAttributes" : {
    "date" : "2025-12-12",
    "price" : 152.30,
    "dma50" : 154.01,
    "dma100" : 161.26,
    "dma200" : 169.02,
    "volume" : 235213.00
  },
  "quarterlyResults" : [ {
    "date" : "2005-03-31",
    "sales" : 27.09,
    "salesGrowthYoY" : null,
    "grossProfitMargin" : 74.27,
    "grossProfit" : 20.12,
    "operatingProfitMargin" : 49.54,
    "operatingProfit" : 13.42,
    "netProfitMargin" : 28.53,
    "netProfit" : 7.73
  }, {
    "date" : "2005-06-30",
    "sales" : 17.06,
    "salesGrowthYoY" : null,
    "grossProfitMargin" : 104.92,
    "grossProfit" : 17.90,
    "operatingProfitMargin" : 66.41,
    "operatingProfit" : 11.33,
    "netProfitMargin" : 42.26,
    "netProfit" : 7.21
  }, {
    "date" : "2005-09-30",
    "sales" : 22.63,
    "salesGrowthYoY" : null,
    "grossProfitMargin" : 100.18,
    "grossProfit" : 22.67,
    "operatingProfitMargin" : 73.75,
    "operatingProfit" : 16.69,
    "netProfitMargin" : 46.00,
    "netProfit" : 10.41
  }, {
    "date" : "2005-12-31",
    "sales" : 24.49,
    "salesGrowthYoY" : null,
    "grossProfitMargin" : 104.25,
    "grossProfit" : 25.53,
    "operatingProfitMargin" : 69.91,
    "operatingProfit" : 17.12,
    "netProfitMargin" : 55.70,
    "netProfit" : 13.64
  }, {
    "date" : "2006-03-31",
    "sales" : 30.07,
    "salesGrowthYoY" : 11.00,
    "grossProfitMargin" : 102.63,
    "grossProfit" : 30.86,
    "operatingProfitMargin" : -64.75,
    "operatingProfit" : -19.47,
    "netProfitMargin" : -45.79,
    "netProfit" : -13.77
  }, {
    "date" : "2006-06-30",
    "sales" : 31.09,
    "salesGrowthYoY" : 82.24,
    "grossProfitMargin" : 99.45,
    "grossProfit" : 30.92,
    "operatingProfitMargin" : 72.31,
    "operatingProfit" : 22.48,
    "netProfitMargin" : 42.30,
    "netProfit" : 13.15
  }, {
    "date" : "2006-09-30",
    "sales" : 25.75,
    "salesGrowthYoY" : 13.79,
    "grossProfitMargin" : 118.37,
    "grossProfit" : 30.48,
    "operatingProfitMargin" : -54.91,
    "operatingProfit" : -14.14,
    "netProfitMargin" : -35.15,
    "netProfit" : -9.05
  }, {
    "date" : "2006-12-31",
    "sales" : 31.19,
    "salesGrowthYoY" : 27.36,
    "grossProfitMargin" : 82.11,
    "grossProfit" : 25.61,
    "operatingProfitMargin" : 28.18,
    "operatingProfit" : 8.79,
    "netProfitMargin" : 26.26,
    "netProfit" : 8.19
  }, {
    "date" : "2007-03-31",
    "sales" : 24.79,
    "salesGrowthYoY" : -17.56,
    "grossProfitMargin" : 97.50,
    "grossProfit" : 24.17,
    "operatingProfitMargin" : -85.28,
    "operatingProfit" : -21.14,
    "netProfitMargin" : -39.61,
    "netProfit" : -9.82
  }, {
    "date" : "2007-06-30",
    "sales" : 17.75,
    "salesGrowthYoY" : -42.91,
    "grossProfitMargin" : 119.15,
    "grossProfit" : 21.15,
    "operatingProfitMargin" : 91.21,
    "operatingProfit" : 16.19,
    "netProfitMargin" : 65.75,
    "netProfit" : 11.67
  }, {
    "date" : "2007-09-30",
    "sales" : 29.11,
    "salesGrowthYoY" : 13.05,
    "grossProfitMargin" : 71.18,
    "grossProfit" : 20.72,
    "operatingProfitMargin" : 35.66,
    "operatingProfit" : 10.38,
    "netProfitMargin" : 25.63,
    "netProfit" : 7.46
  }, {
    "date" : "2007-12-31",
    "sales" : 3.35,
    "salesGrowthYoY" : -89.26,
    "grossProfitMargin" : 601.49,
    "grossProfit" : 20.15,
    "operatingProfitMargin" : -132.84,
    "operatingProfit" : -4.45,
    "netProfitMargin" : -74.03,
    "netProfit" : -2.48
  }, {
    "date" : "2008-03-31",
    "sales" : 36.21,
    "salesGrowthYoY" : 46.07,
    "grossProfitMargin" : 59.24,
    "grossProfit" : 21.45,
    "operatingProfitMargin" : 26.62,
    "operatingProfit" : 9.64,
    "netProfitMargin" : 20.57,
    "netProfit" : 7.45
  }, {
    "date" : "2008-06-30",
    "sales" : 19.49,
    "salesGrowthYoY" : 9.80,
    "grossProfitMargin" : 127.09,
    "grossProfit" : 24.77,
    "operatingProfitMargin" : 45.41,
    "operatingProfit" : 8.85,
    "netProfitMargin" : 69.73,
    "netProfit" : 13.59
  }, {
    "date" : "2008-09-30",
    "sales" : 28.77,
    "salesGrowthYoY" : -1.17,
    "grossProfitMargin" : 80.08,
    "grossProfit" : 23.04,
    "operatingProfitMargin" : 3.79,
    "operatingProfit" : 1.09,
    "netProfitMargin" : 44.73,
    "netProfit" : 12.87
  }, {
    "date" : "2008-12-31",
    "sales" : 11.74,
    "salesGrowthYoY" : 250.45,
    "grossProfitMargin" : 131.43,
    "grossProfit" : 15.43,
    "operatingProfitMargin" : 50.68,
    "operatingProfit" : 5.95,
    "netProfitMargin" : 85.69,
    "netProfit" : 10.06
  }, {
    "date" : "2009-03-31",
    "sales" : 25.18,
    "salesGrowthYoY" : -30.46,
    "grossProfitMargin" : 121.76,
    "grossProfit" : 30.66,
    "operatingProfitMargin" : 98.73,
    "operatingProfit" : 24.86,
    "netProfitMargin" : 67.67,
    "netProfit" : 17.04
  }, {
    "date" : "2009-06-30",
    "sales" : 15.02,
    "salesGrowthYoY" : -22.93,
    "grossProfitMargin" : 128.16,
    "grossProfit" : 19.25,
    "operatingProfitMargin" : 60.59,
    "operatingProfit" : 9.10,
    "netProfitMargin" : 83.16,
    "netProfit" : 12.49
  }, {
    "date" : "2009-09-30",
    "sales" : 12.37,
    "salesGrowthYoY" : -57.00,
    "grossProfitMargin" : 28.86,
    "grossProfit" : 3.57,
    "operatingProfitMargin" : -7.11,
    "operatingProfit" : -0.88,
    "netProfitMargin" : -14.23,
    "netProfit" : -1.76
  }, {
    "date" : "2009-12-31",
    "sales" : 32.64,
    "salesGrowthYoY" : 178.02,
    "grossProfitMargin" : 108.70,
    "grossProfit" : 35.48,
    "operatingProfitMargin" : 90.53,
    "operatingProfit" : 29.55,
    "netProfitMargin" : 31.71,
    "netProfit" : 10.35
  }, {
    "date" : "2010-03-31",
    "sales" : 80.01,
    "salesGrowthYoY" : 217.75,
    "grossProfitMargin" : 108.37,
    "grossProfit" : 86.71,
    "operatingProfitMargin" : 71.60,
    "operatingProfit" : 57.29,
    "netProfitMargin" : 25.62,
    "netProfit" : 20.50
  }, {
    "date" : "2010-06-30",
    "sales" : 83.43,
    "salesGrowthYoY" : 455.46,
    "grossProfitMargin" : 107.20,
    "grossProfit" : 89.44,
    "operatingProfitMargin" : 80.53,
    "operatingProfit" : 67.19,
    "netProfitMargin" : 25.07,
    "netProfit" : 20.92
  }, {
    "date" : "2010-09-30",
    "sales" : 67.62,
    "salesGrowthYoY" : 446.65,
    "grossProfitMargin" : 101.72,
    "grossProfit" : 68.78,
    "operatingProfitMargin" : 73.29,
    "operatingProfit" : 49.56,
    "netProfitMargin" : 21.55,
    "netProfit" : 14.57
  }, {
    "date" : "2010-12-31",
    "sales" : 95.35,
    "salesGrowthYoY" : 192.13,
    "grossProfitMargin" : 90.14,
    "grossProfit" : 85.95,
    "operatingProfitMargin" : 66.27,
    "operatingProfit" : 63.19,
    "netProfitMargin" : 21.26,
    "netProfit" : 20.27
  }, {
    "date" : "2011-03-31",
    "sales" : 83.44,
    "salesGrowthYoY" : 4.29,
    "grossProfitMargin" : 101.01,
    "grossProfit" : 84.28,
    "operatingProfitMargin" : 76.47,
    "operatingProfit" : 63.81,
    "netProfitMargin" : 29.29,
    "netProfit" : 24.44
  }, {
    "date" : "2011-06-30",
    "sales" : 61.74,
    "salesGrowthYoY" : -26.00,
    "grossProfitMargin" : 102.87,
    "grossProfit" : 63.51,
    "operatingProfitMargin" : 72.30,
    "operatingProfit" : 44.64,
    "netProfitMargin" : 27.57,
    "netProfit" : 17.02
  }, {
    "date" : "2011-09-30",
    "sales" : 30.98,
    "salesGrowthYoY" : -54.19,
    "grossProfitMargin" : 66.14,
    "grossProfit" : 20.49,
    "operatingProfitMargin" : 27.28,
    "operatingProfit" : 8.45,
    "netProfitMargin" : 13.27,
    "netProfit" : 4.11
  }, {
    "date" : "2011-12-31",
    "sales" : 32.70,
    "salesGrowthYoY" : -65.71,
    "grossProfitMargin" : 103.52,
    "grossProfit" : 33.85,
    "operatingProfitMargin" : 67.09,
    "operatingProfit" : 21.94,
    "netProfitMargin" : 14.71,
    "netProfit" : 4.81
  }, {
    "date" : "2012-03-31",
    "sales" : 25.97,
    "salesGrowthYoY" : -68.88,
    "grossProfitMargin" : 100.69,
    "grossProfit" : 26.15,
    "operatingProfitMargin" : 40.43,
    "operatingProfit" : 10.50,
    "netProfitMargin" : 29.07,
    "netProfit" : 7.55
  }, {
    "date" : "2012-06-30",
    "sales" : 26.80,
    "salesGrowthYoY" : -56.59,
    "grossProfitMargin" : 93.77,
    "grossProfit" : 25.13,
    "operatingProfitMargin" : 48.88,
    "operatingProfit" : 13.10,
    "netProfitMargin" : 5.52,
    "netProfit" : 1.48
  }, {
    "date" : "2012-09-30",
    "sales" : 26.63,
    "salesGrowthYoY" : -14.04,
    "grossProfitMargin" : 100.00,
    "grossProfit" : 26.63,
    "operatingProfitMargin" : 40.89,
    "operatingProfit" : 10.89,
    "netProfitMargin" : 17.91,
    "netProfit" : 4.77
  }, {
    "date" : "2012-12-31",
    "sales" : 22.66,
    "salesGrowthYoY" : -30.70,
    "grossProfitMargin" : 100.00,
    "grossProfit" : 22.66,
    "operatingProfitMargin" : 45.06,
    "operatingProfit" : 10.21,
    "netProfitMargin" : 190.73,
    "netProfit" : 43.22
  }, {
    "date" : "2013-03-31",
    "sales" : 33.37,
    "salesGrowthYoY" : 28.49,
    "grossProfitMargin" : 103.03,
    "grossProfit" : 34.38,
    "operatingProfitMargin" : 78.69,
    "operatingProfit" : 26.26,
    "netProfitMargin" : -84.90,
    "netProfit" : -28.33
  }, {
    "date" : "2013-06-30",
    "sales" : 15.50,
    "salesGrowthYoY" : -42.16,
    "grossProfitMargin" : 77.03,
    "grossProfit" : 11.94,
    "operatingProfitMargin" : 15.29,
    "operatingProfit" : 2.37,
    "netProfitMargin" : -118.32,
    "netProfit" : -18.34
  }, {
    "date" : "2013-09-30",
    "sales" : 14.11,
    "salesGrowthYoY" : -47.01,
    "grossProfitMargin" : 104.89,
    "grossProfit" : 14.80,
    "operatingProfitMargin" : -32.74,
    "operatingProfit" : -4.62,
    "netProfitMargin" : 174.20,
    "netProfit" : 24.58
  }, {
    "date" : "2013-12-31",
    "sales" : 17.00,
    "salesGrowthYoY" : -24.98,
    "grossProfitMargin" : 104.47,
    "grossProfit" : 17.76,
    "operatingProfitMargin" : 60.29,
    "operatingProfit" : 10.25,
    "netProfitMargin" : -88.41,
    "netProfit" : -15.03
  }, {
    "date" : "2014-03-31",
    "sales" : 13.23,
    "salesGrowthYoY" : -60.35,
    "grossProfitMargin" : 94.18,
    "grossProfit" : 12.46,
    "operatingProfitMargin" : -262.81,
    "operatingProfit" : -34.77,
    "netProfitMargin" : -877.02,
    "netProfit" : -116.03
  }, {
    "date" : "2014-06-30",
    "sales" : 12.05,
    "salesGrowthYoY" : -22.26,
    "grossProfitMargin" : 91.95,
    "grossProfit" : 11.08,
    "operatingProfitMargin" : 46.31,
    "operatingProfit" : 5.58,
    "netProfitMargin" : -94.85,
    "netProfit" : -11.43
  }, {
    "date" : "2014-09-30",
    "sales" : 11.97,
    "salesGrowthYoY" : -15.17,
    "grossProfitMargin" : 102.26,
    "grossProfit" : 12.24,
    "operatingProfitMargin" : -35.92,
    "operatingProfit" : -4.30,
    "netProfitMargin" : -202.51,
    "netProfit" : -24.24
  }, {
    "date" : "2014-12-31",
    "sales" : 9.93,
    "salesGrowthYoY" : -41.59,
    "grossProfitMargin" : 96.78,
    "grossProfit" : 9.61,
    "operatingProfitMargin" : -92.45,
    "operatingProfit" : -9.18,
    "netProfitMargin" : -160.12,
    "netProfit" : -15.90
  }, {
    "date" : "2015-03-31",
    "sales" : 6.52,
    "salesGrowthYoY" : -50.72,
    "grossProfitMargin" : 114.88,
    "grossProfit" : 7.49,
    "operatingProfitMargin" : -123.62,
    "operatingProfit" : -8.06,
    "netProfitMargin" : -92.48,
    "netProfit" : -6.03
  }, {
    "date" : "2015-06-30",
    "sales" : 10.69,
    "salesGrowthYoY" : -11.29,
    "grossProfitMargin" : 86.53,
    "grossProfit" : 9.25,
    "operatingProfitMargin" : 29.75,
    "operatingProfit" : 3.18,
    "netProfitMargin" : 15.06,
    "netProfit" : 1.61
  }, {
    "date" : "2015-09-30",
    "sales" : 5.74,
    "salesGrowthYoY" : -52.05,
    "grossProfitMargin" : 91.46,
    "grossProfit" : 5.25,
    "operatingProfitMargin" : -30.14,
    "operatingProfit" : -1.73,
    "netProfitMargin" : -38.85,
    "netProfit" : -2.23
  }, {
    "date" : "2015-12-31",
    "sales" : 6.11,
    "salesGrowthYoY" : -38.47,
    "grossProfitMargin" : 109.82,
    "grossProfit" : 6.71,
    "operatingProfitMargin" : 64.48,
    "operatingProfit" : 3.94,
    "netProfitMargin" : 52.54,
    "netProfit" : 3.21
  }, {
    "date" : "2016-03-31",
    "sales" : 5.80,
    "salesGrowthYoY" : -11.04,
    "grossProfitMargin" : 85.69,
    "grossProfit" : 4.97,
    "operatingProfitMargin" : -66.55,
    "operatingProfit" : -3.86,
    "netProfitMargin" : -73.28,
    "netProfit" : -4.25
  }, {
    "date" : "2016-06-30",
    "sales" : 6.00,
    "salesGrowthYoY" : -43.87,
    "grossProfitMargin" : 110.50,
    "grossProfit" : 6.63,
    "operatingProfitMargin" : 10.83,
    "operatingProfit" : 0.65,
    "netProfitMargin" : 22.00,
    "netProfit" : 1.32
  }, {
    "date" : "2016-09-30",
    "sales" : 5.55,
    "salesGrowthYoY" : -3.31,
    "grossProfitMargin" : 114.95,
    "grossProfit" : 6.38,
    "operatingProfitMargin" : -17.12,
    "operatingProfit" : -0.95,
    "netProfitMargin" : 33.51,
    "netProfit" : 1.86
  }, {
    "date" : "2016-12-31",
    "sales" : 5.49,
    "salesGrowthYoY" : -10.15,
    "grossProfitMargin" : 98.72,
    "grossProfit" : 5.42,
    "operatingProfitMargin" : 33.33,
    "operatingProfit" : 1.83,
    "netProfitMargin" : 76.14,
    "netProfit" : 4.18
  }, {
    "date" : "2017-03-31",
    "sales" : 7.97,
    "salesGrowthYoY" : 37.41,
    "grossProfitMargin" : 86.32,
    "grossProfit" : 6.88,
    "operatingProfitMargin" : 27.48,
    "operatingProfit" : 2.19,
    "netProfitMargin" : 42.66,
    "netProfit" : 3.40
  }, {
    "date" : "2017-06-30",
    "sales" : 3.72,
    "salesGrowthYoY" : -38.00,
    "grossProfitMargin" : 127.42,
    "grossProfit" : 4.74,
    "operatingProfitMargin" : 37.90,
    "operatingProfit" : 1.41,
    "netProfitMargin" : 79.03,
    "netProfit" : 2.94
  }, {
    "date" : "2017-09-30",
    "sales" : 8.40,
    "salesGrowthYoY" : 51.35,
    "grossProfitMargin" : 138.45,
    "grossProfit" : 11.63,
    "operatingProfitMargin" : 85.71,
    "operatingProfit" : 7.20,
    "netProfitMargin" : 66.43,
    "netProfit" : 5.58
  }, {
    "date" : "2017-12-31",
    "sales" : 13.36,
    "salesGrowthYoY" : 143.35,
    "grossProfitMargin" : 130.01,
    "grossProfit" : 17.37,
    "operatingProfitMargin" : 96.56,
    "operatingProfit" : 12.90,
    "netProfitMargin" : 62.72,
    "netProfit" : 8.38
  }, {
    "date" : "2018-03-31",
    "sales" : 23.23,
    "salesGrowthYoY" : 191.47,
    "grossProfitMargin" : 83.99,
    "grossProfit" : 19.51,
    "operatingProfitMargin" : 41.97,
    "operatingProfit" : 9.75,
    "netProfitMargin" : 70.81,
    "netProfit" : 16.45
  }, {
    "date" : "2018-06-30",
    "sales" : 35.06,
    "salesGrowthYoY" : 842.47,
    "grossProfitMargin" : 98.32,
    "grossProfit" : 34.47,
    "operatingProfitMargin" : 72.96,
    "operatingProfit" : 25.58,
    "netProfitMargin" : 60.24,
    "netProfit" : 21.12
  }, {
    "date" : "2018-09-30",
    "sales" : 64.38,
    "salesGrowthYoY" : 666.43,
    "grossProfitMargin" : 99.49,
    "grossProfit" : 64.05,
    "operatingProfitMargin" : 81.27,
    "operatingProfit" : 52.32,
    "netProfitMargin" : 66.56,
    "netProfit" : 42.85
  }, {
    "date" : "2018-12-31",
    "sales" : 66.04,
    "salesGrowthYoY" : 394.31,
    "grossProfitMargin" : 95.12,
    "grossProfit" : 62.82,
    "operatingProfitMargin" : 66.19,
    "operatingProfit" : 43.71,
    "netProfitMargin" : 52.71,
    "netProfit" : 34.81
  }, {
    "date" : "2019-03-31",
    "sales" : 71.42,
    "salesGrowthYoY" : 207.45,
    "grossProfitMargin" : 90.28,
    "grossProfit" : 64.48,
    "operatingProfitMargin" : 73.34,
    "operatingProfit" : 52.38,
    "netProfitMargin" : 67.15,
    "netProfit" : 47.96
  }, {
    "date" : "2019-06-30",
    "sales" : 49.35,
    "salesGrowthYoY" : 40.76,
    "grossProfitMargin" : 98.38,
    "grossProfit" : 48.55,
    "operatingProfitMargin" : 70.56,
    "operatingProfit" : 34.82,
    "netProfitMargin" : 62.37,
    "netProfit" : 30.78
  }, {
    "date" : "2019-09-30",
    "sales" : 56.86,
    "salesGrowthYoY" : -11.68,
    "grossProfitMargin" : 100.02,
    "grossProfit" : 56.87,
    "operatingProfitMargin" : 66.80,
    "operatingProfit" : 37.98,
    "netProfitMargin" : 60.89,
    "netProfit" : 34.62
  }, {
    "date" : "2019-12-31",
    "sales" : 45.18,
    "salesGrowthYoY" : -31.59,
    "grossProfitMargin" : 100.53,
    "grossProfit" : 45.42,
    "operatingProfitMargin" : 71.49,
    "operatingProfit" : 32.30,
    "netProfitMargin" : 67.26,
    "netProfit" : 30.39
  }, {
    "date" : "2020-03-31",
    "sales" : 28.45,
    "salesGrowthYoY" : -60.17,
    "grossProfitMargin" : 102.36,
    "grossProfit" : 29.12,
    "operatingProfitMargin" : 60.00,
    "operatingProfit" : 17.07,
    "netProfitMargin" : 66.19,
    "netProfit" : 18.83
  }, {
    "date" : "2020-06-30",
    "sales" : 21.73,
    "salesGrowthYoY" : -55.97,
    "grossProfitMargin" : 102.39,
    "grossProfit" : 22.25,
    "operatingProfitMargin" : 59.46,
    "operatingProfit" : 12.92,
    "netProfitMargin" : 58.77,
    "netProfit" : 12.77
  }, {
    "date" : "2020-09-30",
    "sales" : 30.16,
    "salesGrowthYoY" : -46.96,
    "grossProfitMargin" : 99.70,
    "grossProfit" : 30.07,
    "operatingProfitMargin" : 45.69,
    "operatingProfit" : 13.78,
    "netProfitMargin" : 34.25,
    "netProfit" : 10.33
  }, {
    "date" : "2020-12-31",
    "sales" : 24.18,
    "salesGrowthYoY" : -46.48,
    "grossProfitMargin" : 102.36,
    "grossProfit" : 24.75,
    "operatingProfitMargin" : 48.10,
    "operatingProfit" : 11.63,
    "netProfitMargin" : 32.22,
    "netProfit" : 7.79
  }, {
    "date" : "2021-03-31",
    "sales" : 23.36,
    "salesGrowthYoY" : -17.89,
    "grossProfitMargin" : 104.11,
    "grossProfit" : 24.32,
    "operatingProfitMargin" : 49.27,
    "operatingProfit" : 11.51,
    "netProfitMargin" : 28.17,
    "netProfit" : 6.58
  }, {
    "date" : "2021-06-30",
    "sales" : 24.97,
    "salesGrowthYoY" : 14.91,
    "grossProfitMargin" : 102.40,
    "grossProfit" : 25.57,
    "operatingProfitMargin" : 57.47,
    "operatingProfit" : 14.35,
    "netProfitMargin" : 46.90,
    "netProfit" : 11.71
  }, {
    "date" : "2021-09-30",
    "sales" : 31.05,
    "salesGrowthYoY" : 2.95,
    "grossProfitMargin" : 100.32,
    "grossProfit" : 31.15,
    "operatingProfitMargin" : 55.52,
    "operatingProfit" : 17.24,
    "netProfitMargin" : 56.07,
    "netProfit" : 17.41
  }, {
    "date" : "2021-12-31",
    "sales" : 36.24,
    "salesGrowthYoY" : 49.88,
    "grossProfitMargin" : 96.77,
    "grossProfit" : 35.07,
    "operatingProfitMargin" : 57.34,
    "operatingProfit" : 20.78,
    "netProfitMargin" : 48.57,
    "netProfit" : 17.60
  }, {
    "date" : "2022-03-31",
    "sales" : 38.24,
    "salesGrowthYoY" : 63.70,
    "grossProfitMargin" : 95.24,
    "grossProfit" : 36.42,
    "operatingProfitMargin" : 60.98,
    "operatingProfit" : 23.32,
    "netProfitMargin" : 61.40,
    "netProfit" : 23.48
  }, {
    "date" : "2022-06-30",
    "sales" : 62.24,
    "salesGrowthYoY" : 149.26,
    "grossProfitMargin" : 111.15,
    "grossProfit" : 69.18,
    "operatingProfitMargin" : 57.21,
    "operatingProfit" : 35.61,
    "netProfitMargin" : 54.96,
    "netProfit" : 34.21
  }, {
    "date" : "2022-09-30",
    "sales" : 75.84,
    "salesGrowthYoY" : 144.25,
    "grossProfitMargin" : 98.00,
    "grossProfit" : 74.32,
    "operatingProfitMargin" : 20.75,
    "operatingProfit" : 15.74,
    "netProfitMargin" : 8.65,
    "netProfit" : 6.56
  }, {
    "date" : "2022-12-31",
    "sales" : 101.34,
    "salesGrowthYoY" : 179.64,
    "grossProfitMargin" : 116.38,
    "grossProfit" : 117.94,
    "operatingProfitMargin" : 28.66,
    "operatingProfit" : 29.04,
    "netProfitMargin" : 15.71,
    "netProfit" : 15.92
  }, {
    "date" : "2023-03-31",
    "sales" : 141.63,
    "salesGrowthYoY" : 270.37,
    "grossProfitMargin" : 125.90,
    "grossProfit" : 178.31,
    "operatingProfitMargin" : 81.11,
    "operatingProfit" : 114.88,
    "netProfitMargin" : 75.53,
    "netProfit" : 106.97
  }, {
    "date" : "2023-06-30",
    "sales" : 90.14,
    "salesGrowthYoY" : 44.83,
    "grossProfitMargin" : 18.94,
    "grossProfit" : 17.07,
    "operatingProfitMargin" : 30.49,
    "operatingProfit" : 27.48,
    "netProfitMargin" : 23.67,
    "netProfit" : 21.34
  }, {
    "date" : "2023-09-30",
    "sales" : 65.79,
    "salesGrowthYoY" : -13.25,
    "grossProfitMargin" : 23.30,
    "grossProfit" : 15.33,
    "operatingProfitMargin" : 66.88,
    "operatingProfit" : 44.00,
    "netProfitMargin" : 58.90,
    "netProfit" : 38.75
  }, {
    "date" : "2023-12-31",
    "sales" : 95.05,
    "salesGrowthYoY" : -6.21,
    "grossProfitMargin" : 103.58,
    "grossProfit" : 98.45,
    "operatingProfitMargin" : 5.38,
    "operatingProfit" : 5.11,
    "netProfitMargin" : 5.07,
    "netProfit" : 4.82
  }, {
    "date" : "2024-03-31",
    "sales" : 219.50,
    "salesGrowthYoY" : 54.98,
    "grossProfitMargin" : 20.36,
    "grossProfit" : 44.69,
    "operatingProfitMargin" : 10.67,
    "operatingProfit" : 23.42,
    "netProfitMargin" : 8.96,
    "netProfit" : 19.67
  }, {
    "date" : "2024-06-30",
    "sales" : 71.35,
    "salesGrowthYoY" : -20.85,
    "grossProfitMargin" : 38.11,
    "grossProfit" : 27.19,
    "operatingProfitMargin" : 15.14,
    "operatingProfit" : 10.80,
    "netProfitMargin" : 17.07,
    "netProfit" : 12.18
  }, {
    "date" : "2024-09-30",
    "sales" : 52.48,
    "salesGrowthYoY" : -20.23,
    "grossProfitMargin" : 125.90,
    "grossProfit" : 66.07,
    "operatingProfitMargin" : 8.10,
    "operatingProfit" : 4.25,
    "netProfitMargin" : 4.04,
    "netProfit" : 2.12
  }, {
    "date" : "2024-12-31",
    "sales" : 68.16,
    "salesGrowthYoY" : -28.29,
    "grossProfitMargin" : 34.48,
    "grossProfit" : 23.50,
    "operatingProfitMargin" : 14.08,
    "operatingProfit" : 9.60,
    "netProfitMargin" : 7.28,
    "netProfit" : 4.96
  }, {
    "date" : "2025-03-31",
    "sales" : 125.32,
    "salesGrowthYoY" : -42.91,
    "grossProfitMargin" : 160.71,
    "grossProfit" : 201.40,
    "operatingProfitMargin" : 75.49,
    "operatingProfit" : 94.60,
    "netProfitMargin" : 103.74,
    "netProfit" : 130.01
  }, {
    "date" : "2025-06-30",
    "sales" : 76.60,
    "salesGrowthYoY" : 7.36,
    "grossProfitMargin" : 119.87,
    "grossProfit" : 91.82,
    "operatingProfitMargin" : 28.55,
    "operatingProfit" : 21.87,
    "netProfitMargin" : 20.48,
    "netProfit" : 15.69
  }, {
    "date" : "2025-09-30",
    "sales" : 311.21,
    "salesGrowthYoY" : 493.01,
    "grossProfitMargin" : 26.88,
    "grossProfit" : 83.65,
    "operatingProfitMargin" : 7.04,
    "operatingProfit" : 21.91,
    "netProfitMargin" : 6.12,
    "netProfit" : 19.05
  } ],
  "latestQuarterlyResult" : {
    "date" : "2025-09-30",
    "sales" : 311.21,
    "salesGrowthYoY" : 493.01,
    "grossProfitMargin" : 26.88,
    "grossProfit" : 83.65,
    "operatingProfitMargin" : 7.04,
    "operatingProfit" : 21.91,
    "netProfitMargin" : 6.12,
    "netProfit" : 19.05
  },
  "companyScore" : {
    "priceHigherThanDma50" : 0.00,
    "priceHigherThanDma100" : 0.00,
    "priceHigherThanDma200" : 0.00,
    "dma50HigherThanDma100" : 0.00,
    "dma50HigherThanDma200" : 0.00,
    "dma100HigherThanDma200" : 0.00,
    "pricePercentageAboveDma50" : 5.06,
    "pricePercentageAboveDma100" : 5.28,
    "pricePercentageAboveDma200" : 5.49,
    "weeklyVolumeHigherThanYearlyVolume" : 0.00,
    "salesGrowthPercentile" : 19.49,
    "operatingProfitMarginPercentile" : 14.93,
    "netProfitMarginPercentile" : 8.27,
    "totalTechnicalScore" : 15.83,
    "totalFundamentalScore" : 42.69,
    "totalScore" : 58.52
  }
}