{
  "metadata" : {
    "screenerCompanyId" : "3323",
    "companyCode" : "HLEGLAS",
    "companyName" : "HLE Glascoat",
    "screenerCompanyLink" : "https://www.screener.in/company/HLEGLAS/consolidated/",
    "screenerTechnicalHistoryLink" : "https://www.screener.in/api/company/3323/chart/?q=Price-DMA50-DMA200-Volume&days=365",
    "screenerQuarterlyResultsLink" : "https://www.screener.in/api/company/3323/chart/?q=GPM-OPM-NPM-Quarter+Sales&days=10000",
    "attributes" : {
      "companyCode" : "HLEGLAS",
      "companyName" : "HLE Glascoat",
      "marketCap" : 2593.00,
      "peRatio" : 45.30,
      "description" : "HLE Glascoat Ltd is in the business of manufacturing and sales of glass lined equipment and filters and dryers equipment for various industries in the country.[1]"
    },
    "companyScore" : {
      "priceHigherThanDma50" : 0.00,
      "priceHigherThanDma100" : 0.00,
      "priceHigherThanDma200" : 0.00,
      "dma50HigherThanDma100" : 0.00,
      "dma50HigherThanDma200" : 5.00,
      "dma100HigherThanDma200" : 5.00,
      "pricePercentageAboveDma50" : 5.82,
      "pricePercentageAboveDma100" : 6.16,
      "pricePercentageAboveDma200" : 5.81,
      "weeklyVolumeHigherThanYearlyVolume" : 0.00,
      "salesGrowthPercentile" : 18.99,
      "operatingProfitMarginPercentile" : 9.12,
      "netProfitMarginPercentile" : 3.10,
      "totalTechnicalScore" : 27.79,
      "totalFundamentalScore" : 31.21,
      "totalScore" : 59.00
    }
  },
  "attributes" : {
    "companyCode" : "HLEGLAS",
    "companyName" : "HLE Glascoat",
    "marketCap" : 2593.00,
    "peRatio" : 45.30,
    "description" : "HLE Glascoat Ltd is in the business of manufacturing and sales of glass lined equipment and filters and dryers equipment for various industries in the country.[1]"
  },
  "technicalHistory" : [ {
    "date" : "2025-01-30",
    "price" : 308.00,
    "dma50" : 354.93,
    "dma100" : null,
    "dma200" : 408.39,
    "volume" : 27934.00
  }, {
    "date" : "2025-01-31",
    "price" : 319.05,
    "dma50" : 353.53,
    "dma100" : null,
    "dma200" : 407.50,
    "volume" : 116280.00
  }, {
    "date" : "2025-02-01",
    "price" : 324.95,
    "dma50" : 352.41,
    "dma100" : null,
    "dma200" : 406.68,
    "volume" : 106074.00
  }, {
    "date" : "2025-02-03",
    "price" : 318.45,
    "dma50" : 351.07,
    "dma100" : null,
    "dma200" : 405.80,
    "volume" : 30813.00
  }, {
    "date" : "2025-02-04",
    "price" : 317.55,
    "dma50" : 349.76,
    "dma100" : null,
    "dma200" : 404.92,
    "volume" : 37071.00
  }, {
    "date" : "2025-02-05",
    "price" : 319.05,
    "dma50" : 348.56,
    "dma100" : null,
    "dma200" : 404.07,
    "volume" : 48147.00
  }, {
    "date" : "2025-02-06",
    "price" : 316.95,
    "dma50" : 347.32,
    "dma100" : null,
    "dma200" : 403.20,
    "volume" : 42459.00
  }, {
    "date" : "2025-02-07",
    "price" : 313.90,
    "dma50" : 346.01,
    "dma100" : null,
    "dma200" : 402.31,
    "volume" : 19113.00
  }, {
    "date" : "2025-02-10",
    "price" : 306.00,
    "dma50" : 344.44,
    "dma100" : null,
    "dma200" : 401.35,
    "volume" : 27854.00
  }, {
    "date" : "2025-02-11",
    "price" : 289.35,
    "dma50" : 342.28,
    "dma100" : null,
    "dma200" : 400.24,
    "volume" : 75415.00
  }, {
    "date" : "2025-02-12",
    "price" : 278.25,
    "dma50" : 339.77,
    "dma100" : null,
    "dma200" : 399.02,
    "volume" : 92708.00
  }, {
    "date" : "2025-02-13",
    "price" : 276.75,
    "dma50" : 337.29,
    "dma100" : null,
    "dma200" : 397.81,
    "volume" : 67213.00
  }, {
    "date" : "2025-02-14",
    "price" : 271.85,
    "dma50" : 334.73,
    "dma100" : null,
    "dma200" : 396.55,
    "volume" : 68795.00
  }, {
    "date" : "2025-02-17",
    "price" : 277.00,
    "dma50" : 332.46,
    "dma100" : null,
    "dma200" : 395.36,
    "volume" : 127728.00
  }, {
    "date" : "2025-02-18",
    "price" : 260.05,
    "dma50" : 329.62,
    "dma100" : null,
    "dma200" : 394.02,
    "volume" : 119324.00
  }, {
    "date" : "2025-02-19",
    "price" : 260.70,
    "dma50" : 326.92,
    "dma100" : null,
    "dma200" : 392.69,
    "volume" : 89404.00
  }, {
    "date" : "2025-02-20",
    "price" : 262.90,
    "dma50" : 324.41,
    "dma100" : null,
    "dma200" : 391.40,
    "volume" : 52667.00
  }, {
    "date" : "2025-02-21",
    "price" : 265.40,
    "dma50" : 322.10,
    "dma100" : null,
    "dma200" : 390.15,
    "volume" : 55223.00
  }, {
    "date" : "2025-02-24",
    "price" : 266.10,
    "dma50" : 319.90,
    "dma100" : null,
    "dma200" : 388.91,
    "volume" : 46084.00
  }, {
    "date" : "2025-02-25",
    "price" : 261.45,
    "dma50" : 317.61,
    "dma100" : null,
    "dma200" : 387.64,
    "volume" : 21335.00
  }, {
    "date" : "2025-02-27",
    "price" : 254.35,
    "dma50" : 315.13,
    "dma100" : null,
    "dma200" : 386.32,
    "volume" : 45728.00
  }, {
    "date" : "2025-02-28",
    "price" : 243.05,
    "dma50" : 312.30,
    "dma100" : null,
    "dma200" : 384.89,
    "volume" : 66028.00
  }, {
    "date" : "2025-03-03",
    "price" : 238.72,
    "dma50" : 309.42,
    "dma100" : null,
    "dma200" : 383.44,
    "volume" : 93314.00
  }, {
    "date" : "2025-03-04",
    "price" : 236.43,
    "dma50" : 306.55,
    "dma100" : null,
    "dma200" : 381.97,
    "volume" : 99098.00
  }, {
    "date" : "2025-03-05",
    "price" : 247.32,
    "dma50" : 304.23,
    "dma100" : null,
    "dma200" : 380.63,
    "volume" : 79503.00
  }, {
    "date" : "2025-03-06",
    "price" : 253.38,
    "dma50" : 302.24,
    "dma100" : null,
    "dma200" : 379.37,
    "volume" : 61449.00
  }, {
    "date" : "2025-03-07",
    "price" : 253.04,
    "dma50" : 300.31,
    "dma100" : null,
    "dma200" : 378.11,
    "volume" : 91833.00
  }, {
    "date" : "2025-03-10",
    "price" : 240.41,
    "dma50" : 297.96,
    "dma100" : null,
    "dma200" : 376.74,
    "volume" : 63945.00
  }, {
    "date" : "2025-03-11",
    "price" : 236.79,
    "dma50" : 295.56,
    "dma100" : null,
    "dma200" : 375.35,
    "volume" : 74925.00
  }, {
    "date" : "2025-03-12",
    "price" : 224.41,
    "dma50" : 292.77,
    "dma100" : null,
    "dma200" : 373.85,
    "volume" : 163367.00
  }, {
    "date" : "2025-03-13",
    "price" : 223.97,
    "dma50" : 290.07,
    "dma100" : null,
    "dma200" : 372.36,
    "volume" : 139729.00
  }, {
    "date" : "2025-03-17",
    "price" : 227.54,
    "dma50" : 287.62,
    "dma100" : null,
    "dma200" : 370.91,
    "volume" : 165423.00
  }, {
    "date" : "2025-03-18",
    "price" : 231.54,
    "dma50" : 285.42,
    "dma100" : null,
    "dma200" : 369.53,
    "volume" : 152166.00
  }, {
    "date" : "2025-03-19",
    "price" : 253.34,
    "dma50" : 284.16,
    "dma100" : null,
    "dma200" : 368.37,
    "volume" : 392586.00
  }, {
    "date" : "2025-03-20",
    "price" : 251.67,
    "dma50" : 282.89,
    "dma100" : null,
    "dma200" : 367.21,
    "volume" : 118391.00
  }, {
    "date" : "2025-03-21",
    "price" : 253.85,
    "dma50" : 281.75,
    "dma100" : null,
    "dma200" : 366.08,
    "volume" : 182353.00
  }, {
    "date" : "2025-03-24",
    "price" : 252.94,
    "dma50" : 280.62,
    "dma100" : null,
    "dma200" : 364.96,
    "volume" : 153672.00
  }, {
    "date" : "2025-03-25",
    "price" : 245.76,
    "dma50" : 279.25,
    "dma100" : null,
    "dma200" : 363.77,
    "volume" : 78881.00
  }, {
    "date" : "2025-03-26",
    "price" : 237.42,
    "dma50" : 277.61,
    "dma100" : null,
    "dma200" : 362.51,
    "volume" : 107961.00
  }, {
    "date" : "2025-03-27",
    "price" : 231.54,
    "dma50" : 275.80,
    "dma100" : null,
    "dma200" : 361.21,
    "volume" : 169281.00
  }, {
    "date" : "2025-03-28",
    "price" : 250.39,
    "dma50" : 274.81,
    "dma100" : null,
    "dma200" : 360.11,
    "volume" : 250666.00
  }, {
    "date" : "2025-04-01",
    "price" : 268.80,
    "dma50" : 274.57,
    "dma100" : null,
    "dma200" : 359.20,
    "volume" : 495853.00
  }, {
    "date" : "2025-04-02",
    "price" : 277.05,
    "dma50" : 274.67,
    "dma100" : null,
    "dma200" : 358.38,
    "volume" : 99364.00
  }, {
    "date" : "2025-04-03",
    "price" : 277.25,
    "dma50" : 274.77,
    "dma100" : null,
    "dma200" : 357.57,
    "volume" : 77778.00
  }, {
    "date" : "2025-04-04",
    "price" : 266.35,
    "dma50" : 274.44,
    "dma100" : null,
    "dma200" : 356.67,
    "volume" : 66003.00
  }, {
    "date" : "2025-04-07",
    "price" : 251.85,
    "dma50" : 273.55,
    "dma100" : null,
    "dma200" : 355.62,
    "volume" : 67185.00
  }, {
    "date" : "2025-04-08",
    "price" : 269.80,
    "dma50" : 273.41,
    "dma100" : null,
    "dma200" : 354.77,
    "volume" : 101095.00
  }, {
    "date" : "2025-04-09",
    "price" : 263.35,
    "dma50" : 273.01,
    "dma100" : null,
    "dma200" : 353.86,
    "volume" : 34096.00
  }, {
    "date" : "2025-04-11",
    "price" : 274.25,
    "dma50" : 273.06,
    "dma100" : null,
    "dma200" : 353.07,
    "volume" : 66134.00
  }, {
    "date" : "2025-04-15",
    "price" : 278.05,
    "dma50" : 273.26,
    "dma100" : null,
    "dma200" : 352.32,
    "volume" : 44466.00
  }, {
    "date" : "2025-04-16",
    "price" : 275.90,
    "dma50" : 273.36,
    "dma100" : null,
    "dma200" : 351.56,
    "volume" : 43267.00
  }, {
    "date" : "2025-04-17",
    "price" : 277.90,
    "dma50" : 273.54,
    "dma100" : null,
    "dma200" : 350.83,
    "volume" : 53854.00
  }, {
    "date" : "2025-04-21",
    "price" : 278.75,
    "dma50" : 273.74,
    "dma100" : null,
    "dma200" : 350.11,
    "volume" : 55754.00
  }, {
    "date" : "2025-04-22",
    "price" : 283.35,
    "dma50" : 274.12,
    "dma100" : null,
    "dma200" : 349.45,
    "volume" : 50065.00
  }, {
    "date" : "2025-04-23",
    "price" : 282.10,
    "dma50" : 274.43,
    "dma100" : null,
    "dma200" : 348.78,
    "volume" : 46533.00
  }, {
    "date" : "2025-04-24",
    "price" : 281.55,
    "dma50" : 274.71,
    "dma100" : null,
    "dma200" : 348.11,
    "volume" : 22521.00
  }, {
    "date" : "2025-04-25",
    "price" : 272.40,
    "dma50" : 274.62,
    "dma100" : null,
    "dma200" : 347.35,
    "volume" : 49180.00
  }, {
    "date" : "2025-04-28",
    "price" : 271.30,
    "dma50" : 274.49,
    "dma100" : null,
    "dma200" : 346.60,
    "volume" : 23152.00
  }, {
    "date" : "2025-04-29",
    "price" : 274.80,
    "dma50" : 274.50,
    "dma100" : null,
    "dma200" : 345.88,
    "volume" : 28776.00
  }, {
    "date" : "2025-04-30",
    "price" : 272.00,
    "dma50" : 274.41,
    "dma100" : null,
    "dma200" : 345.15,
    "volume" : 142140.00
  }, {
    "date" : "2025-05-02",
    "price" : 269.00,
    "dma50" : 274.19,
    "dma100" : null,
    "dma200" : 344.39,
    "volume" : 35077.00
  }, {
    "date" : "2025-05-05",
    "price" : 270.35,
    "dma50" : 274.04,
    "dma100" : null,
    "dma200" : 343.65,
    "volume" : 38673.00
  }, {
    "date" : "2025-05-06",
    "price" : 262.05,
    "dma50" : 273.57,
    "dma100" : null,
    "dma200" : 342.84,
    "volume" : 37887.00
  }, {
    "date" : "2025-05-07",
    "price" : 263.35,
    "dma50" : 273.17,
    "dma100" : null,
    "dma200" : 342.05,
    "volume" : 27099.00
  }, {
    "date" : "2025-05-08",
    "price" : 265.30,
    "dma50" : 272.86,
    "dma100" : null,
    "dma200" : 341.29,
    "volume" : 41438.00
  }, {
    "date" : "2025-05-09",
    "price" : 263.20,
    "dma50" : 272.48,
    "dma100" : null,
    "dma200" : 340.51,
    "volume" : 31850.00
  }, {
    "date" : "2025-05-12",
    "price" : 272.05,
    "dma50" : 272.47,
    "dma100" : null,
    "dma200" : 339.83,
    "volume" : 40660.00
  }, {
    "date" : "2025-05-13",
    "price" : 284.25,
    "dma50" : 272.93,
    "dma100" : null,
    "dma200" : 339.28,
    "volume" : 94812.00
  }, {
    "date" : "2025-05-14",
    "price" : 287.50,
    "dma50" : 273.50,
    "dma100" : null,
    "dma200" : 338.76,
    "volume" : 55354.00
  }, {
    "date" : "2025-05-15",
    "price" : 289.10,
    "dma50" : 274.11,
    "dma100" : null,
    "dma200" : 338.27,
    "volume" : 41046.00
  }, {
    "date" : "2025-05-16",
    "price" : 296.40,
    "dma50" : 274.99,
    "dma100" : null,
    "dma200" : 337.85,
    "volume" : 46493.00
  }, {
    "date" : "2025-05-19",
    "price" : 302.20,
    "dma50" : 276.05,
    "dma100" : null,
    "dma200" : 337.49,
    "volume" : 88603.00
  }, {
    "date" : "2025-05-20",
    "price" : 362.60,
    "dma50" : 279.45,
    "dma100" : null,
    "dma200" : 337.74,
    "volume" : 208195.00
  }, {
    "date" : "2025-05-21",
    "price" : 393.80,
    "dma50" : 283.93,
    "dma100" : null,
    "dma200" : 338.30,
    "volume" : 3455130.00
  }, {
    "date" : "2025-05-22",
    "price" : 388.75,
    "dma50" : 288.04,
    "dma100" : null,
    "dma200" : 338.80,
    "volume" : 322950.00
  }, {
    "date" : "2025-05-23",
    "price" : 403.85,
    "dma50" : 292.58,
    "dma100" : null,
    "dma200" : 339.45,
    "volume" : 756227.00
  }, {
    "date" : "2025-05-26",
    "price" : 429.55,
    "dma50" : 297.95,
    "dma100" : null,
    "dma200" : 340.35,
    "volume" : 824050.00
  }, {
    "date" : "2025-05-27",
    "price" : 433.70,
    "dma50" : 303.28,
    "dma100" : null,
    "dma200" : 341.28,
    "volume" : 357824.00
  }, {
    "date" : "2025-05-28",
    "price" : 425.85,
    "dma50" : 308.08,
    "dma100" : null,
    "dma200" : 342.12,
    "volume" : 130003.00
  }, {
    "date" : "2025-05-29",
    "price" : 420.70,
    "dma50" : 312.50,
    "dma100" : null,
    "dma200" : 342.90,
    "volume" : 113128.00
  }, {
    "date" : "2025-05-30",
    "price" : 425.50,
    "dma50" : 316.93,
    "dma100" : null,
    "dma200" : 343.72,
    "volume" : 115683.00
  }, {
    "date" : "2025-06-02",
    "price" : 423.60,
    "dma50" : 321.12,
    "dma100" : null,
    "dma200" : 344.52,
    "volume" : 124558.00
  }, {
    "date" : "2025-06-03",
    "price" : 421.45,
    "dma50" : 325.05,
    "dma100" : null,
    "dma200" : 345.28,
    "volume" : 87505.00
  }, {
    "date" : "2025-06-04",
    "price" : 413.15,
    "dma50" : 328.51,
    "dma100" : null,
    "dma200" : 345.96,
    "volume" : 94415.00
  }, {
    "date" : "2025-06-05",
    "price" : 417.35,
    "dma50" : 331.99,
    "dma100" : null,
    "dma200" : 346.67,
    "volume" : 58475.00
  }, {
    "date" : "2025-06-06",
    "price" : 428.95,
    "dma50" : 335.79,
    "dma100" : null,
    "dma200" : 347.49,
    "volume" : 153057.00
  }, {
    "date" : "2025-06-09",
    "price" : 422.75,
    "dma50" : 339.20,
    "dma100" : null,
    "dma200" : 348.24,
    "volume" : 330649.00
  }, {
    "date" : "2025-06-10",
    "price" : 424.20,
    "dma50" : 342.54,
    "dma100" : null,
    "dma200" : 348.99,
    "volume" : 86226.00
  }, {
    "date" : "2025-06-11",
    "price" : 464.80,
    "dma50" : 347.33,
    "dma100" : null,
    "dma200" : 350.14,
    "volume" : 881787.00
  }, {
    "date" : "2025-06-12",
    "price" : 443.95,
    "dma50" : 351.12,
    "dma100" : null,
    "dma200" : 351.08,
    "volume" : 249207.00
  }, {
    "date" : "2025-06-13",
    "price" : 436.00,
    "dma50" : 354.45,
    "dma100" : null,
    "dma200" : 351.92,
    "volume" : 240480.00
  }, {
    "date" : "2025-06-16",
    "price" : 431.05,
    "dma50" : 357.45,
    "dma100" : null,
    "dma200" : 352.71,
    "volume" : 283772.00
  }, {
    "date" : "2025-06-17",
    "price" : 442.40,
    "dma50" : 360.78,
    "dma100" : null,
    "dma200" : 353.60,
    "volume" : 336619.00
  }, {
    "date" : "2025-06-18",
    "price" : 432.50,
    "dma50" : 363.60,
    "dma100" : null,
    "dma200" : 354.39,
    "volume" : 115191.00
  }, {
    "date" : "2025-06-19",
    "price" : 419.15,
    "dma50" : 365.77,
    "dma100" : null,
    "dma200" : 355.03,
    "volume" : 207043.00
  }, {
    "date" : "2025-06-20",
    "price" : 423.90,
    "dma50" : 368.05,
    "dma100" : null,
    "dma200" : 355.72,
    "volume" : 65831.00
  }, {
    "date" : "2025-06-23",
    "price" : 435.85,
    "dma50" : 370.71,
    "dma100" : null,
    "dma200" : 356.51,
    "volume" : 215677.00
  }, {
    "date" : "2025-06-24",
    "price" : 458.95,
    "dma50" : 374.17,
    "dma100" : null,
    "dma200" : 357.53,
    "volume" : 336101.00
  }, {
    "date" : "2025-06-25",
    "price" : 472.85,
    "dma50" : 378.04,
    "dma100" : null,
    "dma200" : 358.68,
    "volume" : 483462.00
  }, {
    "date" : "2025-06-26",
    "price" : 456.00,
    "dma50" : 381.10,
    "dma100" : null,
    "dma200" : 359.65,
    "volume" : 188138.00
  }, {
    "date" : "2025-06-27",
    "price" : 445.35,
    "dma50" : 383.62,
    "dma100" : 315.14,
    "dma200" : 360.50,
    "volume" : 171605.00
  }, {
    "date" : "2025-06-30",
    "price" : 469.35,
    "dma50" : 386.98,
    "dma100" : 316.64,
    "dma200" : 361.59,
    "volume" : 490563.00
  }, {
    "date" : "2025-07-01",
    "price" : 471.85,
    "dma50" : 390.31,
    "dma100" : 318.11,
    "dma200" : 362.68,
    "volume" : 217731.00
  }, {
    "date" : "2025-07-02",
    "price" : 462.90,
    "dma50" : 393.16,
    "dma100" : 319.55,
    "dma200" : 363.68,
    "volume" : 174708.00
  }, {
    "date" : "2025-07-03",
    "price" : 461.10,
    "dma50" : 395.82,
    "dma100" : 320.99,
    "dma200" : 364.65,
    "volume" : 85958.00
  }, {
    "date" : "2025-07-04",
    "price" : 447.90,
    "dma50" : 397.86,
    "dma100" : 322.28,
    "dma200" : 365.48,
    "volume" : 195583.00
  }, {
    "date" : "2025-07-07",
    "price" : 428.80,
    "dma50" : 399.08,
    "dma100" : 323.40,
    "dma200" : 366.11,
    "volume" : 246135.00
  }, {
    "date" : "2025-07-08",
    "price" : 426.55,
    "dma50" : 400.15,
    "dma100" : 324.52,
    "dma200" : 366.71,
    "volume" : 100404.00
  }, {
    "date" : "2025-07-09",
    "price" : 420.25,
    "dma50" : 400.94,
    "dma100" : 325.66,
    "dma200" : 367.24,
    "volume" : 141173.00
  }, {
    "date" : "2025-07-10",
    "price" : 417.15,
    "dma50" : 401.58,
    "dma100" : 326.94,
    "dma200" : 367.74,
    "volume" : 168758.00
  }, {
    "date" : "2025-07-11",
    "price" : 416.00,
    "dma50" : 402.14,
    "dma100" : 328.32,
    "dma200" : 368.22,
    "volume" : 110057.00
  }, {
    "date" : "2025-07-14",
    "price" : 407.50,
    "dma50" : 402.35,
    "dma100" : 329.63,
    "dma200" : 368.61,
    "volume" : 95025.00
  }, {
    "date" : "2025-07-15",
    "price" : 426.05,
    "dma50" : 403.28,
    "dma100" : 331.17,
    "dma200" : 369.18,
    "volume" : 164046.00
  }, {
    "date" : "2025-07-16",
    "price" : 416.95,
    "dma50" : 403.82,
    "dma100" : 332.57,
    "dma200" : 369.66,
    "volume" : 70533.00
  }, {
    "date" : "2025-07-17",
    "price" : 418.35,
    "dma50" : 404.39,
    "dma100" : 334.15,
    "dma200" : 370.14,
    "volume" : 52225.00
  }, {
    "date" : "2025-07-18",
    "price" : 414.55,
    "dma50" : 404.79,
    "dma100" : 335.69,
    "dma200" : 370.58,
    "volume" : 52121.00
  }, {
    "date" : "2025-07-21",
    "price" : 407.85,
    "dma50" : 404.91,
    "dma100" : 337.14,
    "dma200" : 370.95,
    "volume" : 92249.00
  }, {
    "date" : "2025-07-22",
    "price" : 413.00,
    "dma50" : 405.22,
    "dma100" : 338.62,
    "dma200" : 371.37,
    "volume" : 46919.00
  }, {
    "date" : "2025-07-23",
    "price" : 423.05,
    "dma50" : 405.92,
    "dma100" : 340.19,
    "dma200" : 371.89,
    "volume" : 129282.00
  }, {
    "date" : "2025-07-24",
    "price" : 447.10,
    "dma50" : 407.54,
    "dma100" : 342.04,
    "dma200" : 372.63,
    "volume" : 352524.00
  }, {
    "date" : "2025-07-25",
    "price" : 429.80,
    "dma50" : 408.41,
    "dma100" : 343.80,
    "dma200" : 373.20,
    "volume" : 1021529.00
  }, {
    "date" : "2025-07-28",
    "price" : 431.45,
    "dma50" : 409.31,
    "dma100" : 345.68,
    "dma200" : 373.78,
    "volume" : 167365.00
  }, {
    "date" : "2025-07-29",
    "price" : 423.00,
    "dma50" : 409.85,
    "dma100" : 347.52,
    "dma200" : 374.27,
    "volume" : 106448.00
  }, {
    "date" : "2025-07-30",
    "price" : 429.75,
    "dma50" : 410.63,
    "dma100" : 349.46,
    "dma200" : 374.82,
    "volume" : 91569.00
  }, {
    "date" : "2025-07-31",
    "price" : 447.35,
    "dma50" : 412.07,
    "dma100" : 351.46,
    "dma200" : 375.55,
    "volume" : 291501.00
  }, {
    "date" : "2025-08-01",
    "price" : 437.25,
    "dma50" : 413.06,
    "dma100" : 353.30,
    "dma200" : 376.16,
    "volume" : 119385.00
  }, {
    "date" : "2025-08-04",
    "price" : 434.55,
    "dma50" : 413.90,
    "dma100" : 355.11,
    "dma200" : 376.74,
    "volume" : 88577.00
  }, {
    "date" : "2025-08-05",
    "price" : 429.80,
    "dma50" : 414.52,
    "dma100" : 357.00,
    "dma200" : 377.27,
    "volume" : 65881.00
  }, {
    "date" : "2025-08-06",
    "price" : 421.35,
    "dma50" : 414.79,
    "dma100" : 358.85,
    "dma200" : 377.71,
    "volume" : 55549.00
  }, {
    "date" : "2025-08-07",
    "price" : 427.70,
    "dma50" : 415.30,
    "dma100" : 360.88,
    "dma200" : 378.20,
    "volume" : 126069.00
  }, {
    "date" : "2025-08-08",
    "price" : 430.05,
    "dma50" : 415.88,
    "dma100" : 362.94,
    "dma200" : 378.72,
    "volume" : 103313.00
  }, {
    "date" : "2025-08-11",
    "price" : 436.60,
    "dma50" : 416.69,
    "dma100" : 365.03,
    "dma200" : 379.30,
    "volume" : 124430.00
  }, {
    "date" : "2025-08-12",
    "price" : 446.35,
    "dma50" : 417.85,
    "dma100" : 367.18,
    "dma200" : 379.96,
    "volume" : 942626.00
  }, {
    "date" : "2025-08-13",
    "price" : 429.40,
    "dma50" : 418.31,
    "dma100" : 368.94,
    "dma200" : 380.46,
    "volume" : 136026.00
  }, {
    "date" : "2025-08-14",
    "price" : 422.20,
    "dma50" : 418.46,
    "dma100" : 370.65,
    "dma200" : 380.87,
    "volume" : 150729.00
  }, {
    "date" : "2025-08-18",
    "price" : 415.80,
    "dma50" : 418.35,
    "dma100" : 372.27,
    "dma200" : 381.22,
    "volume" : 115029.00
  }, {
    "date" : "2025-08-19",
    "price" : 498.95,
    "dma50" : 421.51,
    "dma100" : 374.73,
    "dma200" : 382.39,
    "volume" : 8109929.00
  }, {
    "date" : "2025-08-20",
    "price" : 535.20,
    "dma50" : 425.97,
    "dma100" : 377.62,
    "dma200" : 383.91,
    "volume" : 7632449.00
  }, {
    "date" : "2025-08-21",
    "price" : 507.10,
    "dma50" : 429.15,
    "dma100" : 380.32,
    "dma200" : 385.14,
    "volume" : 1023343.00
  }, {
    "date" : "2025-08-22",
    "price" : 523.25,
    "dma50" : 432.84,
    "dma100" : 383.24,
    "dma200" : 386.51,
    "volume" : 1312758.00
  }, {
    "date" : "2025-08-25",
    "price" : 542.95,
    "dma50" : 437.16,
    "dma100" : 386.16,
    "dma200" : 388.07,
    "volume" : 1479620.00
  }, {
    "date" : "2025-08-26",
    "price" : 530.30,
    "dma50" : 440.81,
    "dma100" : 388.78,
    "dma200" : 389.48,
    "volume" : 355394.00
  }, {
    "date" : "2025-08-28",
    "price" : 510.00,
    "dma50" : 443.53,
    "dma100" : 391.11,
    "dma200" : 390.68,
    "volume" : 308473.00
  }, {
    "date" : "2025-08-29",
    "price" : 525.95,
    "dma50" : 446.76,
    "dma100" : 393.59,
    "dma200" : 392.03,
    "volume" : 595381.00
  }, {
    "date" : "2025-09-01",
    "price" : 545.30,
    "dma50" : 450.62,
    "dma100" : 396.38,
    "dma200" : 393.55,
    "volume" : 493386.00
  }, {
    "date" : "2025-09-02",
    "price" : 527.45,
    "dma50" : 453.64,
    "dma100" : 399.14,
    "dma200" : 394.89,
    "volume" : 521769.00
  }, {
    "date" : "2025-09-03",
    "price" : 534.70,
    "dma50" : 456.82,
    "dma100" : 401.79,
    "dma200" : 396.28,
    "volume" : 204874.00
  }, {
    "date" : "2025-09-04",
    "price" : 527.15,
    "dma50" : 459.57,
    "dma100" : 404.43,
    "dma200" : 397.58,
    "volume" : 209390.00
  }, {
    "date" : "2025-09-05",
    "price" : 549.80,
    "dma50" : 463.11,
    "dma100" : 407.18,
    "dma200" : 399.09,
    "volume" : 1140174.00
  }, {
    "date" : "2025-09-08",
    "price" : 573.85,
    "dma50" : 467.46,
    "dma100" : 410.14,
    "dma200" : 400.83,
    "volume" : 729855.00
  }, {
    "date" : "2025-09-09",
    "price" : 564.00,
    "dma50" : 471.24,
    "dma100" : 413.02,
    "dma200" : 402.46,
    "volume" : 321920.00
  }, {
    "date" : "2025-09-10",
    "price" : 559.15,
    "dma50" : 474.69,
    "dma100" : 415.83,
    "dma200" : 404.01,
    "volume" : 369022.00
  }, {
    "date" : "2025-09-11",
    "price" : 535.75,
    "dma50" : 477.08,
    "dma100" : 418.40,
    "dma200" : 405.33,
    "volume" : 313948.00
  }, {
    "date" : "2025-09-12",
    "price" : 521.25,
    "dma50" : 478.82,
    "dma100" : 420.78,
    "dma200" : 406.48,
    "volume" : 280419.00
  }, {
    "date" : "2025-09-15",
    "price" : 520.80,
    "dma50" : 480.46,
    "dma100" : 423.17,
    "dma200" : 407.62,
    "volume" : 193282.00
  }, {
    "date" : "2025-09-16",
    "price" : 512.50,
    "dma50" : 481.72,
    "dma100" : 425.48,
    "dma200" : 408.66,
    "volume" : 311353.00
  }, {
    "date" : "2025-09-17",
    "price" : 508.20,
    "dma50" : 482.76,
    "dma100" : 427.84,
    "dma200" : 409.65,
    "volume" : 140613.00
  }, {
    "date" : "2025-09-18",
    "price" : 514.35,
    "dma50" : 484.00,
    "dma100" : 430.27,
    "dma200" : 410.69,
    "volume" : 207997.00
  }, {
    "date" : "2025-09-19",
    "price" : 523.00,
    "dma50" : 485.53,
    "dma100" : 432.75,
    "dma200" : 411.81,
    "volume" : 174422.00
  }, {
    "date" : "2025-09-22",
    "price" : 509.65,
    "dma50" : 486.47,
    "dma100" : 435.12,
    "dma200" : 412.78,
    "volume" : 241069.00
  }, {
    "date" : "2025-09-23",
    "price" : 531.45,
    "dma50" : 488.24,
    "dma100" : 437.75,
    "dma200" : 413.96,
    "volume" : 453396.00
  }, {
    "date" : "2025-09-24",
    "price" : 518.35,
    "dma50" : 489.42,
    "dma100" : 440.23,
    "dma200" : 415.00,
    "volume" : 130991.00
  }, {
    "date" : "2025-09-25",
    "price" : 512.50,
    "dma50" : 490.32,
    "dma100" : 442.73,
    "dma200" : 415.97,
    "volume" : 163418.00
  }, {
    "date" : "2025-09-26",
    "price" : 474.65,
    "dma50" : 489.71,
    "dma100" : 444.85,
    "dma200" : 416.56,
    "volume" : 609828.00
  }, {
    "date" : "2025-09-29",
    "price" : 462.55,
    "dma50" : 488.64,
    "dma100" : 446.82,
    "dma200" : 417.01,
    "volume" : 289827.00
  }, {
    "date" : "2025-09-30",
    "price" : 449.05,
    "dma50" : 487.09,
    "dma100" : 448.68,
    "dma200" : 417.33,
    "volume" : 253638.00
  }, {
    "date" : "2025-10-01",
    "price" : 462.55,
    "dma50" : 486.13,
    "dma100" : 450.58,
    "dma200" : 417.78,
    "volume" : 158019.00
  }, {
    "date" : "2025-10-03",
    "price" : 466.15,
    "dma50" : 485.34,
    "dma100" : 452.40,
    "dma200" : 418.26,
    "volume" : 144790.00
  }, {
    "date" : "2025-10-06",
    "price" : 468.05,
    "dma50" : 484.67,
    "dma100" : 454.21,
    "dma200" : 418.76,
    "volume" : 351193.00
  }, {
    "date" : "2025-10-07",
    "price" : 488.25,
    "dma50" : 484.81,
    "dma100" : 456.20,
    "dma200" : 419.45,
    "volume" : 511618.00
  }, {
    "date" : "2025-10-08",
    "price" : 500.15,
    "dma50" : 485.41,
    "dma100" : 458.24,
    "dma200" : 420.25,
    "volume" : 778589.00
  }, {
    "date" : "2025-10-09",
    "price" : 518.85,
    "dma50" : 486.72,
    "dma100" : 460.40,
    "dma200" : 421.24,
    "volume" : 268928.00
  }, {
    "date" : "2025-10-10",
    "price" : 500.70,
    "dma50" : 487.27,
    "dma100" : 461.78,
    "dma200" : 422.03,
    "volume" : 146535.00
  }, {
    "date" : "2025-10-13",
    "price" : 527.45,
    "dma50" : 488.84,
    "dma100" : 463.12,
    "dma200" : 423.07,
    "volume" : 506042.00
  }, {
    "date" : "2025-10-14",
    "price" : 509.25,
    "dma50" : 489.64,
    "dma100" : 464.33,
    "dma200" : 423.93,
    "volume" : 139067.00
  }, {
    "date" : "2025-10-15",
    "price" : 497.30,
    "dma50" : 489.94,
    "dma100" : 465.26,
    "dma200" : 424.66,
    "volume" : 172318.00
  }, {
    "date" : "2025-10-16",
    "price" : 500.50,
    "dma50" : 490.36,
    "dma100" : 465.97,
    "dma200" : 425.42,
    "volume" : 102288.00
  }, {
    "date" : "2025-10-17",
    "price" : 487.65,
    "dma50" : 490.25,
    "dma100" : 466.51,
    "dma200" : 426.04,
    "volume" : 122352.00
  }, {
    "date" : "2025-10-20",
    "price" : 526.00,
    "dma50" : 491.65,
    "dma100" : 467.51,
    "dma200" : 427.03,
    "volume" : 649808.00
  }, {
    "date" : "2025-10-21",
    "price" : 538.50,
    "dma50" : 493.49,
    "dma100" : 468.69,
    "dma200" : 428.14,
    "volume" : 176369.00
  }, {
    "date" : "2025-10-23",
    "price" : 525.80,
    "dma50" : 494.76,
    "dma100" : 469.69,
    "dma200" : 429.11,
    "volume" : 163137.00
  }, {
    "date" : "2025-10-24",
    "price" : 528.00,
    "dma50" : 496.06,
    "dma100" : 470.74,
    "dma200" : 430.10,
    "volume" : 233407.00
  }, {
    "date" : "2025-10-27",
    "price" : 524.60,
    "dma50" : 497.18,
    "dma100" : 471.77,
    "dma200" : 431.04,
    "volume" : 117456.00
  }, {
    "date" : "2025-10-28",
    "price" : 550.70,
    "dma50" : 499.28,
    "dma100" : 473.14,
    "dma200" : 432.23,
    "volume" : 1934363.00
  }, {
    "date" : "2025-10-29",
    "price" : 570.85,
    "dma50" : 502.09,
    "dma100" : 474.68,
    "dma200" : 433.61,
    "volume" : 854244.00
  }, {
    "date" : "2025-10-30",
    "price" : 572.65,
    "dma50" : 504.85,
    "dma100" : 476.11,
    "dma200" : 434.99,
    "volume" : 428095.00
  }, {
    "date" : "2025-10-31",
    "price" : 573.70,
    "dma50" : 507.55,
    "dma100" : 477.62,
    "dma200" : 436.37,
    "volume" : 333984.00
  }, {
    "date" : "2025-11-03",
    "price" : 645.00,
    "dma50" : 512.94,
    "dma100" : 479.83,
    "dma200" : 438.45,
    "volume" : 4542276.00
  }, {
    "date" : "2025-11-04",
    "price" : 623.45,
    "dma50" : 517.28,
    "dma100" : 481.42,
    "dma200" : 440.29,
    "volume" : 651773.00
  }, {
    "date" : "2025-11-06",
    "price" : 591.75,
    "dma50" : 520.20,
    "dma100" : 482.90,
    "dma200" : 441.79,
    "volume" : 381742.00
  }, {
    "date" : "2025-11-07",
    "price" : 583.10,
    "dma50" : 522.66,
    "dma100" : 484.37,
    "dma200" : 443.20,
    "volume" : 384577.00
  }, {
    "date" : "2025-11-10",
    "price" : 585.75,
    "dma50" : 525.14,
    "dma100" : 485.91,
    "dma200" : 444.62,
    "volume" : 530106.00
  }, {
    "date" : "2025-11-11",
    "price" : 504.30,
    "dma50" : 524.32,
    "dma100" : 486.53,
    "dma200" : 445.21,
    "volume" : 3442185.00
  }, {
    "date" : "2025-11-12",
    "price" : 502.85,
    "dma50" : 523.48,
    "dma100" : 487.24,
    "dma200" : 445.79,
    "volume" : 480095.00
  }, {
    "date" : "2025-11-13",
    "price" : 496.20,
    "dma50" : 522.41,
    "dma100" : 488.01,
    "dma200" : 446.29,
    "volume" : 212307.00
  }, {
    "date" : "2025-11-14",
    "price" : 486.30,
    "dma50" : 520.99,
    "dma100" : 488.63,
    "dma200" : 446.69,
    "volume" : 336337.00
  }, {
    "date" : "2025-11-17",
    "price" : 490.45,
    "dma50" : 519.80,
    "dma100" : 489.18,
    "dma200" : 447.12,
    "volume" : 324666.00
  }, {
    "date" : "2025-11-18",
    "price" : 482.15,
    "dma50" : 518.32,
    "dma100" : 489.41,
    "dma200" : 447.47,
    "volume" : 165314.00
  }, {
    "date" : "2025-11-19",
    "price" : 484.90,
    "dma50" : 517.01,
    "dma100" : 489.53,
    "dma200" : 447.84,
    "volume" : 161601.00
  }, {
    "date" : "2025-11-20",
    "price" : 484.10,
    "dma50" : 515.72,
    "dma100" : 489.81,
    "dma200" : 448.20,
    "volume" : 136655.00
  }, {
    "date" : "2025-11-21",
    "price" : 469.55,
    "dma50" : 513.91,
    "dma100" : 490.05,
    "dma200" : 448.41,
    "volume" : 211174.00
  }, {
    "date" : "2025-11-24",
    "price" : 449.65,
    "dma50" : 511.39,
    "dma100" : 489.86,
    "dma200" : 448.43,
    "volume" : 165743.00
  }, {
    "date" : "2025-11-25",
    "price" : 454.10,
    "dma50" : 509.14,
    "dma100" : 489.68,
    "dma200" : 448.48,
    "volume" : 132307.00
  }, {
    "date" : "2025-11-26",
    "price" : 464.25,
    "dma50" : 507.38,
    "dma100" : 489.69,
    "dma200" : 448.64,
    "volume" : 116339.00
  }, {
    "date" : "2025-11-27",
    "price" : 474.15,
    "dma50" : 506.08,
    "dma100" : 489.82,
    "dma200" : 448.89,
    "volume" : 146295.00
  }, {
    "date" : "2025-11-28",
    "price" : 475.15,
    "dma50" : 504.86,
    "dma100" : 490.09,
    "dma200" : 449.16,
    "volume" : 106390.00
  }, {
    "date" : "2025-12-01",
    "price" : 470.85,
    "dma50" : 503.53,
    "dma100" : 490.52,
    "dma200" : 449.37,
    "volume" : 124917.00
  }, {
    "date" : "2025-12-02",
    "price" : 459.20,
    "dma50" : 501.79,
    "dma100" : 490.84,
    "dma200" : 449.47,
    "volume" : 85195.00
  }, {
    "date" : "2025-12-03",
    "price" : 458.30,
    "dma50" : 500.09,
    "dma100" : 491.22,
    "dma200" : 449.56,
    "volume" : 76541.00
  }, {
    "date" : "2025-12-04",
    "price" : 451.45,
    "dma50" : 498.18,
    "dma100" : 491.57,
    "dma200" : 449.58,
    "volume" : 76108.00
  }, {
    "date" : "2025-12-05",
    "price" : 450.90,
    "dma50" : 496.33,
    "dma100" : 491.91,
    "dma200" : 449.59,
    "volume" : 71385.00
  }, {
    "date" : "2025-12-08",
    "price" : 435.75,
    "dma50" : 493.95,
    "dma100" : 492.20,
    "dma200" : 449.45,
    "volume" : 154096.00
  }, {
    "date" : "2025-12-09",
    "price" : 455.80,
    "dma50" : 492.45,
    "dma100" : 492.49,
    "dma200" : 449.51,
    "volume" : 165154.00
  }, {
    "date" : "2025-12-10",
    "price" : 452.00,
    "dma50" : 490.87,
    "dma100" : 492.84,
    "dma200" : 449.54,
    "volume" : 56901.00
  }, {
    "date" : "2025-12-11",
    "price" : 469.50,
    "dma50" : 490.03,
    "dma100" : 493.36,
    "dma200" : 449.74,
    "volume" : 108699.00
  }, {
    "date" : "2025-12-12",
    "price" : 461.50,
    "dma50" : 488.91,
    "dma100" : 493.83,
    "dma200" : 449.86,
    "volume" : 55316.00
  }, {
    "date" : "2025-12-15",
    "price" : 462.00,
    "dma50" : 487.86,
    "dma100" : 494.37,
    "dma200" : 449.98,
    "volume" : 32531.00
  }, {
    "date" : "2025-12-16",
    "price" : 456.40,
    "dma50" : 486.62,
    "dma100" : 494.80,
    "dma200" : 450.04,
    "volume" : 32625.00
  }, {
    "date" : "2025-12-17",
    "price" : 452.25,
    "dma50" : 485.27,
    "dma100" : 495.09,
    "dma200" : 450.06,
    "volume" : 39064.00
  }, {
    "date" : "2025-12-18",
    "price" : 442.50,
    "dma50" : 483.60,
    "dma100" : 495.05,
    "dma200" : 449.99,
    "volume" : 47697.00
  }, {
    "date" : "2025-12-19",
    "price" : 445.20,
    "dma50" : 482.09,
    "dma100" : 495.20,
    "dma200" : 449.94,
    "volume" : 63251.00
  }, {
    "date" : "2025-12-22",
    "price" : 461.95,
    "dma50" : 481.30,
    "dma100" : 495.51,
    "dma200" : 450.06,
    "volume" : 162226.00
  }, {
    "date" : "2025-12-23",
    "price" : 453.00,
    "dma50" : 480.19,
    "dma100" : 495.81,
    "dma200" : 450.09,
    "volume" : 64257.00
  }, {
    "date" : "2025-12-24",
    "price" : 450.70,
    "dma50" : 479.03,
    "dma100" : 496.02,
    "dma200" : 450.09,
    "volume" : 24309.00
  }, {
    "date" : "2025-12-26",
    "price" : 442.70,
    "dma50" : 477.61,
    "dma100" : 495.97,
    "dma200" : 450.02,
    "volume" : 38388.00
  }, {
    "date" : "2025-12-29",
    "price" : 442.80,
    "dma50" : 476.24,
    "dma100" : 496.02,
    "dma200" : 449.95,
    "volume" : 84356.00
  }, {
    "date" : "2025-12-30",
    "price" : 435.30,
    "dma50" : 474.64,
    "dma100" : 496.03,
    "dma200" : 449.80,
    "volume" : 50629.00
  }, {
    "date" : "2025-12-31",
    "price" : 439.15,
    "dma50" : 473.25,
    "dma100" : 496.13,
    "dma200" : 449.70,
    "volume" : 99845.00
  }, {
    "date" : "2026-01-01",
    "price" : 440.65,
    "dma50" : 471.97,
    "dma100" : 496.32,
    "dma200" : 449.61,
    "volume" : 28253.00
  }, {
    "date" : "2026-01-02",
    "price" : 449.15,
    "dma50" : 471.07,
    "dma100" : 496.53,
    "dma200" : 449.60,
    "volume" : 64291.00
  }, {
    "date" : "2026-01-05",
    "price" : 443.05,
    "dma50" : 469.97,
    "dma100" : 496.66,
    "dma200" : 449.54,
    "volume" : 68738.00
  }, {
    "date" : "2026-01-06",
    "price" : 434.55,
    "dma50" : 468.59,
    "dma100" : 496.64,
    "dma200" : 449.39,
    "volume" : 73893.00
  }, {
    "date" : "2026-01-07",
    "price" : 444.10,
    "dma50" : 467.63,
    "dma100" : 496.62,
    "dma200" : 449.34,
    "volume" : 57863.00
  }, {
    "date" : "2026-01-08",
    "price" : 446.15,
    "dma50" : 466.78,
    "dma100" : 496.79,
    "dma200" : 449.30,
    "volume" : 295585.00
  }, {
    "date" : "2026-01-09",
    "price" : 445.55,
    "dma50" : 465.95,
    "dma100" : 497.02,
    "dma200" : 449.27,
    "volume" : 153890.00
  }, {
    "date" : "2026-01-12",
    "price" : 438.05,
    "dma50" : 464.86,
    "dma100" : 497.24,
    "dma200" : 449.15,
    "volume" : 96313.00
  }, {
    "date" : "2026-01-13",
    "price" : 448.80,
    "dma50" : 464.23,
    "dma100" : 496.74,
    "dma200" : 449.15,
    "volume" : 66204.00
  }, {
    "date" : "2026-01-14",
    "price" : 443.25,
    "dma50" : 463.40,
    "dma100" : 495.82,
    "dma200" : 449.09,
    "volume" : 48854.00
  }, {
    "date" : "2026-01-16",
    "price" : 440.05,
    "dma50" : 462.49,
    "dma100" : 495.15,
    "dma200" : 449.00,
    "volume" : 35385.00
  }, {
    "date" : "2026-01-19",
    "price" : 435.30,
    "dma50" : 461.42,
    "dma100" : 494.27,
    "dma200" : 448.87,
    "volume" : 38766.00
  }, {
    "date" : "2026-01-20",
    "price" : 414.45,
    "dma50" : 459.58,
    "dma100" : 492.99,
    "dma200" : 448.52,
    "volume" : 297783.00
  }, {
    "date" : "2026-01-21",
    "price" : 411.00,
    "dma50" : 457.67,
    "dma100" : 491.80,
    "dma200" : 448.15,
    "volume" : 116682.00
  }, {
    "date" : "2026-01-22",
    "price" : 406.15,
    "dma50" : 455.65,
    "dma100" : 490.76,
    "dma200" : 447.73,
    "volume" : 68020.00
  }, {
    "date" : "2026-01-23",
    "price" : 396.15,
    "dma50" : 453.32,
    "dma100" : 489.46,
    "dma200" : 447.22,
    "volume" : 97134.00
  }, {
    "date" : "2026-01-27",
    "price" : 384.95,
    "dma50" : 450.64,
    "dma100" : 487.86,
    "dma200" : 446.60,
    "volume" : 154137.00
  }, {
    "date" : "2026-01-28",
    "price" : 393.50,
    "dma50" : 448.40,
    "dma100" : 486.52,
    "dma200" : 446.07,
    "volume" : 56849.00
  }, {
    "date" : "2026-01-29",
    "price" : 372.80,
    "dma50" : 445.43,
    "dma100" : 484.90,
    "dma200" : 445.34,
    "volume" : 183184.00
  } ],
  "latestTechnicalAttributes" : {
    "date" : "2026-01-29",
    "price" : 372.80,
    "dma50" : 445.43,
    "dma100" : 484.90,
    "dma200" : 445.34,
    "volume" : 183184.00
  },
  "quarterlyResults" : [ {
    "date" : "2005-03-31",
    "sales" : 9.70,
    "salesGrowthYoY" : null,
    "grossProfitMargin" : 37.01,
    "grossProfit" : 3.59,
    "operatingProfitMargin" : 13.09,
    "operatingProfit" : 1.27,
    "netProfitMargin" : 7.32,
    "netProfit" : 0.71
  }, {
    "date" : "2005-06-30",
    "sales" : 8.54,
    "salesGrowthYoY" : null,
    "grossProfitMargin" : 38.41,
    "grossProfit" : 3.28,
    "operatingProfitMargin" : 11.71,
    "operatingProfit" : 1.00,
    "netProfitMargin" : 5.27,
    "netProfit" : 0.45
  }, {
    "date" : "2005-09-30",
    "sales" : 9.01,
    "salesGrowthYoY" : null,
    "grossProfitMargin" : 36.07,
    "grossProfit" : 3.25,
    "operatingProfitMargin" : 11.54,
    "operatingProfit" : 1.04,
    "netProfitMargin" : 5.66,
    "netProfit" : 0.51
  }, {
    "date" : "2005-12-31",
    "sales" : 8.38,
    "salesGrowthYoY" : null,
    "grossProfitMargin" : 36.99,
    "grossProfit" : 3.10,
    "operatingProfitMargin" : 12.17,
    "operatingProfit" : 1.02,
    "netProfitMargin" : 6.32,
    "netProfit" : 0.53
  }, {
    "date" : "2006-03-31",
    "sales" : 6.61,
    "salesGrowthYoY" : -31.86,
    "grossProfitMargin" : 31.32,
    "grossProfit" : 2.07,
    "operatingProfitMargin" : 5.14,
    "operatingProfit" : 0.34,
    "netProfitMargin" : 7.56,
    "netProfit" : 0.50
  }, {
    "date" : "2006-06-30",
    "sales" : 6.57,
    "salesGrowthYoY" : -23.07,
    "grossProfitMargin" : 34.09,
    "grossProfit" : 2.24,
    "operatingProfitMargin" : 12.18,
    "operatingProfit" : 0.80,
    "netProfitMargin" : 4.57,
    "netProfit" : 0.30
  }, {
    "date" : "2006-09-30",
    "sales" : 8.35,
    "salesGrowthYoY" : -7.33,
    "grossProfitMargin" : 39.16,
    "grossProfit" : 3.27,
    "operatingProfitMargin" : 13.17,
    "operatingProfit" : 1.10,
    "netProfitMargin" : 3.35,
    "netProfit" : 0.28
  }, {
    "date" : "2006-12-31",
    "sales" : 7.37,
    "salesGrowthYoY" : -12.05,
    "grossProfitMargin" : 44.91,
    "grossProfit" : 3.31,
    "operatingProfitMargin" : 16.82,
    "operatingProfit" : 1.24,
    "netProfitMargin" : 9.91,
    "netProfit" : 0.73
  }, {
    "date" : "2007-03-31",
    "sales" : 10.28,
    "salesGrowthYoY" : 55.52,
    "grossProfitMargin" : 35.60,
    "grossProfit" : 3.66,
    "operatingProfitMargin" : 7.49,
    "operatingProfit" : 0.77,
    "netProfitMargin" : 2.72,
    "netProfit" : 0.28
  }, {
    "date" : "2007-06-30",
    "sales" : 9.00,
    "salesGrowthYoY" : 36.99,
    "grossProfitMargin" : 37.33,
    "grossProfit" : 3.36,
    "operatingProfitMargin" : 13.89,
    "operatingProfit" : 1.25,
    "netProfitMargin" : 4.89,
    "netProfit" : 0.44
  }, {
    "date" : "2007-09-30",
    "sales" : 8.47,
    "salesGrowthYoY" : 1.44,
    "grossProfitMargin" : 31.40,
    "grossProfit" : 2.66,
    "operatingProfitMargin" : 10.04,
    "operatingProfit" : 0.85,
    "netProfitMargin" : 3.07,
    "netProfit" : 0.26
  }, {
    "date" : "2007-12-31",
    "sales" : 10.07,
    "salesGrowthYoY" : 36.64,
    "grossProfitMargin" : 37.04,
    "grossProfit" : 3.73,
    "operatingProfitMargin" : 14.90,
    "operatingProfit" : 1.50,
    "netProfitMargin" : 6.75,
    "netProfit" : 0.68
  }, {
    "date" : "2008-03-31",
    "sales" : 13.86,
    "salesGrowthYoY" : 34.82,
    "grossProfitMargin" : 44.88,
    "grossProfit" : 6.22,
    "operatingProfitMargin" : 17.82,
    "operatingProfit" : 2.47,
    "netProfitMargin" : 7.72,
    "netProfit" : 1.07
  }, {
    "date" : "2008-06-30",
    "sales" : 9.28,
    "salesGrowthYoY" : 3.11,
    "grossProfitMargin" : 46.44,
    "grossProfit" : 4.31,
    "operatingProfitMargin" : 15.19,
    "operatingProfit" : 1.41,
    "netProfitMargin" : 5.06,
    "netProfit" : 0.47
  }, {
    "date" : "2008-09-30",
    "sales" : 12.02,
    "salesGrowthYoY" : 41.91,
    "grossProfitMargin" : 35.44,
    "grossProfit" : 4.26,
    "operatingProfitMargin" : 10.40,
    "operatingProfit" : 1.25,
    "netProfitMargin" : 2.58,
    "netProfit" : 0.31
  }, {
    "date" : "2008-12-31",
    "sales" : 11.32,
    "salesGrowthYoY" : 12.41,
    "grossProfitMargin" : 40.46,
    "grossProfit" : 4.58,
    "operatingProfitMargin" : 15.19,
    "operatingProfit" : 1.72,
    "netProfitMargin" : 3.98,
    "netProfit" : 0.45
  }, {
    "date" : "2009-03-31",
    "sales" : 9.76,
    "salesGrowthYoY" : -29.58,
    "grossProfitMargin" : 51.02,
    "grossProfit" : 4.98,
    "operatingProfitMargin" : 15.88,
    "operatingProfit" : 1.55,
    "netProfitMargin" : 5.53,
    "netProfit" : 0.54
  }, {
    "date" : "2009-06-30",
    "sales" : 9.94,
    "salesGrowthYoY" : 7.11,
    "grossProfitMargin" : 45.37,
    "grossProfit" : 4.51,
    "operatingProfitMargin" : 14.19,
    "operatingProfit" : 1.41,
    "netProfitMargin" : 4.93,
    "netProfit" : 0.49
  }, {
    "date" : "2009-09-30",
    "sales" : 12.29,
    "salesGrowthYoY" : 2.25,
    "grossProfitMargin" : 37.10,
    "grossProfit" : 4.56,
    "operatingProfitMargin" : 11.23,
    "operatingProfit" : 1.38,
    "netProfitMargin" : 3.50,
    "netProfit" : 0.43
  }, {
    "date" : "2009-12-31",
    "sales" : 10.64,
    "salesGrowthYoY" : -6.01,
    "grossProfitMargin" : 39.57,
    "grossProfit" : 4.21,
    "operatingProfitMargin" : 11.18,
    "operatingProfit" : 1.19,
    "netProfitMargin" : 3.76,
    "netProfit" : 0.40
  }, {
    "date" : "2010-03-31",
    "sales" : 12.62,
    "salesGrowthYoY" : 29.30,
    "grossProfitMargin" : 47.31,
    "grossProfit" : 5.97,
    "operatingProfitMargin" : 17.59,
    "operatingProfit" : 2.22,
    "netProfitMargin" : 8.56,
    "netProfit" : 1.08
  }, {
    "date" : "2010-06-30",
    "sales" : 11.56,
    "salesGrowthYoY" : 16.30,
    "grossProfitMargin" : 45.24,
    "grossProfit" : 5.23,
    "operatingProfitMargin" : 15.57,
    "operatingProfit" : 1.80,
    "netProfitMargin" : 5.97,
    "netProfit" : 0.69
  }, {
    "date" : "2010-09-30",
    "sales" : 12.75,
    "salesGrowthYoY" : 3.74,
    "grossProfitMargin" : 45.33,
    "grossProfit" : 5.78,
    "operatingProfitMargin" : 15.61,
    "operatingProfit" : 1.99,
    "netProfitMargin" : 5.96,
    "netProfit" : 0.76
  }, {
    "date" : "2010-12-31",
    "sales" : 14.18,
    "salesGrowthYoY" : 33.27,
    "grossProfitMargin" : 42.24,
    "grossProfit" : 5.99,
    "operatingProfitMargin" : 13.33,
    "operatingProfit" : 1.89,
    "netProfitMargin" : 4.94,
    "netProfit" : 0.70
  }, {
    "date" : "2011-03-31",
    "sales" : 14.47,
    "salesGrowthYoY" : 14.66,
    "grossProfitMargin" : 54.46,
    "grossProfit" : 7.88,
    "operatingProfitMargin" : 16.31,
    "operatingProfit" : 2.36,
    "netProfitMargin" : 4.28,
    "netProfit" : 0.62
  }, {
    "date" : "2011-06-30",
    "sales" : 17.42,
    "salesGrowthYoY" : 50.69,
    "grossProfitMargin" : 43.40,
    "grossProfit" : 7.56,
    "operatingProfitMargin" : 13.55,
    "operatingProfit" : 2.36,
    "netProfitMargin" : 4.59,
    "netProfit" : 0.80
  }, {
    "date" : "2011-09-30",
    "sales" : 16.37,
    "salesGrowthYoY" : 28.39,
    "grossProfitMargin" : 45.94,
    "grossProfit" : 7.52,
    "operatingProfitMargin" : 13.26,
    "operatingProfit" : 2.17,
    "netProfitMargin" : 4.76,
    "netProfit" : 0.78
  }, {
    "date" : "2011-12-31",
    "sales" : 18.78,
    "salesGrowthYoY" : 32.44,
    "grossProfitMargin" : 37.27,
    "grossProfit" : 7.00,
    "operatingProfitMargin" : 12.62,
    "operatingProfit" : 2.37,
    "netProfitMargin" : 3.73,
    "netProfit" : 0.70
  }, {
    "date" : "2012-03-31",
    "sales" : 17.84,
    "salesGrowthYoY" : 23.29,
    "grossProfitMargin" : 43.16,
    "grossProfit" : 7.70,
    "operatingProfitMargin" : 9.87,
    "operatingProfit" : 1.76,
    "netProfitMargin" : 4.88,
    "netProfit" : 0.87
  }, {
    "date" : "2012-06-30",
    "sales" : 16.99,
    "salesGrowthYoY" : -2.47,
    "grossProfitMargin" : 43.14,
    "grossProfit" : 7.33,
    "operatingProfitMargin" : 13.13,
    "operatingProfit" : 2.23,
    "netProfitMargin" : 4.65,
    "netProfit" : 0.79
  }, {
    "date" : "2012-09-30",
    "sales" : 22.82,
    "salesGrowthYoY" : 39.40,
    "grossProfitMargin" : 34.75,
    "grossProfit" : 7.93,
    "operatingProfitMargin" : 11.74,
    "operatingProfit" : 2.68,
    "netProfitMargin" : 4.51,
    "netProfit" : 1.03
  }, {
    "date" : "2012-12-31",
    "sales" : 18.34,
    "salesGrowthYoY" : -2.34,
    "grossProfitMargin" : 38.71,
    "grossProfit" : 7.10,
    "operatingProfitMargin" : 12.60,
    "operatingProfit" : 2.31,
    "netProfitMargin" : 4.85,
    "netProfit" : 0.89
  }, {
    "date" : "2013-03-31",
    "sales" : 17.46,
    "salesGrowthYoY" : -2.13,
    "grossProfitMargin" : 46.96,
    "grossProfit" : 8.20,
    "operatingProfitMargin" : 15.92,
    "operatingProfit" : 2.78,
    "netProfitMargin" : 5.15,
    "netProfit" : 0.90
  }, {
    "date" : "2013-06-30",
    "sales" : 16.28,
    "salesGrowthYoY" : -4.18,
    "grossProfitMargin" : 45.45,
    "grossProfit" : 7.40,
    "operatingProfitMargin" : 13.39,
    "operatingProfit" : 2.18,
    "netProfitMargin" : 4.98,
    "netProfit" : 0.81
  }, {
    "date" : "2013-09-30",
    "sales" : 16.17,
    "salesGrowthYoY" : -29.14,
    "grossProfitMargin" : 48.92,
    "grossProfit" : 7.91,
    "operatingProfitMargin" : 14.78,
    "operatingProfit" : 2.39,
    "netProfitMargin" : 4.89,
    "netProfit" : 0.79
  }, {
    "date" : "2013-12-31",
    "sales" : 24.05,
    "salesGrowthYoY" : 31.13,
    "grossProfitMargin" : 35.05,
    "grossProfit" : 8.43,
    "operatingProfitMargin" : 11.93,
    "operatingProfit" : 2.87,
    "netProfitMargin" : 4.62,
    "netProfit" : 1.11
  }, {
    "date" : "2014-03-31",
    "sales" : 20.30,
    "salesGrowthYoY" : 16.27,
    "grossProfitMargin" : 43.05,
    "grossProfit" : 8.74,
    "operatingProfitMargin" : 13.50,
    "operatingProfit" : 2.74,
    "netProfitMargin" : 5.47,
    "netProfit" : 1.11
  }, {
    "date" : "2014-06-30",
    "sales" : 20.81,
    "salesGrowthYoY" : 27.83,
    "grossProfitMargin" : 38.73,
    "grossProfit" : 8.06,
    "operatingProfitMargin" : 12.40,
    "operatingProfit" : 2.58,
    "netProfitMargin" : 4.52,
    "netProfit" : 0.94
  }, {
    "date" : "2014-09-30",
    "sales" : 24.29,
    "salesGrowthYoY" : 50.22,
    "grossProfitMargin" : 44.01,
    "grossProfit" : 10.69,
    "operatingProfitMargin" : 12.10,
    "operatingProfit" : 2.94,
    "netProfitMargin" : 4.90,
    "netProfit" : 1.19
  }, {
    "date" : "2014-12-31",
    "sales" : 22.33,
    "salesGrowthYoY" : -7.15,
    "grossProfitMargin" : 36.50,
    "grossProfit" : 8.15,
    "operatingProfitMargin" : 12.36,
    "operatingProfit" : 2.76,
    "netProfitMargin" : 4.34,
    "netProfit" : 0.97
  }, {
    "date" : "2015-03-31",
    "sales" : 21.02,
    "salesGrowthYoY" : 3.55,
    "grossProfitMargin" : 50.57,
    "grossProfit" : 10.63,
    "operatingProfitMargin" : 12.46,
    "operatingProfit" : 2.62,
    "netProfitMargin" : 6.85,
    "netProfit" : 1.44
  }, {
    "date" : "2015-06-30",
    "sales" : 25.98,
    "salesGrowthYoY" : 24.84,
    "grossProfitMargin" : 38.30,
    "grossProfit" : 9.95,
    "operatingProfitMargin" : 11.59,
    "operatingProfit" : 3.01,
    "netProfitMargin" : 4.66,
    "netProfit" : 1.21
  }, {
    "date" : "2015-09-30",
    "sales" : 19.99,
    "salesGrowthYoY" : -17.70,
    "grossProfitMargin" : 51.03,
    "grossProfit" : 10.20,
    "operatingProfitMargin" : 16.46,
    "operatingProfit" : 3.29,
    "netProfitMargin" : 5.60,
    "netProfit" : 1.12
  }, {
    "date" : "2015-12-31",
    "sales" : 23.68,
    "salesGrowthYoY" : 6.05,
    "grossProfitMargin" : 39.10,
    "grossProfit" : 9.26,
    "operatingProfitMargin" : 13.18,
    "operatingProfit" : 3.12,
    "netProfitMargin" : 5.24,
    "netProfit" : 1.24
  }, {
    "date" : "2016-03-31",
    "sales" : 22.77,
    "salesGrowthYoY" : 8.33,
    "grossProfitMargin" : 32.67,
    "grossProfit" : 7.44,
    "operatingProfitMargin" : 8.43,
    "operatingProfit" : 1.92,
    "netProfitMargin" : 2.50,
    "netProfit" : 0.57
  }, {
    "date" : "2016-06-30",
    "sales" : 16.92,
    "salesGrowthYoY" : -34.87,
    "grossProfitMargin" : 55.79,
    "grossProfit" : 9.44,
    "operatingProfitMargin" : 10.76,
    "operatingProfit" : 1.82,
    "netProfitMargin" : 2.19,
    "netProfit" : 0.37
  }, {
    "date" : "2016-09-30",
    "sales" : 19.74,
    "salesGrowthYoY" : -1.25,
    "grossProfitMargin" : 54.31,
    "grossProfit" : 10.72,
    "operatingProfitMargin" : 13.53,
    "operatingProfit" : 2.67,
    "netProfitMargin" : 5.12,
    "netProfit" : 1.01
  }, {
    "date" : "2016-12-31",
    "sales" : 22.27,
    "salesGrowthYoY" : -5.95,
    "grossProfitMargin" : 39.38,
    "grossProfit" : 8.77,
    "operatingProfitMargin" : 12.80,
    "operatingProfit" : 2.85,
    "netProfitMargin" : 4.40,
    "netProfit" : 0.98
  }, {
    "date" : "2017-03-31",
    "sales" : 22.54,
    "salesGrowthYoY" : -1.01,
    "grossProfitMargin" : 41.17,
    "grossProfit" : 9.28,
    "operatingProfitMargin" : 8.65,
    "operatingProfit" : 1.95,
    "netProfitMargin" : 3.37,
    "netProfit" : 0.76
  }, {
    "date" : "2017-06-30",
    "sales" : 21.88,
    "salesGrowthYoY" : 29.31,
    "grossProfitMargin" : 34.60,
    "grossProfit" : 7.57,
    "operatingProfitMargin" : 7.45,
    "operatingProfit" : 1.63,
    "netProfitMargin" : 1.87,
    "netProfit" : 0.41
  }, {
    "date" : "2017-09-30",
    "sales" : 19.49,
    "salesGrowthYoY" : -1.27,
    "grossProfitMargin" : 59.11,
    "grossProfit" : 11.52,
    "operatingProfitMargin" : 13.80,
    "operatingProfit" : 2.69,
    "netProfitMargin" : 5.85,
    "netProfit" : 1.14
  }, {
    "date" : "2017-12-31",
    "sales" : 23.59,
    "salesGrowthYoY" : 5.93,
    "grossProfitMargin" : 41.42,
    "grossProfit" : 9.77,
    "operatingProfitMargin" : 11.57,
    "operatingProfit" : 2.73,
    "netProfitMargin" : 4.92,
    "netProfit" : 1.16
  }, {
    "date" : "2018-03-31",
    "sales" : 31.69,
    "salesGrowthYoY" : 40.59,
    "grossProfitMargin" : 43.45,
    "grossProfit" : 13.77,
    "operatingProfitMargin" : 9.72,
    "operatingProfit" : 3.08,
    "netProfitMargin" : 8.36,
    "netProfit" : 2.65
  }, {
    "date" : "2018-06-30",
    "sales" : 28.14,
    "salesGrowthYoY" : 28.61,
    "grossProfitMargin" : 41.61,
    "grossProfit" : 11.71,
    "operatingProfitMargin" : 10.95,
    "operatingProfit" : 3.08,
    "netProfitMargin" : 5.26,
    "netProfit" : 1.48
  }, {
    "date" : "2018-09-30",
    "sales" : 27.38,
    "salesGrowthYoY" : 40.48,
    "grossProfitMargin" : 43.90,
    "grossProfit" : 12.02,
    "operatingProfitMargin" : 9.61,
    "operatingProfit" : 2.63,
    "netProfitMargin" : 5.26,
    "netProfit" : 1.44
  }, {
    "date" : "2018-12-31",
    "sales" : 73.80,
    "salesGrowthYoY" : 212.84,
    "grossProfitMargin" : 40.41,
    "grossProfit" : 29.82,
    "operatingProfitMargin" : 8.81,
    "operatingProfit" : 6.50,
    "netProfitMargin" : 3.89,
    "netProfit" : 2.87
  }, {
    "date" : "2019-03-31",
    "sales" : 120.59,
    "salesGrowthYoY" : 280.53,
    "grossProfitMargin" : 38.49,
    "grossProfit" : 46.42,
    "operatingProfitMargin" : 15.48,
    "operatingProfit" : 18.67,
    "netProfitMargin" : 10.32,
    "netProfit" : 12.44
  }, {
    "date" : "2019-06-30",
    "sales" : 83.52,
    "salesGrowthYoY" : 196.80,
    "grossProfitMargin" : 45.11,
    "grossProfit" : 37.68,
    "operatingProfitMargin" : 16.24,
    "operatingProfit" : 13.56,
    "netProfitMargin" : 8.96,
    "netProfit" : 7.48
  }, {
    "date" : "2019-09-30",
    "sales" : 105.48,
    "salesGrowthYoY" : 285.24,
    "grossProfitMargin" : 41.59,
    "grossProfit" : 43.87,
    "operatingProfitMargin" : 15.08,
    "operatingProfit" : 15.91,
    "netProfitMargin" : 8.64,
    "netProfit" : 9.11
  }, {
    "date" : "2019-12-31",
    "sales" : 99.27,
    "salesGrowthYoY" : 34.51,
    "grossProfitMargin" : 46.72,
    "grossProfit" : 46.38,
    "operatingProfitMargin" : 17.64,
    "operatingProfit" : 17.51,
    "netProfitMargin" : 10.91,
    "netProfit" : 10.83
  }, {
    "date" : "2020-03-31",
    "sales" : 99.18,
    "salesGrowthYoY" : -17.75,
    "grossProfitMargin" : 47.22,
    "grossProfit" : 46.83,
    "operatingProfitMargin" : 17.37,
    "operatingProfit" : 17.23,
    "netProfitMargin" : 10.86,
    "netProfit" : 10.77
  }, {
    "date" : "2020-06-30",
    "sales" : 69.84,
    "salesGrowthYoY" : -16.38,
    "grossProfitMargin" : 45.89,
    "grossProfit" : 32.05,
    "operatingProfitMargin" : 16.51,
    "operatingProfit" : 11.53,
    "netProfitMargin" : 8.89,
    "netProfit" : 6.21
  }, {
    "date" : "2020-09-30",
    "sales" : 108.98,
    "salesGrowthYoY" : 3.32,
    "grossProfitMargin" : 46.65,
    "grossProfit" : 50.84,
    "operatingProfitMargin" : 16.93,
    "operatingProfit" : 18.45,
    "netProfitMargin" : 10.41,
    "netProfit" : 11.34
  }, {
    "date" : "2020-12-31",
    "sales" : 115.08,
    "salesGrowthYoY" : 15.93,
    "grossProfitMargin" : 50.66,
    "grossProfit" : 58.30,
    "operatingProfitMargin" : 21.77,
    "operatingProfit" : 25.05,
    "netProfitMargin" : 14.70,
    "netProfit" : 16.92
  }, {
    "date" : "2021-03-31",
    "sales" : 126.81,
    "salesGrowthYoY" : 27.86,
    "grossProfitMargin" : 48.43,
    "grossProfit" : 61.41,
    "operatingProfitMargin" : 17.55,
    "operatingProfit" : 22.26,
    "netProfitMargin" : 14.09,
    "netProfit" : 17.87
  }, {
    "date" : "2021-06-30",
    "sales" : 112.34,
    "salesGrowthYoY" : 60.85,
    "grossProfitMargin" : 46.03,
    "grossProfit" : 51.71,
    "operatingProfitMargin" : 19.31,
    "operatingProfit" : 21.69,
    "netProfitMargin" : 12.64,
    "netProfit" : 14.20
  }, {
    "date" : "2021-09-30",
    "sales" : 110.01,
    "salesGrowthYoY" : 0.95,
    "grossProfitMargin" : 48.07,
    "grossProfit" : 52.88,
    "operatingProfitMargin" : 17.50,
    "operatingProfit" : 19.25,
    "netProfitMargin" : 11.91,
    "netProfit" : 13.10
  }, {
    "date" : "2021-12-31",
    "sales" : 128.55,
    "salesGrowthYoY" : 11.70,
    "grossProfitMargin" : 44.62,
    "grossProfit" : 57.36,
    "operatingProfitMargin" : 17.45,
    "operatingProfit" : 22.43,
    "netProfitMargin" : 13.10,
    "netProfit" : 16.84
  }, {
    "date" : "2022-03-31",
    "sales" : 157.59,
    "salesGrowthYoY" : 24.27,
    "grossProfitMargin" : 42.38,
    "grossProfit" : 66.79,
    "operatingProfitMargin" : 15.32,
    "operatingProfit" : 24.14,
    "netProfitMargin" : 11.19,
    "netProfit" : 17.63
  }, {
    "date" : "2022-06-30",
    "sales" : 140.86,
    "salesGrowthYoY" : 25.39,
    "grossProfitMargin" : 43.11,
    "grossProfit" : 60.72,
    "operatingProfitMargin" : 15.06,
    "operatingProfit" : 21.21,
    "netProfitMargin" : 9.24,
    "netProfit" : 13.02
  }, {
    "date" : "2022-09-30",
    "sales" : 147.01,
    "salesGrowthYoY" : 33.63,
    "grossProfitMargin" : 40.89,
    "grossProfit" : 60.11,
    "operatingProfitMargin" : 13.52,
    "operatingProfit" : 19.88,
    "netProfitMargin" : 7.41,
    "netProfit" : 10.89
  }, {
    "date" : "2022-12-31",
    "sales" : 150.49,
    "salesGrowthYoY" : 17.07,
    "grossProfitMargin" : 43.34,
    "grossProfit" : 65.22,
    "operatingProfitMargin" : 12.19,
    "operatingProfit" : 18.34,
    "netProfitMargin" : 5.41,
    "netProfit" : 8.14
  }, {
    "date" : "2023-03-31",
    "sales" : 211.10,
    "salesGrowthYoY" : 33.96,
    "grossProfitMargin" : 39.11,
    "grossProfit" : 82.56,
    "operatingProfitMargin" : 14.89,
    "operatingProfit" : 31.43,
    "netProfitMargin" : 10.60,
    "netProfit" : 22.38
  }, {
    "date" : "2023-06-30",
    "sales" : 126.49,
    "salesGrowthYoY" : -10.20,
    "grossProfitMargin" : 46.35,
    "grossProfit" : 58.63,
    "operatingProfitMargin" : 13.96,
    "operatingProfit" : 17.66,
    "netProfitMargin" : 6.10,
    "netProfit" : 7.72
  }, {
    "date" : "2023-09-30",
    "sales" : 156.79,
    "salesGrowthYoY" : 6.65,
    "grossProfitMargin" : 39.79,
    "grossProfit" : 62.39,
    "operatingProfitMargin" : 10.17,
    "operatingProfit" : 15.95,
    "netProfitMargin" : 4.78,
    "netProfit" : 7.49
  }, {
    "date" : "2023-12-31",
    "sales" : 141.82,
    "salesGrowthYoY" : -5.76,
    "grossProfitMargin" : 44.73,
    "grossProfit" : 63.44,
    "operatingProfitMargin" : 8.53,
    "operatingProfit" : 12.10,
    "netProfitMargin" : 8.80,
    "netProfit" : 12.48
  }, {
    "date" : "2024-03-31",
    "sales" : 165.60,
    "salesGrowthYoY" : -21.55,
    "grossProfitMargin" : 38.18,
    "grossProfit" : 63.23,
    "operatingProfitMargin" : 9.28,
    "operatingProfit" : 15.37,
    "netProfitMargin" : 2.04,
    "netProfit" : 3.38
  }, {
    "date" : "2024-06-30",
    "sales" : 111.26,
    "salesGrowthYoY" : -12.04,
    "grossProfitMargin" : 40.66,
    "grossProfit" : 45.24,
    "operatingProfitMargin" : 3.46,
    "operatingProfit" : 3.85,
    "netProfitMargin" : 1.29,
    "netProfit" : 1.44
  }, {
    "date" : "2024-09-30",
    "sales" : 114.48,
    "salesGrowthYoY" : -26.99,
    "grossProfitMargin" : 46.62,
    "grossProfit" : 53.37,
    "operatingProfitMargin" : 9.32,
    "operatingProfit" : 10.67,
    "netProfitMargin" : 0.04,
    "netProfit" : 0.05
  }, {
    "date" : "2024-12-31",
    "sales" : 130.38,
    "salesGrowthYoY" : -8.07,
    "grossProfitMargin" : 43.14,
    "grossProfit" : 56.25,
    "operatingProfitMargin" : 8.87,
    "operatingProfit" : 11.56,
    "netProfitMargin" : 1.00,
    "netProfit" : 1.30
  }, {
    "date" : "2025-03-31",
    "sales" : 195.00,
    "salesGrowthYoY" : 17.75,
    "grossProfitMargin" : 39.15,
    "grossProfit" : 76.34,
    "operatingProfitMargin" : 13.39,
    "operatingProfit" : 26.11,
    "netProfitMargin" : 6.97,
    "netProfit" : 13.59
  }, {
    "date" : "2025-06-30",
    "sales" : 164.26,
    "salesGrowthYoY" : 47.64,
    "grossProfitMargin" : 43.81,
    "grossProfit" : 71.96,
    "operatingProfitMargin" : 11.96,
    "operatingProfit" : 19.65,
    "netProfitMargin" : 9.39,
    "netProfit" : 15.42
  }, {
    "date" : "2025-09-30",
    "sales" : 193.08,
    "salesGrowthYoY" : 68.66,
    "grossProfitMargin" : 41.09,
    "grossProfit" : 79.34,
    "operatingProfitMargin" : 11.81,
    "operatingProfit" : 22.80,
    "netProfitMargin" : 4.59,
    "netProfit" : 8.86
  } ],
  "latestQuarterlyResult" : {
    "date" : "2025-09-30",
    "sales" : 193.08,
    "salesGrowthYoY" : 68.66,
    "grossProfitMargin" : 41.09,
    "grossProfit" : 79.34,
    "operatingProfitMargin" : 11.81,
    "operatingProfit" : 22.80,
    "netProfitMargin" : 4.59,
    "netProfit" : 8.86
  },
  "companyScore" : {
    "priceHigherThanDma50" : 0.00,
    "priceHigherThanDma100" : 0.00,
    "priceHigherThanDma200" : 0.00,
    "dma50HigherThanDma100" : 0.00,
    "dma50HigherThanDma200" : 5.00,
    "dma100HigherThanDma200" : 5.00,
    "pricePercentageAboveDma50" : 5.82,
    "pricePercentageAboveDma100" : 6.16,
    "pricePercentageAboveDma200" : 5.81,
    "weeklyVolumeHigherThanYearlyVolume" : 0.00,
    "salesGrowthPercentile" : 18.99,
    "operatingProfitMarginPercentile" : 9.12,
    "netProfitMarginPercentile" : 3.10,
    "totalTechnicalScore" : 27.79,
    "totalFundamentalScore" : 31.21,
    "totalScore" : 59.00
  }
}