{
  "metadata" : {
    "screenerCompanyId" : "6314",
    "companyCode" : "HNDFDS",
    "companyName" : "Hindustan Foods",
    "screenerCompanyLink" : "https://www.screener.in/company/HNDFDS/consolidated/",
    "screenerTechnicalHistoryLink" : "https://www.screener.in/api/company/6314/chart/?q=Price-DMA50-DMA200-Volume&days=365",
    "screenerQuarterlyResultsLink" : "https://www.screener.in/api/company/6314/chart/?q=GPM-OPM-NPM-Quarter+Sales&days=10000",
    "attributes" : {
      "companyCode" : "HNDFDS",
      "companyName" : "Hindustan Foods",
      "marketCap" : 6199.00,
      "peRatio" : 49.00,
      "description" : "Hindustan Foods Limited is an India-based company, which is engaged in contract manufacturing of various FMCG products including food, home care, personal care, beverages etc. They also do manufacturing of leather shoes and accessories"
    },
    "companyScore" : {
      "priceHigherThanDma50" : 0.00,
      "priceHigherThanDma100" : 0.00,
      "priceHigherThanDma200" : 0.00,
      "dma50HigherThanDma100" : 0.00,
      "dma50HigherThanDma200" : 0.00,
      "dma100HigherThanDma200" : 0.00,
      "pricePercentageAboveDma50" : 5.09,
      "pricePercentageAboveDma100" : 5.12,
      "pricePercentageAboveDma200" : 5.16,
      "weeklyVolumeHigherThanYearlyVolume" : 0.00,
      "salesGrowthPercentile" : 8.10,
      "operatingProfitMarginPercentile" : 14.22,
      "netProfitMarginPercentile" : 7.95,
      "totalTechnicalScore" : 15.37,
      "totalFundamentalScore" : 30.27,
      "totalScore" : 45.64
    }
  },
  "attributes" : {
    "companyCode" : "HNDFDS",
    "companyName" : "Hindustan Foods",
    "marketCap" : 6199.00,
    "peRatio" : 49.00,
    "description" : "Hindustan Foods Limited is an India-based company, which is engaged in contract manufacturing of various FMCG products including food, home care, personal care, beverages etc. They also do manufacturing of leather shoes and accessories"
  },
  "technicalHistory" : [ {
    "date" : "2025-01-01",
    "price" : 519.60,
    "dma50" : 559.89,
    "dma100" : null,
    "dma200" : 561.20,
    "volume" : 30935.00
  }, {
    "date" : "2025-01-02",
    "price" : 521.20,
    "dma50" : 558.37,
    "dma100" : null,
    "dma200" : 560.80,
    "volume" : 129981.00
  }, {
    "date" : "2025-01-03",
    "price" : 519.55,
    "dma50" : 556.85,
    "dma100" : null,
    "dma200" : 560.39,
    "volume" : 102960.00
  }, {
    "date" : "2025-01-06",
    "price" : 509.75,
    "dma50" : 555.00,
    "dma100" : null,
    "dma200" : 559.89,
    "volume" : 120019.00
  }, {
    "date" : "2025-01-07",
    "price" : 510.15,
    "dma50" : 553.25,
    "dma100" : null,
    "dma200" : 559.39,
    "volume" : 56586.00
  }, {
    "date" : "2025-01-08",
    "price" : 510.10,
    "dma50" : 551.55,
    "dma100" : null,
    "dma200" : 558.90,
    "volume" : 39145.00
  }, {
    "date" : "2025-01-09",
    "price" : 506.15,
    "dma50" : 549.77,
    "dma100" : null,
    "dma200" : 558.38,
    "volume" : 38773.00
  }, {
    "date" : "2025-01-10",
    "price" : 500.10,
    "dma50" : 547.82,
    "dma100" : null,
    "dma200" : 557.80,
    "volume" : 57367.00
  }, {
    "date" : "2025-01-13",
    "price" : 497.05,
    "dma50" : 545.83,
    "dma100" : null,
    "dma200" : 557.19,
    "volume" : 84838.00
  }, {
    "date" : "2025-01-14",
    "price" : 494.15,
    "dma50" : 543.81,
    "dma100" : null,
    "dma200" : 556.56,
    "volume" : 108666.00
  }, {
    "date" : "2025-01-15",
    "price" : 495.35,
    "dma50" : 541.91,
    "dma100" : null,
    "dma200" : 555.95,
    "volume" : 31305.00
  }, {
    "date" : "2025-01-16",
    "price" : 489.90,
    "dma50" : 539.87,
    "dma100" : null,
    "dma200" : 555.30,
    "volume" : 90406.00
  }, {
    "date" : "2025-01-17",
    "price" : 493.85,
    "dma50" : 538.06,
    "dma100" : null,
    "dma200" : 554.69,
    "volume" : 27405.00
  }, {
    "date" : "2025-01-20",
    "price" : 493.80,
    "dma50" : 536.33,
    "dma100" : null,
    "dma200" : 554.08,
    "volume" : 53257.00
  }, {
    "date" : "2025-01-21",
    "price" : 483.80,
    "dma50" : 534.27,
    "dma100" : null,
    "dma200" : 553.38,
    "volume" : 71322.00
  }, {
    "date" : "2025-01-22",
    "price" : 475.20,
    "dma50" : 531.95,
    "dma100" : null,
    "dma200" : 552.60,
    "volume" : 84790.00
  }, {
    "date" : "2025-01-23",
    "price" : 479.15,
    "dma50" : 529.88,
    "dma100" : null,
    "dma200" : 551.87,
    "volume" : 36791.00
  }, {
    "date" : "2025-01-24",
    "price" : 486.55,
    "dma50" : 528.18,
    "dma100" : null,
    "dma200" : 551.22,
    "volume" : 32864.00
  }, {
    "date" : "2025-01-27",
    "price" : 487.70,
    "dma50" : 526.59,
    "dma100" : null,
    "dma200" : 550.59,
    "volume" : 87480.00
  }, {
    "date" : "2025-01-28",
    "price" : 479.70,
    "dma50" : 524.75,
    "dma100" : null,
    "dma200" : 549.88,
    "volume" : 71600.00
  }, {
    "date" : "2025-01-29",
    "price" : 493.30,
    "dma50" : 523.52,
    "dma100" : null,
    "dma200" : 549.32,
    "volume" : 48989.00
  }, {
    "date" : "2025-01-30",
    "price" : 493.10,
    "dma50" : 522.33,
    "dma100" : null,
    "dma200" : 548.76,
    "volume" : 20754.00
  }, {
    "date" : "2025-01-31",
    "price" : 506.80,
    "dma50" : 521.72,
    "dma100" : null,
    "dma200" : 548.34,
    "volume" : 51563.00
  }, {
    "date" : "2025-02-01",
    "price" : 534.90,
    "dma50" : 522.24,
    "dma100" : null,
    "dma200" : 548.21,
    "volume" : 222157.00
  }, {
    "date" : "2025-02-03",
    "price" : 539.50,
    "dma50" : 522.91,
    "dma100" : null,
    "dma200" : 548.12,
    "volume" : 294243.00
  }, {
    "date" : "2025-02-04",
    "price" : 554.65,
    "dma50" : 524.16,
    "dma100" : null,
    "dma200" : 548.19,
    "volume" : 220647.00
  }, {
    "date" : "2025-02-05",
    "price" : 552.90,
    "dma50" : 525.28,
    "dma100" : null,
    "dma200" : 548.24,
    "volume" : 84396.00
  }, {
    "date" : "2025-02-06",
    "price" : 563.90,
    "dma50" : 526.80,
    "dma100" : null,
    "dma200" : 548.39,
    "volume" : 80098.00
  }, {
    "date" : "2025-02-07",
    "price" : 554.05,
    "dma50" : 527.87,
    "dma100" : null,
    "dma200" : 548.45,
    "volume" : 47081.00
  }, {
    "date" : "2025-02-10",
    "price" : 560.70,
    "dma50" : 529.16,
    "dma100" : null,
    "dma200" : 548.57,
    "volume" : 225742.00
  }, {
    "date" : "2025-02-11",
    "price" : 544.65,
    "dma50" : 529.76,
    "dma100" : null,
    "dma200" : 548.53,
    "volume" : 106138.00
  }, {
    "date" : "2025-02-12",
    "price" : 529.05,
    "dma50" : 529.73,
    "dma100" : null,
    "dma200" : 548.34,
    "volume" : 81521.00
  }, {
    "date" : "2025-02-13",
    "price" : 524.90,
    "dma50" : 529.55,
    "dma100" : null,
    "dma200" : 548.10,
    "volume" : 77835.00
  }, {
    "date" : "2025-02-14",
    "price" : 525.30,
    "dma50" : 529.38,
    "dma100" : null,
    "dma200" : 547.88,
    "volume" : 91900.00
  }, {
    "date" : "2025-02-17",
    "price" : 520.90,
    "dma50" : 529.05,
    "dma100" : null,
    "dma200" : 547.61,
    "volume" : 81464.00
  }, {
    "date" : "2025-02-18",
    "price" : 510.80,
    "dma50" : 528.33,
    "dma100" : null,
    "dma200" : 547.24,
    "volume" : 41227.00
  }, {
    "date" : "2025-02-19",
    "price" : 578.85,
    "dma50" : 530.31,
    "dma100" : null,
    "dma200" : 547.56,
    "volume" : 468275.00
  }, {
    "date" : "2025-02-20",
    "price" : 570.00,
    "dma50" : 531.87,
    "dma100" : null,
    "dma200" : 547.78,
    "volume" : 133158.00
  }, {
    "date" : "2025-02-21",
    "price" : 556.60,
    "dma50" : 532.84,
    "dma100" : null,
    "dma200" : 547.87,
    "volume" : 39860.00
  }, {
    "date" : "2025-02-24",
    "price" : 533.25,
    "dma50" : 532.85,
    "dma100" : null,
    "dma200" : 547.72,
    "volume" : 83825.00
  }, {
    "date" : "2025-02-25",
    "price" : 530.75,
    "dma50" : 532.77,
    "dma100" : null,
    "dma200" : 547.55,
    "volume" : 71352.00
  }, {
    "date" : "2025-02-27",
    "price" : 522.70,
    "dma50" : 532.38,
    "dma100" : null,
    "dma200" : 547.31,
    "volume" : 35633.00
  }, {
    "date" : "2025-02-28",
    "price" : 510.40,
    "dma50" : 531.51,
    "dma100" : null,
    "dma200" : 546.94,
    "volume" : 102885.00
  }, {
    "date" : "2025-03-03",
    "price" : 522.80,
    "dma50" : 531.17,
    "dma100" : null,
    "dma200" : 546.70,
    "volume" : 76055.00
  }, {
    "date" : "2025-03-04",
    "price" : 530.35,
    "dma50" : 531.14,
    "dma100" : null,
    "dma200" : 546.54,
    "volume" : 57638.00
  }, {
    "date" : "2025-03-05",
    "price" : 539.80,
    "dma50" : 531.48,
    "dma100" : null,
    "dma200" : 546.47,
    "volume" : 54457.00
  }, {
    "date" : "2025-03-06",
    "price" : 534.15,
    "dma50" : 531.59,
    "dma100" : null,
    "dma200" : 546.35,
    "volume" : 65812.00
  }, {
    "date" : "2025-03-07",
    "price" : 529.90,
    "dma50" : 531.52,
    "dma100" : null,
    "dma200" : 546.18,
    "volume" : 57158.00
  }, {
    "date" : "2025-03-10",
    "price" : 520.65,
    "dma50" : 531.09,
    "dma100" : null,
    "dma200" : 545.93,
    "volume" : 35445.00
  }, {
    "date" : "2025-03-11",
    "price" : 525.10,
    "dma50" : 530.86,
    "dma100" : null,
    "dma200" : 545.72,
    "volume" : 28714.00
  }, {
    "date" : "2025-03-12",
    "price" : 538.45,
    "dma50" : 531.16,
    "dma100" : null,
    "dma200" : 545.65,
    "volume" : 68958.00
  }, {
    "date" : "2025-03-13",
    "price" : 534.65,
    "dma50" : 531.29,
    "dma100" : null,
    "dma200" : 545.54,
    "volume" : 40595.00
  }, {
    "date" : "2025-03-17",
    "price" : 540.05,
    "dma50" : 531.64,
    "dma100" : null,
    "dma200" : 545.49,
    "volume" : 240234.00
  }, {
    "date" : "2025-03-18",
    "price" : 545.60,
    "dma50" : 532.18,
    "dma100" : null,
    "dma200" : 545.49,
    "volume" : 42336.00
  }, {
    "date" : "2025-03-19",
    "price" : 547.00,
    "dma50" : 532.76,
    "dma100" : null,
    "dma200" : 545.50,
    "volume" : 59816.00
  }, {
    "date" : "2025-03-20",
    "price" : 564.90,
    "dma50" : 534.02,
    "dma100" : null,
    "dma200" : 545.69,
    "volume" : 84049.00
  }, {
    "date" : "2025-03-21",
    "price" : 555.55,
    "dma50" : 534.87,
    "dma100" : null,
    "dma200" : 545.79,
    "volume" : 107049.00
  }, {
    "date" : "2025-03-24",
    "price" : 553.80,
    "dma50" : 535.61,
    "dma100" : null,
    "dma200" : 545.87,
    "volume" : 49013.00
  }, {
    "date" : "2025-03-25",
    "price" : 554.05,
    "dma50" : 536.33,
    "dma100" : null,
    "dma200" : 545.95,
    "volume" : 62667.00
  }, {
    "date" : "2025-03-26",
    "price" : 551.60,
    "dma50" : 536.93,
    "dma100" : null,
    "dma200" : 546.01,
    "volume" : 45921.00
  }, {
    "date" : "2025-03-27",
    "price" : 550.15,
    "dma50" : 537.45,
    "dma100" : null,
    "dma200" : 546.05,
    "volume" : 287190.00
  }, {
    "date" : "2025-03-28",
    "price" : 566.35,
    "dma50" : 538.58,
    "dma100" : null,
    "dma200" : 546.25,
    "volume" : 173892.00
  }, {
    "date" : "2025-04-01",
    "price" : 547.05,
    "dma50" : 538.92,
    "dma100" : null,
    "dma200" : 546.26,
    "volume" : 69262.00
  }, {
    "date" : "2025-04-02",
    "price" : 547.70,
    "dma50" : 539.26,
    "dma100" : null,
    "dma200" : 546.28,
    "volume" : 36574.00
  }, {
    "date" : "2025-04-03",
    "price" : 548.85,
    "dma50" : 539.64,
    "dma100" : null,
    "dma200" : 546.30,
    "volume" : 26529.00
  }, {
    "date" : "2025-04-04",
    "price" : 526.85,
    "dma50" : 539.14,
    "dma100" : null,
    "dma200" : 546.11,
    "volume" : 41502.00
  }, {
    "date" : "2025-04-07",
    "price" : 550.55,
    "dma50" : 539.58,
    "dma100" : null,
    "dma200" : 546.15,
    "volume" : 161959.00
  }, {
    "date" : "2025-04-08",
    "price" : 550.30,
    "dma50" : 540.00,
    "dma100" : null,
    "dma200" : 546.19,
    "volume" : 77787.00
  }, {
    "date" : "2025-04-09",
    "price" : 549.50,
    "dma50" : 540.38,
    "dma100" : null,
    "dma200" : 546.23,
    "volume" : 42380.00
  }, {
    "date" : "2025-04-11",
    "price" : 571.65,
    "dma50" : 541.60,
    "dma100" : null,
    "dma200" : 546.48,
    "volume" : 124336.00
  }, {
    "date" : "2025-04-15",
    "price" : 573.05,
    "dma50" : 542.84,
    "dma100" : null,
    "dma200" : 546.74,
    "volume" : 61908.00
  }, {
    "date" : "2025-04-16",
    "price" : 598.50,
    "dma50" : 545.02,
    "dma100" : null,
    "dma200" : 547.26,
    "volume" : 144741.00
  }, {
    "date" : "2025-04-17",
    "price" : 586.15,
    "dma50" : 546.63,
    "dma100" : null,
    "dma200" : 547.64,
    "volume" : 58351.00
  }, {
    "date" : "2025-04-21",
    "price" : 573.25,
    "dma50" : 547.68,
    "dma100" : null,
    "dma200" : 547.90,
    "volume" : 157778.00
  }, {
    "date" : "2025-04-22",
    "price" : 575.80,
    "dma50" : 548.78,
    "dma100" : null,
    "dma200" : 548.18,
    "volume" : 58050.00
  }, {
    "date" : "2025-04-23",
    "price" : 567.25,
    "dma50" : 549.50,
    "dma100" : null,
    "dma200" : 548.37,
    "volume" : 154641.00
  }, {
    "date" : "2025-04-24",
    "price" : 554.45,
    "dma50" : 549.70,
    "dma100" : null,
    "dma200" : 548.43,
    "volume" : 190450.00
  }, {
    "date" : "2025-04-25",
    "price" : 546.85,
    "dma50" : 549.59,
    "dma100" : null,
    "dma200" : 548.41,
    "volume" : 120065.00
  }, {
    "date" : "2025-04-28",
    "price" : 550.75,
    "dma50" : 549.63,
    "dma100" : null,
    "dma200" : 548.44,
    "volume" : 117729.00
  }, {
    "date" : "2025-04-29",
    "price" : 547.75,
    "dma50" : 549.56,
    "dma100" : null,
    "dma200" : 548.43,
    "volume" : 56739.00
  }, {
    "date" : "2025-04-30",
    "price" : 535.15,
    "dma50" : 548.99,
    "dma100" : null,
    "dma200" : 548.30,
    "volume" : 78033.00
  }, {
    "date" : "2025-05-02",
    "price" : 521.15,
    "dma50" : 547.90,
    "dma100" : null,
    "dma200" : 548.03,
    "volume" : 114929.00
  }, {
    "date" : "2025-05-05",
    "price" : 533.80,
    "dma50" : 547.35,
    "dma100" : null,
    "dma200" : 547.88,
    "volume" : 201168.00
  }, {
    "date" : "2025-05-06",
    "price" : 520.35,
    "dma50" : 546.29,
    "dma100" : null,
    "dma200" : 547.61,
    "volume" : 81787.00
  }, {
    "date" : "2025-05-07",
    "price" : 515.90,
    "dma50" : 545.10,
    "dma100" : null,
    "dma200" : 547.30,
    "volume" : 101192.00
  }, {
    "date" : "2025-05-08",
    "price" : 509.85,
    "dma50" : 543.71,
    "dma100" : null,
    "dma200" : 546.92,
    "volume" : 57471.00
  }, {
    "date" : "2025-05-09",
    "price" : 513.30,
    "dma50" : 542.52,
    "dma100" : null,
    "dma200" : 546.59,
    "volume" : 200255.00
  }, {
    "date" : "2025-05-12",
    "price" : 518.20,
    "dma50" : 541.57,
    "dma100" : null,
    "dma200" : 546.31,
    "volume" : 129622.00
  }, {
    "date" : "2025-05-13",
    "price" : 514.95,
    "dma50" : 540.52,
    "dma100" : null,
    "dma200" : 545.99,
    "volume" : 118696.00
  }, {
    "date" : "2025-05-14",
    "price" : 523.55,
    "dma50" : 539.86,
    "dma100" : null,
    "dma200" : 545.77,
    "volume" : 86899.00
  }, {
    "date" : "2025-05-15",
    "price" : 522.50,
    "dma50" : 539.18,
    "dma100" : null,
    "dma200" : 545.54,
    "volume" : 53695.00
  }, {
    "date" : "2025-05-16",
    "price" : 526.30,
    "dma50" : 538.67,
    "dma100" : null,
    "dma200" : 545.35,
    "volume" : 100658.00
  }, {
    "date" : "2025-05-19",
    "price" : 532.25,
    "dma50" : 538.42,
    "dma100" : null,
    "dma200" : 545.22,
    "volume" : 104946.00
  }, {
    "date" : "2025-05-20",
    "price" : 560.70,
    "dma50" : 539.29,
    "dma100" : null,
    "dma200" : 545.37,
    "volume" : 840191.00
  }, {
    "date" : "2025-05-21",
    "price" : 549.10,
    "dma50" : 539.68,
    "dma100" : null,
    "dma200" : 545.41,
    "volume" : 554018.00
  }, {
    "date" : "2025-05-22",
    "price" : 550.20,
    "dma50" : 540.09,
    "dma100" : null,
    "dma200" : 545.46,
    "volume" : 111560.00
  }, {
    "date" : "2025-05-23",
    "price" : 554.30,
    "dma50" : 540.65,
    "dma100" : null,
    "dma200" : 545.54,
    "volume" : 139790.00
  }, {
    "date" : "2025-05-26",
    "price" : 549.20,
    "dma50" : 540.98,
    "dma100" : null,
    "dma200" : 545.58,
    "volume" : 71183.00
  }, {
    "date" : "2025-05-27",
    "price" : 538.50,
    "dma50" : 540.89,
    "dma100" : null,
    "dma200" : 545.51,
    "volume" : 199706.00
  }, {
    "date" : "2025-05-28",
    "price" : 539.00,
    "dma50" : 540.81,
    "dma100" : null,
    "dma200" : 545.44,
    "volume" : 61423.00
  }, {
    "date" : "2025-05-29",
    "price" : 540.05,
    "dma50" : 540.78,
    "dma100" : 532.85,
    "dma200" : 545.39,
    "volume" : 53609.00
  }, {
    "date" : "2025-05-30",
    "price" : 547.55,
    "dma50" : 541.05,
    "dma100" : 533.11,
    "dma200" : 545.41,
    "volume" : 53045.00
  }, {
    "date" : "2025-06-02",
    "price" : 533.95,
    "dma50" : 540.77,
    "dma100" : 533.25,
    "dma200" : 545.30,
    "volume" : 115965.00
  }, {
    "date" : "2025-06-03",
    "price" : 530.25,
    "dma50" : 540.36,
    "dma100" : 533.46,
    "dma200" : 545.15,
    "volume" : 100051.00
  }, {
    "date" : "2025-06-04",
    "price" : 529.50,
    "dma50" : 539.93,
    "dma100" : 533.65,
    "dma200" : 544.99,
    "volume" : 66866.00
  }, {
    "date" : "2025-06-05",
    "price" : 538.00,
    "dma50" : 539.86,
    "dma100" : 533.93,
    "dma200" : 544.92,
    "volume" : 35619.00
  }, {
    "date" : "2025-06-06",
    "price" : 539.90,
    "dma50" : 539.86,
    "dma100" : 534.27,
    "dma200" : 544.87,
    "volume" : 53527.00
  }, {
    "date" : "2025-06-09",
    "price" : 540.05,
    "dma50" : 539.87,
    "dma100" : 534.67,
    "dma200" : 544.83,
    "volume" : 42888.00
  }, {
    "date" : "2025-06-10",
    "price" : 533.50,
    "dma50" : 539.62,
    "dma100" : 535.03,
    "dma200" : 544.71,
    "volume" : 67961.00
  }, {
    "date" : "2025-06-11",
    "price" : 540.85,
    "dma50" : 539.66,
    "dma100" : 535.50,
    "dma200" : 544.67,
    "volume" : 66540.00
  }, {
    "date" : "2025-06-12",
    "price" : 540.75,
    "dma50" : 539.71,
    "dma100" : 535.95,
    "dma200" : 544.64,
    "volume" : 58365.00
  }, {
    "date" : "2025-06-13",
    "price" : 536.90,
    "dma50" : 539.60,
    "dma100" : 536.42,
    "dma200" : 544.56,
    "volume" : 58731.00
  }, {
    "date" : "2025-06-16",
    "price" : 535.20,
    "dma50" : 539.42,
    "dma100" : 536.84,
    "dma200" : 544.47,
    "volume" : 40135.00
  }, {
    "date" : "2025-06-17",
    "price" : 532.05,
    "dma50" : 539.13,
    "dma100" : 537.22,
    "dma200" : 544.34,
    "volume" : 63614.00
  }, {
    "date" : "2025-06-18",
    "price" : 535.90,
    "dma50" : 539.01,
    "dma100" : 537.74,
    "dma200" : 544.26,
    "volume" : 32550.00
  }, {
    "date" : "2025-06-19",
    "price" : 533.60,
    "dma50" : 538.80,
    "dma100" : 538.32,
    "dma200" : 544.15,
    "volume" : 78652.00
  }, {
    "date" : "2025-06-20",
    "price" : 532.50,
    "dma50" : 538.55,
    "dma100" : 538.86,
    "dma200" : 544.04,
    "volume" : 32961.00
  }, {
    "date" : "2025-06-23",
    "price" : 530.25,
    "dma50" : 538.22,
    "dma100" : 539.29,
    "dma200" : 543.90,
    "volume" : 114374.00
  }, {
    "date" : "2025-06-24",
    "price" : 525.50,
    "dma50" : 537.72,
    "dma100" : 539.67,
    "dma200" : 543.72,
    "volume" : 205663.00
  }, {
    "date" : "2025-06-25",
    "price" : 525.40,
    "dma50" : 537.24,
    "dma100" : 540.13,
    "dma200" : 543.53,
    "volume" : 115065.00
  }, {
    "date" : "2025-06-26",
    "price" : 536.75,
    "dma50" : 537.22,
    "dma100" : 540.56,
    "dma200" : 543.47,
    "volume" : 112920.00
  }, {
    "date" : "2025-06-27",
    "price" : 535.40,
    "dma50" : 537.15,
    "dma100" : 540.99,
    "dma200" : 543.39,
    "volume" : 93485.00
  }, {
    "date" : "2025-06-30",
    "price" : 536.80,
    "dma50" : 537.14,
    "dma100" : 541.29,
    "dma200" : 543.32,
    "volume" : 71679.00
  }, {
    "date" : "2025-07-01",
    "price" : 538.35,
    "dma50" : 537.18,
    "dma100" : 541.32,
    "dma200" : 543.27,
    "volume" : 161979.00
  }, {
    "date" : "2025-07-02",
    "price" : 533.65,
    "dma50" : 537.05,
    "dma100" : 541.26,
    "dma200" : 543.17,
    "volume" : 54407.00
  }, {
    "date" : "2025-07-03",
    "price" : 535.50,
    "dma50" : 536.99,
    "dma100" : 541.07,
    "dma200" : 543.10,
    "volume" : 45689.00
  }, {
    "date" : "2025-07-04",
    "price" : 538.45,
    "dma50" : 537.04,
    "dma100" : 540.93,
    "dma200" : 543.05,
    "volume" : 52900.00
  }, {
    "date" : "2025-07-07",
    "price" : 580.85,
    "dma50" : 538.76,
    "dma100" : 541.10,
    "dma200" : 543.43,
    "volume" : 1211853.00
  }, {
    "date" : "2025-07-08",
    "price" : 579.05,
    "dma50" : 540.34,
    "dma100" : 541.35,
    "dma200" : 543.78,
    "volume" : 147294.00
  }, {
    "date" : "2025-07-09",
    "price" : 570.80,
    "dma50" : 541.54,
    "dma100" : 541.45,
    "dma200" : 544.05,
    "volume" : 96794.00
  }, {
    "date" : "2025-07-10",
    "price" : 555.75,
    "dma50" : 542.09,
    "dma100" : 541.56,
    "dma200" : 544.17,
    "volume" : 210503.00
  }, {
    "date" : "2025-07-11",
    "price" : 560.50,
    "dma50" : 542.81,
    "dma100" : 541.87,
    "dma200" : 544.33,
    "volume" : 71630.00
  }, {
    "date" : "2025-07-14",
    "price" : 561.80,
    "dma50" : 543.56,
    "dma100" : 542.24,
    "dma200" : 544.50,
    "volume" : 38902.00
  }, {
    "date" : "2025-07-15",
    "price" : 569.20,
    "dma50" : 544.56,
    "dma100" : 542.68,
    "dma200" : 544.75,
    "volume" : 67131.00
  }, {
    "date" : "2025-07-16",
    "price" : 570.65,
    "dma50" : 545.59,
    "dma100" : 543.18,
    "dma200" : 545.01,
    "volume" : 69584.00
  }, {
    "date" : "2025-07-17",
    "price" : 576.60,
    "dma50" : 546.80,
    "dma100" : 543.84,
    "dma200" : 545.32,
    "volume" : 61681.00
  }, {
    "date" : "2025-07-18",
    "price" : 568.05,
    "dma50" : 547.64,
    "dma100" : 543.73,
    "dma200" : 545.55,
    "volume" : 55324.00
  }, {
    "date" : "2025-07-21",
    "price" : 572.30,
    "dma50" : 548.60,
    "dma100" : 543.75,
    "dma200" : 545.81,
    "volume" : 57982.00
  }, {
    "date" : "2025-07-22",
    "price" : 573.20,
    "dma50" : 549.57,
    "dma100" : 543.92,
    "dma200" : 546.09,
    "volume" : 50681.00
  }, {
    "date" : "2025-07-23",
    "price" : 562.05,
    "dma50" : 550.06,
    "dma100" : 544.21,
    "dma200" : 546.25,
    "volume" : 47798.00
  }, {
    "date" : "2025-07-24",
    "price" : 559.15,
    "dma50" : 550.41,
    "dma100" : 544.49,
    "dma200" : 546.37,
    "volume" : 37971.00
  }, {
    "date" : "2025-07-25",
    "price" : 548.75,
    "dma50" : 550.35,
    "dma100" : 544.75,
    "dma200" : 546.40,
    "volume" : 42216.00
  }, {
    "date" : "2025-07-28",
    "price" : 541.65,
    "dma50" : 550.01,
    "dma100" : 545.06,
    "dma200" : 546.35,
    "volume" : 44834.00
  }, {
    "date" : "2025-07-29",
    "price" : 544.30,
    "dma50" : 549.78,
    "dma100" : 545.28,
    "dma200" : 546.33,
    "volume" : 35644.00
  }, {
    "date" : "2025-07-30",
    "price" : 544.00,
    "dma50" : 549.56,
    "dma100" : 545.41,
    "dma200" : 546.31,
    "volume" : 30803.00
  }, {
    "date" : "2025-07-31",
    "price" : 552.25,
    "dma50" : 549.66,
    "dma100" : 545.54,
    "dma200" : 546.37,
    "volume" : 51127.00
  }, {
    "date" : "2025-08-01",
    "price" : 550.15,
    "dma50" : 549.68,
    "dma100" : 545.70,
    "dma200" : 546.40,
    "volume" : 53317.00
  }, {
    "date" : "2025-08-04",
    "price" : 554.30,
    "dma50" : 549.86,
    "dma100" : 545.94,
    "dma200" : 546.48,
    "volume" : 41529.00
  }, {
    "date" : "2025-08-05",
    "price" : 560.90,
    "dma50" : 550.30,
    "dma100" : 546.35,
    "dma200" : 546.63,
    "volume" : 110429.00
  }, {
    "date" : "2025-08-06",
    "price" : 549.00,
    "dma50" : 550.25,
    "dma100" : 546.58,
    "dma200" : 546.65,
    "volume" : 50141.00
  }, {
    "date" : "2025-08-07",
    "price" : 540.25,
    "dma50" : 549.85,
    "dma100" : 546.60,
    "dma200" : 546.59,
    "volume" : 44797.00
  }, {
    "date" : "2025-08-08",
    "price" : 534.35,
    "dma50" : 549.25,
    "dma100" : 546.60,
    "dma200" : 546.46,
    "volume" : 36054.00
  }, {
    "date" : "2025-08-11",
    "price" : 518.85,
    "dma50" : 548.05,
    "dma100" : 546.39,
    "dma200" : 546.19,
    "volume" : 133847.00
  }, {
    "date" : "2025-08-12",
    "price" : 518.35,
    "dma50" : 546.89,
    "dma100" : 546.12,
    "dma200" : 545.91,
    "volume" : 58535.00
  }, {
    "date" : "2025-08-13",
    "price" : 514.75,
    "dma50" : 545.63,
    "dma100" : 545.79,
    "dma200" : 545.60,
    "volume" : 75302.00
  }, {
    "date" : "2025-08-14",
    "price" : 518.55,
    "dma50" : 544.57,
    "dma100" : 545.33,
    "dma200" : 545.33,
    "volume" : 37123.00
  }, {
    "date" : "2025-08-18",
    "price" : 529.90,
    "dma50" : 543.99,
    "dma100" : 545.07,
    "dma200" : 545.18,
    "volume" : 62138.00
  }, {
    "date" : "2025-08-19",
    "price" : 530.05,
    "dma50" : 543.44,
    "dma100" : 544.84,
    "dma200" : 545.03,
    "volume" : 49814.00
  }, {
    "date" : "2025-08-20",
    "price" : 532.95,
    "dma50" : 543.03,
    "dma100" : 544.62,
    "dma200" : 544.91,
    "volume" : 31687.00
  }, {
    "date" : "2025-08-21",
    "price" : 529.75,
    "dma50" : 542.51,
    "dma100" : 544.41,
    "dma200" : 544.76,
    "volume" : 46742.00
  }, {
    "date" : "2025-08-22",
    "price" : 528.80,
    "dma50" : 541.97,
    "dma100" : 544.19,
    "dma200" : 544.60,
    "volume" : 83795.00
  }, {
    "date" : "2025-08-25",
    "price" : 530.80,
    "dma50" : 541.54,
    "dma100" : 543.84,
    "dma200" : 544.46,
    "volume" : 40302.00
  }, {
    "date" : "2025-08-26",
    "price" : 529.70,
    "dma50" : 541.07,
    "dma100" : 543.66,
    "dma200" : 544.31,
    "volume" : 93441.00
  }, {
    "date" : "2025-08-28",
    "price" : 518.95,
    "dma50" : 540.20,
    "dma100" : 543.38,
    "dma200" : 544.06,
    "volume" : 47765.00
  }, {
    "date" : "2025-08-29",
    "price" : 524.75,
    "dma50" : 539.60,
    "dma100" : 543.13,
    "dma200" : 543.87,
    "volume" : 24445.00
  }, {
    "date" : "2025-09-01",
    "price" : 526.95,
    "dma50" : 539.10,
    "dma100" : 543.14,
    "dma200" : 543.70,
    "volume" : 31068.00
  }, {
    "date" : "2025-09-02",
    "price" : 534.85,
    "dma50" : 538.94,
    "dma100" : 542.98,
    "dma200" : 543.61,
    "volume" : 60576.00
  }, {
    "date" : "2025-09-03",
    "price" : 530.80,
    "dma50" : 538.62,
    "dma100" : 542.78,
    "dma200" : 543.49,
    "volume" : 54203.00
  }, {
    "date" : "2025-09-04",
    "price" : 542.85,
    "dma50" : 538.78,
    "dma100" : 542.72,
    "dma200" : 543.48,
    "volume" : 126007.00
  }, {
    "date" : "2025-09-05",
    "price" : 538.05,
    "dma50" : 538.75,
    "dma100" : 542.38,
    "dma200" : 543.43,
    "volume" : 31601.00
  }, {
    "date" : "2025-09-08",
    "price" : 534.90,
    "dma50" : 538.60,
    "dma100" : 542.00,
    "dma200" : 543.34,
    "volume" : 72208.00
  }, {
    "date" : "2025-09-09",
    "price" : 533.50,
    "dma50" : 538.40,
    "dma100" : 541.35,
    "dma200" : 543.24,
    "volume" : 38000.00
  }, {
    "date" : "2025-09-10",
    "price" : 535.40,
    "dma50" : 538.28,
    "dma100" : 540.84,
    "dma200" : 543.17,
    "volume" : 48776.00
  }, {
    "date" : "2025-09-11",
    "price" : 534.30,
    "dma50" : 538.13,
    "dma100" : 540.45,
    "dma200" : 543.08,
    "volume" : 39983.00
  }, {
    "date" : "2025-09-12",
    "price" : 532.25,
    "dma50" : 537.90,
    "dma100" : 540.02,
    "dma200" : 542.97,
    "volume" : 18290.00
  }, {
    "date" : "2025-09-15",
    "price" : 544.70,
    "dma50" : 538.16,
    "dma100" : 539.79,
    "dma200" : 542.99,
    "volume" : 107883.00
  }, {
    "date" : "2025-09-16",
    "price" : 542.75,
    "dma50" : 538.34,
    "dma100" : 539.67,
    "dma200" : 542.98,
    "volume" : 30269.00
  }, {
    "date" : "2025-09-17",
    "price" : 537.60,
    "dma50" : 538.32,
    "dma100" : 539.58,
    "dma200" : 542.93,
    "volume" : 67055.00
  }, {
    "date" : "2025-09-18",
    "price" : 550.60,
    "dma50" : 538.80,
    "dma100" : 539.58,
    "dma200" : 543.01,
    "volume" : 114957.00
  }, {
    "date" : "2025-09-19",
    "price" : 550.00,
    "dma50" : 539.24,
    "dma100" : 539.60,
    "dma200" : 543.08,
    "volume" : 59865.00
  }, {
    "date" : "2025-09-22",
    "price" : 549.10,
    "dma50" : 539.62,
    "dma100" : 539.74,
    "dma200" : 543.14,
    "volume" : 59711.00
  }, {
    "date" : "2025-09-23",
    "price" : 551.10,
    "dma50" : 540.07,
    "dma100" : 540.04,
    "dma200" : 543.22,
    "volume" : 33613.00
  }, {
    "date" : "2025-09-24",
    "price" : 541.20,
    "dma50" : 540.12,
    "dma100" : 540.12,
    "dma200" : 543.20,
    "volume" : 36241.00
  }, {
    "date" : "2025-09-25",
    "price" : 535.00,
    "dma50" : 539.92,
    "dma100" : 540.26,
    "dma200" : 543.11,
    "volume" : 32598.00
  }, {
    "date" : "2025-09-26",
    "price" : 527.90,
    "dma50" : 539.45,
    "dma100" : 540.38,
    "dma200" : 542.96,
    "volume" : 32391.00
  }, {
    "date" : "2025-09-29",
    "price" : 534.20,
    "dma50" : 539.24,
    "dma100" : 540.63,
    "dma200" : 542.88,
    "volume" : 39885.00
  }, {
    "date" : "2025-09-30",
    "price" : 520.80,
    "dma50" : 538.52,
    "dma100" : 540.70,
    "dma200" : 542.66,
    "volume" : 38539.00
  }, {
    "date" : "2025-10-01",
    "price" : 536.80,
    "dma50" : 538.45,
    "dma100" : 540.89,
    "dma200" : 542.60,
    "volume" : 35972.00
  }, {
    "date" : "2025-10-03",
    "price" : 534.15,
    "dma50" : 538.28,
    "dma100" : 541.08,
    "dma200" : 542.51,
    "volume" : 29730.00
  }, {
    "date" : "2025-10-06",
    "price" : 538.55,
    "dma50" : 538.29,
    "dma100" : 541.23,
    "dma200" : 542.47,
    "volume" : 81132.00
  }, {
    "date" : "2025-10-07",
    "price" : 535.10,
    "dma50" : 538.17,
    "dma100" : 541.35,
    "dma200" : 542.40,
    "volume" : 29634.00
  }, {
    "date" : "2025-10-08",
    "price" : 530.30,
    "dma50" : 537.86,
    "dma100" : 541.39,
    "dma200" : 542.28,
    "volume" : 41667.00
  }, {
    "date" : "2025-10-09",
    "price" : 525.55,
    "dma50" : 537.38,
    "dma100" : 541.33,
    "dma200" : 542.11,
    "volume" : 27405.00
  }, {
    "date" : "2025-10-10",
    "price" : 525.80,
    "dma50" : 536.92,
    "dma100" : 540.98,
    "dma200" : 541.95,
    "volume" : 26125.00
  }, {
    "date" : "2025-10-13",
    "price" : 525.80,
    "dma50" : 536.49,
    "dma100" : 540.75,
    "dma200" : 541.79,
    "volume" : 31344.00
  }, {
    "date" : "2025-10-14",
    "price" : 533.15,
    "dma50" : 536.35,
    "dma100" : 540.58,
    "dma200" : 541.70,
    "volume" : 297960.00
  }, {
    "date" : "2025-10-15",
    "price" : 521.85,
    "dma50" : 535.79,
    "dma100" : 540.25,
    "dma200" : 541.51,
    "volume" : 90825.00
  }, {
    "date" : "2025-10-16",
    "price" : 527.30,
    "dma50" : 535.45,
    "dma100" : 540.03,
    "dma200" : 541.37,
    "volume" : 45767.00
  }, {
    "date" : "2025-10-17",
    "price" : 520.55,
    "dma50" : 534.87,
    "dma100" : 539.85,
    "dma200" : 541.16,
    "volume" : 52453.00
  }, {
    "date" : "2025-10-20",
    "price" : 520.65,
    "dma50" : 534.31,
    "dma100" : 539.67,
    "dma200" : 540.95,
    "volume" : 23324.00
  }, {
    "date" : "2025-10-21",
    "price" : 527.35,
    "dma50" : 534.04,
    "dma100" : 539.54,
    "dma200" : 540.82,
    "volume" : 23494.00
  }, {
    "date" : "2025-10-23",
    "price" : 521.00,
    "dma50" : 533.53,
    "dma100" : 539.28,
    "dma200" : 540.62,
    "volume" : 60745.00
  }, {
    "date" : "2025-10-24",
    "price" : 521.25,
    "dma50" : 533.05,
    "dma100" : 539.15,
    "dma200" : 540.43,
    "volume" : 64478.00
  }, {
    "date" : "2025-10-27",
    "price" : 518.25,
    "dma50" : 532.46,
    "dma100" : 539.03,
    "dma200" : 540.21,
    "volume" : 41539.00
  }, {
    "date" : "2025-10-28",
    "price" : 518.95,
    "dma50" : 531.93,
    "dma100" : 538.92,
    "dma200" : 540.00,
    "volume" : 14688.00
  }, {
    "date" : "2025-10-29",
    "price" : 521.25,
    "dma50" : 531.52,
    "dma100" : 538.76,
    "dma200" : 539.81,
    "volume" : 22623.00
  }, {
    "date" : "2025-10-30",
    "price" : 526.30,
    "dma50" : 531.31,
    "dma100" : 538.62,
    "dma200" : 539.68,
    "volume" : 55250.00
  }, {
    "date" : "2025-10-31",
    "price" : 524.15,
    "dma50" : 531.03,
    "dma100" : 538.46,
    "dma200" : 539.52,
    "volume" : 25035.00
  }, {
    "date" : "2025-11-03",
    "price" : 534.20,
    "dma50" : 531.15,
    "dma100" : 538.47,
    "dma200" : 539.47,
    "volume" : 54670.00
  }, {
    "date" : "2025-11-04",
    "price" : 533.55,
    "dma50" : 531.25,
    "dma100" : 538.40,
    "dma200" : 539.41,
    "volume" : 67599.00
  }, {
    "date" : "2025-11-06",
    "price" : 533.90,
    "dma50" : 531.35,
    "dma100" : 538.33,
    "dma200" : 539.36,
    "volume" : 58684.00
  }, {
    "date" : "2025-11-07",
    "price" : 536.70,
    "dma50" : 531.56,
    "dma100" : 538.33,
    "dma200" : 539.33,
    "volume" : 53844.00
  }, {
    "date" : "2025-11-10",
    "price" : 542.75,
    "dma50" : 532.00,
    "dma100" : 538.40,
    "dma200" : 539.36,
    "volume" : 70373.00
  }, {
    "date" : "2025-11-11",
    "price" : 546.00,
    "dma50" : 532.55,
    "dma100" : 538.54,
    "dma200" : 539.43,
    "volume" : 37414.00
  }, {
    "date" : "2025-11-12",
    "price" : 547.20,
    "dma50" : 533.12,
    "dma100" : 538.65,
    "dma200" : 539.51,
    "volume" : 57894.00
  }, {
    "date" : "2025-11-13",
    "price" : 549.50,
    "dma50" : 533.77,
    "dma100" : 538.81,
    "dma200" : 539.61,
    "volume" : 133351.00
  }, {
    "date" : "2025-11-14",
    "price" : 540.55,
    "dma50" : 534.03,
    "dma100" : 538.89,
    "dma200" : 539.61,
    "volume" : 41177.00
  }, {
    "date" : "2025-11-17",
    "price" : 548.70,
    "dma50" : 534.61,
    "dma100" : 539.08,
    "dma200" : 539.71,
    "volume" : 63195.00
  }, {
    "date" : "2025-11-18",
    "price" : 549.75,
    "dma50" : 535.20,
    "dma100" : 539.32,
    "dma200" : 539.81,
    "volume" : 56427.00
  }, {
    "date" : "2025-11-19",
    "price" : 543.25,
    "dma50" : 535.52,
    "dma100" : 539.50,
    "dma200" : 539.84,
    "volume" : 51867.00
  }, {
    "date" : "2025-11-20",
    "price" : 549.30,
    "dma50" : 536.06,
    "dma100" : 539.62,
    "dma200" : 539.93,
    "volume" : 60531.00
  }, {
    "date" : "2025-11-21",
    "price" : 552.35,
    "dma50" : 536.70,
    "dma100" : 539.79,
    "dma200" : 540.06,
    "volume" : 39169.00
  }, {
    "date" : "2025-11-24",
    "price" : 545.10,
    "dma50" : 537.03,
    "dma100" : 539.88,
    "dma200" : 540.11,
    "volume" : 67455.00
  }, {
    "date" : "2025-11-25",
    "price" : 541.85,
    "dma50" : 537.22,
    "dma100" : 539.91,
    "dma200" : 540.12,
    "volume" : 18383.00
  }, {
    "date" : "2025-11-26",
    "price" : 541.10,
    "dma50" : 537.37,
    "dma100" : 539.99,
    "dma200" : 540.13,
    "volume" : 31491.00
  }, {
    "date" : "2025-11-27",
    "price" : 538.25,
    "dma50" : 537.40,
    "dma100" : 540.01,
    "dma200" : 540.12,
    "volume" : 40493.00
  }, {
    "date" : "2025-11-28",
    "price" : 538.10,
    "dma50" : 537.43,
    "dma100" : 540.01,
    "dma200" : 540.10,
    "volume" : 41820.00
  }, {
    "date" : "2025-12-01",
    "price" : 530.30,
    "dma50" : 537.15,
    "dma100" : 539.50,
    "dma200" : 540.00,
    "volume" : 60561.00
  }, {
    "date" : "2025-12-02",
    "price" : 530.85,
    "dma50" : 536.90,
    "dma100" : 539.02,
    "dma200" : 539.91,
    "volume" : 60775.00
  }, {
    "date" : "2025-12-03",
    "price" : 530.60,
    "dma50" : 536.66,
    "dma100" : 538.62,
    "dma200" : 539.81,
    "volume" : 18255.00
  }, {
    "date" : "2025-12-04",
    "price" : 527.00,
    "dma50" : 536.28,
    "dma100" : 538.33,
    "dma200" : 539.69,
    "volume" : 14143.00
  }, {
    "date" : "2025-12-05",
    "price" : 520.65,
    "dma50" : 535.66,
    "dma100" : 537.93,
    "dma200" : 539.50,
    "volume" : 26744.00
  }, {
    "date" : "2025-12-08",
    "price" : 520.15,
    "dma50" : 535.06,
    "dma100" : 537.52,
    "dma200" : 539.31,
    "volume" : 61740.00
  }, {
    "date" : "2025-12-09",
    "price" : 520.85,
    "dma50" : 534.50,
    "dma100" : 537.03,
    "dma200" : 539.12,
    "volume" : 20689.00
  }, {
    "date" : "2025-12-10",
    "price" : 525.35,
    "dma50" : 534.14,
    "dma100" : 536.58,
    "dma200" : 538.98,
    "volume" : 15546.00
  }, {
    "date" : "2025-12-11",
    "price" : 541.35,
    "dma50" : 534.42,
    "dma100" : 536.23,
    "dma200" : 539.01,
    "volume" : 50247.00
  }, {
    "date" : "2025-12-12",
    "price" : 533.30,
    "dma50" : 534.38,
    "dma100" : 535.88,
    "dma200" : 538.95,
    "volume" : 26276.00
  }, {
    "date" : "2025-12-15",
    "price" : 527.50,
    "dma50" : 534.11,
    "dma100" : 535.43,
    "dma200" : 538.84,
    "volume" : 29192.00
  }, {
    "date" : "2025-12-16",
    "price" : 529.55,
    "dma50" : 533.93,
    "dma100" : 535.00,
    "dma200" : 538.74,
    "volume" : 32273.00
  }, {
    "date" : "2025-12-17",
    "price" : 527.00,
    "dma50" : 533.66,
    "dma100" : 534.65,
    "dma200" : 538.63,
    "volume" : 15296.00
  }, {
    "date" : "2025-12-18",
    "price" : 520.45,
    "dma50" : 533.14,
    "dma100" : 534.26,
    "dma200" : 538.45,
    "volume" : 30443.00
  }, {
    "date" : "2025-12-19",
    "price" : 519.45,
    "dma50" : 532.60,
    "dma100" : 533.97,
    "dma200" : 538.26,
    "volume" : 22608.00
  }, {
    "date" : "2025-12-22",
    "price" : 525.80,
    "dma50" : 532.34,
    "dma100" : 533.81,
    "dma200" : 538.13,
    "volume" : 139439.00
  }, {
    "date" : "2025-12-23",
    "price" : 514.35,
    "dma50" : 531.63,
    "dma100" : 533.51,
    "dma200" : 537.90,
    "volume" : 232463.00
  }, {
    "date" : "2025-12-24",
    "price" : 509.70,
    "dma50" : 530.77,
    "dma100" : 533.16,
    "dma200" : 537.62,
    "volume" : 90642.00
  }, {
    "date" : "2025-12-26",
    "price" : 517.10,
    "dma50" : 530.24,
    "dma100" : 532.81,
    "dma200" : 537.41,
    "volume" : 77653.00
  }, {
    "date" : "2025-12-29",
    "price" : 509.30,
    "dma50" : 529.41,
    "dma100" : 532.40,
    "dma200" : 537.13,
    "volume" : 35648.00
  }, {
    "date" : "2025-12-30",
    "price" : 508.30,
    "dma50" : 528.59,
    "dma100" : 531.94,
    "dma200" : 536.85,
    "volume" : 15392.00
  }, {
    "date" : "2025-12-31",
    "price" : 519.00,
    "dma50" : 528.21,
    "dma100" : 531.53,
    "dma200" : 536.67,
    "volume" : 56328.00
  } ],
  "latestTechnicalAttributes" : {
    "date" : "2025-12-31",
    "price" : 519.00,
    "dma50" : 528.21,
    "dma100" : 531.53,
    "dma200" : 536.67,
    "volume" : 56328.00
  },
  "quarterlyResults" : [ {
    "date" : "2005-03-31",
    "sales" : 0.80,
    "salesGrowthYoY" : null,
    "grossProfitMargin" : 100.00,
    "grossProfit" : 0.80,
    "operatingProfitMargin" : 27.50,
    "operatingProfit" : 0.22,
    "netProfitMargin" : 25.00,
    "netProfit" : 0.20
  }, {
    "date" : "2005-06-30",
    "sales" : 0.25,
    "salesGrowthYoY" : null,
    "grossProfitMargin" : 100.00,
    "grossProfit" : 0.25,
    "operatingProfitMargin" : -36.00,
    "operatingProfit" : -0.09,
    "netProfitMargin" : -64.00,
    "netProfit" : -0.16
  }, {
    "date" : "2005-09-30",
    "sales" : 0.41,
    "salesGrowthYoY" : null,
    "grossProfitMargin" : 100.00,
    "grossProfit" : 0.41,
    "operatingProfitMargin" : 9.76,
    "operatingProfit" : 0.04,
    "netProfitMargin" : 0.00,
    "netProfit" : 0.00
  }, {
    "date" : "2005-12-31",
    "sales" : 0.52,
    "salesGrowthYoY" : null,
    "grossProfitMargin" : 100.00,
    "grossProfit" : 0.52,
    "operatingProfitMargin" : 28.85,
    "operatingProfit" : 0.15,
    "netProfitMargin" : 15.38,
    "netProfit" : 0.08
  }, {
    "date" : "2006-03-31",
    "sales" : 0.89,
    "salesGrowthYoY" : 11.25,
    "grossProfitMargin" : 100.00,
    "grossProfit" : 0.89,
    "operatingProfitMargin" : 52.81,
    "operatingProfit" : 0.47,
    "netProfitMargin" : 52.81,
    "netProfit" : 0.47
  }, {
    "date" : "2006-06-30",
    "sales" : 0.16,
    "salesGrowthYoY" : -36.00,
    "grossProfitMargin" : 100.00,
    "grossProfit" : 0.16,
    "operatingProfitMargin" : -87.50,
    "operatingProfit" : -0.14,
    "netProfitMargin" : -125.00,
    "netProfit" : -0.20
  }, {
    "date" : "2006-09-30",
    "sales" : 0.25,
    "salesGrowthYoY" : -39.02,
    "grossProfitMargin" : 100.00,
    "grossProfit" : 0.25,
    "operatingProfitMargin" : -28.00,
    "operatingProfit" : -0.07,
    "netProfitMargin" : -56.00,
    "netProfit" : -0.14
  }, {
    "date" : "2006-12-31",
    "sales" : 1.08,
    "salesGrowthYoY" : 107.69,
    "grossProfitMargin" : 93.52,
    "grossProfit" : 1.01,
    "operatingProfitMargin" : 68.52,
    "operatingProfit" : 0.74,
    "netProfitMargin" : 61.11,
    "netProfit" : 0.66
  }, {
    "date" : "2007-03-31",
    "sales" : 0.21,
    "salesGrowthYoY" : -76.40,
    "grossProfitMargin" : 14.29,
    "grossProfit" : 0.03,
    "operatingProfitMargin" : -123.81,
    "operatingProfit" : -0.26,
    "netProfitMargin" : -157.14,
    "netProfit" : -0.33
  }, {
    "date" : "2007-06-30",
    "sales" : 0.57,
    "salesGrowthYoY" : 256.25,
    "grossProfitMargin" : 47.37,
    "grossProfit" : 0.27,
    "operatingProfitMargin" : 5.26,
    "operatingProfit" : 0.03,
    "netProfitMargin" : -10.53,
    "netProfit" : -0.06
  }, {
    "date" : "2007-09-30",
    "sales" : 0.22,
    "salesGrowthYoY" : -12.00,
    "grossProfitMargin" : 13.64,
    "grossProfit" : 0.03,
    "operatingProfitMargin" : -122.73,
    "operatingProfit" : -0.27,
    "netProfitMargin" : -122.73,
    "netProfit" : -0.27
  }, {
    "date" : "2007-12-31",
    "sales" : 0.92,
    "salesGrowthYoY" : -14.81,
    "grossProfitMargin" : 39.13,
    "grossProfit" : 0.36,
    "operatingProfitMargin" : -2.17,
    "operatingProfit" : -0.02,
    "netProfitMargin" : -5.43,
    "netProfit" : -0.05
  }, {
    "date" : "2008-03-31",
    "sales" : 0.69,
    "salesGrowthYoY" : 228.57,
    "grossProfitMargin" : 18.84,
    "grossProfit" : 0.13,
    "operatingProfitMargin" : -49.28,
    "operatingProfit" : -0.34,
    "netProfitMargin" : -62.32,
    "netProfit" : -0.43
  }, {
    "date" : "2008-06-30",
    "sales" : 0.63,
    "salesGrowthYoY" : 10.53,
    "grossProfitMargin" : 25.40,
    "grossProfit" : 0.16,
    "operatingProfitMargin" : -34.92,
    "operatingProfit" : -0.22,
    "netProfitMargin" : -31.75,
    "netProfit" : -0.20
  }, {
    "date" : "2008-09-30",
    "sales" : 0.60,
    "salesGrowthYoY" : 172.73,
    "grossProfitMargin" : 30.00,
    "grossProfit" : 0.18,
    "operatingProfitMargin" : -45.00,
    "operatingProfit" : -0.27,
    "netProfitMargin" : -58.33,
    "netProfit" : -0.35
  }, {
    "date" : "2008-12-31",
    "sales" : 0.53,
    "salesGrowthYoY" : -42.39,
    "grossProfitMargin" : 22.64,
    "grossProfit" : 0.12,
    "operatingProfitMargin" : -67.92,
    "operatingProfit" : -0.36,
    "netProfitMargin" : 32.08,
    "netProfit" : 0.17
  }, {
    "date" : "2009-03-31",
    "sales" : 0.99,
    "salesGrowthYoY" : 43.48,
    "grossProfitMargin" : 43.43,
    "grossProfit" : 0.43,
    "operatingProfitMargin" : -2.02,
    "operatingProfit" : -0.02,
    "netProfitMargin" : -14.14,
    "netProfit" : -0.14
  }, {
    "date" : "2009-06-30",
    "sales" : 0.92,
    "salesGrowthYoY" : 46.03,
    "grossProfitMargin" : 36.96,
    "grossProfit" : 0.34,
    "operatingProfitMargin" : -10.87,
    "operatingProfit" : -0.10,
    "netProfitMargin" : -20.65,
    "netProfit" : -0.19
  }, {
    "date" : "2009-09-30",
    "sales" : 0.58,
    "salesGrowthYoY" : -3.33,
    "grossProfitMargin" : 24.14,
    "grossProfit" : 0.14,
    "operatingProfitMargin" : -44.83,
    "operatingProfit" : -0.26,
    "netProfitMargin" : -68.97,
    "netProfit" : -0.40
  }, {
    "date" : "2009-12-31",
    "sales" : 0.80,
    "salesGrowthYoY" : 50.94,
    "grossProfitMargin" : 50.00,
    "grossProfit" : 0.40,
    "operatingProfitMargin" : -17.50,
    "operatingProfit" : -0.14,
    "netProfitMargin" : 48.75,
    "netProfit" : 0.39
  }, {
    "date" : "2010-03-31",
    "sales" : 1.10,
    "salesGrowthYoY" : 11.11,
    "grossProfitMargin" : 27.27,
    "grossProfit" : 0.30,
    "operatingProfitMargin" : -27.27,
    "operatingProfit" : -0.30,
    "netProfitMargin" : -38.18,
    "netProfit" : -0.42
  }, {
    "date" : "2010-06-30",
    "sales" : 0.94,
    "salesGrowthYoY" : 2.17,
    "grossProfitMargin" : 29.79,
    "grossProfit" : 0.28,
    "operatingProfitMargin" : -19.15,
    "operatingProfit" : -0.18,
    "netProfitMargin" : -32.98,
    "netProfit" : -0.31
  }, {
    "date" : "2010-09-30",
    "sales" : 0.87,
    "salesGrowthYoY" : 50.00,
    "grossProfitMargin" : 33.33,
    "grossProfit" : 0.29,
    "operatingProfitMargin" : -18.39,
    "operatingProfit" : -0.16,
    "netProfitMargin" : -27.59,
    "netProfit" : -0.24
  }, {
    "date" : "2010-12-31",
    "sales" : 1.15,
    "salesGrowthYoY" : 43.75,
    "grossProfitMargin" : 54.78,
    "grossProfit" : 0.63,
    "operatingProfitMargin" : 34.78,
    "operatingProfit" : 0.40,
    "netProfitMargin" : 26.96,
    "netProfit" : 0.31
  }, {
    "date" : "2011-03-31",
    "sales" : 0.82,
    "salesGrowthYoY" : -25.45,
    "grossProfitMargin" : 76.83,
    "grossProfit" : 0.63,
    "operatingProfitMargin" : 32.93,
    "operatingProfit" : 0.27,
    "netProfitMargin" : 36.59,
    "netProfit" : 0.30
  }, {
    "date" : "2011-06-30",
    "sales" : 1.02,
    "salesGrowthYoY" : 8.51,
    "grossProfitMargin" : 43.14,
    "grossProfit" : 0.44,
    "operatingProfitMargin" : -21.57,
    "operatingProfit" : -0.22,
    "netProfitMargin" : -33.33,
    "netProfit" : -0.34
  }, {
    "date" : "2011-09-30",
    "sales" : 1.37,
    "salesGrowthYoY" : 57.47,
    "grossProfitMargin" : 34.31,
    "grossProfit" : 0.47,
    "operatingProfitMargin" : -11.68,
    "operatingProfit" : -0.16,
    "netProfitMargin" : -21.17,
    "netProfit" : -0.29
  }, {
    "date" : "2011-12-31",
    "sales" : 0.79,
    "salesGrowthYoY" : -31.30,
    "grossProfitMargin" : 31.65,
    "grossProfit" : 0.25,
    "operatingProfitMargin" : -37.97,
    "operatingProfit" : -0.30,
    "netProfitMargin" : -55.70,
    "netProfit" : -0.44
  }, {
    "date" : "2012-03-31",
    "sales" : 0.76,
    "salesGrowthYoY" : -7.32,
    "grossProfitMargin" : 35.53,
    "grossProfit" : 0.27,
    "operatingProfitMargin" : -39.47,
    "operatingProfit" : -0.30,
    "netProfitMargin" : -69.74,
    "netProfit" : -0.53
  }, {
    "date" : "2012-06-30",
    "sales" : 1.38,
    "salesGrowthYoY" : 35.29,
    "grossProfitMargin" : 41.30,
    "grossProfit" : 0.57,
    "operatingProfitMargin" : 12.32,
    "operatingProfit" : 0.17,
    "netProfitMargin" : 0.72,
    "netProfit" : 0.01
  }, {
    "date" : "2012-09-30",
    "sales" : 1.35,
    "salesGrowthYoY" : -1.46,
    "grossProfitMargin" : 64.44,
    "grossProfit" : 0.87,
    "operatingProfitMargin" : 11.85,
    "operatingProfit" : 0.16,
    "netProfitMargin" : -2.96,
    "netProfit" : -0.04
  }, {
    "date" : "2012-12-31",
    "sales" : 1.40,
    "salesGrowthYoY" : 77.22,
    "grossProfitMargin" : 31.43,
    "grossProfit" : 0.44,
    "operatingProfitMargin" : -7.14,
    "operatingProfit" : -0.10,
    "netProfitMargin" : -20.00,
    "netProfit" : -0.28
  }, {
    "date" : "2013-03-31",
    "sales" : 1.89,
    "salesGrowthYoY" : 148.68,
    "grossProfitMargin" : 35.98,
    "grossProfit" : 0.68,
    "operatingProfitMargin" : 9.52,
    "operatingProfit" : 0.18,
    "netProfitMargin" : 1.06,
    "netProfit" : 0.02
  }, {
    "date" : "2013-06-30",
    "sales" : 1.03,
    "salesGrowthYoY" : -25.36,
    "grossProfitMargin" : 52.43,
    "grossProfit" : 0.54,
    "operatingProfitMargin" : -12.62,
    "operatingProfit" : -0.13,
    "netProfitMargin" : -54.37,
    "netProfit" : -0.56
  }, {
    "date" : "2013-09-30",
    "sales" : 1.68,
    "salesGrowthYoY" : 24.44,
    "grossProfitMargin" : 38.10,
    "grossProfit" : 0.64,
    "operatingProfitMargin" : 1.79,
    "operatingProfit" : 0.03,
    "netProfitMargin" : -22.62,
    "netProfit" : -0.38
  }, {
    "date" : "2013-12-31",
    "sales" : 1.16,
    "salesGrowthYoY" : -17.14,
    "grossProfitMargin" : 43.10,
    "grossProfit" : 0.50,
    "operatingProfitMargin" : -4.31,
    "operatingProfit" : -0.05,
    "netProfitMargin" : -34.48,
    "netProfit" : -0.40
  }, {
    "date" : "2014-03-31",
    "sales" : 2.01,
    "salesGrowthYoY" : 6.35,
    "grossProfitMargin" : 39.30,
    "grossProfit" : 0.79,
    "operatingProfitMargin" : -22.39,
    "operatingProfit" : -0.45,
    "netProfitMargin" : -46.27,
    "netProfit" : -0.93
  }, {
    "date" : "2014-06-30",
    "sales" : 3.29,
    "salesGrowthYoY" : 219.42,
    "grossProfitMargin" : 37.99,
    "grossProfit" : 1.25,
    "operatingProfitMargin" : -7.60,
    "operatingProfit" : -0.25,
    "netProfitMargin" : -21.88,
    "netProfit" : -0.72
  }, {
    "date" : "2014-09-30",
    "sales" : 4.92,
    "salesGrowthYoY" : 192.86,
    "grossProfitMargin" : 40.24,
    "grossProfit" : 1.98,
    "operatingProfitMargin" : -4.67,
    "operatingProfit" : -0.23,
    "netProfitMargin" : -15.65,
    "netProfit" : -0.77
  }, {
    "date" : "2014-12-31",
    "sales" : 2.80,
    "salesGrowthYoY" : 141.38,
    "grossProfitMargin" : 60.71,
    "grossProfit" : 1.70,
    "operatingProfitMargin" : 0.71,
    "operatingProfit" : 0.02,
    "netProfitMargin" : -18.21,
    "netProfit" : -0.51
  }, {
    "date" : "2015-03-31",
    "sales" : 6.42,
    "salesGrowthYoY" : 219.40,
    "grossProfitMargin" : 35.36,
    "grossProfit" : 2.27,
    "operatingProfitMargin" : -82.09,
    "operatingProfit" : -5.27,
    "netProfitMargin" : 70.09,
    "netProfit" : 4.50
  }, {
    "date" : "2015-06-30",
    "sales" : 6.67,
    "salesGrowthYoY" : 102.74,
    "grossProfitMargin" : 46.63,
    "grossProfit" : 3.11,
    "operatingProfitMargin" : 9.90,
    "operatingProfit" : 0.66,
    "netProfitMargin" : 2.55,
    "netProfit" : 0.17
  }, {
    "date" : "2015-09-30",
    "sales" : 5.96,
    "salesGrowthYoY" : 21.14,
    "grossProfitMargin" : 39.26,
    "grossProfit" : 2.34,
    "operatingProfitMargin" : 7.89,
    "operatingProfit" : 0.47,
    "netProfitMargin" : -0.84,
    "netProfit" : -0.05
  }, {
    "date" : "2015-12-31",
    "sales" : 4.88,
    "salesGrowthYoY" : 74.29,
    "grossProfitMargin" : 41.39,
    "grossProfit" : 2.02,
    "operatingProfitMargin" : 3.69,
    "operatingProfit" : 0.18,
    "netProfitMargin" : -8.20,
    "netProfit" : -0.40
  }, {
    "date" : "2016-03-31",
    "sales" : 6.34,
    "salesGrowthYoY" : -1.25,
    "grossProfitMargin" : 43.22,
    "grossProfit" : 2.74,
    "operatingProfitMargin" : 14.83,
    "operatingProfit" : 0.94,
    "netProfitMargin" : 27.13,
    "netProfit" : 1.72
  }, {
    "date" : "2016-06-30",
    "sales" : 5.59,
    "salesGrowthYoY" : -16.19,
    "grossProfitMargin" : 41.32,
    "grossProfit" : 2.31,
    "operatingProfitMargin" : 12.70,
    "operatingProfit" : 0.71,
    "netProfitMargin" : 2.15,
    "netProfit" : 0.12
  }, {
    "date" : "2016-09-30",
    "sales" : 6.40,
    "salesGrowthYoY" : 7.38,
    "grossProfitMargin" : 40.94,
    "grossProfit" : 2.62,
    "operatingProfitMargin" : 10.47,
    "operatingProfit" : 0.67,
    "netProfitMargin" : 1.25,
    "netProfit" : 0.08
  }, {
    "date" : "2016-12-31",
    "sales" : 6.20,
    "salesGrowthYoY" : 27.05,
    "grossProfitMargin" : 38.06,
    "grossProfit" : 2.36,
    "operatingProfitMargin" : 8.71,
    "operatingProfit" : 0.54,
    "netProfitMargin" : 0.00,
    "netProfit" : 0.00
  }, {
    "date" : "2017-03-31",
    "sales" : 19.92,
    "salesGrowthYoY" : 214.20,
    "grossProfitMargin" : 41.16,
    "grossProfit" : 8.20,
    "operatingProfitMargin" : 5.07,
    "operatingProfit" : 1.01,
    "netProfitMargin" : 2.36,
    "netProfit" : 0.47
  }, {
    "date" : "2017-06-30",
    "sales" : 25.24,
    "salesGrowthYoY" : 351.52,
    "grossProfitMargin" : 45.36,
    "grossProfit" : 11.45,
    "operatingProfitMargin" : 7.01,
    "operatingProfit" : 1.77,
    "netProfitMargin" : 6.26,
    "netProfit" : 1.58
  }, {
    "date" : "2017-09-30",
    "sales" : 23.76,
    "salesGrowthYoY" : 271.25,
    "grossProfitMargin" : 46.30,
    "grossProfit" : 11.00,
    "operatingProfitMargin" : 5.13,
    "operatingProfit" : 1.22,
    "netProfitMargin" : 3.91,
    "netProfit" : 0.93
  }, {
    "date" : "2017-12-31",
    "sales" : 26.17,
    "salesGrowthYoY" : 322.10,
    "grossProfitMargin" : 50.52,
    "grossProfit" : 13.22,
    "operatingProfitMargin" : 8.64,
    "operatingProfit" : 2.26,
    "netProfitMargin" : 3.90,
    "netProfit" : 1.02
  }, {
    "date" : "2018-03-31",
    "sales" : 63.68,
    "salesGrowthYoY" : 219.68,
    "grossProfitMargin" : 38.79,
    "grossProfit" : 24.70,
    "operatingProfitMargin" : 7.57,
    "operatingProfit" : 4.82,
    "netProfitMargin" : 4.30,
    "netProfit" : 2.74
  }, {
    "date" : "2018-06-30",
    "sales" : 44.18,
    "salesGrowthYoY" : 75.04,
    "grossProfitMargin" : 45.29,
    "grossProfit" : 20.01,
    "operatingProfitMargin" : 9.64,
    "operatingProfit" : 4.26,
    "netProfitMargin" : 5.41,
    "netProfit" : 2.39
  }, {
    "date" : "2018-09-30",
    "sales" : 52.74,
    "salesGrowthYoY" : 121.97,
    "grossProfitMargin" : 42.87,
    "grossProfit" : 22.61,
    "operatingProfitMargin" : 9.37,
    "operatingProfit" : 4.94,
    "netProfitMargin" : 4.82,
    "netProfit" : 2.54
  }, {
    "date" : "2018-12-31",
    "sales" : 122.42,
    "salesGrowthYoY" : 367.79,
    "grossProfitMargin" : 27.07,
    "grossProfit" : 33.14,
    "operatingProfitMargin" : 7.83,
    "operatingProfit" : 9.59,
    "netProfitMargin" : 3.47,
    "netProfit" : 4.25
  }, {
    "date" : "2019-03-31",
    "sales" : 149.34,
    "salesGrowthYoY" : 134.52,
    "grossProfitMargin" : 21.57,
    "grossProfit" : 32.21,
    "operatingProfitMargin" : 4.63,
    "operatingProfit" : 6.91,
    "netProfitMargin" : 1.24,
    "netProfit" : 1.85
  }, {
    "date" : "2019-06-30",
    "sales" : 144.60,
    "salesGrowthYoY" : 227.30,
    "grossProfitMargin" : 23.17,
    "grossProfit" : 33.50,
    "operatingProfitMargin" : 7.77,
    "operatingProfit" : 11.24,
    "netProfitMargin" : 3.00,
    "netProfit" : 4.34
  }, {
    "date" : "2019-09-30",
    "sales" : 172.50,
    "salesGrowthYoY" : 227.08,
    "grossProfitMargin" : 21.21,
    "grossProfit" : 36.59,
    "operatingProfitMargin" : 7.32,
    "operatingProfit" : 12.63,
    "netProfitMargin" : 2.85,
    "netProfit" : 4.92
  }, {
    "date" : "2019-12-31",
    "sales" : 207.14,
    "salesGrowthYoY" : 69.20,
    "grossProfitMargin" : 19.43,
    "grossProfit" : 40.25,
    "operatingProfitMargin" : 7.14,
    "operatingProfit" : 14.79,
    "netProfitMargin" : 3.08,
    "netProfit" : 6.38
  }, {
    "date" : "2020-03-31",
    "sales" : 247.66,
    "salesGrowthYoY" : 65.84,
    "grossProfitMargin" : 17.29,
    "grossProfit" : 42.82,
    "operatingProfitMargin" : 6.88,
    "operatingProfit" : 17.04,
    "netProfitMargin" : 2.87,
    "netProfit" : 7.11
  }, {
    "date" : "2020-06-30",
    "sales" : 201.89,
    "salesGrowthYoY" : 39.62,
    "grossProfitMargin" : 17.62,
    "grossProfit" : 35.57,
    "operatingProfitMargin" : 7.24,
    "operatingProfit" : 14.62,
    "netProfitMargin" : 2.12,
    "netProfit" : 4.28
  }, {
    "date" : "2020-09-30",
    "sales" : 318.45,
    "salesGrowthYoY" : 84.61,
    "grossProfitMargin" : 16.59,
    "grossProfit" : 52.83,
    "operatingProfitMargin" : 6.70,
    "operatingProfit" : 21.34,
    "netProfitMargin" : 2.62,
    "netProfit" : 8.34
  }, {
    "date" : "2020-12-31",
    "sales" : 383.70,
    "salesGrowthYoY" : 85.24,
    "grossProfitMargin" : 12.75,
    "grossProfit" : 48.92,
    "operatingProfitMargin" : 5.69,
    "operatingProfit" : 21.83,
    "netProfitMargin" : 3.27,
    "netProfit" : 12.55
  }, {
    "date" : "2021-03-31",
    "sales" : 490.88,
    "salesGrowthYoY" : 98.21,
    "grossProfitMargin" : 13.64,
    "grossProfit" : 66.96,
    "operatingProfitMargin" : 5.97,
    "operatingProfit" : 29.31,
    "netProfitMargin" : 2.74,
    "netProfit" : 13.45
  }, {
    "date" : "2021-06-30",
    "sales" : 457.02,
    "salesGrowthYoY" : 126.37,
    "grossProfitMargin" : 12.15,
    "grossProfit" : 55.53,
    "operatingProfitMargin" : 5.67,
    "operatingProfit" : 25.91,
    "netProfitMargin" : 2.44,
    "netProfit" : 11.15
  }, {
    "date" : "2021-09-30",
    "sales" : 471.04,
    "salesGrowthYoY" : 47.92,
    "grossProfitMargin" : 13.90,
    "grossProfit" : 65.47,
    "operatingProfitMargin" : 6.10,
    "operatingProfit" : 28.73,
    "netProfitMargin" : 2.59,
    "netProfit" : 12.20
  }, {
    "date" : "2021-12-31",
    "sales" : 526.78,
    "salesGrowthYoY" : 37.29,
    "grossProfitMargin" : 12.58,
    "grossProfit" : 66.27,
    "operatingProfitMargin" : 5.51,
    "operatingProfit" : 29.03,
    "netProfitMargin" : 2.38,
    "netProfit" : 12.54
  }, {
    "date" : "2022-03-31",
    "sales" : 562.03,
    "salesGrowthYoY" : 14.49,
    "grossProfitMargin" : 12.18,
    "grossProfit" : 68.46,
    "operatingProfitMargin" : 5.54,
    "operatingProfit" : 31.14,
    "netProfitMargin" : 2.59,
    "netProfit" : 14.56
  }, {
    "date" : "2022-06-30",
    "sales" : 564.74,
    "salesGrowthYoY" : 23.57,
    "grossProfitMargin" : 12.84,
    "grossProfit" : 72.51,
    "operatingProfitMargin" : 5.87,
    "operatingProfit" : 33.15,
    "netProfitMargin" : 2.46,
    "netProfit" : 13.89
  }, {
    "date" : "2022-09-30",
    "sales" : 597.03,
    "salesGrowthYoY" : 26.75,
    "grossProfitMargin" : 12.47,
    "grossProfit" : 74.45,
    "operatingProfitMargin" : 5.99,
    "operatingProfit" : 35.76,
    "netProfitMargin" : 2.84,
    "netProfit" : 16.96
  }, {
    "date" : "2022-12-31",
    "sales" : 626.57,
    "salesGrowthYoY" : 18.94,
    "grossProfitMargin" : 12.67,
    "grossProfit" : 79.39,
    "operatingProfitMargin" : 6.37,
    "operatingProfit" : 39.91,
    "netProfitMargin" : 2.77,
    "netProfit" : 17.36
  }, {
    "date" : "2023-03-31",
    "sales" : 594.86,
    "salesGrowthYoY" : 5.84,
    "grossProfitMargin" : 13.54,
    "grossProfit" : 80.54,
    "operatingProfitMargin" : 6.43,
    "operatingProfit" : 38.25,
    "netProfitMargin" : 2.74,
    "netProfit" : 16.30
  }, {
    "date" : "2023-06-30",
    "sales" : 533.89,
    "salesGrowthYoY" : -5.46,
    "grossProfitMargin" : 14.21,
    "grossProfit" : 75.87,
    "operatingProfitMargin" : 6.66,
    "operatingProfit" : 35.56,
    "netProfitMargin" : 3.33,
    "netProfit" : 17.78
  }, {
    "date" : "2023-09-30",
    "sales" : 584.70,
    "salesGrowthYoY" : -2.07,
    "grossProfitMargin" : 14.45,
    "grossProfit" : 84.49,
    "operatingProfitMargin" : 7.03,
    "operatingProfit" : 41.10,
    "netProfitMargin" : 3.69,
    "netProfit" : 21.58
  }, {
    "date" : "2023-12-31",
    "sales" : 643.08,
    "salesGrowthYoY" : 2.63,
    "grossProfitMargin" : 14.65,
    "grossProfit" : 94.21,
    "operatingProfitMargin" : 7.15,
    "operatingProfit" : 45.98,
    "netProfitMargin" : 3.51,
    "netProfit" : 22.57
  }, {
    "date" : "2024-03-31",
    "sales" : 619.71,
    "salesGrowthYoY" : 4.18,
    "grossProfitMargin" : 16.99,
    "grossProfit" : 105.29,
    "operatingProfitMargin" : 6.43,
    "operatingProfit" : 39.85,
    "netProfitMargin" : 2.64,
    "netProfit" : 16.36
  }, {
    "date" : "2024-06-30",
    "sales" : 639.66,
    "salesGrowthYoY" : 19.81,
    "grossProfitMargin" : 16.81,
    "grossProfit" : 107.53,
    "operatingProfitMargin" : 7.16,
    "operatingProfit" : 45.80,
    "netProfitMargin" : 3.14,
    "netProfit" : 20.09
  }, {
    "date" : "2024-09-30",
    "sales" : 684.67,
    "salesGrowthYoY" : 17.10,
    "grossProfitMargin" : 16.67,
    "grossProfit" : 114.13,
    "operatingProfitMargin" : 7.82,
    "operatingProfit" : 53.54,
    "netProfitMargin" : 3.81,
    "netProfit" : 26.09
  }, {
    "date" : "2024-12-31",
    "sales" : 711.80,
    "salesGrowthYoY" : 10.69,
    "grossProfitMargin" : 16.67,
    "grossProfit" : 118.66,
    "operatingProfitMargin" : 8.44,
    "operatingProfit" : 60.08,
    "netProfitMargin" : 4.29,
    "netProfit" : 30.54
  }, {
    "date" : "2025-03-31",
    "sales" : 697.72,
    "salesGrowthYoY" : 12.59,
    "grossProfitMargin" : 17.02,
    "grossProfit" : 118.75,
    "operatingProfitMargin" : 7.60,
    "operatingProfit" : 53.03,
    "netProfitMargin" : 3.82,
    "netProfit" : 26.65
  }, {
    "date" : "2025-06-30",
    "sales" : 733.23,
    "salesGrowthYoY" : 14.63,
    "grossProfitMargin" : 17.03,
    "grossProfit" : 124.87,
    "operatingProfitMargin" : 8.05,
    "operatingProfit" : 59.03,
    "netProfitMargin" : 4.14,
    "netProfit" : 30.36
  }, {
    "date" : "2025-09-30",
    "sales" : 792.64,
    "salesGrowthYoY" : 15.77,
    "grossProfitMargin" : 16.62,
    "grossProfit" : 131.74,
    "operatingProfitMargin" : 7.63,
    "operatingProfit" : 60.48,
    "netProfitMargin" : 3.90,
    "netProfit" : 30.91
  } ],
  "latestQuarterlyResult" : {
    "date" : "2025-09-30",
    "sales" : 792.64,
    "salesGrowthYoY" : 15.77,
    "grossProfitMargin" : 16.62,
    "grossProfit" : 131.74,
    "operatingProfitMargin" : 7.63,
    "operatingProfit" : 60.48,
    "netProfitMargin" : 3.90,
    "netProfit" : 30.91
  },
  "companyScore" : {
    "priceHigherThanDma50" : 0.00,
    "priceHigherThanDma100" : 0.00,
    "priceHigherThanDma200" : 0.00,
    "dma50HigherThanDma100" : 0.00,
    "dma50HigherThanDma200" : 0.00,
    "dma100HigherThanDma200" : 0.00,
    "pricePercentageAboveDma50" : 5.09,
    "pricePercentageAboveDma100" : 5.12,
    "pricePercentageAboveDma200" : 5.16,
    "weeklyVolumeHigherThanYearlyVolume" : 0.00,
    "salesGrowthPercentile" : 8.10,
    "operatingProfitMarginPercentile" : 14.22,
    "netProfitMarginPercentile" : 7.95,
    "totalTechnicalScore" : 15.37,
    "totalFundamentalScore" : 30.27,
    "totalScore" : 45.64
  }
}