{
  "metadata" : {
    "screenerCompanyId" : "1376",
    "companyCode" : "HUBTOWN",
    "companyName" : "Hubtown",
    "screenerCompanyLink" : "https://www.screener.in/company/HUBTOWN",
    "screenerTechnicalHistoryLink" : "https://www.screener.in/api/company/1376/chart/?q=Price-DMA50-DMA200-Volume&days=365",
    "screenerQuarterlyResultsLink" : "https://www.screener.in/api/company/1376/chart/?q=GPM-OPM-NPM-Quarter+Sales&days=10000",
    "attributes" : {
      "companyCode" : "HUBTOWN",
      "companyName" : "Hubtown",
      "marketCap" : 4494.00,
      "peRatio" : 39.70,
      "description" : "Incorporated in 1985, Hubtown Ltd is in the business of real estate development"
    },
    "companyScore" : {
      "priceHigherThanDma50" : 5.00,
      "priceHigherThanDma100" : 0.00,
      "priceHigherThanDma200" : 5.00,
      "dma50HigherThanDma100" : 0.00,
      "dma50HigherThanDma200" : 5.00,
      "dma100HigherThanDma200" : 5.00,
      "pricePercentageAboveDma50" : 4.96,
      "pricePercentageAboveDma100" : 5.02,
      "pricePercentageAboveDma200" : 4.35,
      "weeklyVolumeHigherThanYearlyVolume" : 0.00,
      "salesGrowthPercentile" : 16.94,
      "operatingProfitMarginPercentile" : 17.33,
      "netProfitMarginPercentile" : 9.09,
      "totalTechnicalScore" : 34.34,
      "totalFundamentalScore" : 43.37,
      "totalScore" : 77.70
    }
  },
  "attributes" : {
    "companyCode" : "HUBTOWN",
    "companyName" : "Hubtown",
    "marketCap" : 4494.00,
    "peRatio" : 39.70,
    "description" : "Incorporated in 1985, Hubtown Ltd is in the business of real estate development"
  },
  "technicalHistory" : [ {
    "date" : "2024-11-27",
    "price" : 280.50,
    "dma50" : 272.03,
    "dma100" : null,
    "dma200" : 210.34,
    "volume" : 171047.00
  }, {
    "date" : "2024-11-28",
    "price" : 276.40,
    "dma50" : 272.20,
    "dma100" : null,
    "dma200" : 210.99,
    "volume" : 53890.00
  }, {
    "date" : "2024-11-29",
    "price" : 277.35,
    "dma50" : 272.41,
    "dma100" : null,
    "dma200" : 211.65,
    "volume" : 61401.00
  }, {
    "date" : "2024-12-02",
    "price" : 278.45,
    "dma50" : 272.64,
    "dma100" : null,
    "dma200" : 212.32,
    "volume" : 71865.00
  }, {
    "date" : "2024-12-03",
    "price" : 279.85,
    "dma50" : 272.93,
    "dma100" : null,
    "dma200" : 212.99,
    "volume" : 126745.00
  }, {
    "date" : "2024-12-04",
    "price" : 293.80,
    "dma50" : 273.74,
    "dma100" : null,
    "dma200" : 213.79,
    "volume" : 309605.00
  }, {
    "date" : "2024-12-05",
    "price" : 308.45,
    "dma50" : 275.11,
    "dma100" : null,
    "dma200" : 214.74,
    "volume" : 119144.00
  }, {
    "date" : "2024-12-06",
    "price" : 322.75,
    "dma50" : 276.97,
    "dma100" : null,
    "dma200" : 215.81,
    "volume" : 825580.00
  }, {
    "date" : "2024-12-09",
    "price" : 306.90,
    "dma50" : 278.15,
    "dma100" : null,
    "dma200" : 216.72,
    "volume" : 232047.00
  }, {
    "date" : "2024-12-10",
    "price" : 305.45,
    "dma50" : 279.22,
    "dma100" : null,
    "dma200" : 217.60,
    "volume" : 246135.00
  }, {
    "date" : "2024-12-11",
    "price" : 295.15,
    "dma50" : 279.84,
    "dma100" : null,
    "dma200" : 218.37,
    "volume" : 95144.00
  }, {
    "date" : "2024-12-12",
    "price" : 289.60,
    "dma50" : 280.23,
    "dma100" : null,
    "dma200" : 219.08,
    "volume" : 64223.00
  }, {
    "date" : "2024-12-13",
    "price" : 287.30,
    "dma50" : 280.50,
    "dma100" : null,
    "dma200" : 219.76,
    "volume" : 131570.00
  }, {
    "date" : "2024-12-16",
    "price" : 281.75,
    "dma50" : 280.55,
    "dma100" : null,
    "dma200" : 220.38,
    "volume" : 150287.00
  }, {
    "date" : "2024-12-17",
    "price" : 284.70,
    "dma50" : 280.71,
    "dma100" : null,
    "dma200" : 221.02,
    "volume" : 181104.00
  }, {
    "date" : "2024-12-18",
    "price" : 283.75,
    "dma50" : 280.83,
    "dma100" : null,
    "dma200" : 221.64,
    "volume" : 114493.00
  }, {
    "date" : "2024-12-19",
    "price" : 284.60,
    "dma50" : 280.98,
    "dma100" : null,
    "dma200" : 222.27,
    "volume" : 81312.00
  }, {
    "date" : "2024-12-20",
    "price" : 275.00,
    "dma50" : 280.75,
    "dma100" : null,
    "dma200" : 222.79,
    "volume" : 179529.00
  }, {
    "date" : "2024-12-23",
    "price" : 267.05,
    "dma50" : 280.21,
    "dma100" : null,
    "dma200" : 223.23,
    "volume" : 296827.00
  }, {
    "date" : "2024-12-24",
    "price" : 268.85,
    "dma50" : 279.76,
    "dma100" : null,
    "dma200" : 223.69,
    "volume" : 257099.00
  }, {
    "date" : "2024-12-26",
    "price" : 261.45,
    "dma50" : 279.05,
    "dma100" : null,
    "dma200" : 224.06,
    "volume" : 150165.00
  }, {
    "date" : "2024-12-27",
    "price" : 263.10,
    "dma50" : 278.42,
    "dma100" : null,
    "dma200" : 224.45,
    "volume" : 99437.00
  }, {
    "date" : "2024-12-30",
    "price" : 266.95,
    "dma50" : 277.97,
    "dma100" : null,
    "dma200" : 224.87,
    "volume" : 81016.00
  }, {
    "date" : "2024-12-31",
    "price" : 269.10,
    "dma50" : 277.62,
    "dma100" : null,
    "dma200" : 225.31,
    "volume" : 75661.00
  }, {
    "date" : "2025-01-01",
    "price" : 265.30,
    "dma50" : 277.14,
    "dma100" : null,
    "dma200" : 225.71,
    "volume" : 60012.00
  }, {
    "date" : "2025-01-02",
    "price" : 262.65,
    "dma50" : 276.57,
    "dma100" : null,
    "dma200" : 226.08,
    "volume" : 98061.00
  }, {
    "date" : "2025-01-03",
    "price" : 275.75,
    "dma50" : 276.54,
    "dma100" : null,
    "dma200" : 226.57,
    "volume" : 79451.00
  }, {
    "date" : "2025-01-06",
    "price" : 282.05,
    "dma50" : 276.76,
    "dma100" : null,
    "dma200" : 227.13,
    "volume" : 646973.00
  }, {
    "date" : "2025-01-07",
    "price" : 293.45,
    "dma50" : 277.41,
    "dma100" : null,
    "dma200" : 227.79,
    "volume" : 299349.00
  }, {
    "date" : "2025-01-08",
    "price" : 289.05,
    "dma50" : 277.87,
    "dma100" : null,
    "dma200" : 228.39,
    "volume" : 67369.00
  }, {
    "date" : "2025-01-09",
    "price" : 283.95,
    "dma50" : 278.11,
    "dma100" : null,
    "dma200" : 228.95,
    "volume" : 90708.00
  }, {
    "date" : "2025-01-10",
    "price" : 270.85,
    "dma50" : 277.82,
    "dma100" : null,
    "dma200" : 229.36,
    "volume" : 112545.00
  }, {
    "date" : "2025-01-13",
    "price" : 260.90,
    "dma50" : 277.16,
    "dma100" : null,
    "dma200" : 229.68,
    "volume" : 125880.00
  }, {
    "date" : "2025-01-14",
    "price" : 266.55,
    "dma50" : 276.74,
    "dma100" : null,
    "dma200" : 230.05,
    "volume" : 57134.00
  }, {
    "date" : "2025-01-15",
    "price" : 273.10,
    "dma50" : 276.60,
    "dma100" : null,
    "dma200" : 230.47,
    "volume" : 78663.00
  }, {
    "date" : "2025-01-16",
    "price" : 275.20,
    "dma50" : 276.54,
    "dma100" : null,
    "dma200" : 230.92,
    "volume" : 74990.00
  }, {
    "date" : "2025-01-17",
    "price" : 288.95,
    "dma50" : 277.03,
    "dma100" : null,
    "dma200" : 231.50,
    "volume" : 216537.00
  }, {
    "date" : "2025-01-20",
    "price" : 300.70,
    "dma50" : 277.96,
    "dma100" : null,
    "dma200" : 232.18,
    "volume" : 465186.00
  }, {
    "date" : "2025-01-21",
    "price" : 292.60,
    "dma50" : 278.53,
    "dma100" : null,
    "dma200" : 232.79,
    "volume" : 220097.00
  }, {
    "date" : "2025-01-22",
    "price" : 285.70,
    "dma50" : 278.81,
    "dma100" : null,
    "dma200" : 233.31,
    "volume" : 190347.00
  }, {
    "date" : "2025-01-23",
    "price" : 281.30,
    "dma50" : 278.91,
    "dma100" : null,
    "dma200" : 233.79,
    "volume" : 74442.00
  }, {
    "date" : "2025-01-24",
    "price" : 274.70,
    "dma50" : 278.75,
    "dma100" : null,
    "dma200" : 234.20,
    "volume" : 161749.00
  }, {
    "date" : "2025-01-27",
    "price" : 261.00,
    "dma50" : 278.05,
    "dma100" : null,
    "dma200" : 234.46,
    "volume" : 234355.00
  }, {
    "date" : "2025-01-28",
    "price" : 254.05,
    "dma50" : 277.11,
    "dma100" : null,
    "dma200" : 234.66,
    "volume" : 230995.00
  }, {
    "date" : "2025-01-29",
    "price" : 266.75,
    "dma50" : 276.70,
    "dma100" : null,
    "dma200" : 234.98,
    "volume" : 85611.00
  }, {
    "date" : "2025-01-30",
    "price" : 265.75,
    "dma50" : 276.27,
    "dma100" : null,
    "dma200" : 235.28,
    "volume" : 83988.00
  }, {
    "date" : "2025-01-31",
    "price" : 273.55,
    "dma50" : 276.17,
    "dma100" : null,
    "dma200" : 235.66,
    "volume" : 105634.00
  }, {
    "date" : "2025-02-01",
    "price" : 266.70,
    "dma50" : 275.80,
    "dma100" : null,
    "dma200" : 235.97,
    "volume" : 74656.00
  }, {
    "date" : "2025-02-03",
    "price" : 273.60,
    "dma50" : 275.71,
    "dma100" : null,
    "dma200" : 236.35,
    "volume" : 137114.00
  }, {
    "date" : "2025-02-04",
    "price" : 268.00,
    "dma50" : 275.41,
    "dma100" : null,
    "dma200" : 236.66,
    "volume" : 166701.00
  }, {
    "date" : "2025-02-05",
    "price" : 276.35,
    "dma50" : 275.44,
    "dma100" : null,
    "dma200" : 237.06,
    "volume" : 80884.00
  }, {
    "date" : "2025-02-06",
    "price" : 265.10,
    "dma50" : 275.04,
    "dma100" : null,
    "dma200" : 237.34,
    "volume" : 152833.00
  }, {
    "date" : "2025-02-07",
    "price" : 274.15,
    "dma50" : 275.00,
    "dma100" : null,
    "dma200" : 237.70,
    "volume" : 162653.00
  }, {
    "date" : "2025-02-10",
    "price" : 263.60,
    "dma50" : 274.56,
    "dma100" : null,
    "dma200" : 237.96,
    "volume" : 155603.00
  }, {
    "date" : "2025-02-11",
    "price" : 250.65,
    "dma50" : 273.62,
    "dma100" : null,
    "dma200" : 238.09,
    "volume" : 167043.00
  }, {
    "date" : "2025-02-12",
    "price" : 249.25,
    "dma50" : 272.66,
    "dma100" : null,
    "dma200" : 238.20,
    "volume" : 112410.00
  }, {
    "date" : "2025-02-13",
    "price" : 250.60,
    "dma50" : 271.80,
    "dma100" : null,
    "dma200" : 238.32,
    "volume" : 155211.00
  }, {
    "date" : "2025-02-14",
    "price" : 238.50,
    "dma50" : 270.49,
    "dma100" : null,
    "dma200" : 238.32,
    "volume" : 169012.00
  }, {
    "date" : "2025-02-17",
    "price" : 240.10,
    "dma50" : 269.30,
    "dma100" : null,
    "dma200" : 238.34,
    "volume" : 229706.00
  }, {
    "date" : "2025-02-18",
    "price" : 228.10,
    "dma50" : 267.68,
    "dma100" : null,
    "dma200" : 238.24,
    "volume" : 190965.00
  }, {
    "date" : "2025-02-19",
    "price" : 236.50,
    "dma50" : 266.46,
    "dma100" : null,
    "dma200" : 238.22,
    "volume" : 324112.00
  }, {
    "date" : "2025-02-20",
    "price" : 241.70,
    "dma50" : 265.49,
    "dma100" : null,
    "dma200" : 238.26,
    "volume" : 239493.00
  }, {
    "date" : "2025-02-21",
    "price" : 235.90,
    "dma50" : 264.33,
    "dma100" : null,
    "dma200" : 238.23,
    "volume" : 64170.00
  }, {
    "date" : "2025-02-24",
    "price" : 229.85,
    "dma50" : 262.98,
    "dma100" : null,
    "dma200" : 238.15,
    "volume" : 125070.00
  }, {
    "date" : "2025-02-25",
    "price" : 226.90,
    "dma50" : 261.56,
    "dma100" : null,
    "dma200" : 238.04,
    "volume" : 72457.00
  }, {
    "date" : "2025-02-27",
    "price" : 215.55,
    "dma50" : 259.76,
    "dma100" : null,
    "dma200" : 237.81,
    "volume" : 131602.00
  }, {
    "date" : "2025-02-28",
    "price" : 204.80,
    "dma50" : 257.60,
    "dma100" : null,
    "dma200" : 237.49,
    "volume" : 248872.00
  }, {
    "date" : "2025-03-03",
    "price" : 194.56,
    "dma50" : 255.13,
    "dma100" : null,
    "dma200" : 237.06,
    "volume" : 112241.00
  }, {
    "date" : "2025-03-04",
    "price" : 184.83,
    "dma50" : 252.37,
    "dma100" : null,
    "dma200" : 236.54,
    "volume" : 1806899.00
  }, {
    "date" : "2025-03-05",
    "price" : 194.02,
    "dma50" : 250.09,
    "dma100" : null,
    "dma200" : 236.12,
    "volume" : 457820.00
  }, {
    "date" : "2025-03-06",
    "price" : 196.52,
    "dma50" : 247.99,
    "dma100" : null,
    "dma200" : 235.72,
    "volume" : 293439.00
  }, {
    "date" : "2025-03-07",
    "price" : 202.94,
    "dma50" : 246.22,
    "dma100" : null,
    "dma200" : 235.40,
    "volume" : 536585.00
  }, {
    "date" : "2025-03-10",
    "price" : 192.81,
    "dma50" : 244.12,
    "dma100" : null,
    "dma200" : 234.97,
    "volume" : 230850.00
  }, {
    "date" : "2025-03-11",
    "price" : 183.33,
    "dma50" : 241.74,
    "dma100" : null,
    "dma200" : 234.46,
    "volume" : 295866.00
  }, {
    "date" : "2025-03-12",
    "price" : 176.16,
    "dma50" : 239.17,
    "dma100" : null,
    "dma200" : 233.88,
    "volume" : 366358.00
  }, {
    "date" : "2025-03-13",
    "price" : 176.48,
    "dma50" : 236.71,
    "dma100" : null,
    "dma200" : 233.31,
    "volume" : 253056.00
  }, {
    "date" : "2025-03-17",
    "price" : 175.36,
    "dma50" : 234.30,
    "dma100" : null,
    "dma200" : 232.73,
    "volume" : 458010.00
  }, {
    "date" : "2025-03-18",
    "price" : 175.68,
    "dma50" : 232.01,
    "dma100" : null,
    "dma200" : 232.16,
    "volume" : 319046.00
  }, {
    "date" : "2025-03-19",
    "price" : 180.65,
    "dma50" : 229.99,
    "dma100" : null,
    "dma200" : 231.65,
    "volume" : 527710.00
  }, {
    "date" : "2025-03-20",
    "price" : 181.09,
    "dma50" : 228.07,
    "dma100" : null,
    "dma200" : 231.15,
    "volume" : 740940.00
  }, {
    "date" : "2025-03-21",
    "price" : 182.62,
    "dma50" : 226.29,
    "dma100" : null,
    "dma200" : 230.66,
    "volume" : 620972.00
  }, {
    "date" : "2025-03-24",
    "price" : 191.75,
    "dma50" : 224.94,
    "dma100" : null,
    "dma200" : 230.28,
    "volume" : 527690.00
  }, {
    "date" : "2025-03-25",
    "price" : 189.04,
    "dma50" : 223.53,
    "dma100" : null,
    "dma200" : 229.87,
    "volume" : 1014566.00
  }, {
    "date" : "2025-03-26",
    "price" : 185.46,
    "dma50" : 222.04,
    "dma100" : null,
    "dma200" : 229.42,
    "volume" : 552409.00
  }, {
    "date" : "2025-03-27",
    "price" : 194.50,
    "dma50" : 220.96,
    "dma100" : null,
    "dma200" : 229.08,
    "volume" : 577511.00
  }, {
    "date" : "2025-03-28",
    "price" : 188.59,
    "dma50" : 219.69,
    "dma100" : null,
    "dma200" : 228.67,
    "volume" : 424630.00
  }, {
    "date" : "2025-04-01",
    "price" : 191.23,
    "dma50" : 218.57,
    "dma100" : null,
    "dma200" : 228.30,
    "volume" : 193617.00
  }, {
    "date" : "2025-04-02",
    "price" : 200.79,
    "dma50" : 217.87,
    "dma100" : null,
    "dma200" : 228.03,
    "volume" : 327235.00
  }, {
    "date" : "2025-04-03",
    "price" : 210.82,
    "dma50" : 217.60,
    "dma100" : null,
    "dma200" : 227.86,
    "volume" : 180378.00
  }, {
    "date" : "2025-04-04",
    "price" : 205.23,
    "dma50" : 217.11,
    "dma100" : null,
    "dma200" : 227.63,
    "volume" : 1144646.00
  }, {
    "date" : "2025-04-07",
    "price" : 189.21,
    "dma50" : 216.02,
    "dma100" : null,
    "dma200" : 227.25,
    "volume" : 397354.00
  }, {
    "date" : "2025-04-08",
    "price" : 188.92,
    "dma50" : 214.96,
    "dma100" : null,
    "dma200" : 226.87,
    "volume" : 221267.00
  }, {
    "date" : "2025-04-09",
    "price" : 192.90,
    "dma50" : 214.09,
    "dma100" : null,
    "dma200" : 226.53,
    "volume" : 134564.00
  }, {
    "date" : "2025-04-11",
    "price" : 198.76,
    "dma50" : 213.49,
    "dma100" : null,
    "dma200" : 226.25,
    "volume" : 147788.00
  }, {
    "date" : "2025-04-15",
    "price" : 205.75,
    "dma50" : 213.19,
    "dma100" : null,
    "dma200" : 226.05,
    "volume" : 267907.00
  }, {
    "date" : "2025-04-16",
    "price" : 208.69,
    "dma50" : 213.01,
    "dma100" : null,
    "dma200" : 225.88,
    "volume" : 132326.00
  }, {
    "date" : "2025-04-17",
    "price" : 207.16,
    "dma50" : 212.78,
    "dma100" : null,
    "dma200" : 225.69,
    "volume" : 85628.00
  }, {
    "date" : "2025-04-21",
    "price" : 215.57,
    "dma50" : 212.89,
    "dma100" : null,
    "dma200" : 225.59,
    "volume" : 311928.00
  }, {
    "date" : "2025-04-22",
    "price" : 210.57,
    "dma50" : 212.80,
    "dma100" : null,
    "dma200" : 225.44,
    "volume" : 212894.00
  }, {
    "date" : "2025-04-23",
    "price" : 214.51,
    "dma50" : 212.87,
    "dma100" : null,
    "dma200" : 225.33,
    "volume" : 131812.00
  }, {
    "date" : "2025-04-24",
    "price" : 207.64,
    "dma50" : 212.66,
    "dma100" : 244.02,
    "dma200" : 225.16,
    "volume" : 110621.00
  }, {
    "date" : "2025-04-25",
    "price" : 197.70,
    "dma50" : 212.07,
    "dma100" : 243.23,
    "dma200" : 224.88,
    "volume" : 169941.00
  }, {
    "date" : "2025-04-28",
    "price" : 192.57,
    "dma50" : 211.31,
    "dma100" : 242.38,
    "dma200" : 224.56,
    "volume" : 390290.00
  }, {
    "date" : "2025-04-29",
    "price" : 190.00,
    "dma50" : 210.47,
    "dma100" : 241.50,
    "dma200" : 224.22,
    "volume" : 225450.00
  }, {
    "date" : "2025-04-30",
    "price" : 179.81,
    "dma50" : 209.27,
    "dma100" : 240.50,
    "dma200" : 223.77,
    "volume" : 371949.00
  }, {
    "date" : "2025-05-02",
    "price" : 182.83,
    "dma50" : 208.23,
    "dma100" : 239.39,
    "dma200" : 223.37,
    "volume" : 150103.00
  }, {
    "date" : "2025-05-05",
    "price" : 179.68,
    "dma50" : 207.11,
    "dma100" : 238.10,
    "dma200" : 222.93,
    "volume" : 155742.00
  }, {
    "date" : "2025-05-06",
    "price" : 170.85,
    "dma50" : 205.69,
    "dma100" : 236.58,
    "dma200" : 222.41,
    "volume" : 387199.00
  }, {
    "date" : "2025-05-07",
    "price" : 172.11,
    "dma50" : 204.38,
    "dma100" : 235.23,
    "dma200" : 221.91,
    "volume" : 182645.00
  }, {
    "date" : "2025-05-08",
    "price" : 166.45,
    "dma50" : 202.89,
    "dma100" : 233.84,
    "dma200" : 221.36,
    "volume" : 224291.00
  }, {
    "date" : "2025-05-09",
    "price" : 166.38,
    "dma50" : 201.46,
    "dma100" : 232.55,
    "dma200" : 220.82,
    "volume" : 247949.00
  }, {
    "date" : "2025-05-12",
    "price" : 179.74,
    "dma50" : 200.60,
    "dma100" : 231.46,
    "dma200" : 220.41,
    "volume" : 203725.00
  }, {
    "date" : "2025-05-13",
    "price" : 181.93,
    "dma50" : 199.87,
    "dma100" : 230.40,
    "dma200" : 220.02,
    "volume" : 152150.00
  }, {
    "date" : "2025-05-14",
    "price" : 189.67,
    "dma50" : 199.47,
    "dma100" : 229.48,
    "dma200" : 219.72,
    "volume" : 253765.00
  }, {
    "date" : "2025-05-15",
    "price" : 185.62,
    "dma50" : 198.93,
    "dma100" : 228.49,
    "dma200" : 219.38,
    "volume" : 210164.00
  }, {
    "date" : "2025-05-16",
    "price" : 186.61,
    "dma50" : 198.45,
    "dma100" : 227.52,
    "dma200" : 219.06,
    "volume" : 145372.00
  }, {
    "date" : "2025-05-19",
    "price" : 185.84,
    "dma50" : 197.95,
    "dma100" : 226.53,
    "dma200" : 218.73,
    "volume" : 155879.00
  }, {
    "date" : "2025-05-20",
    "price" : 184.49,
    "dma50" : 197.42,
    "dma100" : 225.63,
    "dma200" : 218.38,
    "volume" : 163073.00
  }, {
    "date" : "2025-05-21",
    "price" : 186.04,
    "dma50" : 196.98,
    "dma100" : 224.82,
    "dma200" : 218.06,
    "volume" : 102943.00
  }, {
    "date" : "2025-05-22",
    "price" : 185.71,
    "dma50" : 196.54,
    "dma100" : 223.99,
    "dma200" : 217.74,
    "volume" : 291418.00
  }, {
    "date" : "2025-05-23",
    "price" : 186.78,
    "dma50" : 196.15,
    "dma100" : 223.24,
    "dma200" : 217.43,
    "volume" : 767490.00
  }, {
    "date" : "2025-05-26",
    "price" : 181.94,
    "dma50" : 195.60,
    "dma100" : 222.43,
    "dma200" : 217.08,
    "volume" : 518676.00
  }, {
    "date" : "2025-05-27",
    "price" : 181.24,
    "dma50" : 195.03,
    "dma100" : 221.57,
    "dma200" : 216.72,
    "volume" : 196870.00
  }, {
    "date" : "2025-05-28",
    "price" : 179.15,
    "dma50" : 194.41,
    "dma100" : 220.67,
    "dma200" : 216.35,
    "volume" : 196940.00
  }, {
    "date" : "2025-05-29",
    "price" : 178.63,
    "dma50" : 193.79,
    "dma100" : 219.80,
    "dma200" : 215.97,
    "volume" : 177609.00
  }, {
    "date" : "2025-05-30",
    "price" : 177.33,
    "dma50" : 193.15,
    "dma100" : 218.95,
    "dma200" : 215.59,
    "volume" : 112523.00
  }, {
    "date" : "2025-06-02",
    "price" : 179.15,
    "dma50" : 192.60,
    "dma100" : 217.98,
    "dma200" : 215.23,
    "volume" : 197588.00
  }, {
    "date" : "2025-06-03",
    "price" : 181.42,
    "dma50" : 192.16,
    "dma100" : 216.98,
    "dma200" : 214.89,
    "volume" : 536933.00
  }, {
    "date" : "2025-06-04",
    "price" : 179.06,
    "dma50" : 191.64,
    "dma100" : 215.83,
    "dma200" : 214.53,
    "volume" : 202908.00
  }, {
    "date" : "2025-06-05",
    "price" : 180.97,
    "dma50" : 191.23,
    "dma100" : 214.75,
    "dma200" : 214.20,
    "volume" : 286121.00
  }, {
    "date" : "2025-06-06",
    "price" : 208.03,
    "dma50" : 191.88,
    "dma100" : 213.99,
    "dma200" : 214.14,
    "volume" : 3160724.00
  }, {
    "date" : "2025-06-09",
    "price" : 201.65,
    "dma50" : 192.27,
    "dma100" : 213.30,
    "dma200" : 214.01,
    "volume" : 865175.00
  }, {
    "date" : "2025-06-10",
    "price" : 190.91,
    "dma50" : 192.21,
    "dma100" : 212.60,
    "dma200" : 213.78,
    "volume" : 1414329.00
  }, {
    "date" : "2025-06-11",
    "price" : 190.31,
    "dma50" : 192.14,
    "dma100" : 211.84,
    "dma200" : 213.55,
    "volume" : 2320676.00
  }, {
    "date" : "2025-06-12",
    "price" : 227.01,
    "dma50" : 193.51,
    "dma100" : 211.38,
    "dma200" : 213.68,
    "volume" : 8518653.00
  }, {
    "date" : "2025-06-13",
    "price" : 220.89,
    "dma50" : 194.58,
    "dma100" : 210.84,
    "dma200" : 213.76,
    "volume" : 5934650.00
  }, {
    "date" : "2025-06-16",
    "price" : 223.96,
    "dma50" : 195.73,
    "dma100" : 210.19,
    "dma200" : 213.86,
    "volume" : 1471322.00
  }, {
    "date" : "2025-06-17",
    "price" : 214.00,
    "dma50" : 196.45,
    "dma100" : 209.32,
    "dma200" : 213.86,
    "volume" : 789306.00
  }, {
    "date" : "2025-06-18",
    "price" : 218.02,
    "dma50" : 197.30,
    "dma100" : 208.57,
    "dma200" : 213.90,
    "volume" : 1199029.00
  }, {
    "date" : "2025-06-19",
    "price" : 206.23,
    "dma50" : 197.65,
    "dma100" : 207.78,
    "dma200" : 213.82,
    "volume" : 584708.00
  }, {
    "date" : "2025-06-20",
    "price" : 204.82,
    "dma50" : 197.93,
    "dma100" : 207.01,
    "dma200" : 213.74,
    "volume" : 938091.00
  }, {
    "date" : "2025-06-23",
    "price" : 208.61,
    "dma50" : 198.35,
    "dma100" : 206.35,
    "dma200" : 213.68,
    "volume" : 888801.00
  }, {
    "date" : "2025-06-24",
    "price" : 207.71,
    "dma50" : 198.71,
    "dma100" : 205.82,
    "dma200" : 213.62,
    "volume" : 418969.00
  }, {
    "date" : "2025-06-25",
    "price" : 220.87,
    "dma50" : 199.58,
    "dma100" : 205.49,
    "dma200" : 213.70,
    "volume" : 1762240.00
  }, {
    "date" : "2025-06-26",
    "price" : 233.84,
    "dma50" : 200.93,
    "dma100" : 205.16,
    "dma200" : 213.90,
    "volume" : 1838506.00
  }, {
    "date" : "2025-06-27",
    "price" : 258.22,
    "dma50" : 203.17,
    "dma100" : 205.08,
    "dma200" : 214.34,
    "volume" : 11626223.00
  }, {
    "date" : "2025-06-30",
    "price" : 269.04,
    "dma50" : 205.76,
    "dma100" : 205.04,
    "dma200" : 214.88,
    "volume" : 2610326.00
  }, {
    "date" : "2025-07-01",
    "price" : 265.50,
    "dma50" : 208.10,
    "dma100" : 205.03,
    "dma200" : 215.39,
    "volume" : 1585356.00
  }, {
    "date" : "2025-07-02",
    "price" : 259.30,
    "dma50" : 210.11,
    "dma100" : 204.88,
    "dma200" : 215.82,
    "volume" : 580060.00
  }, {
    "date" : "2025-07-03",
    "price" : 273.90,
    "dma50" : 212.61,
    "dma100" : 204.94,
    "dma200" : 216.40,
    "volume" : 3740939.00
  }, {
    "date" : "2025-07-04",
    "price" : 278.90,
    "dma50" : 215.21,
    "dma100" : 204.97,
    "dma200" : 217.02,
    "volume" : 2195786.00
  }, {
    "date" : "2025-07-07",
    "price" : 284.35,
    "dma50" : 217.92,
    "dma100" : 205.16,
    "dma200" : 217.69,
    "volume" : 1519007.00
  }, {
    "date" : "2025-07-08",
    "price" : 280.30,
    "dma50" : 220.37,
    "dma100" : 205.22,
    "dma200" : 218.32,
    "volume" : 957645.00
  }, {
    "date" : "2025-07-09",
    "price" : 289.55,
    "dma50" : 223.08,
    "dma100" : 205.48,
    "dma200" : 219.02,
    "volume" : 1560486.00
  }, {
    "date" : "2025-07-10",
    "price" : 299.35,
    "dma50" : 226.07,
    "dma100" : 205.97,
    "dma200" : 219.82,
    "volume" : 5304338.00
  }, {
    "date" : "2025-07-11",
    "price" : 308.75,
    "dma50" : 229.31,
    "dma100" : 206.56,
    "dma200" : 220.71,
    "volume" : 3592590.00
  }, {
    "date" : "2025-07-14",
    "price" : 296.50,
    "dma50" : 231.95,
    "dma100" : 207.02,
    "dma200" : 221.46,
    "volume" : 2322311.00
  }, {
    "date" : "2025-07-15",
    "price" : 299.65,
    "dma50" : 234.60,
    "dma100" : 207.63,
    "dma200" : 222.24,
    "volume" : 861297.00
  }, {
    "date" : "2025-07-16",
    "price" : 292.85,
    "dma50" : 236.89,
    "dma100" : 208.16,
    "dma200" : 222.94,
    "volume" : 894552.00
  }, {
    "date" : "2025-07-17",
    "price" : 295.35,
    "dma50" : 239.18,
    "dma100" : 208.83,
    "dma200" : 223.66,
    "volume" : 813176.00
  }, {
    "date" : "2025-07-18",
    "price" : 292.45,
    "dma50" : 241.27,
    "dma100" : 209.39,
    "dma200" : 224.35,
    "volume" : 689992.00
  }, {
    "date" : "2025-07-21",
    "price" : 292.05,
    "dma50" : 243.26,
    "dma100" : 209.90,
    "dma200" : 225.02,
    "volume" : 1143626.00
  }, {
    "date" : "2025-07-22",
    "price" : 298.50,
    "dma50" : 245.43,
    "dma100" : 210.52,
    "dma200" : 225.75,
    "volume" : 1327718.00
  }, {
    "date" : "2025-07-23",
    "price" : 296.80,
    "dma50" : 247.44,
    "dma100" : 211.19,
    "dma200" : 226.46,
    "volume" : 708735.00
  }, {
    "date" : "2025-07-24",
    "price" : 305.80,
    "dma50" : 249.73,
    "dma100" : 211.98,
    "dma200" : 227.25,
    "volume" : 1943781.00
  }, {
    "date" : "2025-07-25",
    "price" : 315.75,
    "dma50" : 252.32,
    "dma100" : 212.98,
    "dma200" : 228.13,
    "volume" : 3895989.00
  }, {
    "date" : "2025-07-28",
    "price" : 322.15,
    "dma50" : 255.06,
    "dma100" : 214.16,
    "dma200" : 229.07,
    "volume" : 3104184.00
  }, {
    "date" : "2025-07-29",
    "price" : 334.45,
    "dma50" : 258.17,
    "dma100" : 215.56,
    "dma200" : 230.11,
    "volume" : 2017364.00
  }, {
    "date" : "2025-07-30",
    "price" : 338.55,
    "dma50" : 261.32,
    "dma100" : 217.09,
    "dma200" : 231.19,
    "volume" : 1118915.00
  }, {
    "date" : "2025-07-31",
    "price" : 335.50,
    "dma50" : 264.23,
    "dma100" : 218.51,
    "dma200" : 232.23,
    "volume" : 1118212.00
  }, {
    "date" : "2025-08-01",
    "price" : 333.30,
    "dma50" : 266.94,
    "dma100" : 219.88,
    "dma200" : 233.24,
    "volume" : 1217358.00
  }, {
    "date" : "2025-08-04",
    "price" : 340.50,
    "dma50" : 269.82,
    "dma100" : 221.25,
    "dma200" : 234.30,
    "volume" : 874219.00
  }, {
    "date" : "2025-08-05",
    "price" : 346.20,
    "dma50" : 272.82,
    "dma100" : 222.79,
    "dma200" : 235.42,
    "volume" : 1542528.00
  }, {
    "date" : "2025-08-06",
    "price" : 337.90,
    "dma50" : 275.37,
    "dma100" : 224.33,
    "dma200" : 236.44,
    "volume" : 1076211.00
  }, {
    "date" : "2025-08-07",
    "price" : 336.75,
    "dma50" : 277.78,
    "dma100" : 225.94,
    "dma200" : 237.44,
    "volume" : 899768.00
  }, {
    "date" : "2025-08-08",
    "price" : 335.50,
    "dma50" : 280.04,
    "dma100" : 227.53,
    "dma200" : 238.41,
    "volume" : 679198.00
  }, {
    "date" : "2025-08-11",
    "price" : 340.95,
    "dma50" : 282.43,
    "dma100" : 229.18,
    "dma200" : 239.43,
    "volume" : 1125886.00
  }, {
    "date" : "2025-08-12",
    "price" : 348.85,
    "dma50" : 285.04,
    "dma100" : 230.91,
    "dma200" : 240.52,
    "volume" : 2252228.00
  }, {
    "date" : "2025-08-13",
    "price" : 346.30,
    "dma50" : 287.44,
    "dma100" : 232.57,
    "dma200" : 241.57,
    "volume" : 3097315.00
  }, {
    "date" : "2025-08-14",
    "price" : 338.55,
    "dma50" : 289.44,
    "dma100" : 234.15,
    "dma200" : 242.54,
    "volume" : 998036.00
  }, {
    "date" : "2025-08-18",
    "price" : 336.70,
    "dma50" : 291.30,
    "dma100" : 235.69,
    "dma200" : 243.47,
    "volume" : 593180.00
  }, {
    "date" : "2025-08-19",
    "price" : 334.45,
    "dma50" : 292.99,
    "dma100" : 237.11,
    "dma200" : 244.38,
    "volume" : 538287.00
  }, {
    "date" : "2025-08-20",
    "price" : 335.00,
    "dma50" : 294.64,
    "dma100" : 238.57,
    "dma200" : 245.28,
    "volume" : 763402.00
  }, {
    "date" : "2025-08-21",
    "price" : 342.15,
    "dma50" : 296.50,
    "dma100" : 240.14,
    "dma200" : 246.25,
    "volume" : 897262.00
  }, {
    "date" : "2025-08-22",
    "price" : 345.65,
    "dma50" : 298.43,
    "dma100" : 241.65,
    "dma200" : 247.23,
    "volume" : 3246750.00
  }, {
    "date" : "2025-08-25",
    "price" : 363.65,
    "dma50" : 300.98,
    "dma100" : 243.40,
    "dma200" : 248.39,
    "volume" : 3348605.00
  }, {
    "date" : "2025-08-26",
    "price" : 356.10,
    "dma50" : 303.15,
    "dma100" : 245.05,
    "dma200" : 249.46,
    "volume" : 1067976.00
  }, {
    "date" : "2025-08-28",
    "price" : 352.00,
    "dma50" : 305.06,
    "dma100" : 246.56,
    "dma200" : 250.48,
    "volume" : 1501459.00
  }, {
    "date" : "2025-08-29",
    "price" : 353.05,
    "dma50" : 306.94,
    "dma100" : 247.99,
    "dma200" : 251.51,
    "volume" : 1122414.00
  }, {
    "date" : "2025-09-01",
    "price" : 349.15,
    "dma50" : 308.60,
    "dma100" : 249.42,
    "dma200" : 252.48,
    "volume" : 1666934.00
  }, {
    "date" : "2025-09-02",
    "price" : 338.80,
    "dma50" : 309.78,
    "dma100" : 250.92,
    "dma200" : 253.34,
    "volume" : 1084985.00
  }, {
    "date" : "2025-09-03",
    "price" : 337.00,
    "dma50" : 310.85,
    "dma100" : 252.40,
    "dma200" : 254.17,
    "volume" : 814114.00
  }, {
    "date" : "2025-09-04",
    "price" : 337.20,
    "dma50" : 311.88,
    "dma100" : 253.84,
    "dma200" : 254.99,
    "volume" : 434117.00
  }, {
    "date" : "2025-09-05",
    "price" : 326.75,
    "dma50" : 312.47,
    "dma100" : 255.12,
    "dma200" : 255.71,
    "volume" : 1341401.00
  }, {
    "date" : "2025-09-08",
    "price" : 337.40,
    "dma50" : 313.44,
    "dma100" : 256.44,
    "dma200" : 256.52,
    "volume" : 789411.00
  }, {
    "date" : "2025-09-09",
    "price" : 335.80,
    "dma50" : 314.32,
    "dma100" : 257.71,
    "dma200" : 257.31,
    "volume" : 514531.00
  }, {
    "date" : "2025-09-10",
    "price" : 336.30,
    "dma50" : 315.18,
    "dma100" : 259.00,
    "dma200" : 258.10,
    "volume" : 790570.00
  }, {
    "date" : "2025-09-11",
    "price" : 334.70,
    "dma50" : 315.95,
    "dma100" : 260.19,
    "dma200" : 258.86,
    "volume" : 516064.00
  }, {
    "date" : "2025-09-12",
    "price" : 332.70,
    "dma50" : 316.61,
    "dma100" : 261.42,
    "dma200" : 259.59,
    "volume" : 610774.00
  }, {
    "date" : "2025-09-15",
    "price" : 333.15,
    "dma50" : 317.25,
    "dma100" : 262.60,
    "dma200" : 260.32,
    "volume" : 961470.00
  }, {
    "date" : "2025-09-16",
    "price" : 329.25,
    "dma50" : 317.72,
    "dma100" : 263.82,
    "dma200" : 261.01,
    "volume" : 475579.00
  }, {
    "date" : "2025-09-17",
    "price" : 326.80,
    "dma50" : 318.08,
    "dma100" : 265.11,
    "dma200" : 261.67,
    "volume" : 544209.00
  }, {
    "date" : "2025-09-18",
    "price" : 320.50,
    "dma50" : 318.18,
    "dma100" : 266.39,
    "dma200" : 262.25,
    "volume" : 613271.00
  }, {
    "date" : "2025-09-19",
    "price" : 325.35,
    "dma50" : 318.46,
    "dma100" : 267.74,
    "dma200" : 262.88,
    "volume" : 576967.00
  }, {
    "date" : "2025-09-22",
    "price" : 322.95,
    "dma50" : 318.63,
    "dma100" : 269.17,
    "dma200" : 263.48,
    "volume" : 600592.00
  }, {
    "date" : "2025-09-23",
    "price" : 323.85,
    "dma50" : 318.84,
    "dma100" : 270.58,
    "dma200" : 264.08,
    "volume" : 896791.00
  }, {
    "date" : "2025-09-24",
    "price" : 321.85,
    "dma50" : 318.96,
    "dma100" : 272.01,
    "dma200" : 264.65,
    "volume" : 333042.00
  }, {
    "date" : "2025-09-25",
    "price" : 323.00,
    "dma50" : 319.11,
    "dma100" : 273.53,
    "dma200" : 265.23,
    "volume" : 433278.00
  }, {
    "date" : "2025-09-26",
    "price" : 290.95,
    "dma50" : 318.01,
    "dma100" : 274.72,
    "dma200" : 265.49,
    "volume" : 3166553.00
  }, {
    "date" : "2025-09-29",
    "price" : 281.20,
    "dma50" : 316.57,
    "dma100" : 275.86,
    "dma200" : 265.64,
    "volume" : 706810.00
  }, {
    "date" : "2025-09-30",
    "price" : 276.90,
    "dma50" : 315.01,
    "dma100" : 276.97,
    "dma200" : 265.76,
    "volume" : 663122.00
  }, {
    "date" : "2025-10-01",
    "price" : 281.50,
    "dma50" : 313.70,
    "dma100" : 277.99,
    "dma200" : 265.91,
    "volume" : 668665.00
  }, {
    "date" : "2025-10-03",
    "price" : 306.75,
    "dma50" : 313.42,
    "dma100" : 279.23,
    "dma200" : 266.32,
    "volume" : 1415517.00
  }, {
    "date" : "2025-10-06",
    "price" : 324.00,
    "dma50" : 313.84,
    "dma100" : 280.58,
    "dma200" : 266.89,
    "volume" : 1412203.00
  }, {
    "date" : "2025-10-07",
    "price" : 315.65,
    "dma50" : 313.91,
    "dma100" : 281.88,
    "dma200" : 267.38,
    "volume" : 504520.00
  }, {
    "date" : "2025-10-08",
    "price" : 311.15,
    "dma50" : 313.80,
    "dma100" : 283.12,
    "dma200" : 267.81,
    "volume" : 298767.00
  }, {
    "date" : "2025-10-09",
    "price" : 305.60,
    "dma50" : 313.48,
    "dma100" : 284.32,
    "dma200" : 268.19,
    "volume" : 276505.00
  }, {
    "date" : "2025-10-10",
    "price" : 310.60,
    "dma50" : 313.37,
    "dma100" : 285.58,
    "dma200" : 268.61,
    "volume" : 307632.00
  }, {
    "date" : "2025-10-13",
    "price" : 305.45,
    "dma50" : 313.06,
    "dma100" : 286.78,
    "dma200" : 268.98,
    "volume" : 500062.00
  }, {
    "date" : "2025-10-14",
    "price" : 311.35,
    "dma50" : 312.99,
    "dma100" : 288.03,
    "dma200" : 269.40,
    "volume" : 472819.00
  }, {
    "date" : "2025-10-15",
    "price" : 309.60,
    "dma50" : 312.86,
    "dma100" : 289.26,
    "dma200" : 269.80,
    "volume" : 386129.00
  }, {
    "date" : "2025-10-16",
    "price" : 309.70,
    "dma50" : 312.73,
    "dma100" : 290.54,
    "dma200" : 270.20,
    "volume" : 491490.00
  }, {
    "date" : "2025-10-17",
    "price" : 309.55,
    "dma50" : 312.61,
    "dma100" : 291.82,
    "dma200" : 270.59,
    "volume" : 242325.00
  }, {
    "date" : "2025-10-20",
    "price" : 307.50,
    "dma50" : 312.41,
    "dma100" : 293.10,
    "dma200" : 270.96,
    "volume" : 254009.00
  }, {
    "date" : "2025-10-21",
    "price" : 311.60,
    "dma50" : 312.38,
    "dma100" : 294.43,
    "dma200" : 271.36,
    "volume" : 179310.00
  }, {
    "date" : "2025-10-23",
    "price" : 307.05,
    "dma50" : 312.17,
    "dma100" : 295.73,
    "dma200" : 271.72,
    "volume" : 515149.00
  }, {
    "date" : "2025-10-24",
    "price" : 305.35,
    "dma50" : 311.90,
    "dma100" : 296.99,
    "dma200" : 272.05,
    "volume" : 423307.00
  }, {
    "date" : "2025-10-27",
    "price" : 301.25,
    "dma50" : 311.48,
    "dma100" : 298.19,
    "dma200" : 272.34,
    "volume" : 473993.00
  }, {
    "date" : "2025-10-28",
    "price" : 300.90,
    "dma50" : 311.07,
    "dma100" : 299.41,
    "dma200" : 272.63,
    "volume" : 508389.00
  }, {
    "date" : "2025-10-29",
    "price" : 299.65,
    "dma50" : 310.62,
    "dma100" : 300.60,
    "dma200" : 272.89,
    "volume" : 292861.00
  }, {
    "date" : "2025-10-30",
    "price" : 296.25,
    "dma50" : 310.06,
    "dma100" : 301.48,
    "dma200" : 273.13,
    "volume" : 229906.00
  }, {
    "date" : "2025-10-31",
    "price" : 299.20,
    "dma50" : 309.63,
    "dma100" : 302.45,
    "dma200" : 273.39,
    "volume" : 242052.00
  }, {
    "date" : "2025-11-03",
    "price" : 306.45,
    "dma50" : 309.51,
    "dma100" : 303.61,
    "dma200" : 273.71,
    "volume" : 322454.00
  }, {
    "date" : "2025-11-04",
    "price" : 315.20,
    "dma50" : 309.73,
    "dma100" : 304.86,
    "dma200" : 274.13,
    "volume" : 610113.00
  }, {
    "date" : "2025-11-06",
    "price" : 315.70,
    "dma50" : 309.96,
    "dma100" : 305.75,
    "dma200" : 274.54,
    "volume" : 724389.00
  }, {
    "date" : "2025-11-07",
    "price" : 322.35,
    "dma50" : 310.45,
    "dma100" : 306.76,
    "dma200" : 275.02,
    "volume" : 721659.00
  }, {
    "date" : "2025-11-10",
    "price" : 324.20,
    "dma50" : 310.99,
    "dma100" : 307.76,
    "dma200" : 275.51,
    "volume" : 1195995.00
  }, {
    "date" : "2025-11-11",
    "price" : 327.00,
    "dma50" : 311.62,
    "dma100" : 308.89,
    "dma200" : 276.02,
    "volume" : 555235.00
  }, {
    "date" : "2025-11-12",
    "price" : 330.80,
    "dma50" : 312.37,
    "dma100" : 310.02,
    "dma200" : 276.56,
    "volume" : 2339622.00
  }, {
    "date" : "2025-11-13",
    "price" : 324.60,
    "dma50" : 312.85,
    "dma100" : 311.20,
    "dma200" : 277.04,
    "volume" : 1145661.00
  }, {
    "date" : "2025-11-14",
    "price" : 328.80,
    "dma50" : 313.47,
    "dma100" : 312.44,
    "dma200" : 277.56,
    "volume" : 522460.00
  }, {
    "date" : "2025-11-17",
    "price" : 333.25,
    "dma50" : 314.25,
    "dma100" : 313.69,
    "dma200" : 278.11,
    "volume" : 578173.00
  }, {
    "date" : "2025-11-18",
    "price" : 330.00,
    "dma50" : 314.87,
    "dma100" : 314.91,
    "dma200" : 278.63,
    "volume" : 808268.00
  }, {
    "date" : "2025-11-19",
    "price" : 325.90,
    "dma50" : 315.30,
    "dma100" : 315.96,
    "dma200" : 279.10,
    "volume" : 479854.00
  }, {
    "date" : "2025-11-20",
    "price" : 320.85,
    "dma50" : 315.52,
    "dma100" : 316.83,
    "dma200" : 279.51,
    "volume" : 401414.00
  }, {
    "date" : "2025-11-21",
    "price" : 315.70,
    "dma50" : 315.52,
    "dma100" : 317.41,
    "dma200" : 279.87,
    "volume" : 702366.00
  }, {
    "date" : "2025-11-24",
    "price" : 311.50,
    "dma50" : 315.37,
    "dma100" : 317.83,
    "dma200" : 280.19,
    "volume" : 310780.00
  }, {
    "date" : "2025-11-25",
    "price" : 305.80,
    "dma50" : 314.99,
    "dma100" : 318.24,
    "dma200" : 280.44,
    "volume" : 512347.00
  }, {
    "date" : "2025-11-26",
    "price" : 317.35,
    "dma50" : 315.08,
    "dma100" : 318.82,
    "dma200" : 280.81,
    "volume" : 398395.00
  } ],
  "latestTechnicalAttributes" : {
    "date" : "2025-11-26",
    "price" : 317.35,
    "dma50" : 315.08,
    "dma100" : 318.82,
    "dma200" : 280.81,
    "volume" : 398395.00
  },
  "quarterlyResults" : [ {
    "date" : "2006-12-31",
    "sales" : 85.18,
    "salesGrowthYoY" : null,
    "grossProfitMargin" : 159.26,
    "grossProfit" : 135.66,
    "operatingProfitMargin" : 38.98,
    "operatingProfit" : 33.20,
    "netProfitMargin" : 19.11,
    "netProfit" : 16.28
  }, {
    "date" : "2007-03-31",
    "sales" : 92.71,
    "salesGrowthYoY" : null,
    "grossProfitMargin" : 98.37,
    "grossProfit" : 91.20,
    "operatingProfitMargin" : 73.20,
    "operatingProfit" : 67.86,
    "netProfitMargin" : 64.28,
    "netProfit" : 59.59
  }, {
    "date" : "2007-06-30",
    "sales" : 63.78,
    "salesGrowthYoY" : null,
    "grossProfitMargin" : 108.34,
    "grossProfit" : 69.10,
    "operatingProfitMargin" : 80.31,
    "operatingProfit" : 51.22,
    "netProfitMargin" : 72.08,
    "netProfit" : 45.97
  }, {
    "date" : "2007-09-30",
    "sales" : 100.64,
    "salesGrowthYoY" : null,
    "grossProfitMargin" : 85.36,
    "grossProfit" : 85.91,
    "operatingProfitMargin" : 72.73,
    "operatingProfit" : 73.20,
    "netProfitMargin" : 64.68,
    "netProfit" : 65.09
  }, {
    "date" : "2007-12-31",
    "sales" : 131.45,
    "salesGrowthYoY" : 54.32,
    "grossProfitMargin" : 108.54,
    "grossProfit" : 142.68,
    "operatingProfitMargin" : 86.76,
    "operatingProfit" : 114.05,
    "netProfitMargin" : 70.30,
    "netProfit" : 92.41
  }, {
    "date" : "2008-03-31",
    "sales" : 141.03,
    "salesGrowthYoY" : 52.12,
    "grossProfitMargin" : 127.49,
    "grossProfit" : 179.80,
    "operatingProfitMargin" : 92.94,
    "operatingProfit" : 131.07,
    "netProfitMargin" : 69.55,
    "netProfit" : 98.09
  }, {
    "date" : "2008-06-30",
    "sales" : 234.41,
    "salesGrowthYoY" : 267.53,
    "grossProfitMargin" : 133.10,
    "grossProfit" : 312.00,
    "operatingProfitMargin" : 88.96,
    "operatingProfit" : 208.53,
    "netProfitMargin" : 73.12,
    "netProfit" : 171.40
  }, {
    "date" : "2008-09-30",
    "sales" : 256.69,
    "salesGrowthYoY" : 155.06,
    "grossProfitMargin" : 109.22,
    "grossProfit" : 280.36,
    "operatingProfitMargin" : 90.91,
    "operatingProfit" : 233.36,
    "netProfitMargin" : 74.89,
    "netProfit" : 192.24
  }, {
    "date" : "2008-12-31",
    "sales" : 47.37,
    "salesGrowthYoY" : -63.96,
    "grossProfitMargin" : 136.88,
    "grossProfit" : 64.84,
    "operatingProfitMargin" : 99.83,
    "operatingProfit" : 47.29,
    "netProfitMargin" : 40.28,
    "netProfit" : 19.08
  }, {
    "date" : "2009-03-31",
    "sales" : -97.34,
    "salesGrowthYoY" : -169.02,
    "grossProfitMargin" : 0.00,
    "grossProfit" : -0.00,
    "operatingProfitMargin" : 0.00,
    "operatingProfit" : -0.00,
    "netProfitMargin" : 0.00,
    "netProfit" : -0.00
  }, {
    "date" : "2009-06-30",
    "sales" : 39.96,
    "salesGrowthYoY" : -82.95,
    "grossProfitMargin" : 184.88,
    "grossProfit" : 73.88,
    "operatingProfitMargin" : 90.32,
    "operatingProfit" : 36.09,
    "netProfitMargin" : 18.02,
    "netProfit" : 7.20
  }, {
    "date" : "2009-09-30",
    "sales" : 67.95,
    "salesGrowthYoY" : -73.53,
    "grossProfitMargin" : 327.79,
    "grossProfit" : 222.73,
    "operatingProfitMargin" : 72.16,
    "operatingProfit" : 49.03,
    "netProfitMargin" : 34.45,
    "netProfit" : 23.41
  }, {
    "date" : "2009-12-31",
    "sales" : 208.47,
    "salesGrowthYoY" : 340.09,
    "grossProfitMargin" : 88.21,
    "grossProfit" : 183.89,
    "operatingProfitMargin" : 59.79,
    "operatingProfit" : 124.64,
    "netProfitMargin" : 37.70,
    "netProfit" : 78.59
  }, {
    "date" : "2010-03-31",
    "sales" : 159.71,
    "salesGrowthYoY" : -264.07,
    "grossProfitMargin" : 109.12,
    "grossProfit" : 174.28,
    "operatingProfitMargin" : 76.18,
    "operatingProfit" : 121.67,
    "netProfitMargin" : 41.16,
    "netProfit" : 65.74
  }, {
    "date" : "2010-06-30",
    "sales" : 62.47,
    "salesGrowthYoY" : 56.33,
    "grossProfitMargin" : 88.03,
    "grossProfit" : 54.99,
    "operatingProfitMargin" : 71.68,
    "operatingProfit" : 44.78,
    "netProfitMargin" : 21.82,
    "netProfit" : 13.63
  }, {
    "date" : "2010-09-30",
    "sales" : 144.21,
    "salesGrowthYoY" : 112.23,
    "grossProfitMargin" : 75.74,
    "grossProfit" : 109.22,
    "operatingProfitMargin" : 64.82,
    "operatingProfit" : 93.48,
    "netProfitMargin" : 40.30,
    "netProfit" : 58.12
  }, {
    "date" : "2010-12-31",
    "sales" : 151.02,
    "salesGrowthYoY" : -27.56,
    "grossProfitMargin" : 113.10,
    "grossProfit" : 170.80,
    "operatingProfitMargin" : 76.76,
    "operatingProfit" : 115.92,
    "netProfitMargin" : 52.26,
    "netProfit" : 78.92
  }, {
    "date" : "2011-03-31",
    "sales" : 48.10,
    "salesGrowthYoY" : -69.88,
    "grossProfitMargin" : 64.24,
    "grossProfit" : 30.90,
    "operatingProfitMargin" : -8.17,
    "operatingProfit" : -3.93,
    "netProfitMargin" : 43.28,
    "netProfit" : 20.82
  }, {
    "date" : "2011-06-30",
    "sales" : 65.31,
    "salesGrowthYoY" : 4.55,
    "grossProfitMargin" : 101.84,
    "grossProfit" : 66.51,
    "operatingProfitMargin" : 80.52,
    "operatingProfit" : 52.59,
    "netProfitMargin" : 26.41,
    "netProfit" : 17.25
  }, {
    "date" : "2011-09-30",
    "sales" : 60.44,
    "salesGrowthYoY" : -58.09,
    "grossProfitMargin" : 104.17,
    "grossProfit" : 62.96,
    "operatingProfitMargin" : 68.58,
    "operatingProfit" : 41.45,
    "netProfitMargin" : 9.84,
    "netProfit" : 5.95
  }, {
    "date" : "2011-12-31",
    "sales" : 88.63,
    "salesGrowthYoY" : -41.31,
    "grossProfitMargin" : 139.68,
    "grossProfit" : 123.80,
    "operatingProfitMargin" : 66.82,
    "operatingProfit" : 59.22,
    "netProfitMargin" : 20.57,
    "netProfit" : 18.23
  }, {
    "date" : "2012-03-31",
    "sales" : 46.06,
    "salesGrowthYoY" : -4.24,
    "grossProfitMargin" : 55.69,
    "grossProfit" : 25.65,
    "operatingProfitMargin" : -15.26,
    "operatingProfit" : -7.03,
    "netProfitMargin" : 4.10,
    "netProfit" : 1.89
  }, {
    "date" : "2012-06-30",
    "sales" : 66.18,
    "salesGrowthYoY" : 1.33,
    "grossProfitMargin" : 132.64,
    "grossProfit" : 87.78,
    "operatingProfitMargin" : 113.92,
    "operatingProfit" : 75.39,
    "netProfitMargin" : 68.68,
    "netProfit" : 45.45
  }, {
    "date" : "2012-09-30",
    "sales" : 79.16,
    "salesGrowthYoY" : 30.97,
    "grossProfitMargin" : 89.69,
    "grossProfit" : 71.00,
    "operatingProfitMargin" : 71.56,
    "operatingProfit" : 56.65,
    "netProfitMargin" : 45.19,
    "netProfit" : 35.77
  }, {
    "date" : "2012-12-31",
    "sales" : 110.88,
    "salesGrowthYoY" : 25.10,
    "grossProfitMargin" : 91.45,
    "grossProfit" : 101.40,
    "operatingProfitMargin" : 60.06,
    "operatingProfit" : 66.59,
    "netProfitMargin" : 20.78,
    "netProfit" : 23.04
  }, {
    "date" : "2013-03-31",
    "sales" : 90.69,
    "salesGrowthYoY" : 96.90,
    "grossProfitMargin" : 47.09,
    "grossProfit" : 42.71,
    "operatingProfitMargin" : -25.14,
    "operatingProfit" : -22.80,
    "netProfitMargin" : -80.09,
    "netProfit" : -72.63
  }, {
    "date" : "2013-06-30",
    "sales" : 119.87,
    "salesGrowthYoY" : 81.13,
    "grossProfitMargin" : 92.84,
    "grossProfit" : 111.29,
    "operatingProfitMargin" : 62.98,
    "operatingProfit" : 75.49,
    "netProfitMargin" : 2.29,
    "netProfit" : 2.75
  }, {
    "date" : "2013-09-30",
    "sales" : 55.13,
    "salesGrowthYoY" : -30.36,
    "grossProfitMargin" : 91.71,
    "grossProfit" : 50.56,
    "operatingProfitMargin" : 65.86,
    "operatingProfit" : 36.31,
    "netProfitMargin" : 5.70,
    "netProfit" : 3.14
  }, {
    "date" : "2013-12-31",
    "sales" : 122.60,
    "salesGrowthYoY" : 10.57,
    "grossProfitMargin" : 78.57,
    "grossProfit" : 96.33,
    "operatingProfitMargin" : 67.35,
    "operatingProfit" : 82.57,
    "netProfitMargin" : 26.23,
    "netProfit" : 32.16
  }, {
    "date" : "2014-03-31",
    "sales" : 148.10,
    "salesGrowthYoY" : 63.30,
    "grossProfitMargin" : 52.36,
    "grossProfit" : 77.55,
    "operatingProfitMargin" : 39.55,
    "operatingProfit" : 58.57,
    "netProfitMargin" : -3.90,
    "netProfit" : -5.78
  }, {
    "date" : "2014-06-30",
    "sales" : 121.45,
    "salesGrowthYoY" : 1.32,
    "grossProfitMargin" : 71.61,
    "grossProfit" : 86.97,
    "operatingProfitMargin" : 63.02,
    "operatingProfit" : 76.54,
    "netProfitMargin" : 1.77,
    "netProfit" : 2.15
  }, {
    "date" : "2014-09-30",
    "sales" : 197.42,
    "salesGrowthYoY" : 258.10,
    "grossProfitMargin" : 81.50,
    "grossProfit" : 160.90,
    "operatingProfitMargin" : 42.44,
    "operatingProfit" : 83.79,
    "netProfitMargin" : 8.49,
    "netProfit" : 16.76
  }, {
    "date" : "2014-12-31",
    "sales" : 128.45,
    "salesGrowthYoY" : 4.77,
    "grossProfitMargin" : 87.93,
    "grossProfit" : 112.95,
    "operatingProfitMargin" : 76.95,
    "operatingProfit" : 98.84,
    "netProfitMargin" : 15.10,
    "netProfit" : 19.40
  }, {
    "date" : "2015-03-31",
    "sales" : 151.26,
    "salesGrowthYoY" : 2.13,
    "grossProfitMargin" : 77.42,
    "grossProfit" : 117.11,
    "operatingProfitMargin" : 25.89,
    "operatingProfit" : 39.16,
    "netProfitMargin" : -20.16,
    "netProfit" : -30.49
  }, {
    "date" : "2015-06-30",
    "sales" : 92.70,
    "salesGrowthYoY" : -23.67,
    "grossProfitMargin" : 94.88,
    "grossProfit" : 87.95,
    "operatingProfitMargin" : 78.72,
    "operatingProfit" : 72.97,
    "netProfitMargin" : 13.38,
    "netProfit" : 12.40
  }, {
    "date" : "2015-09-30",
    "sales" : 103.11,
    "salesGrowthYoY" : -47.77,
    "grossProfitMargin" : 77.18,
    "grossProfit" : 79.58,
    "operatingProfitMargin" : 63.72,
    "operatingProfit" : 65.70,
    "netProfitMargin" : -1.16,
    "netProfit" : -1.20
  }, {
    "date" : "2015-12-31",
    "sales" : 97.24,
    "salesGrowthYoY" : -24.30,
    "grossProfitMargin" : 113.81,
    "grossProfit" : 110.67,
    "operatingProfitMargin" : 80.48,
    "operatingProfit" : 78.26,
    "netProfitMargin" : 8.18,
    "netProfit" : 7.95
  }, {
    "date" : "2016-03-31",
    "sales" : 73.40,
    "salesGrowthYoY" : -51.47,
    "grossProfitMargin" : 101.53,
    "grossProfit" : 74.52,
    "operatingProfitMargin" : 108.69,
    "operatingProfit" : 79.78,
    "netProfitMargin" : 10.42,
    "netProfit" : 7.65
  }, {
    "date" : "2016-06-30",
    "sales" : 76.41,
    "salesGrowthYoY" : -17.57,
    "grossProfitMargin" : 71.26,
    "grossProfit" : 54.45,
    "operatingProfitMargin" : 41.57,
    "operatingProfit" : 31.76,
    "netProfitMargin" : 0.38,
    "netProfit" : 0.29
  }, {
    "date" : "2016-09-30",
    "sales" : 134.53,
    "salesGrowthYoY" : 30.47,
    "grossProfitMargin" : 93.24,
    "grossProfit" : 125.44,
    "operatingProfitMargin" : 66.03,
    "operatingProfit" : 88.83,
    "netProfitMargin" : 1.65,
    "netProfit" : 2.22
  }, {
    "date" : "2016-12-31",
    "sales" : 69.32,
    "salesGrowthYoY" : -28.71,
    "grossProfitMargin" : 136.28,
    "grossProfit" : 94.47,
    "operatingProfitMargin" : 117.20,
    "operatingProfit" : 81.24,
    "netProfitMargin" : -3.42,
    "netProfit" : -2.37
  }, {
    "date" : "2017-03-31",
    "sales" : 266.39,
    "salesGrowthYoY" : 262.93,
    "grossProfitMargin" : 58.26,
    "grossProfit" : 155.20,
    "operatingProfitMargin" : 34.55,
    "operatingProfit" : 92.04,
    "netProfitMargin" : 2.41,
    "netProfit" : 6.42
  }, {
    "date" : "2017-06-30",
    "sales" : 148.33,
    "salesGrowthYoY" : 94.12,
    "grossProfitMargin" : 81.45,
    "grossProfit" : 120.81,
    "operatingProfitMargin" : 71.19,
    "operatingProfit" : 105.60,
    "netProfitMargin" : 1.17,
    "netProfit" : 1.74
  }, {
    "date" : "2017-09-30",
    "sales" : 50.22,
    "salesGrowthYoY" : -62.67,
    "grossProfitMargin" : 94.34,
    "grossProfit" : 47.38,
    "operatingProfitMargin" : 40.22,
    "operatingProfit" : 20.20,
    "netProfitMargin" : 85.03,
    "netProfit" : 42.70
  }, {
    "date" : "2017-12-31",
    "sales" : 67.10,
    "salesGrowthYoY" : -3.20,
    "grossProfitMargin" : 57.79,
    "grossProfit" : 38.78,
    "operatingProfitMargin" : 47.76,
    "operatingProfit" : 32.05,
    "netProfitMargin" : 8.52,
    "netProfit" : 5.72
  }, {
    "date" : "2018-03-31",
    "sales" : 79.47,
    "salesGrowthYoY" : -70.17,
    "grossProfitMargin" : 105.30,
    "grossProfit" : 83.68,
    "operatingProfitMargin" : -98.15,
    "operatingProfit" : -78.00,
    "netProfitMargin" : -29.72,
    "netProfit" : -23.62
  }, {
    "date" : "2018-06-30",
    "sales" : 81.61,
    "salesGrowthYoY" : -44.98,
    "grossProfitMargin" : 79.39,
    "grossProfit" : 64.79,
    "operatingProfitMargin" : 66.30,
    "operatingProfit" : 54.11,
    "netProfitMargin" : 0.49,
    "netProfit" : 0.40
  }, {
    "date" : "2018-09-30",
    "sales" : 254.70,
    "salesGrowthYoY" : 407.17,
    "grossProfitMargin" : 6.87,
    "grossProfit" : 17.50,
    "operatingProfitMargin" : 0.51,
    "operatingProfit" : 1.30,
    "netProfitMargin" : 0.38,
    "netProfit" : 0.97
  }, {
    "date" : "2018-12-31",
    "sales" : 53.20,
    "salesGrowthYoY" : -20.72,
    "grossProfitMargin" : 94.27,
    "grossProfit" : 50.15,
    "operatingProfitMargin" : 42.12,
    "operatingProfit" : 22.41,
    "netProfitMargin" : 1.69,
    "netProfit" : 0.90
  }, {
    "date" : "2019-03-31",
    "sales" : 27.65,
    "salesGrowthYoY" : -65.21,
    "grossProfitMargin" : -44.81,
    "grossProfit" : -12.39,
    "operatingProfitMargin" : -62.28,
    "operatingProfit" : -17.22,
    "netProfitMargin" : 3.76,
    "netProfit" : 1.04
  }, {
    "date" : "2019-06-30",
    "sales" : 8.65,
    "salesGrowthYoY" : -89.40,
    "grossProfitMargin" : 396.18,
    "grossProfit" : 34.27,
    "operatingProfitMargin" : -163.70,
    "operatingProfit" : -14.16,
    "netProfitMargin" : -197.46,
    "netProfit" : -17.08
  }, {
    "date" : "2019-09-30",
    "sales" : 102.60,
    "salesGrowthYoY" : -59.72,
    "grossProfitMargin" : 103.79,
    "grossProfit" : 106.49,
    "operatingProfitMargin" : 78.57,
    "operatingProfit" : 80.61,
    "netProfitMargin" : 1.59,
    "netProfit" : 1.63
  }, {
    "date" : "2019-12-31",
    "sales" : 110.80,
    "salesGrowthYoY" : 108.27,
    "grossProfitMargin" : 108.35,
    "grossProfit" : 120.05,
    "operatingProfitMargin" : 21.94,
    "operatingProfit" : 24.31,
    "netProfitMargin" : -20.98,
    "netProfit" : -23.25
  }, {
    "date" : "2020-03-31",
    "sales" : 30.16,
    "salesGrowthYoY" : 9.08,
    "grossProfitMargin" : 108.79,
    "grossProfit" : 32.81,
    "operatingProfitMargin" : -75.56,
    "operatingProfit" : -22.79,
    "netProfitMargin" : -68.87,
    "netProfit" : -20.77
  }, {
    "date" : "2020-06-30",
    "sales" : 33.70,
    "salesGrowthYoY" : 289.60,
    "grossProfitMargin" : 120.59,
    "grossProfit" : 40.64,
    "operatingProfitMargin" : 29.64,
    "operatingProfit" : 9.99,
    "netProfitMargin" : -17.69,
    "netProfit" : -5.96
  }, {
    "date" : "2020-09-30",
    "sales" : 14.84,
    "salesGrowthYoY" : -85.54,
    "grossProfitMargin" : 189.35,
    "grossProfit" : 28.10,
    "operatingProfitMargin" : -799.66,
    "operatingProfit" : -118.67,
    "netProfitMargin" : -826.95,
    "netProfit" : -122.72
  }, {
    "date" : "2020-12-31",
    "sales" : 40.96,
    "salesGrowthYoY" : -63.03,
    "grossProfitMargin" : 3.61,
    "grossProfit" : 1.48,
    "operatingProfitMargin" : -20.80,
    "operatingProfit" : -8.52,
    "netProfitMargin" : -21.95,
    "netProfit" : -8.99
  }, {
    "date" : "2021-03-31",
    "sales" : 154.56,
    "salesGrowthYoY" : 412.47,
    "grossProfitMargin" : 26.76,
    "grossProfit" : 41.36,
    "operatingProfitMargin" : -15.03,
    "operatingProfit" : -23.23,
    "netProfitMargin" : -16.49,
    "netProfit" : -25.49
  }, {
    "date" : "2021-06-30",
    "sales" : 21.69,
    "salesGrowthYoY" : -35.64,
    "grossProfitMargin" : 61.78,
    "grossProfit" : 13.40,
    "operatingProfitMargin" : 13.32,
    "operatingProfit" : 2.89,
    "netProfitMargin" : -78.88,
    "netProfit" : -17.11
  }, {
    "date" : "2021-09-30",
    "sales" : 31.17,
    "salesGrowthYoY" : 110.04,
    "grossProfitMargin" : 65.38,
    "grossProfit" : 20.38,
    "operatingProfitMargin" : 13.83,
    "operatingProfit" : 4.31,
    "netProfitMargin" : -17.23,
    "netProfit" : -5.37
  }, {
    "date" : "2021-12-31",
    "sales" : 25.12,
    "salesGrowthYoY" : -38.67,
    "grossProfitMargin" : 179.82,
    "grossProfit" : 45.17,
    "operatingProfitMargin" : -57.80,
    "operatingProfit" : -14.52,
    "netProfitMargin" : -70.94,
    "netProfit" : -17.82
  }, {
    "date" : "2022-03-31",
    "sales" : 104.82,
    "salesGrowthYoY" : -32.18,
    "grossProfitMargin" : -1.63,
    "grossProfit" : -1.71,
    "operatingProfitMargin" : -110.73,
    "operatingProfit" : -116.07,
    "netProfitMargin" : -76.88,
    "netProfit" : -80.59
  }, {
    "date" : "2022-06-30",
    "sales" : 56.39,
    "salesGrowthYoY" : 159.98,
    "grossProfitMargin" : 22.89,
    "grossProfit" : 12.91,
    "operatingProfitMargin" : -2.15,
    "operatingProfit" : -1.21,
    "netProfitMargin" : -25.25,
    "netProfit" : -14.24
  }, {
    "date" : "2022-09-30",
    "sales" : 35.34,
    "salesGrowthYoY" : 13.38,
    "grossProfitMargin" : 62.28,
    "grossProfit" : 22.01,
    "operatingProfitMargin" : 10.61,
    "operatingProfit" : 3.75,
    "netProfitMargin" : 60.55,
    "netProfit" : 21.40
  }, {
    "date" : "2022-12-31",
    "sales" : 87.68,
    "salesGrowthYoY" : 249.04,
    "grossProfitMargin" : 43.15,
    "grossProfit" : 37.83,
    "operatingProfitMargin" : 7.32,
    "operatingProfit" : 6.42,
    "netProfitMargin" : 0.10,
    "netProfit" : 0.09
  }, {
    "date" : "2023-03-31",
    "sales" : 39.62,
    "salesGrowthYoY" : -62.20,
    "grossProfitMargin" : 34.73,
    "grossProfit" : 13.76,
    "operatingProfitMargin" : 11.13,
    "operatingProfit" : 4.41,
    "netProfitMargin" : -7.98,
    "netProfit" : -3.16
  }, {
    "date" : "2023-06-30",
    "sales" : 51.58,
    "salesGrowthYoY" : -8.53,
    "grossProfitMargin" : 41.59,
    "grossProfit" : 21.45,
    "operatingProfitMargin" : 14.56,
    "operatingProfit" : 7.51,
    "netProfitMargin" : 5.62,
    "netProfit" : 2.90
  }, {
    "date" : "2023-09-30",
    "sales" : 38.68,
    "salesGrowthYoY" : 9.45,
    "grossProfitMargin" : 66.99,
    "grossProfit" : 25.91,
    "operatingProfitMargin" : 37.02,
    "operatingProfit" : 14.32,
    "netProfitMargin" : 9.80,
    "netProfit" : 3.79
  }, {
    "date" : "2023-12-31",
    "sales" : 26.23,
    "salesGrowthYoY" : -70.08,
    "grossProfitMargin" : 86.73,
    "grossProfit" : 22.75,
    "operatingProfitMargin" : 18.07,
    "operatingProfit" : 4.74,
    "netProfitMargin" : 9.38,
    "netProfit" : 2.46
  }, {
    "date" : "2024-03-31",
    "sales" : 94.09,
    "salesGrowthYoY" : 137.48,
    "grossProfitMargin" : 21.67,
    "grossProfit" : 20.39,
    "operatingProfitMargin" : 0.32,
    "operatingProfit" : 0.30,
    "netProfitMargin" : -3.18,
    "netProfit" : -2.99
  }, {
    "date" : "2024-06-30",
    "sales" : 118.46,
    "salesGrowthYoY" : 129.66,
    "grossProfitMargin" : 18.65,
    "grossProfit" : 22.09,
    "operatingProfitMargin" : 11.60,
    "operatingProfit" : 13.74,
    "netProfitMargin" : 8.60,
    "netProfit" : 10.19
  }, {
    "date" : "2024-09-30",
    "sales" : 48.42,
    "salesGrowthYoY" : 25.18,
    "grossProfitMargin" : 27.16,
    "grossProfit" : 13.15,
    "operatingProfitMargin" : 11.38,
    "operatingProfit" : 5.51,
    "netProfitMargin" : 47.01,
    "netProfit" : 22.76
  }, {
    "date" : "2024-12-31",
    "sales" : 47.95,
    "salesGrowthYoY" : 82.81,
    "grossProfitMargin" : 43.48,
    "grossProfit" : 20.85,
    "operatingProfitMargin" : -8.91,
    "operatingProfit" : -4.27,
    "netProfitMargin" : 28.09,
    "netProfit" : 13.47
  }, {
    "date" : "2025-03-31",
    "sales" : 57.96,
    "salesGrowthYoY" : -38.40,
    "grossProfitMargin" : 90.42,
    "grossProfit" : 52.41,
    "operatingProfitMargin" : 47.90,
    "operatingProfit" : 27.76,
    "netProfitMargin" : 51.57,
    "netProfit" : 29.89
  }, {
    "date" : "2025-06-30",
    "sales" : 142.07,
    "salesGrowthYoY" : 19.93,
    "grossProfitMargin" : 27.53,
    "grossProfit" : 39.11,
    "operatingProfitMargin" : 19.47,
    "operatingProfit" : 27.66,
    "netProfitMargin" : 47.38,
    "netProfit" : 67.31
  }, {
    "date" : "2025-09-30",
    "sales" : 112.20,
    "salesGrowthYoY" : 131.72,
    "grossProfitMargin" : 7.85,
    "grossProfit" : 8.81,
    "operatingProfitMargin" : -5.21,
    "operatingProfit" : -5.85,
    "netProfitMargin" : 2.25,
    "netProfit" : 2.52
  } ],
  "latestQuarterlyResult" : {
    "date" : "2025-09-30",
    "sales" : 112.20,
    "salesGrowthYoY" : 131.72,
    "grossProfitMargin" : 7.85,
    "grossProfit" : 8.81,
    "operatingProfitMargin" : -5.21,
    "operatingProfit" : -5.85,
    "netProfitMargin" : 2.25,
    "netProfit" : 2.52
  },
  "companyScore" : {
    "priceHigherThanDma50" : 5.00,
    "priceHigherThanDma100" : 0.00,
    "priceHigherThanDma200" : 5.00,
    "dma50HigherThanDma100" : 0.00,
    "dma50HigherThanDma200" : 5.00,
    "dma100HigherThanDma200" : 5.00,
    "pricePercentageAboveDma50" : 4.96,
    "pricePercentageAboveDma100" : 5.02,
    "pricePercentageAboveDma200" : 4.35,
    "weeklyVolumeHigherThanYearlyVolume" : 0.00,
    "salesGrowthPercentile" : 16.94,
    "operatingProfitMarginPercentile" : 17.33,
    "netProfitMarginPercentile" : 9.09,
    "totalTechnicalScore" : 34.34,
    "totalFundamentalScore" : 43.37,
    "totalScore" : 77.70
  }
}