{
  "metadata" : {
    "screenerCompanyId" : "1385",
    "companyCode" : "ICRA",
    "companyName" : "ICRA",
    "screenerCompanyLink" : "https://www.screener.in/company/ICRA/consolidated/",
    "screenerTechnicalHistoryLink" : "https://www.screener.in/api/company/1385/chart/?q=Price-DMA50-DMA200-Volume&days=365",
    "screenerQuarterlyResultsLink" : "https://www.screener.in/api/company/1385/chart/?q=GPM-OPM-NPM-Quarter+Sales&days=10000",
    "attributes" : {
      "companyCode" : "ICRA",
      "companyName" : "ICRA",
      "marketCap" : 5688.00,
      "peRatio" : 30.10,
      "description" : "ICRA Limited was set up in 1991 by leading financial/investment institutions, commercial banks and financial services companies as an independent and professional investment Information and Credit Rating Agency.[1] It is involved in rating, management consulting and outsourcing and information services etc.[2]"
    },
    "companyScore" : {
      "priceHigherThanDma50" : 0.00,
      "priceHigherThanDma100" : 0.00,
      "priceHigherThanDma200" : 0.00,
      "dma50HigherThanDma100" : 0.00,
      "dma50HigherThanDma200" : 0.00,
      "dma100HigherThanDma200" : 0.00,
      "pricePercentageAboveDma50" : 5.16,
      "pricePercentageAboveDma100" : 5.24,
      "pricePercentageAboveDma200" : 5.25,
      "weeklyVolumeHigherThanYearlyVolume" : 0.00,
      "salesGrowthPercentile" : 16.05,
      "operatingProfitMarginPercentile" : 10.16,
      "netProfitMarginPercentile" : 3.75,
      "totalTechnicalScore" : 15.65,
      "totalFundamentalScore" : 29.97,
      "totalScore" : 45.62
    }
  },
  "attributes" : {
    "companyCode" : "ICRA",
    "companyName" : "ICRA",
    "marketCap" : 5688.00,
    "peRatio" : 30.10,
    "description" : "ICRA Limited was set up in 1991 by leading financial/investment institutions, commercial banks and financial services companies as an independent and professional investment Information and Credit Rating Agency.[1] It is involved in rating, management consulting and outsourcing and information services etc.[2]"
  },
  "technicalHistory" : [ {
    "date" : "2025-02-17",
    "price" : 5684.40,
    "dma50" : 6250.35,
    "dma100" : null,
    "dma200" : 6204.83,
    "volume" : 2373.00
  }, {
    "date" : "2025-02-18",
    "price" : 5569.90,
    "dma50" : 6223.67,
    "dma100" : null,
    "dma200" : 6198.51,
    "volume" : 2417.00
  }, {
    "date" : "2025-02-19",
    "price" : 5982.05,
    "dma50" : 6214.19,
    "dma100" : null,
    "dma200" : 6196.36,
    "volume" : 4315.00
  }, {
    "date" : "2025-02-20",
    "price" : 5809.35,
    "dma50" : 6198.32,
    "dma100" : null,
    "dma200" : 6192.50,
    "volume" : 2294.00
  }, {
    "date" : "2025-02-21",
    "price" : 5805.25,
    "dma50" : 6182.90,
    "dma100" : null,
    "dma200" : 6188.65,
    "volume" : 1646.00
  }, {
    "date" : "2025-02-24",
    "price" : 5611.05,
    "dma50" : 6160.48,
    "dma100" : null,
    "dma200" : 6182.90,
    "volume" : 1556.00
  }, {
    "date" : "2025-02-25",
    "price" : 5528.60,
    "dma50" : 6135.70,
    "dma100" : null,
    "dma200" : 6176.39,
    "volume" : 10371.00
  }, {
    "date" : "2025-02-27",
    "price" : 5347.20,
    "dma50" : 6104.78,
    "dma100" : null,
    "dma200" : 6168.14,
    "volume" : 3982.00
  }, {
    "date" : "2025-02-28",
    "price" : 5314.55,
    "dma50" : 6073.79,
    "dma100" : null,
    "dma200" : 6159.65,
    "volume" : 3745.00
  }, {
    "date" : "2025-03-03",
    "price" : 5182.00,
    "dma50" : 6038.82,
    "dma100" : null,
    "dma200" : 6149.92,
    "volume" : 5293.00
  }, {
    "date" : "2025-03-04",
    "price" : 5353.20,
    "dma50" : 6011.93,
    "dma100" : null,
    "dma200" : 6141.99,
    "volume" : 5280.00
  }, {
    "date" : "2025-03-05",
    "price" : 5234.40,
    "dma50" : 5981.44,
    "dma100" : null,
    "dma200" : 6132.96,
    "volume" : 8278.00
  }, {
    "date" : "2025-03-06",
    "price" : 5432.60,
    "dma50" : 5959.91,
    "dma100" : null,
    "dma200" : 6125.99,
    "volume" : 4584.00
  }, {
    "date" : "2025-03-07",
    "price" : 5560.05,
    "dma50" : 5944.23,
    "dma100" : null,
    "dma200" : 6120.36,
    "volume" : 7086.00
  }, {
    "date" : "2025-03-10",
    "price" : 5359.15,
    "dma50" : 5921.29,
    "dma100" : null,
    "dma200" : 6112.79,
    "volume" : 7781.00
  }, {
    "date" : "2025-03-11",
    "price" : 5491.45,
    "dma50" : 5904.43,
    "dma100" : null,
    "dma200" : 6106.61,
    "volume" : 4006.00
  }, {
    "date" : "2025-03-12",
    "price" : 5369.85,
    "dma50" : 5883.47,
    "dma100" : null,
    "dma200" : 6099.28,
    "volume" : 5117.00
  }, {
    "date" : "2025-03-13",
    "price" : 5420.60,
    "dma50" : 5865.32,
    "dma100" : null,
    "dma200" : 6092.52,
    "volume" : 2362.00
  }, {
    "date" : "2025-03-17",
    "price" : 5401.80,
    "dma50" : 5847.14,
    "dma100" : null,
    "dma200" : 6085.65,
    "volume" : 4668.00
  }, {
    "date" : "2025-03-18",
    "price" : 5435.35,
    "dma50" : 5830.99,
    "dma100" : null,
    "dma200" : 6079.18,
    "volume" : 3632.00
  }, {
    "date" : "2025-03-19",
    "price" : 5577.70,
    "dma50" : 5821.06,
    "dma100" : null,
    "dma200" : 6074.19,
    "volume" : 68099.00
  }, {
    "date" : "2025-03-20",
    "price" : 5657.15,
    "dma50" : 5814.63,
    "dma100" : null,
    "dma200" : 6070.04,
    "volume" : 3883.00
  }, {
    "date" : "2025-03-21",
    "price" : 5593.15,
    "dma50" : 5805.94,
    "dma100" : null,
    "dma200" : 6065.29,
    "volume" : 8299.00
  }, {
    "date" : "2025-03-24",
    "price" : 5578.65,
    "dma50" : 5797.03,
    "dma100" : null,
    "dma200" : 6060.45,
    "volume" : 3049.00
  }, {
    "date" : "2025-03-25",
    "price" : 5652.60,
    "dma50" : 5791.37,
    "dma100" : null,
    "dma200" : 6056.39,
    "volume" : 6670.00
  }, {
    "date" : "2025-03-26",
    "price" : 5636.10,
    "dma50" : 5785.28,
    "dma100" : null,
    "dma200" : 6052.21,
    "volume" : 26345.00
  }, {
    "date" : "2025-03-27",
    "price" : 5493.70,
    "dma50" : 5773.84,
    "dma100" : null,
    "dma200" : 6046.65,
    "volume" : 52361.00
  }, {
    "date" : "2025-03-28",
    "price" : 5505.05,
    "dma50" : 5763.30,
    "dma100" : null,
    "dma200" : 6041.27,
    "volume" : 1605.00
  }, {
    "date" : "2025-04-01",
    "price" : 5553.95,
    "dma50" : 5755.09,
    "dma100" : null,
    "dma200" : 6036.42,
    "volume" : 5287.00
  }, {
    "date" : "2025-04-02",
    "price" : 5523.30,
    "dma50" : 5746.00,
    "dma100" : null,
    "dma200" : 6031.31,
    "volume" : 1591.00
  }, {
    "date" : "2025-04-03",
    "price" : 5542.50,
    "dma50" : 5738.02,
    "dma100" : null,
    "dma200" : 6026.45,
    "volume" : 1568.00
  }, {
    "date" : "2025-04-04",
    "price" : 5396.65,
    "dma50" : 5724.64,
    "dma100" : null,
    "dma200" : 6020.18,
    "volume" : 4786.00
  }, {
    "date" : "2025-04-07",
    "price" : 5260.55,
    "dma50" : 5706.44,
    "dma100" : null,
    "dma200" : 6012.62,
    "volume" : 5939.00
  }, {
    "date" : "2025-04-08",
    "price" : 5293.15,
    "dma50" : 5690.23,
    "dma100" : null,
    "dma200" : 6005.46,
    "volume" : 3667.00
  }, {
    "date" : "2025-04-09",
    "price" : 5204.05,
    "dma50" : 5671.16,
    "dma100" : null,
    "dma200" : 5997.49,
    "volume" : 5472.00
  }, {
    "date" : "2025-04-11",
    "price" : 5289.80,
    "dma50" : 5656.21,
    "dma100" : null,
    "dma200" : 5990.45,
    "volume" : 8893.00
  }, {
    "date" : "2025-04-15",
    "price" : 5495.00,
    "dma50" : 5649.89,
    "dma100" : null,
    "dma200" : 5985.52,
    "volume" : 6678.00
  }, {
    "date" : "2025-04-16",
    "price" : 5645.50,
    "dma50" : 5649.71,
    "dma100" : null,
    "dma200" : 5982.13,
    "volume" : 7391.00
  }, {
    "date" : "2025-04-17",
    "price" : 5605.00,
    "dma50" : 5647.96,
    "dma100" : null,
    "dma200" : 5978.38,
    "volume" : 28468.00
  }, {
    "date" : "2025-04-21",
    "price" : 5653.00,
    "dma50" : 5648.16,
    "dma100" : null,
    "dma200" : 5975.14,
    "volume" : 4419.00
  }, {
    "date" : "2025-04-22",
    "price" : 5763.00,
    "dma50" : 5652.66,
    "dma100" : null,
    "dma200" : 5973.03,
    "volume" : 11014.00
  }, {
    "date" : "2025-04-23",
    "price" : 5769.00,
    "dma50" : 5657.22,
    "dma100" : null,
    "dma200" : 5971.00,
    "volume" : 10284.00
  }, {
    "date" : "2025-04-24",
    "price" : 5849.50,
    "dma50" : 5664.76,
    "dma100" : null,
    "dma200" : 5969.79,
    "volume" : 15504.00
  }, {
    "date" : "2025-04-25",
    "price" : 5790.00,
    "dma50" : 5669.68,
    "dma100" : null,
    "dma200" : 5968.00,
    "volume" : 4211.00
  }, {
    "date" : "2025-04-28",
    "price" : 5713.50,
    "dma50" : 5671.39,
    "dma100" : null,
    "dma200" : 5965.47,
    "volume" : 3348.00
  }, {
    "date" : "2025-04-29",
    "price" : 5647.00,
    "dma50" : 5670.44,
    "dma100" : null,
    "dma200" : 5962.30,
    "volume" : 2647.00
  }, {
    "date" : "2025-04-30",
    "price" : 5559.00,
    "dma50" : 5666.07,
    "dma100" : null,
    "dma200" : 5958.29,
    "volume" : 5191.00
  }, {
    "date" : "2025-05-02",
    "price" : 5838.50,
    "dma50" : 5672.83,
    "dma100" : null,
    "dma200" : 5957.10,
    "volume" : 12719.00
  }, {
    "date" : "2025-05-05",
    "price" : 5846.00,
    "dma50" : 5679.62,
    "dma100" : null,
    "dma200" : 5955.99,
    "volume" : 14336.00
  }, {
    "date" : "2025-05-06",
    "price" : 5868.50,
    "dma50" : 5687.03,
    "dma100" : null,
    "dma200" : 5955.12,
    "volume" : 35411.00
  }, {
    "date" : "2025-05-07",
    "price" : 5803.50,
    "dma50" : 5691.59,
    "dma100" : null,
    "dma200" : 5953.61,
    "volume" : 3205.00
  }, {
    "date" : "2025-05-08",
    "price" : 5851.00,
    "dma50" : 5697.85,
    "dma100" : null,
    "dma200" : 5952.59,
    "volume" : 6070.00
  }, {
    "date" : "2025-05-09",
    "price" : 5704.50,
    "dma50" : 5698.11,
    "dma100" : null,
    "dma200" : 5950.12,
    "volume" : 5545.00
  }, {
    "date" : "2025-05-12",
    "price" : 5899.50,
    "dma50" : 5706.00,
    "dma100" : null,
    "dma200" : 5949.62,
    "volume" : 3916.00
  }, {
    "date" : "2025-05-13",
    "price" : 5976.00,
    "dma50" : 5716.59,
    "dma100" : null,
    "dma200" : 5949.88,
    "volume" : 6551.00
  }, {
    "date" : "2025-05-14",
    "price" : 6017.50,
    "dma50" : 5728.39,
    "dma100" : null,
    "dma200" : 5950.56,
    "volume" : 4077.00
  }, {
    "date" : "2025-05-15",
    "price" : 6078.50,
    "dma50" : 5742.12,
    "dma100" : null,
    "dma200" : 5951.83,
    "volume" : 3279.00
  }, {
    "date" : "2025-05-16",
    "price" : 6115.00,
    "dma50" : 5756.75,
    "dma100" : null,
    "dma200" : 5953.45,
    "volume" : 2593.00
  }, {
    "date" : "2025-05-19",
    "price" : 6192.00,
    "dma50" : 5773.81,
    "dma100" : null,
    "dma200" : 5955.83,
    "volume" : 4573.00
  }, {
    "date" : "2025-05-20",
    "price" : 6372.50,
    "dma50" : 5797.29,
    "dma100" : null,
    "dma200" : 5959.97,
    "volume" : 18380.00
  }, {
    "date" : "2025-05-21",
    "price" : 6335.50,
    "dma50" : 5818.40,
    "dma100" : null,
    "dma200" : 5963.71,
    "volume" : 3724.00
  }, {
    "date" : "2025-05-22",
    "price" : 6343.00,
    "dma50" : 5838.97,
    "dma100" : null,
    "dma200" : 5967.48,
    "volume" : 2384.00
  }, {
    "date" : "2025-05-23",
    "price" : 6319.50,
    "dma50" : 5857.82,
    "dma100" : null,
    "dma200" : 5970.99,
    "volume" : 841.00
  }, {
    "date" : "2025-05-26",
    "price" : 6484.00,
    "dma50" : 5882.37,
    "dma100" : null,
    "dma200" : 5976.09,
    "volume" : 11434.00
  }, {
    "date" : "2025-05-27",
    "price" : 6488.50,
    "dma50" : 5906.14,
    "dma100" : null,
    "dma200" : 5981.19,
    "volume" : 3813.00
  }, {
    "date" : "2025-05-28",
    "price" : 6437.50,
    "dma50" : 5926.98,
    "dma100" : null,
    "dma200" : 5985.73,
    "volume" : 3054.00
  }, {
    "date" : "2025-05-29",
    "price" : 6602.00,
    "dma50" : 5953.45,
    "dma100" : null,
    "dma200" : 5991.86,
    "volume" : 19068.00
  }, {
    "date" : "2025-05-30",
    "price" : 6740.00,
    "dma50" : 5984.30,
    "dma100" : null,
    "dma200" : 5999.31,
    "volume" : 29813.00
  }, {
    "date" : "2025-06-02",
    "price" : 6749.00,
    "dma50" : 6014.28,
    "dma100" : null,
    "dma200" : 6006.76,
    "volume" : 5454.00
  }, {
    "date" : "2025-06-03",
    "price" : 6600.50,
    "dma50" : 6037.27,
    "dma100" : null,
    "dma200" : 6012.67,
    "volume" : 34877.00
  }, {
    "date" : "2025-06-04",
    "price" : 6555.00,
    "dma50" : 6057.58,
    "dma100" : null,
    "dma200" : 6018.07,
    "volume" : 7201.00
  }, {
    "date" : "2025-06-05",
    "price" : 6577.50,
    "dma50" : 6077.96,
    "dma100" : null,
    "dma200" : 6023.64,
    "volume" : 5669.00
  }, {
    "date" : "2025-06-06",
    "price" : 6576.50,
    "dma50" : 6097.52,
    "dma100" : null,
    "dma200" : 6029.14,
    "volume" : 10080.00
  }, {
    "date" : "2025-06-09",
    "price" : 6676.50,
    "dma50" : 6120.22,
    "dma100" : null,
    "dma200" : 6035.58,
    "volume" : 5537.00
  }, {
    "date" : "2025-06-10",
    "price" : 6607.50,
    "dma50" : 6139.33,
    "dma100" : null,
    "dma200" : 6041.27,
    "volume" : 3023.00
  }, {
    "date" : "2025-06-11",
    "price" : 6644.50,
    "dma50" : 6159.14,
    "dma100" : null,
    "dma200" : 6047.27,
    "volume" : 14060.00
  }, {
    "date" : "2025-06-12",
    "price" : 6654.50,
    "dma50" : 6178.57,
    "dma100" : null,
    "dma200" : 6053.31,
    "volume" : 204731.00
  }, {
    "date" : "2025-06-13",
    "price" : 6735.00,
    "dma50" : 6200.39,
    "dma100" : null,
    "dma200" : 6060.10,
    "volume" : 14886.00
  }, {
    "date" : "2025-06-16",
    "price" : 6714.50,
    "dma50" : 6220.55,
    "dma100" : null,
    "dma200" : 6066.61,
    "volume" : 2663.00
  }, {
    "date" : "2025-06-17",
    "price" : 6811.50,
    "dma50" : 6243.72,
    "dma100" : null,
    "dma200" : 6074.02,
    "volume" : 11049.00
  }, {
    "date" : "2025-06-18",
    "price" : 6719.50,
    "dma50" : 6262.38,
    "dma100" : null,
    "dma200" : 6080.44,
    "volume" : 2609.00
  }, {
    "date" : "2025-06-19",
    "price" : 6637.00,
    "dma50" : 6277.07,
    "dma100" : null,
    "dma200" : 6085.98,
    "volume" : 3642.00
  }, {
    "date" : "2025-06-20",
    "price" : 6693.50,
    "dma50" : 6293.40,
    "dma100" : null,
    "dma200" : 6092.03,
    "volume" : 2365.00
  }, {
    "date" : "2025-06-23",
    "price" : 6646.00,
    "dma50" : 6307.23,
    "dma100" : null,
    "dma200" : 6097.54,
    "volume" : 1989.00
  }, {
    "date" : "2025-06-24",
    "price" : 6687.00,
    "dma50" : 6322.12,
    "dma100" : null,
    "dma200" : 6103.40,
    "volume" : 5145.00
  }, {
    "date" : "2025-06-25",
    "price" : 6733.50,
    "dma50" : 6338.25,
    "dma100" : null,
    "dma200" : 6109.67,
    "volume" : 2961.00
  }, {
    "date" : "2025-06-26",
    "price" : 6690.50,
    "dma50" : 6352.07,
    "dma100" : null,
    "dma200" : 6115.45,
    "volume" : 4307.00
  }, {
    "date" : "2025-06-27",
    "price" : 6718.00,
    "dma50" : 6366.42,
    "dma100" : null,
    "dma200" : 6121.45,
    "volume" : 2418.00
  }, {
    "date" : "2025-06-30",
    "price" : 6769.00,
    "dma50" : 6382.21,
    "dma100" : null,
    "dma200" : 6127.89,
    "volume" : 9238.00
  }, {
    "date" : "2025-07-01",
    "price" : 6797.50,
    "dma50" : 6398.49,
    "dma100" : null,
    "dma200" : 6134.55,
    "volume" : 3855.00
  }, {
    "date" : "2025-07-02",
    "price" : 6796.50,
    "dma50" : 6414.10,
    "dma100" : null,
    "dma200" : 6141.14,
    "volume" : 3900.00
  }, {
    "date" : "2025-07-03",
    "price" : 6888.00,
    "dma50" : 6432.68,
    "dma100" : null,
    "dma200" : 6148.57,
    "volume" : 220171.00
  }, {
    "date" : "2025-07-04",
    "price" : 6800.50,
    "dma50" : 6447.11,
    "dma100" : null,
    "dma200" : 6155.06,
    "volume" : 54030.00
  }, {
    "date" : "2025-07-07",
    "price" : 6783.50,
    "dma50" : 6460.30,
    "dma100" : null,
    "dma200" : 6161.31,
    "volume" : 4292.00
  }, {
    "date" : "2025-07-08",
    "price" : 6801.50,
    "dma50" : 6473.68,
    "dma100" : null,
    "dma200" : 6167.68,
    "volume" : 2584.00
  }, {
    "date" : "2025-07-09",
    "price" : 6821.00,
    "dma50" : 6487.30,
    "dma100" : null,
    "dma200" : 6174.18,
    "volume" : 3497.00
  }, {
    "date" : "2025-07-10",
    "price" : 6763.00,
    "dma50" : 6498.11,
    "dma100" : null,
    "dma200" : 6180.04,
    "volume" : 1103.00
  }, {
    "date" : "2025-07-11",
    "price" : 6887.50,
    "dma50" : 6513.38,
    "dma100" : null,
    "dma200" : 6187.08,
    "volume" : 4410.00
  }, {
    "date" : "2025-07-14",
    "price" : 6951.50,
    "dma50" : 6530.56,
    "dma100" : null,
    "dma200" : 6194.69,
    "volume" : 6702.00
  }, {
    "date" : "2025-07-15",
    "price" : 7004.50,
    "dma50" : 6549.15,
    "dma100" : null,
    "dma200" : 6202.74,
    "volume" : 8552.00
  }, {
    "date" : "2025-07-16",
    "price" : 6983.50,
    "dma50" : 6566.18,
    "dma100" : 6062.44,
    "dma200" : 6210.51,
    "volume" : 4333.00
  }, {
    "date" : "2025-07-17",
    "price" : 6870.50,
    "dma50" : 6578.12,
    "dma100" : 6075.45,
    "dma200" : 6217.08,
    "volume" : 6511.00
  }, {
    "date" : "2025-07-18",
    "price" : 6723.00,
    "dma50" : 6583.80,
    "dma100" : 6082.85,
    "dma200" : 6222.11,
    "volume" : 5140.00
  }, {
    "date" : "2025-07-21",
    "price" : 6771.50,
    "dma50" : 6591.16,
    "dma100" : 6092.48,
    "dma200" : 6227.58,
    "volume" : 3615.00
  }, {
    "date" : "2025-07-22",
    "price" : 6778.00,
    "dma50" : 6598.49,
    "dma100" : 6102.20,
    "dma200" : 6233.06,
    "volume" : 17731.00
  }, {
    "date" : "2025-07-23",
    "price" : 6792.50,
    "dma50" : 6606.10,
    "dma100" : 6114.02,
    "dma200" : 6238.62,
    "volume" : 3385.00
  }, {
    "date" : "2025-07-24",
    "price" : 6733.00,
    "dma50" : 6611.07,
    "dma100" : 6126.06,
    "dma200" : 6243.54,
    "volume" : 4121.00
  }, {
    "date" : "2025-07-25",
    "price" : 6686.50,
    "dma50" : 6614.03,
    "dma100" : 6139.46,
    "dma200" : 6247.95,
    "volume" : 4201.00
  }, {
    "date" : "2025-07-28",
    "price" : 6575.00,
    "dma50" : 6612.50,
    "dma100" : 6152.06,
    "dma200" : 6251.20,
    "volume" : 2623.00
  }, {
    "date" : "2025-07-29",
    "price" : 6594.50,
    "dma50" : 6611.79,
    "dma100" : 6166.18,
    "dma200" : 6254.62,
    "volume" : 5818.00
  }, {
    "date" : "2025-07-30",
    "price" : 6575.00,
    "dma50" : 6610.35,
    "dma100" : 6178.40,
    "dma200" : 6257.81,
    "volume" : 2463.00
  }, {
    "date" : "2025-07-31",
    "price" : 6628.00,
    "dma50" : 6611.04,
    "dma100" : 6192.34,
    "dma200" : 6261.49,
    "volume" : 22308.00
  }, {
    "date" : "2025-08-01",
    "price" : 6461.50,
    "dma50" : 6605.18,
    "dma100" : 6202.63,
    "dma200" : 6263.48,
    "volume" : 9274.00
  }, {
    "date" : "2025-08-04",
    "price" : 6258.50,
    "dma50" : 6591.58,
    "dma100" : 6209.61,
    "dma200" : 6263.43,
    "volume" : 9146.00
  }, {
    "date" : "2025-08-05",
    "price" : 6214.00,
    "dma50" : 6576.78,
    "dma100" : 6218.16,
    "dma200" : 6262.94,
    "volume" : 2952.00
  }, {
    "date" : "2025-08-06",
    "price" : 6286.00,
    "dma50" : 6565.37,
    "dma100" : 6226.11,
    "dma200" : 6263.17,
    "volume" : 4434.00
  }, {
    "date" : "2025-08-07",
    "price" : 6159.00,
    "dma50" : 6549.44,
    "dma100" : 6234.00,
    "dma200" : 6262.13,
    "volume" : 9847.00
  }, {
    "date" : "2025-08-08",
    "price" : 6157.00,
    "dma50" : 6534.05,
    "dma100" : 6241.36,
    "dma200" : 6261.09,
    "volume" : 3060.00
  }, {
    "date" : "2025-08-11",
    "price" : 6110.00,
    "dma50" : 6517.42,
    "dma100" : 6248.44,
    "dma200" : 6259.58,
    "volume" : 2137.00
  }, {
    "date" : "2025-08-12",
    "price" : 6105.50,
    "dma50" : 6501.26,
    "dma100" : 6255.15,
    "dma200" : 6258.05,
    "volume" : 2809.00
  }, {
    "date" : "2025-08-13",
    "price" : 6180.00,
    "dma50" : 6488.67,
    "dma100" : 6261.17,
    "dma200" : 6257.27,
    "volume" : 3013.00
  }, {
    "date" : "2025-08-14",
    "price" : 6137.50,
    "dma50" : 6474.89,
    "dma100" : 6265.97,
    "dma200" : 6256.08,
    "volume" : 1447.00
  }, {
    "date" : "2025-08-18",
    "price" : 6139.00,
    "dma50" : 6461.72,
    "dma100" : 6271.43,
    "dma200" : 6254.92,
    "volume" : 2202.00
  }, {
    "date" : "2025-08-19",
    "price" : 6317.00,
    "dma50" : 6456.05,
    "dma100" : 6278.81,
    "dma200" : 6255.54,
    "volume" : 4682.00
  }, {
    "date" : "2025-08-20",
    "price" : 6323.00,
    "dma50" : 6450.83,
    "dma100" : 6285.52,
    "dma200" : 6256.21,
    "volume" : 6088.00
  }, {
    "date" : "2025-08-21",
    "price" : 6325.50,
    "dma50" : 6445.91,
    "dma100" : 6292.41,
    "dma200" : 6256.90,
    "volume" : 3587.00
  }, {
    "date" : "2025-08-22",
    "price" : 6259.50,
    "dma50" : 6438.60,
    "dma100" : 6300.07,
    "dma200" : 6256.92,
    "volume" : 2972.00
  }, {
    "date" : "2025-08-25",
    "price" : 6285.00,
    "dma50" : 6432.58,
    "dma100" : 6307.87,
    "dma200" : 6257.20,
    "volume" : 2872.00
  }, {
    "date" : "2025-08-26",
    "price" : 6253.50,
    "dma50" : 6425.56,
    "dma100" : 6314.86,
    "dma200" : 6257.16,
    "volume" : 5406.00
  }, {
    "date" : "2025-08-28",
    "price" : 6270.00,
    "dma50" : 6419.46,
    "dma100" : 6322.33,
    "dma200" : 6257.29,
    "volume" : 2387.00
  }, {
    "date" : "2025-08-29",
    "price" : 6250.00,
    "dma50" : 6412.81,
    "dma100" : 6329.41,
    "dma200" : 6257.22,
    "volume" : 4360.00
  }, {
    "date" : "2025-09-01",
    "price" : 6259.50,
    "dma50" : 6406.80,
    "dma100" : 6338.04,
    "dma200" : 6257.24,
    "volume" : 1856.00
  }, {
    "date" : "2025-09-02",
    "price" : 6387.00,
    "dma50" : 6406.02,
    "dma100" : 6349.30,
    "dma200" : 6258.53,
    "volume" : 2652.00
  }, {
    "date" : "2025-09-03",
    "price" : 6353.00,
    "dma50" : 6403.94,
    "dma100" : 6359.90,
    "dma200" : 6259.47,
    "volume" : 2557.00
  }, {
    "date" : "2025-09-04",
    "price" : 6281.00,
    "dma50" : 6399.12,
    "dma100" : 6370.67,
    "dma200" : 6259.69,
    "volume" : 1343.00
  }, {
    "date" : "2025-09-05",
    "price" : 6284.00,
    "dma50" : 6394.61,
    "dma100" : 6380.61,
    "dma200" : 6259.93,
    "volume" : 1800.00
  }, {
    "date" : "2025-09-08",
    "price" : 6279.00,
    "dma50" : 6390.07,
    "dma100" : 6388.45,
    "dma200" : 6260.12,
    "volume" : 2237.00
  }, {
    "date" : "2025-09-09",
    "price" : 6258.00,
    "dma50" : 6384.89,
    "dma100" : 6394.57,
    "dma200" : 6260.10,
    "volume" : 2620.00
  }, {
    "date" : "2025-09-10",
    "price" : 6314.50,
    "dma50" : 6382.13,
    "dma100" : 6401.67,
    "dma200" : 6260.64,
    "volume" : 1885.00
  }, {
    "date" : "2025-09-11",
    "price" : 6341.50,
    "dma50" : 6380.54,
    "dma100" : 6408.55,
    "dma200" : 6261.44,
    "volume" : 2003.00
  }, {
    "date" : "2025-09-12",
    "price" : 6453.50,
    "dma50" : 6383.40,
    "dma100" : 6415.46,
    "dma200" : 6263.36,
    "volume" : 2619.00
  }, {
    "date" : "2025-09-15",
    "price" : 6553.50,
    "dma50" : 6390.07,
    "dma100" : 6423.30,
    "dma200" : 6266.24,
    "volume" : 5197.00
  }, {
    "date" : "2025-09-16",
    "price" : 6734.00,
    "dma50" : 6403.56,
    "dma100" : 6432.15,
    "dma200" : 6270.90,
    "volume" : 4283.00
  }, {
    "date" : "2025-09-17",
    "price" : 6641.00,
    "dma50" : 6412.87,
    "dma100" : 6440.66,
    "dma200" : 6274.58,
    "volume" : 13885.00
  }, {
    "date" : "2025-09-18",
    "price" : 6582.00,
    "dma50" : 6419.50,
    "dma100" : 6449.34,
    "dma200" : 6277.64,
    "volume" : 3834.00
  }, {
    "date" : "2025-09-19",
    "price" : 6630.00,
    "dma50" : 6427.76,
    "dma100" : 6459.17,
    "dma200" : 6281.14,
    "volume" : 2280.00
  }, {
    "date" : "2025-09-22",
    "price" : 6631.50,
    "dma50" : 6435.75,
    "dma100" : 6469.90,
    "dma200" : 6284.63,
    "volume" : 3463.00
  }, {
    "date" : "2025-09-23",
    "price" : 6679.50,
    "dma50" : 6445.31,
    "dma100" : 6478.31,
    "dma200" : 6288.56,
    "volume" : 11830.00
  }, {
    "date" : "2025-09-24",
    "price" : 6585.00,
    "dma50" : 6450.79,
    "dma100" : 6485.70,
    "dma200" : 6291.51,
    "volume" : 2236.00
  }, {
    "date" : "2025-09-25",
    "price" : 6460.50,
    "dma50" : 6451.17,
    "dma100" : 6491.62,
    "dma200" : 6293.19,
    "volume" : 2126.00
  }, {
    "date" : "2025-09-26",
    "price" : 6479.00,
    "dma50" : 6452.26,
    "dma100" : 6498.37,
    "dma200" : 6295.04,
    "volume" : 4250.00
  }, {
    "date" : "2025-09-29",
    "price" : 6408.50,
    "dma50" : 6450.54,
    "dma100" : 6503.95,
    "dma200" : 6296.17,
    "volume" : 2590.00
  }, {
    "date" : "2025-09-30",
    "price" : 6348.00,
    "dma50" : 6446.52,
    "dma100" : 6510.38,
    "dma200" : 6296.68,
    "volume" : 2161.00
  }, {
    "date" : "2025-10-01",
    "price" : 6299.50,
    "dma50" : 6440.76,
    "dma100" : 6514.38,
    "dma200" : 6296.71,
    "volume" : 25325.00
  }, {
    "date" : "2025-10-03",
    "price" : 6255.00,
    "dma50" : 6433.47,
    "dma100" : 6517.17,
    "dma200" : 6296.30,
    "volume" : 76454.00
  }, {
    "date" : "2025-10-06",
    "price" : 6251.00,
    "dma50" : 6426.31,
    "dma100" : 6519.51,
    "dma200" : 6295.85,
    "volume" : 2686.00
  }, {
    "date" : "2025-10-07",
    "price" : 6280.50,
    "dma50" : 6420.60,
    "dma100" : 6521.53,
    "dma200" : 6295.69,
    "volume" : 2314.00
  }, {
    "date" : "2025-10-08",
    "price" : 6251.00,
    "dma50" : 6413.95,
    "dma100" : 6522.89,
    "dma200" : 6295.25,
    "volume" : 9823.00
  }, {
    "date" : "2025-10-09",
    "price" : 6285.50,
    "dma50" : 6408.91,
    "dma100" : 6523.82,
    "dma200" : 6295.15,
    "volume" : 1584.00
  }, {
    "date" : "2025-10-10",
    "price" : 6252.00,
    "dma50" : 6402.76,
    "dma100" : 6522.62,
    "dma200" : 6294.72,
    "volume" : 1866.00
  }, {
    "date" : "2025-10-13",
    "price" : 6252.00,
    "dma50" : 6396.84,
    "dma100" : 6521.78,
    "dma200" : 6294.30,
    "volume" : 2429.00
  }, {
    "date" : "2025-10-14",
    "price" : 6267.50,
    "dma50" : 6391.77,
    "dma100" : 6521.03,
    "dma200" : 6294.03,
    "volume" : 2388.00
  }, {
    "date" : "2025-10-15",
    "price" : 6254.00,
    "dma50" : 6386.37,
    "dma100" : 6520.37,
    "dma200" : 6293.63,
    "volume" : 3040.00
  }, {
    "date" : "2025-10-16",
    "price" : 6263.00,
    "dma50" : 6381.53,
    "dma100" : 6518.16,
    "dma200" : 6293.33,
    "volume" : 3740.00
  }, {
    "date" : "2025-10-17",
    "price" : 6261.00,
    "dma50" : 6376.80,
    "dma100" : 6515.89,
    "dma200" : 6293.01,
    "volume" : 1267.00
  }, {
    "date" : "2025-10-20",
    "price" : 6280.50,
    "dma50" : 6373.03,
    "dma100" : 6514.32,
    "dma200" : 6292.88,
    "volume" : 1750.00
  }, {
    "date" : "2025-10-21",
    "price" : 6348.00,
    "dma50" : 6372.05,
    "dma100" : 6511.78,
    "dma200" : 6293.43,
    "volume" : 461.00
  }, {
    "date" : "2025-10-23",
    "price" : 6292.00,
    "dma50" : 6368.91,
    "dma100" : 6507.30,
    "dma200" : 6293.42,
    "volume" : 3994.00
  }, {
    "date" : "2025-10-24",
    "price" : 6251.00,
    "dma50" : 6364.28,
    "dma100" : 6502.32,
    "dma200" : 6292.99,
    "volume" : 11064.00
  }, {
    "date" : "2025-10-27",
    "price" : 6276.50,
    "dma50" : 6360.84,
    "dma100" : 6499.08,
    "dma200" : 6292.83,
    "volume" : 2416.00
  }, {
    "date" : "2025-10-28",
    "price" : 6292.00,
    "dma50" : 6358.14,
    "dma100" : 6496.45,
    "dma200" : 6292.82,
    "volume" : 2176.00
  }, {
    "date" : "2025-10-29",
    "price" : 6531.00,
    "dma50" : 6364.92,
    "dma100" : 6495.98,
    "dma200" : 6295.19,
    "volume" : 34709.00
  }, {
    "date" : "2025-10-30",
    "price" : 6516.00,
    "dma50" : 6370.84,
    "dma100" : 6495.38,
    "dma200" : 6297.39,
    "volume" : 3422.00
  }, {
    "date" : "2025-10-31",
    "price" : 6424.50,
    "dma50" : 6372.95,
    "dma100" : 6492.86,
    "dma200" : 6298.65,
    "volume" : 105134.00
  }, {
    "date" : "2025-11-03",
    "price" : 6519.00,
    "dma50" : 6378.68,
    "dma100" : 6491.97,
    "dma200" : 6300.85,
    "volume" : 10397.00
  }, {
    "date" : "2025-11-04",
    "price" : 6465.00,
    "dma50" : 6382.06,
    "dma100" : 6490.18,
    "dma200" : 6302.48,
    "volume" : 4261.00
  }, {
    "date" : "2025-11-06",
    "price" : 6426.50,
    "dma50" : 6383.80,
    "dma100" : 6487.90,
    "dma200" : 6303.71,
    "volume" : 4308.00
  }, {
    "date" : "2025-11-07",
    "price" : 6261.50,
    "dma50" : 6379.01,
    "dma100" : 6483.16,
    "dma200" : 6303.29,
    "volume" : 5836.00
  }, {
    "date" : "2025-11-10",
    "price" : 6292.00,
    "dma50" : 6375.60,
    "dma100" : 6478.94,
    "dma200" : 6303.18,
    "volume" : 2859.00
  }, {
    "date" : "2025-11-11",
    "price" : 6324.00,
    "dma50" : 6373.57,
    "dma100" : 6474.06,
    "dma200" : 6303.39,
    "volume" : 2509.00
  }, {
    "date" : "2025-11-12",
    "price" : 6304.00,
    "dma50" : 6370.84,
    "dma100" : 6469.91,
    "dma200" : 6303.39,
    "volume" : 2279.00
  }, {
    "date" : "2025-11-13",
    "price" : 6327.50,
    "dma50" : 6369.14,
    "dma100" : 6466.81,
    "dma200" : 6303.63,
    "volume" : 2982.00
  }, {
    "date" : "2025-11-14",
    "price" : 6268.50,
    "dma50" : 6365.20,
    "dma100" : 6462.56,
    "dma200" : 6303.28,
    "volume" : 1167.00
  }, {
    "date" : "2025-11-17",
    "price" : 6278.00,
    "dma50" : 6361.78,
    "dma100" : 6458.88,
    "dma200" : 6303.03,
    "volume" : 1639.00
  }, {
    "date" : "2025-11-18",
    "price" : 6198.00,
    "dma50" : 6355.36,
    "dma100" : 6453.99,
    "dma200" : 6301.99,
    "volume" : 3256.00
  }, {
    "date" : "2025-11-19",
    "price" : 6097.00,
    "dma50" : 6345.22,
    "dma100" : 6447.63,
    "dma200" : 6299.95,
    "volume" : 3981.00
  }, {
    "date" : "2025-11-20",
    "price" : 6152.00,
    "dma50" : 6337.65,
    "dma100" : 6442.24,
    "dma200" : 6298.48,
    "volume" : 1879.00
  }, {
    "date" : "2025-11-21",
    "price" : 6089.00,
    "dma50" : 6327.90,
    "dma100" : 6435.95,
    "dma200" : 6296.39,
    "volume" : 1830.00
  }, {
    "date" : "2025-11-24",
    "price" : 6119.00,
    "dma50" : 6319.70,
    "dma100" : 6429.45,
    "dma200" : 6294.63,
    "volume" : 3864.00
  }, {
    "date" : "2025-11-25",
    "price" : 6174.50,
    "dma50" : 6314.01,
    "dma100" : 6423.22,
    "dma200" : 6293.43,
    "volume" : 3392.00
  }, {
    "date" : "2025-11-26",
    "price" : 6174.00,
    "dma50" : 6308.52,
    "dma100" : 6417.00,
    "dma200" : 6292.24,
    "volume" : 5291.00
  }, {
    "date" : "2025-11-27",
    "price" : 6188.00,
    "dma50" : 6303.79,
    "dma100" : 6410.00,
    "dma200" : 6291.21,
    "volume" : 2362.00
  }, {
    "date" : "2025-11-28",
    "price" : 6198.00,
    "dma50" : 6299.64,
    "dma100" : 6403.97,
    "dma200" : 6290.28,
    "volume" : 2027.00
  }, {
    "date" : "2025-12-01",
    "price" : 6096.00,
    "dma50" : 6291.66,
    "dma100" : 6397.10,
    "dma200" : 6288.34,
    "volume" : 4793.00
  }, {
    "date" : "2025-12-02",
    "price" : 6115.00,
    "dma50" : 6284.73,
    "dma100" : 6390.23,
    "dma200" : 6286.62,
    "volume" : 2183.00
  }, {
    "date" : "2025-12-03",
    "price" : 6054.00,
    "dma50" : 6275.68,
    "dma100" : 6382.56,
    "dma200" : 6284.31,
    "volume" : 3004.00
  }, {
    "date" : "2025-12-04",
    "price" : 6049.50,
    "dma50" : 6266.81,
    "dma100" : 6375.43,
    "dma200" : 6281.97,
    "volume" : 3840.00
  }, {
    "date" : "2025-12-05",
    "price" : 6076.50,
    "dma50" : 6259.35,
    "dma100" : 6367.32,
    "dma200" : 6279.92,
    "volume" : 2017.00
  }, {
    "date" : "2025-12-08",
    "price" : 5995.50,
    "dma50" : 6249.00,
    "dma100" : 6357.76,
    "dma200" : 6277.09,
    "volume" : 5644.00
  }, {
    "date" : "2025-12-09",
    "price" : 5928.00,
    "dma50" : 6236.41,
    "dma100" : 6346.99,
    "dma200" : 6273.62,
    "volume" : 2401.00
  }, {
    "date" : "2025-12-10",
    "price" : 6069.00,
    "dma50" : 6229.85,
    "dma100" : 6337.85,
    "dma200" : 6271.58,
    "volume" : 3815.00
  }, {
    "date" : "2025-12-11",
    "price" : 6101.00,
    "dma50" : 6224.80,
    "dma100" : 6330.15,
    "dma200" : 6269.89,
    "volume" : 6267.00
  }, {
    "date" : "2025-12-12",
    "price" : 6104.00,
    "dma50" : 6220.06,
    "dma100" : 6323.96,
    "dma200" : 6268.24,
    "volume" : 9593.00
  }, {
    "date" : "2025-12-15",
    "price" : 6042.50,
    "dma50" : 6213.10,
    "dma100" : 6316.67,
    "dma200" : 6265.99,
    "volume" : 2868.00
  }, {
    "date" : "2025-12-16",
    "price" : 6018.50,
    "dma50" : 6205.46,
    "dma100" : 6309.08,
    "dma200" : 6263.53,
    "volume" : 3426.00
  }, {
    "date" : "2025-12-17",
    "price" : 6011.50,
    "dma50" : 6197.86,
    "dma100" : 6301.27,
    "dma200" : 6261.02,
    "volume" : 2091.00
  }, {
    "date" : "2025-12-18",
    "price" : 6161.00,
    "dma50" : 6196.41,
    "dma100" : 6295.55,
    "dma200" : 6260.03,
    "volume" : 7199.00
  }, {
    "date" : "2025-12-19",
    "price" : 6101.00,
    "dma50" : 6192.67,
    "dma100" : 6289.69,
    "dma200" : 6258.44,
    "volume" : 3913.00
  }, {
    "date" : "2025-12-22",
    "price" : 6145.00,
    "dma50" : 6190.80,
    "dma100" : 6285.39,
    "dma200" : 6257.31,
    "volume" : 9462.00
  }, {
    "date" : "2025-12-23",
    "price" : 6198.00,
    "dma50" : 6191.08,
    "dma100" : 6281.43,
    "dma200" : 6256.72,
    "volume" : 14038.00
  }, {
    "date" : "2025-12-24",
    "price" : 6299.50,
    "dma50" : 6195.33,
    "dma100" : 6278.67,
    "dma200" : 6257.15,
    "volume" : 9726.00
  }, {
    "date" : "2025-12-26",
    "price" : 6135.50,
    "dma50" : 6192.99,
    "dma100" : 6273.75,
    "dma200" : 6255.94,
    "volume" : 2677.00
  }, {
    "date" : "2025-12-29",
    "price" : 6198.00,
    "dma50" : 6193.18,
    "dma100" : 6271.11,
    "dma200" : 6255.36,
    "volume" : 4716.00
  }, {
    "date" : "2025-12-30",
    "price" : 6095.50,
    "dma50" : 6189.35,
    "dma100" : 6269.48,
    "dma200" : 6253.77,
    "volume" : 1290.00
  }, {
    "date" : "2025-12-31",
    "price" : 6075.50,
    "dma50" : 6184.89,
    "dma100" : 6268.10,
    "dma200" : 6252.00,
    "volume" : 2528.00
  }, {
    "date" : "2026-01-01",
    "price" : 6152.50,
    "dma50" : 6183.62,
    "dma100" : 6266.76,
    "dma200" : 6251.01,
    "volume" : 1584.00
  }, {
    "date" : "2026-01-02",
    "price" : 6186.50,
    "dma50" : 6183.73,
    "dma100" : 6267.04,
    "dma200" : 6250.37,
    "volume" : 875.00
  }, {
    "date" : "2026-01-05",
    "price" : 6277.50,
    "dma50" : 6187.41,
    "dma100" : 6268.24,
    "dma200" : 6250.64,
    "volume" : 2115.00
  }, {
    "date" : "2026-01-06",
    "price" : 6288.00,
    "dma50" : 6191.35,
    "dma100" : 6270.02,
    "dma200" : 6251.01,
    "volume" : 3183.00
  }, {
    "date" : "2026-01-07",
    "price" : 6328.00,
    "dma50" : 6196.71,
    "dma100" : 6272.25,
    "dma200" : 6251.77,
    "volume" : 13353.00
  }, {
    "date" : "2026-01-08",
    "price" : 6248.50,
    "dma50" : 6198.74,
    "dma100" : 6272.93,
    "dma200" : 6251.74,
    "volume" : 2734.00
  }, {
    "date" : "2026-01-09",
    "price" : 6071.00,
    "dma50" : 6193.73,
    "dma100" : 6272.27,
    "dma200" : 6249.94,
    "volume" : 2596.00
  }, {
    "date" : "2026-01-12",
    "price" : 6010.00,
    "dma50" : 6186.53,
    "dma100" : 6270.98,
    "dma200" : 6247.56,
    "volume" : 3615.00
  }, {
    "date" : "2026-01-13",
    "price" : 5999.50,
    "dma50" : 6179.19,
    "dma100" : 6267.80,
    "dma200" : 6245.09,
    "volume" : 4724.00
  }, {
    "date" : "2026-01-14",
    "price" : 6014.00,
    "dma50" : 6172.72,
    "dma100" : 6264.71,
    "dma200" : 6242.79,
    "volume" : 7023.00
  }, {
    "date" : "2026-01-16",
    "price" : 6097.00,
    "dma50" : 6169.75,
    "dma100" : 6262.43,
    "dma200" : 6241.34,
    "volume" : 6532.00
  }, {
    "date" : "2026-01-19",
    "price" : 6087.50,
    "dma50" : 6166.52,
    "dma100" : 6260.71,
    "dma200" : 6239.81,
    "volume" : 1960.00
  }, {
    "date" : "2026-01-20",
    "price" : 6004.00,
    "dma50" : 6160.15,
    "dma100" : 6257.90,
    "dma200" : 6237.46,
    "volume" : 2214.00
  }, {
    "date" : "2026-01-21",
    "price" : 6087.00,
    "dma50" : 6157.28,
    "dma100" : 6256.23,
    "dma200" : 6235.96,
    "volume" : 14906.00
  }, {
    "date" : "2026-01-22",
    "price" : 6090.50,
    "dma50" : 6154.66,
    "dma100" : 6254.44,
    "dma200" : 6234.52,
    "volume" : 2212.00
  }, {
    "date" : "2026-01-23",
    "price" : 5972.00,
    "dma50" : 6147.50,
    "dma100" : 6251.66,
    "dma200" : 6231.90,
    "volume" : 3745.00
  }, {
    "date" : "2026-01-27",
    "price" : 5914.00,
    "dma50" : 6138.34,
    "dma100" : 6248.20,
    "dma200" : 6228.74,
    "volume" : 4963.00
  }, {
    "date" : "2026-01-28",
    "price" : 5935.50,
    "dma50" : 6130.39,
    "dma100" : 6243.69,
    "dma200" : 6225.82,
    "volume" : 23832.00
  }, {
    "date" : "2026-01-29",
    "price" : 6180.50,
    "dma50" : 6132.35,
    "dma100" : 6241.96,
    "dma200" : 6225.37,
    "volume" : 11069.00
  }, {
    "date" : "2026-01-30",
    "price" : 6306.50,
    "dma50" : 6139.18,
    "dma100" : 6242.22,
    "dma200" : 6226.18,
    "volume" : 6668.00
  }, {
    "date" : "2026-02-01",
    "price" : 6209.00,
    "dma50" : 6141.92,
    "dma100" : 6241.47,
    "dma200" : 6226.01,
    "volume" : 1019.00
  }, {
    "date" : "2026-02-02",
    "price" : 6149.50,
    "dma50" : 6142.22,
    "dma100" : 6240.17,
    "dma200" : 6225.25,
    "volume" : 6467.00
  }, {
    "date" : "2026-02-03",
    "price" : 6090.50,
    "dma50" : 6140.19,
    "dma100" : 6238.50,
    "dma200" : 6223.91,
    "volume" : 5933.00
  }, {
    "date" : "2026-02-04",
    "price" : 6002.50,
    "dma50" : 6134.79,
    "dma100" : 6235.38,
    "dma200" : 6221.70,
    "volume" : 4360.00
  }, {
    "date" : "2026-02-05",
    "price" : 5989.50,
    "dma50" : 6129.09,
    "dma100" : 6231.86,
    "dma200" : 6219.39,
    "volume" : 1795.00
  }, {
    "date" : "2026-02-06",
    "price" : 5923.50,
    "dma50" : 6121.03,
    "dma100" : 6226.56,
    "dma200" : 6216.45,
    "volume" : 4743.00
  }, {
    "date" : "2026-02-09",
    "price" : 5956.50,
    "dma50" : 6114.58,
    "dma100" : 6220.59,
    "dma200" : 6213.86,
    "volume" : 5350.00
  }, {
    "date" : "2026-02-10",
    "price" : 5993.00,
    "dma50" : 6109.81,
    "dma100" : 6213.18,
    "dma200" : 6211.66,
    "volume" : 2431.00
  }, {
    "date" : "2026-02-11",
    "price" : 5998.50,
    "dma50" : 6105.44,
    "dma100" : 6206.75,
    "dma200" : 6209.54,
    "volume" : 4252.00
  }, {
    "date" : "2026-02-12",
    "price" : 5949.50,
    "dma50" : 6099.33,
    "dma100" : 6200.43,
    "dma200" : 6206.96,
    "volume" : 1204.00
  }, {
    "date" : "2026-02-13",
    "price" : 5894.00,
    "dma50" : 6091.28,
    "dma100" : 6193.07,
    "dma200" : 6203.84,
    "volume" : 10495.00
  } ],
  "latestTechnicalAttributes" : {
    "date" : "2026-02-13",
    "price" : 5894.00,
    "dma50" : 6091.28,
    "dma100" : 6193.07,
    "dma200" : 6203.84,
    "volume" : 10495.00
  },
  "quarterlyResults" : [ {
    "date" : "2006-03-31",
    "sales" : 8.53,
    "salesGrowthYoY" : null,
    "grossProfitMargin" : 100.00,
    "grossProfit" : 8.53,
    "operatingProfitMargin" : 38.10,
    "operatingProfit" : 3.25,
    "netProfitMargin" : 35.52,
    "netProfit" : 3.03
  }, {
    "date" : "2006-06-30",
    "sales" : 10.24,
    "salesGrowthYoY" : null,
    "grossProfitMargin" : 100.00,
    "grossProfit" : 10.24,
    "operatingProfitMargin" : 47.36,
    "operatingProfit" : 4.85,
    "netProfitMargin" : 39.16,
    "netProfit" : 4.01
  }, {
    "date" : "2006-09-30",
    "sales" : 9.91,
    "salesGrowthYoY" : null,
    "grossProfitMargin" : 100.00,
    "grossProfit" : 9.91,
    "operatingProfitMargin" : 39.56,
    "operatingProfit" : 3.92,
    "netProfitMargin" : 33.50,
    "netProfit" : 3.32
  }, {
    "date" : "2006-12-31",
    "sales" : 9.15,
    "salesGrowthYoY" : null,
    "grossProfitMargin" : 100.00,
    "grossProfit" : 9.15,
    "operatingProfitMargin" : 39.78,
    "operatingProfit" : 3.64,
    "netProfitMargin" : 48.20,
    "netProfit" : 4.41
  }, {
    "date" : "2007-03-31",
    "sales" : 10.50,
    "salesGrowthYoY" : 23.09,
    "grossProfitMargin" : 100.00,
    "grossProfit" : 10.50,
    "operatingProfitMargin" : 42.86,
    "operatingProfit" : 4.50,
    "netProfitMargin" : 41.52,
    "netProfit" : 4.36
  }, {
    "date" : "2007-06-30",
    "sales" : 12.23,
    "salesGrowthYoY" : 19.43,
    "grossProfitMargin" : 100.00,
    "grossProfit" : 12.23,
    "operatingProfitMargin" : 43.83,
    "operatingProfit" : 5.36,
    "netProfitMargin" : 38.43,
    "netProfit" : 4.70
  }, {
    "date" : "2007-09-30",
    "sales" : 16.04,
    "salesGrowthYoY" : 61.86,
    "grossProfitMargin" : 100.00,
    "grossProfit" : 16.04,
    "operatingProfitMargin" : 52.37,
    "operatingProfit" : 8.40,
    "netProfitMargin" : 43.77,
    "netProfit" : 7.02
  }, {
    "date" : "2007-12-31",
    "sales" : 15.00,
    "salesGrowthYoY" : 63.93,
    "grossProfitMargin" : 100.00,
    "grossProfit" : 15.00,
    "operatingProfitMargin" : 53.80,
    "operatingProfit" : 8.07,
    "netProfitMargin" : 44.47,
    "netProfit" : 6.67
  }, {
    "date" : "2008-03-31",
    "sales" : 17.42,
    "salesGrowthYoY" : 65.90,
    "grossProfitMargin" : 100.00,
    "grossProfit" : 17.42,
    "operatingProfitMargin" : 56.83,
    "operatingProfit" : 9.90,
    "netProfitMargin" : 47.47,
    "netProfit" : 8.27
  }, {
    "date" : "2008-06-30",
    "sales" : 16.42,
    "salesGrowthYoY" : 34.26,
    "grossProfitMargin" : 100.00,
    "grossProfit" : 16.42,
    "operatingProfitMargin" : 46.41,
    "operatingProfit" : 7.62,
    "netProfitMargin" : 46.35,
    "netProfit" : 7.61
  }, {
    "date" : "2008-09-30",
    "sales" : 22.35,
    "salesGrowthYoY" : 39.34,
    "grossProfitMargin" : 100.00,
    "grossProfit" : 22.35,
    "operatingProfitMargin" : 59.51,
    "operatingProfit" : 13.30,
    "netProfitMargin" : 39.02,
    "netProfit" : 8.72
  }, {
    "date" : "2008-12-31",
    "sales" : 21.07,
    "salesGrowthYoY" : 40.47,
    "grossProfitMargin" : 100.00,
    "grossProfit" : 21.07,
    "operatingProfitMargin" : 28.86,
    "operatingProfit" : 6.08,
    "netProfitMargin" : 36.73,
    "netProfit" : 7.74
  }, {
    "date" : "2009-03-31",
    "sales" : 28.89,
    "salesGrowthYoY" : 65.84,
    "grossProfitMargin" : 100.00,
    "grossProfit" : 28.89,
    "operatingProfitMargin" : 50.99,
    "operatingProfit" : 14.73,
    "netProfitMargin" : 41.81,
    "netProfit" : 12.08
  }, {
    "date" : "2009-06-30",
    "sales" : 20.91,
    "salesGrowthYoY" : 27.34,
    "grossProfitMargin" : 100.00,
    "grossProfit" : 20.91,
    "operatingProfitMargin" : 45.00,
    "operatingProfit" : 9.41,
    "netProfitMargin" : 63.13,
    "netProfit" : 13.20
  }, {
    "date" : "2009-09-30",
    "sales" : 24.73,
    "salesGrowthYoY" : 10.65,
    "grossProfitMargin" : 100.00,
    "grossProfit" : 24.73,
    "operatingProfitMargin" : 50.14,
    "operatingProfit" : 12.40,
    "netProfitMargin" : 44.93,
    "netProfit" : 11.11
  }, {
    "date" : "2009-12-31",
    "sales" : 27.00,
    "salesGrowthYoY" : 28.14,
    "grossProfitMargin" : 100.00,
    "grossProfit" : 27.00,
    "operatingProfitMargin" : 52.48,
    "operatingProfit" : 14.17,
    "netProfitMargin" : 42.89,
    "netProfit" : 11.58
  }, {
    "date" : "2010-03-31",
    "sales" : 33.52,
    "salesGrowthYoY" : 16.03,
    "grossProfitMargin" : 100.00,
    "grossProfit" : 33.52,
    "operatingProfitMargin" : 53.43,
    "operatingProfit" : 17.91,
    "netProfitMargin" : 42.09,
    "netProfit" : 14.11
  }, {
    "date" : "2010-06-30",
    "sales" : 27.08,
    "salesGrowthYoY" : 29.51,
    "grossProfitMargin" : 100.00,
    "grossProfit" : 27.08,
    "operatingProfitMargin" : 46.94,
    "operatingProfit" : 12.71,
    "netProfitMargin" : 39.99,
    "netProfit" : 10.83
  }, {
    "date" : "2010-09-30",
    "sales" : 33.53,
    "salesGrowthYoY" : 35.58,
    "grossProfitMargin" : 100.00,
    "grossProfit" : 33.53,
    "operatingProfitMargin" : 54.91,
    "operatingProfit" : 18.41,
    "netProfitMargin" : 40.59,
    "netProfit" : 13.61
  }, {
    "date" : "2010-12-31",
    "sales" : 30.15,
    "salesGrowthYoY" : 11.67,
    "grossProfitMargin" : 100.00,
    "grossProfit" : 30.15,
    "operatingProfitMargin" : 33.70,
    "operatingProfit" : 10.16,
    "netProfitMargin" : 30.58,
    "netProfit" : 9.22
  }, {
    "date" : "2011-03-31",
    "sales" : 38.55,
    "salesGrowthYoY" : 15.01,
    "grossProfitMargin" : 100.00,
    "grossProfit" : 38.55,
    "operatingProfitMargin" : 44.20,
    "operatingProfit" : 17.04,
    "netProfitMargin" : 29.21,
    "netProfit" : 11.26
  }, {
    "date" : "2011-06-30",
    "sales" : 23.79,
    "salesGrowthYoY" : -12.15,
    "grossProfitMargin" : 100.00,
    "grossProfit" : 23.79,
    "operatingProfitMargin" : 19.71,
    "operatingProfit" : 4.69,
    "netProfitMargin" : 16.77,
    "netProfit" : 3.99
  }, {
    "date" : "2011-09-30",
    "sales" : 35.30,
    "salesGrowthYoY" : 5.28,
    "grossProfitMargin" : 100.00,
    "grossProfit" : 35.30,
    "operatingProfitMargin" : 40.11,
    "operatingProfit" : 14.16,
    "netProfitMargin" : 24.93,
    "netProfit" : 8.80
  }, {
    "date" : "2011-12-31",
    "sales" : 36.96,
    "salesGrowthYoY" : 22.59,
    "grossProfitMargin" : 100.00,
    "grossProfit" : 36.96,
    "operatingProfitMargin" : 46.24,
    "operatingProfit" : 17.09,
    "netProfitMargin" : 41.96,
    "netProfit" : 15.51
  }, {
    "date" : "2012-03-31",
    "sales" : 43.31,
    "salesGrowthYoY" : 12.35,
    "grossProfitMargin" : 100.00,
    "grossProfit" : 43.31,
    "operatingProfitMargin" : 50.66,
    "operatingProfit" : 21.94,
    "netProfitMargin" : 52.18,
    "netProfit" : 22.60
  }, {
    "date" : "2012-06-30",
    "sales" : 27.69,
    "salesGrowthYoY" : 16.39,
    "grossProfitMargin" : 100.00,
    "grossProfit" : 27.69,
    "operatingProfitMargin" : 25.68,
    "operatingProfit" : 7.11,
    "netProfitMargin" : 29.43,
    "netProfit" : 8.15
  }, {
    "date" : "2012-09-30",
    "sales" : 36.15,
    "salesGrowthYoY" : 2.41,
    "grossProfitMargin" : 100.00,
    "grossProfit" : 36.15,
    "operatingProfitMargin" : 38.45,
    "operatingProfit" : 13.90,
    "netProfitMargin" : 39.34,
    "netProfit" : 14.22
  }, {
    "date" : "2012-12-31",
    "sales" : 38.45,
    "salesGrowthYoY" : 4.03,
    "grossProfitMargin" : 100.00,
    "grossProfit" : 38.45,
    "operatingProfitMargin" : 40.34,
    "operatingProfit" : 15.51,
    "netProfitMargin" : 27.36,
    "netProfit" : 10.52
  }, {
    "date" : "2013-03-31",
    "sales" : 46.30,
    "salesGrowthYoY" : 6.90,
    "grossProfitMargin" : 100.00,
    "grossProfit" : 46.30,
    "operatingProfitMargin" : 48.03,
    "operatingProfit" : 22.24,
    "netProfitMargin" : 59.40,
    "netProfit" : 27.50
  }, {
    "date" : "2013-06-30",
    "sales" : 32.11,
    "salesGrowthYoY" : 15.96,
    "grossProfitMargin" : 100.00,
    "grossProfit" : 32.11,
    "operatingProfitMargin" : 30.40,
    "operatingProfit" : 9.76,
    "netProfitMargin" : 47.34,
    "netProfit" : 15.20
  }, {
    "date" : "2013-09-30",
    "sales" : 38.63,
    "salesGrowthYoY" : 6.86,
    "grossProfitMargin" : 100.00,
    "grossProfit" : 38.63,
    "operatingProfitMargin" : 36.84,
    "operatingProfit" : 14.23,
    "netProfitMargin" : 32.02,
    "netProfit" : 12.37
  }, {
    "date" : "2013-12-31",
    "sales" : 42.53,
    "salesGrowthYoY" : 10.61,
    "grossProfitMargin" : 100.00,
    "grossProfit" : 42.53,
    "operatingProfitMargin" : 43.76,
    "operatingProfit" : 18.61,
    "netProfitMargin" : 28.62,
    "netProfit" : 12.17
  }, {
    "date" : "2014-03-31",
    "sales" : 49.62,
    "salesGrowthYoY" : 7.17,
    "grossProfitMargin" : 100.00,
    "grossProfit" : 49.62,
    "operatingProfitMargin" : 49.36,
    "operatingProfit" : 24.49,
    "netProfitMargin" : 38.29,
    "netProfit" : 19.00
  }, {
    "date" : "2014-06-30",
    "sales" : 36.71,
    "salesGrowthYoY" : 14.33,
    "grossProfitMargin" : 100.00,
    "grossProfit" : 36.71,
    "operatingProfitMargin" : 32.01,
    "operatingProfit" : 11.75,
    "netProfitMargin" : 52.85,
    "netProfit" : 19.40
  }, {
    "date" : "2014-09-30",
    "sales" : 43.94,
    "salesGrowthYoY" : 13.75,
    "grossProfitMargin" : 100.00,
    "grossProfit" : 43.94,
    "operatingProfitMargin" : 24.65,
    "operatingProfit" : 10.83,
    "netProfitMargin" : 25.01,
    "netProfit" : 10.99
  }, {
    "date" : "2014-12-31",
    "sales" : 46.20,
    "salesGrowthYoY" : 8.63,
    "grossProfitMargin" : 100.00,
    "grossProfit" : 46.20,
    "operatingProfitMargin" : 40.32,
    "operatingProfit" : 18.63,
    "netProfitMargin" : 27.55,
    "netProfit" : 12.73
  }, {
    "date" : "2015-03-31",
    "sales" : 53.54,
    "salesGrowthYoY" : 7.90,
    "grossProfitMargin" : 100.00,
    "grossProfit" : 53.54,
    "operatingProfitMargin" : 47.07,
    "operatingProfit" : 25.20,
    "netProfitMargin" : 23.25,
    "netProfit" : 12.45
  }, {
    "date" : "2015-06-30",
    "sales" : 43.08,
    "salesGrowthYoY" : 17.35,
    "grossProfitMargin" : 100.00,
    "grossProfit" : 43.08,
    "operatingProfitMargin" : 33.12,
    "operatingProfit" : 14.27,
    "netProfitMargin" : 29.02,
    "netProfit" : 12.50
  }, {
    "date" : "2015-09-30",
    "sales" : 48.81,
    "salesGrowthYoY" : 11.08,
    "grossProfitMargin" : 100.00,
    "grossProfit" : 48.81,
    "operatingProfitMargin" : 41.36,
    "operatingProfit" : 20.19,
    "netProfitMargin" : 39.58,
    "netProfit" : 19.32
  }, {
    "date" : "2015-12-31",
    "sales" : 50.10,
    "salesGrowthYoY" : 8.44,
    "grossProfitMargin" : 100.00,
    "grossProfit" : 50.10,
    "operatingProfitMargin" : 41.60,
    "operatingProfit" : 20.84,
    "netProfitMargin" : 31.00,
    "netProfit" : 15.53
  }, {
    "date" : "2016-03-31",
    "sales" : 53.38,
    "salesGrowthYoY" : -0.30,
    "grossProfitMargin" : 100.00,
    "grossProfit" : 53.38,
    "operatingProfitMargin" : 41.40,
    "operatingProfit" : 22.10,
    "netProfitMargin" : 30.40,
    "netProfit" : 16.23
  }, {
    "date" : "2016-06-30",
    "sales" : 46.98,
    "salesGrowthYoY" : 9.05,
    "grossProfitMargin" : 100.00,
    "grossProfit" : 46.98,
    "operatingProfitMargin" : 36.29,
    "operatingProfit" : 17.05,
    "netProfitMargin" : 58.56,
    "netProfit" : 27.51
  }, {
    "date" : "2016-09-30",
    "sales" : 52.51,
    "salesGrowthYoY" : 7.58,
    "grossProfitMargin" : 100.00,
    "grossProfit" : 52.51,
    "operatingProfitMargin" : 42.39,
    "operatingProfit" : 22.26,
    "netProfitMargin" : 41.14,
    "netProfit" : 21.60
  }, {
    "date" : "2016-12-31",
    "sales" : 53.33,
    "salesGrowthYoY" : 6.45,
    "grossProfitMargin" : 100.00,
    "grossProfit" : 53.33,
    "operatingProfitMargin" : 31.46,
    "operatingProfit" : 16.78,
    "netProfitMargin" : 38.46,
    "netProfit" : 20.51
  }, {
    "date" : "2017-03-31",
    "sales" : 58.07,
    "salesGrowthYoY" : 8.79,
    "grossProfitMargin" : 100.00,
    "grossProfit" : 58.07,
    "operatingProfitMargin" : 44.05,
    "operatingProfit" : 25.58,
    "netProfitMargin" : 40.71,
    "netProfit" : 23.64
  }, {
    "date" : "2017-06-30",
    "sales" : 51.13,
    "salesGrowthYoY" : 8.83,
    "grossProfitMargin" : 100.00,
    "grossProfit" : 51.13,
    "operatingProfitMargin" : 47.25,
    "operatingProfit" : 24.16,
    "netProfitMargin" : 46.53,
    "netProfit" : 23.79
  }, {
    "date" : "2017-09-30",
    "sales" : 55.51,
    "salesGrowthYoY" : 5.71,
    "grossProfitMargin" : 100.00,
    "grossProfit" : 55.51,
    "operatingProfitMargin" : 41.13,
    "operatingProfit" : 22.83,
    "netProfitMargin" : 48.12,
    "netProfit" : 26.71
  }, {
    "date" : "2017-12-31",
    "sales" : 57.00,
    "salesGrowthYoY" : 6.88,
    "grossProfitMargin" : 100.00,
    "grossProfit" : 57.00,
    "operatingProfitMargin" : 44.28,
    "operatingProfit" : 25.24,
    "netProfitMargin" : 39.32,
    "netProfit" : 22.41
  }, {
    "date" : "2018-03-31",
    "sales" : 58.48,
    "salesGrowthYoY" : 0.71,
    "grossProfitMargin" : 100.00,
    "grossProfit" : 58.48,
    "operatingProfitMargin" : 43.72,
    "operatingProfit" : 25.57,
    "netProfitMargin" : 46.87,
    "netProfit" : 27.41
  }, {
    "date" : "2018-06-30",
    "sales" : 56.53,
    "salesGrowthYoY" : 10.56,
    "grossProfitMargin" : 100.00,
    "grossProfit" : 56.53,
    "operatingProfitMargin" : 41.02,
    "operatingProfit" : 23.19,
    "netProfitMargin" : 40.26,
    "netProfit" : 22.76
  }, {
    "date" : "2018-09-30",
    "sales" : 56.48,
    "salesGrowthYoY" : 1.75,
    "grossProfitMargin" : 100.00,
    "grossProfit" : 56.48,
    "operatingProfitMargin" : 38.47,
    "operatingProfit" : 21.73,
    "netProfitMargin" : 50.21,
    "netProfit" : 28.36
  }, {
    "date" : "2018-12-31",
    "sales" : 59.21,
    "salesGrowthYoY" : 3.88,
    "grossProfitMargin" : 100.00,
    "grossProfit" : 59.21,
    "operatingProfitMargin" : 40.77,
    "operatingProfit" : 24.14,
    "netProfitMargin" : 41.48,
    "netProfit" : 24.56
  }, {
    "date" : "2019-03-31",
    "sales" : 57.92,
    "salesGrowthYoY" : -0.96,
    "grossProfitMargin" : 100.00,
    "grossProfit" : 57.92,
    "operatingProfitMargin" : 34.48,
    "operatingProfit" : 19.97,
    "netProfitMargin" : 35.03,
    "netProfit" : 20.29
  }, {
    "date" : "2019-06-30",
    "sales" : 51.38,
    "salesGrowthYoY" : -9.11,
    "grossProfitMargin" : 100.00,
    "grossProfit" : 51.38,
    "operatingProfitMargin" : 28.59,
    "operatingProfit" : 14.69,
    "netProfitMargin" : 29.02,
    "netProfit" : 14.91
  }, {
    "date" : "2019-09-30",
    "sales" : 50.94,
    "salesGrowthYoY" : -9.81,
    "grossProfitMargin" : 100.00,
    "grossProfit" : 50.94,
    "operatingProfitMargin" : 19.06,
    "operatingProfit" : 9.71,
    "netProfitMargin" : 25.68,
    "netProfit" : 13.08
  }, {
    "date" : "2019-12-31",
    "sales" : 52.70,
    "salesGrowthYoY" : -10.99,
    "grossProfitMargin" : 100.00,
    "grossProfit" : 52.70,
    "operatingProfitMargin" : 26.09,
    "operatingProfit" : 13.75,
    "netProfitMargin" : 30.19,
    "netProfit" : 15.91
  }, {
    "date" : "2020-03-31",
    "sales" : 52.76,
    "salesGrowthYoY" : -8.91,
    "grossProfitMargin" : 100.00,
    "grossProfit" : 52.76,
    "operatingProfitMargin" : 38.65,
    "operatingProfit" : 20.39,
    "netProfitMargin" : 39.95,
    "netProfit" : 21.08
  }, {
    "date" : "2020-06-30",
    "sales" : 42.50,
    "salesGrowthYoY" : -17.28,
    "grossProfitMargin" : 100.00,
    "grossProfit" : 42.50,
    "operatingProfitMargin" : 13.34,
    "operatingProfit" : 5.67,
    "netProfitMargin" : 23.48,
    "netProfit" : 9.98
  }, {
    "date" : "2020-09-30",
    "sales" : 43.36,
    "salesGrowthYoY" : -14.88,
    "grossProfitMargin" : 100.00,
    "grossProfit" : 43.36,
    "operatingProfitMargin" : 19.23,
    "operatingProfit" : 8.34,
    "netProfitMargin" : 26.04,
    "netProfit" : 11.29
  }, {
    "date" : "2020-12-31",
    "sales" : 46.94,
    "salesGrowthYoY" : -10.93,
    "grossProfitMargin" : 100.00,
    "grossProfit" : 46.94,
    "operatingProfitMargin" : 26.48,
    "operatingProfit" : 12.43,
    "netProfitMargin" : 32.85,
    "netProfit" : 15.42
  }, {
    "date" : "2021-03-31",
    "sales" : 48.46,
    "salesGrowthYoY" : -8.15,
    "grossProfitMargin" : 100.00,
    "grossProfit" : 48.46,
    "operatingProfitMargin" : 32.77,
    "operatingProfit" : 15.88,
    "netProfitMargin" : 33.53,
    "netProfit" : 16.25
  }, {
    "date" : "2021-06-30",
    "sales" : 46.06,
    "salesGrowthYoY" : 8.38,
    "grossProfitMargin" : 100.00,
    "grossProfit" : 46.06,
    "operatingProfitMargin" : 23.51,
    "operatingProfit" : 10.83,
    "netProfitMargin" : 56.47,
    "netProfit" : 26.01
  }, {
    "date" : "2021-09-30",
    "sales" : 47.58,
    "salesGrowthYoY" : 9.73,
    "grossProfitMargin" : 100.00,
    "grossProfit" : 47.58,
    "operatingProfitMargin" : 15.34,
    "operatingProfit" : 7.30,
    "netProfitMargin" : 25.20,
    "netProfit" : 11.99
  }, {
    "date" : "2021-12-31",
    "sales" : 48.74,
    "salesGrowthYoY" : 3.83,
    "grossProfitMargin" : 100.00,
    "grossProfit" : 48.74,
    "operatingProfitMargin" : 33.30,
    "operatingProfit" : 16.23,
    "netProfitMargin" : 33.94,
    "netProfit" : 16.54
  }, {
    "date" : "2022-03-31",
    "sales" : 52.36,
    "salesGrowthYoY" : 8.05,
    "grossProfitMargin" : 100.00,
    "grossProfit" : 52.36,
    "operatingProfitMargin" : 39.02,
    "operatingProfit" : 20.43,
    "netProfitMargin" : 35.85,
    "netProfit" : 18.77
  }, {
    "date" : "2022-06-30",
    "sales" : 49.28,
    "salesGrowthYoY" : 6.99,
    "grossProfitMargin" : 100.00,
    "grossProfit" : 49.28,
    "operatingProfitMargin" : 23.01,
    "operatingProfit" : 11.34,
    "netProfitMargin" : 64.75,
    "netProfit" : 31.91
  }, {
    "date" : "2022-09-30",
    "sales" : 53.36,
    "salesGrowthYoY" : 12.15,
    "grossProfitMargin" : 100.00,
    "grossProfit" : 53.36,
    "operatingProfitMargin" : 20.61,
    "operatingProfit" : 11.00,
    "netProfitMargin" : 31.24,
    "netProfit" : 16.67
  }, {
    "date" : "2022-12-31",
    "sales" : 58.02,
    "salesGrowthYoY" : 19.04,
    "grossProfitMargin" : 100.00,
    "grossProfit" : 58.02,
    "operatingProfitMargin" : 28.90,
    "operatingProfit" : 16.77,
    "netProfitMargin" : 39.99,
    "netProfit" : 23.20
  }, {
    "date" : "2023-03-31",
    "sales" : 61.88,
    "salesGrowthYoY" : 18.18,
    "grossProfitMargin" : 100.00,
    "grossProfit" : 61.88,
    "operatingProfitMargin" : 31.32,
    "operatingProfit" : 19.38,
    "netProfitMargin" : 39.03,
    "netProfit" : 24.15
  }, {
    "date" : "2023-06-30",
    "sales" : 58.16,
    "salesGrowthYoY" : 18.02,
    "grossProfitMargin" : 100.00,
    "grossProfit" : 58.16,
    "operatingProfitMargin" : 27.10,
    "operatingProfit" : 15.76,
    "netProfitMargin" : 44.77,
    "netProfit" : 26.04
  }, {
    "date" : "2023-09-30",
    "sales" : 58.23,
    "salesGrowthYoY" : 9.13,
    "grossProfitMargin" : 100.00,
    "grossProfit" : 58.23,
    "operatingProfitMargin" : 23.84,
    "operatingProfit" : 13.88,
    "netProfitMargin" : 74.43,
    "netProfit" : 43.34
  }, {
    "date" : "2023-12-31",
    "sales" : 64.36,
    "salesGrowthYoY" : 10.93,
    "grossProfitMargin" : 100.00,
    "grossProfit" : 64.36,
    "operatingProfitMargin" : 18.52,
    "operatingProfit" : 11.92,
    "netProfitMargin" : 31.39,
    "netProfit" : 20.20
  }, {
    "date" : "2024-03-31",
    "sales" : 70.49,
    "salesGrowthYoY" : 13.91,
    "grossProfitMargin" : 100.00,
    "grossProfit" : 70.49,
    "operatingProfitMargin" : 37.00,
    "operatingProfit" : 26.08,
    "netProfitMargin" : 47.62,
    "netProfit" : 33.57
  }, {
    "date" : "2024-06-30",
    "sales" : 63.20,
    "salesGrowthYoY" : 8.67,
    "grossProfitMargin" : 100.00,
    "grossProfit" : 63.20,
    "operatingProfitMargin" : 26.42,
    "operatingProfit" : 16.70,
    "netProfitMargin" : 39.11,
    "netProfit" : 24.72
  }, {
    "date" : "2024-09-30",
    "sales" : 72.08,
    "salesGrowthYoY" : 23.78,
    "grossProfitMargin" : 100.00,
    "grossProfit" : 72.08,
    "operatingProfitMargin" : 29.37,
    "operatingProfit" : 21.17,
    "netProfitMargin" : 69.83,
    "netProfit" : 50.33
  }, {
    "date" : "2024-12-31",
    "sales" : 70.83,
    "salesGrowthYoY" : 10.05,
    "grossProfitMargin" : 100.00,
    "grossProfit" : 70.83,
    "operatingProfitMargin" : 31.79,
    "operatingProfit" : 22.52,
    "netProfitMargin" : 43.91,
    "netProfit" : 31.10
  }, {
    "date" : "2025-03-31",
    "sales" : 80.62,
    "salesGrowthYoY" : 14.37,
    "grossProfitMargin" : 100.00,
    "grossProfit" : 80.62,
    "operatingProfitMargin" : 44.83,
    "operatingProfit" : 36.14,
    "netProfitMargin" : 52.16,
    "netProfit" : 42.05
  }, {
    "date" : "2025-06-30",
    "sales" : 72.20,
    "salesGrowthYoY" : 14.24,
    "grossProfitMargin" : 100.00,
    "grossProfit" : 72.20,
    "operatingProfitMargin" : 27.45,
    "operatingProfit" : 19.82,
    "netProfitMargin" : 41.76,
    "netProfit" : 30.15
  }, {
    "date" : "2025-09-30",
    "sales" : 82.06,
    "salesGrowthYoY" : 13.85,
    "grossProfitMargin" : 100.00,
    "grossProfit" : 82.06,
    "operatingProfitMargin" : 34.51,
    "operatingProfit" : 28.32,
    "netProfitMargin" : 37.67,
    "netProfit" : 30.91
  }, {
    "date" : "2025-12-31",
    "sales" : 84.57,
    "salesGrowthYoY" : 19.40,
    "grossProfitMargin" : 100.00,
    "grossProfit" : 84.57,
    "operatingProfitMargin" : 36.80,
    "operatingProfit" : 31.12,
    "netProfitMargin" : 36.22,
    "netProfit" : 30.63
  } ],
  "latestQuarterlyResult" : {
    "date" : "2025-12-31",
    "sales" : 84.57,
    "salesGrowthYoY" : 19.40,
    "grossProfitMargin" : 100.00,
    "grossProfit" : 84.57,
    "operatingProfitMargin" : 36.80,
    "operatingProfit" : 31.12,
    "netProfitMargin" : 36.22,
    "netProfit" : 30.63
  },
  "companyScore" : {
    "priceHigherThanDma50" : 0.00,
    "priceHigherThanDma100" : 0.00,
    "priceHigherThanDma200" : 0.00,
    "dma50HigherThanDma100" : 0.00,
    "dma50HigherThanDma200" : 0.00,
    "dma100HigherThanDma200" : 0.00,
    "pricePercentageAboveDma50" : 5.16,
    "pricePercentageAboveDma100" : 5.24,
    "pricePercentageAboveDma200" : 5.25,
    "weeklyVolumeHigherThanYearlyVolume" : 0.00,
    "salesGrowthPercentile" : 16.05,
    "operatingProfitMarginPercentile" : 10.16,
    "netProfitMarginPercentile" : 3.75,
    "totalTechnicalScore" : 15.65,
    "totalFundamentalScore" : 29.97,
    "totalScore" : 45.62
  }
}