{
  "metadata" : {
    "screenerCompanyId" : "1392",
    "companyCode" : "IFBAGRO",
    "companyName" : "IFB Agro Inds.",
    "screenerCompanyLink" : "https://www.screener.in/company/IFBAGRO/",
    "screenerTechnicalHistoryLink" : "https://www.screener.in/api/company/1392/chart/?q=Price-DMA50-DMA200-Volume&days=365",
    "screenerQuarterlyResultsLink" : "https://www.screener.in/api/company/1392/chart/?q=GPM-OPM-NPM-Quarter+Sales&days=10000",
    "attributes" : {
      "companyCode" : "IFBAGRO",
      "companyName" : "IFB Agro Inds.",
      "marketCap" : 1391.00,
      "peRatio" : 25.00,
      "description" : "Incorporated in 1982, IFB Agro Ltd manufactures Alcohol and Marine products[1]"
    },
    "companyScore" : {
      "priceHigherThanDma50" : 5.00,
      "priceHigherThanDma100" : 5.00,
      "priceHigherThanDma200" : 5.00,
      "dma50HigherThanDma100" : 5.00,
      "dma50HigherThanDma200" : 5.00,
      "dma100HigherThanDma200" : 5.00,
      "pricePercentageAboveDma50" : 4.17,
      "pricePercentageAboveDma100" : 3.17,
      "pricePercentageAboveDma200" : 2.23,
      "weeklyVolumeHigherThanYearlyVolume" : 5.00,
      "salesGrowthPercentile" : 18.23,
      "operatingProfitMarginPercentile" : 15.18,
      "netProfitMarginPercentile" : 7.95,
      "totalTechnicalScore" : 44.57,
      "totalFundamentalScore" : 41.36,
      "totalScore" : 85.93
    }
  },
  "attributes" : {
    "companyCode" : "IFBAGRO",
    "companyName" : "IFB Agro Inds.",
    "marketCap" : 1391.00,
    "peRatio" : 25.00,
    "description" : "Incorporated in 1982, IFB Agro Ltd manufactures Alcohol and Marine products[1]"
  },
  "technicalHistory" : [ {
    "date" : "2025-01-02",
    "price" : 584.90,
    "dma50" : 573.01,
    "dma100" : null,
    "dma200" : 541.61,
    "volume" : 2146.00
  }, {
    "date" : "2025-01-03",
    "price" : 579.05,
    "dma50" : 573.24,
    "dma100" : null,
    "dma200" : 541.98,
    "volume" : 2177.00
  }, {
    "date" : "2025-01-06",
    "price" : 546.80,
    "dma50" : 572.21,
    "dma100" : null,
    "dma200" : 542.03,
    "volume" : 8638.00
  }, {
    "date" : "2025-01-07",
    "price" : 557.80,
    "dma50" : 571.64,
    "dma100" : null,
    "dma200" : 542.19,
    "volume" : 3511.00
  }, {
    "date" : "2025-01-08",
    "price" : 561.40,
    "dma50" : 571.24,
    "dma100" : null,
    "dma200" : 542.38,
    "volume" : 1092.00
  }, {
    "date" : "2025-01-09",
    "price" : 552.65,
    "dma50" : 570.51,
    "dma100" : null,
    "dma200" : 542.48,
    "volume" : 3926.00
  }, {
    "date" : "2025-01-10",
    "price" : 548.40,
    "dma50" : 569.64,
    "dma100" : null,
    "dma200" : 542.54,
    "volume" : 2741.00
  }, {
    "date" : "2025-01-13",
    "price" : 533.15,
    "dma50" : 568.21,
    "dma100" : null,
    "dma200" : 542.45,
    "volume" : 5018.00
  }, {
    "date" : "2025-01-14",
    "price" : 539.00,
    "dma50" : 567.07,
    "dma100" : null,
    "dma200" : 542.41,
    "volume" : 4180.00
  }, {
    "date" : "2025-01-15",
    "price" : 573.15,
    "dma50" : 567.31,
    "dma100" : null,
    "dma200" : 542.72,
    "volume" : 4722.00
  }, {
    "date" : "2025-01-16",
    "price" : 592.05,
    "dma50" : 568.28,
    "dma100" : null,
    "dma200" : 543.21,
    "volume" : 4437.00
  }, {
    "date" : "2025-01-17",
    "price" : 575.50,
    "dma50" : 568.56,
    "dma100" : null,
    "dma200" : 543.53,
    "volume" : 3988.00
  }, {
    "date" : "2025-01-20",
    "price" : 572.20,
    "dma50" : 568.70,
    "dma100" : null,
    "dma200" : 543.82,
    "volume" : 4192.00
  }, {
    "date" : "2025-01-21",
    "price" : 560.85,
    "dma50" : 568.39,
    "dma100" : null,
    "dma200" : 543.99,
    "volume" : 1609.00
  }, {
    "date" : "2025-01-22",
    "price" : 556.90,
    "dma50" : 567.94,
    "dma100" : null,
    "dma200" : 544.11,
    "volume" : 2095.00
  }, {
    "date" : "2025-01-23",
    "price" : 548.60,
    "dma50" : 567.19,
    "dma100" : null,
    "dma200" : 544.16,
    "volume" : 2802.00
  }, {
    "date" : "2025-01-24",
    "price" : 548.00,
    "dma50" : 566.43,
    "dma100" : null,
    "dma200" : 544.20,
    "volume" : 1101.00
  }, {
    "date" : "2025-01-27",
    "price" : 537.35,
    "dma50" : 565.29,
    "dma100" : null,
    "dma200" : 544.13,
    "volume" : 5687.00
  }, {
    "date" : "2025-01-28",
    "price" : 530.70,
    "dma50" : 563.94,
    "dma100" : null,
    "dma200" : 543.99,
    "volume" : 3301.00
  }, {
    "date" : "2025-01-29",
    "price" : 556.30,
    "dma50" : 563.64,
    "dma100" : null,
    "dma200" : 544.12,
    "volume" : 4358.00
  }, {
    "date" : "2025-01-30",
    "price" : 587.40,
    "dma50" : 564.57,
    "dma100" : null,
    "dma200" : 544.55,
    "volume" : 72054.00
  }, {
    "date" : "2025-01-31",
    "price" : 591.75,
    "dma50" : 565.63,
    "dma100" : null,
    "dma200" : 545.02,
    "volume" : 11242.00
  }, {
    "date" : "2025-02-01",
    "price" : 586.85,
    "dma50" : 566.47,
    "dma100" : null,
    "dma200" : 545.43,
    "volume" : 13394.00
  }, {
    "date" : "2025-02-03",
    "price" : 604.75,
    "dma50" : 567.97,
    "dma100" : null,
    "dma200" : 546.02,
    "volume" : 13145.00
  }, {
    "date" : "2025-02-04",
    "price" : 600.40,
    "dma50" : 569.24,
    "dma100" : null,
    "dma200" : 546.57,
    "volume" : 6693.00
  }, {
    "date" : "2025-02-05",
    "price" : 598.65,
    "dma50" : 570.39,
    "dma100" : null,
    "dma200" : 547.08,
    "volume" : 7031.00
  }, {
    "date" : "2025-02-06",
    "price" : 606.05,
    "dma50" : 571.79,
    "dma100" : null,
    "dma200" : 547.67,
    "volume" : 28624.00
  }, {
    "date" : "2025-02-07",
    "price" : 592.50,
    "dma50" : 572.60,
    "dma100" : null,
    "dma200" : 548.12,
    "volume" : 7671.00
  }, {
    "date" : "2025-02-10",
    "price" : 554.65,
    "dma50" : 571.90,
    "dma100" : null,
    "dma200" : 548.18,
    "volume" : 7663.00
  }, {
    "date" : "2025-02-11",
    "price" : 530.75,
    "dma50" : 570.29,
    "dma100" : null,
    "dma200" : 548.01,
    "volume" : 8510.00
  }, {
    "date" : "2025-02-12",
    "price" : 522.25,
    "dma50" : 568.40,
    "dma100" : null,
    "dma200" : 547.75,
    "volume" : 3206.00
  }, {
    "date" : "2025-02-13",
    "price" : 521.50,
    "dma50" : 566.56,
    "dma100" : null,
    "dma200" : 547.49,
    "volume" : 2763.00
  }, {
    "date" : "2025-02-14",
    "price" : 493.50,
    "dma50" : 563.70,
    "dma100" : null,
    "dma200" : 546.95,
    "volume" : 8928.00
  }, {
    "date" : "2025-02-17",
    "price" : 475.20,
    "dma50" : 560.23,
    "dma100" : null,
    "dma200" : 546.24,
    "volume" : 5187.00
  }, {
    "date" : "2025-02-18",
    "price" : 486.90,
    "dma50" : 557.35,
    "dma100" : null,
    "dma200" : 545.65,
    "volume" : 3131.00
  }, {
    "date" : "2025-02-19",
    "price" : 518.25,
    "dma50" : 555.82,
    "dma100" : null,
    "dma200" : 545.38,
    "volume" : 2673.00
  }, {
    "date" : "2025-02-20",
    "price" : 548.05,
    "dma50" : 555.51,
    "dma100" : null,
    "dma200" : 545.40,
    "volume" : 2558.00
  }, {
    "date" : "2025-02-21",
    "price" : 515.60,
    "dma50" : 553.95,
    "dma100" : null,
    "dma200" : 545.11,
    "volume" : 4594.00
  }, {
    "date" : "2025-02-24",
    "price" : 503.20,
    "dma50" : 551.96,
    "dma100" : null,
    "dma200" : 544.69,
    "volume" : 1355.00
  }, {
    "date" : "2025-02-25",
    "price" : 503.30,
    "dma50" : 550.05,
    "dma100" : null,
    "dma200" : 544.28,
    "volume" : 578.00
  }, {
    "date" : "2025-02-27",
    "price" : 488.10,
    "dma50" : 547.62,
    "dma100" : null,
    "dma200" : 543.72,
    "volume" : 1364.00
  }, {
    "date" : "2025-02-28",
    "price" : 483.05,
    "dma50" : 545.09,
    "dma100" : null,
    "dma200" : 543.11,
    "volume" : 2798.00
  }, {
    "date" : "2025-03-03",
    "price" : 478.60,
    "dma50" : 542.48,
    "dma100" : null,
    "dma200" : 542.47,
    "volume" : 2637.00
  }, {
    "date" : "2025-03-04",
    "price" : 476.30,
    "dma50" : 539.89,
    "dma100" : null,
    "dma200" : 541.81,
    "volume" : 3727.00
  }, {
    "date" : "2025-03-05",
    "price" : 478.00,
    "dma50" : 537.46,
    "dma100" : null,
    "dma200" : 541.18,
    "volume" : 6904.00
  }, {
    "date" : "2025-03-06",
    "price" : 480.15,
    "dma50" : 535.21,
    "dma100" : null,
    "dma200" : 540.57,
    "volume" : 5944.00
  }, {
    "date" : "2025-03-07",
    "price" : 481.45,
    "dma50" : 533.10,
    "dma100" : null,
    "dma200" : 539.98,
    "volume" : 7878.00
  }, {
    "date" : "2025-03-10",
    "price" : 461.65,
    "dma50" : 530.30,
    "dma100" : null,
    "dma200" : 539.20,
    "volume" : 4218.00
  }, {
    "date" : "2025-03-11",
    "price" : 457.55,
    "dma50" : 527.45,
    "dma100" : null,
    "dma200" : 538.39,
    "volume" : 4302.00
  }, {
    "date" : "2025-03-12",
    "price" : 448.10,
    "dma50" : 524.34,
    "dma100" : null,
    "dma200" : 537.49,
    "volume" : 6266.00
  }, {
    "date" : "2025-03-13",
    "price" : 451.20,
    "dma50" : 521.47,
    "dma100" : null,
    "dma200" : 536.63,
    "volume" : 5571.00
  }, {
    "date" : "2025-03-17",
    "price" : 457.10,
    "dma50" : 518.94,
    "dma100" : null,
    "dma200" : 535.84,
    "volume" : 1477.00
  }, {
    "date" : "2025-03-18",
    "price" : 473.00,
    "dma50" : 517.14,
    "dma100" : null,
    "dma200" : 535.22,
    "volume" : 3140.00
  }, {
    "date" : "2025-03-19",
    "price" : 492.75,
    "dma50" : 516.19,
    "dma100" : null,
    "dma200" : 534.80,
    "volume" : 3534.00
  }, {
    "date" : "2025-03-20",
    "price" : 472.70,
    "dma50" : 514.48,
    "dma100" : null,
    "dma200" : 534.18,
    "volume" : 9130.00
  }, {
    "date" : "2025-03-21",
    "price" : 494.55,
    "dma50" : 513.70,
    "dma100" : null,
    "dma200" : 533.78,
    "volume" : 3825.00
  }, {
    "date" : "2025-03-24",
    "price" : 501.85,
    "dma50" : 513.23,
    "dma100" : null,
    "dma200" : 533.47,
    "volume" : 5107.00
  }, {
    "date" : "2025-03-25",
    "price" : 478.30,
    "dma50" : 511.86,
    "dma100" : null,
    "dma200" : 532.92,
    "volume" : 7920.00
  }, {
    "date" : "2025-03-26",
    "price" : 468.55,
    "dma50" : 510.17,
    "dma100" : null,
    "dma200" : 532.28,
    "volume" : 9413.00
  }, {
    "date" : "2025-03-27",
    "price" : 466.95,
    "dma50" : 508.47,
    "dma100" : null,
    "dma200" : 531.63,
    "volume" : 7458.00
  }, {
    "date" : "2025-03-28",
    "price" : 460.70,
    "dma50" : 506.60,
    "dma100" : null,
    "dma200" : 530.92,
    "volume" : 7151.00
  }, {
    "date" : "2025-04-01",
    "price" : 482.00,
    "dma50" : 505.63,
    "dma100" : null,
    "dma200" : 530.43,
    "volume" : 5752.00
  }, {
    "date" : "2025-04-02",
    "price" : 493.10,
    "dma50" : 505.14,
    "dma100" : null,
    "dma200" : 530.06,
    "volume" : 2638.00
  }, {
    "date" : "2025-04-03",
    "price" : 502.00,
    "dma50" : 505.02,
    "dma100" : null,
    "dma200" : 529.78,
    "volume" : 1970.00
  }, {
    "date" : "2025-04-04",
    "price" : 484.10,
    "dma50" : 504.20,
    "dma100" : null,
    "dma200" : 529.33,
    "volume" : 4571.00
  }, {
    "date" : "2025-04-07",
    "price" : 452.65,
    "dma50" : 502.18,
    "dma100" : null,
    "dma200" : 528.57,
    "volume" : 6431.00
  }, {
    "date" : "2025-04-08",
    "price" : 474.50,
    "dma50" : 501.09,
    "dma100" : null,
    "dma200" : 528.03,
    "volume" : 3967.00
  }, {
    "date" : "2025-04-09",
    "price" : 457.40,
    "dma50" : 499.38,
    "dma100" : null,
    "dma200" : 527.32,
    "volume" : 3156.00
  }, {
    "date" : "2025-04-11",
    "price" : 485.60,
    "dma50" : 498.84,
    "dma100" : null,
    "dma200" : 526.91,
    "volume" : 3503.00
  }, {
    "date" : "2025-04-15",
    "price" : 475.30,
    "dma50" : 497.91,
    "dma100" : null,
    "dma200" : 526.40,
    "volume" : 5998.00
  }, {
    "date" : "2025-04-16",
    "price" : 476.35,
    "dma50" : 497.07,
    "dma100" : null,
    "dma200" : 525.90,
    "volume" : 1867.00
  }, {
    "date" : "2025-04-17",
    "price" : 473.70,
    "dma50" : 496.15,
    "dma100" : null,
    "dma200" : 525.38,
    "volume" : 3301.00
  }, {
    "date" : "2025-04-21",
    "price" : 484.55,
    "dma50" : 495.70,
    "dma100" : null,
    "dma200" : 524.97,
    "volume" : 2467.00
  }, {
    "date" : "2025-04-22",
    "price" : 488.55,
    "dma50" : 495.42,
    "dma100" : null,
    "dma200" : 524.61,
    "volume" : 4647.00
  }, {
    "date" : "2025-04-23",
    "price" : 492.45,
    "dma50" : 495.30,
    "dma100" : null,
    "dma200" : 524.29,
    "volume" : 2359.00
  }, {
    "date" : "2025-04-24",
    "price" : 495.20,
    "dma50" : 495.30,
    "dma100" : null,
    "dma200" : 524.00,
    "volume" : 2608.00
  }, {
    "date" : "2025-04-25",
    "price" : 475.70,
    "dma50" : 494.53,
    "dma100" : null,
    "dma200" : 523.52,
    "volume" : 1729.00
  }, {
    "date" : "2025-04-28",
    "price" : 475.60,
    "dma50" : 493.79,
    "dma100" : null,
    "dma200" : 523.04,
    "volume" : 2509.00
  }, {
    "date" : "2025-04-29",
    "price" : 480.75,
    "dma50" : 493.27,
    "dma100" : null,
    "dma200" : 522.62,
    "volume" : 3395.00
  }, {
    "date" : "2025-04-30",
    "price" : 470.25,
    "dma50" : 492.37,
    "dma100" : null,
    "dma200" : 522.10,
    "volume" : 2136.00
  }, {
    "date" : "2025-05-02",
    "price" : 487.65,
    "dma50" : 492.19,
    "dma100" : null,
    "dma200" : 521.76,
    "volume" : 1934.00
  }, {
    "date" : "2025-05-05",
    "price" : 489.95,
    "dma50" : 492.10,
    "dma100" : null,
    "dma200" : 521.44,
    "volume" : 1818.00
  }, {
    "date" : "2025-05-06",
    "price" : 469.90,
    "dma50" : 491.23,
    "dma100" : null,
    "dma200" : 520.93,
    "volume" : 2526.00
  }, {
    "date" : "2025-05-07",
    "price" : 491.00,
    "dma50" : 491.22,
    "dma100" : null,
    "dma200" : 520.63,
    "volume" : 5425.00
  }, {
    "date" : "2025-05-08",
    "price" : 484.25,
    "dma50" : 490.95,
    "dma100" : null,
    "dma200" : 520.27,
    "volume" : 984.00
  }, {
    "date" : "2025-05-09",
    "price" : 470.90,
    "dma50" : 490.16,
    "dma100" : null,
    "dma200" : 519.78,
    "volume" : 2383.00
  }, {
    "date" : "2025-05-12",
    "price" : 479.05,
    "dma50" : 489.72,
    "dma100" : null,
    "dma200" : 519.37,
    "volume" : 2684.00
  }, {
    "date" : "2025-05-13",
    "price" : 479.90,
    "dma50" : 489.34,
    "dma100" : null,
    "dma200" : 518.98,
    "volume" : 1706.00
  }, {
    "date" : "2025-05-14",
    "price" : 485.50,
    "dma50" : 489.19,
    "dma100" : null,
    "dma200" : 518.65,
    "volume" : 561.00
  }, {
    "date" : "2025-05-15",
    "price" : 526.40,
    "dma50" : 490.65,
    "dma100" : null,
    "dma200" : 518.72,
    "volume" : 73470.00
  }, {
    "date" : "2025-05-16",
    "price" : 529.05,
    "dma50" : 492.15,
    "dma100" : null,
    "dma200" : 518.83,
    "volume" : 6186.00
  }, {
    "date" : "2025-05-19",
    "price" : 529.45,
    "dma50" : 493.62,
    "dma100" : null,
    "dma200" : 518.93,
    "volume" : 4737.00
  }, {
    "date" : "2025-05-20",
    "price" : 517.40,
    "dma50" : 494.55,
    "dma100" : null,
    "dma200" : 518.92,
    "volume" : 2243.00
  }, {
    "date" : "2025-05-21",
    "price" : 523.50,
    "dma50" : 495.68,
    "dma100" : null,
    "dma200" : 518.96,
    "volume" : 2267.00
  }, {
    "date" : "2025-05-22",
    "price" : 520.00,
    "dma50" : 496.64,
    "dma100" : null,
    "dma200" : 518.97,
    "volume" : 2250.00
  }, {
    "date" : "2025-05-23",
    "price" : 524.40,
    "dma50" : 497.73,
    "dma100" : null,
    "dma200" : 519.03,
    "volume" : 4207.00
  }, {
    "date" : "2025-05-26",
    "price" : 578.35,
    "dma50" : 500.89,
    "dma100" : null,
    "dma200" : 519.62,
    "volume" : 20547.00
  }, {
    "date" : "2025-05-27",
    "price" : 589.40,
    "dma50" : 504.36,
    "dma100" : null,
    "dma200" : 520.31,
    "volume" : 12711.00
  }, {
    "date" : "2025-05-28",
    "price" : 594.30,
    "dma50" : 507.89,
    "dma100" : null,
    "dma200" : 521.05,
    "volume" : 6170.00
  }, {
    "date" : "2025-05-29",
    "price" : 677.85,
    "dma50" : 514.55,
    "dma100" : null,
    "dma200" : 522.61,
    "volume" : 301981.00
  }, {
    "date" : "2025-05-30",
    "price" : 703.00,
    "dma50" : 521.94,
    "dma100" : 517.33,
    "dma200" : 524.40,
    "volume" : 195546.00
  }, {
    "date" : "2025-06-02",
    "price" : 823.35,
    "dma50" : 533.76,
    "dma100" : 519.77,
    "dma200" : 527.38,
    "volume" : 301811.00
  }, {
    "date" : "2025-06-03",
    "price" : 762.30,
    "dma50" : 542.72,
    "dma100" : 521.93,
    "dma200" : 529.72,
    "volume" : 78473.00
  }, {
    "date" : "2025-06-04",
    "price" : 778.60,
    "dma50" : 551.97,
    "dma100" : 524.13,
    "dma200" : 532.19,
    "volume" : 63072.00
  }, {
    "date" : "2025-06-05",
    "price" : 761.50,
    "dma50" : 560.19,
    "dma100" : 526.14,
    "dma200" : 534.47,
    "volume" : 9085.00
  }, {
    "date" : "2025-06-06",
    "price" : 770.20,
    "dma50" : 568.43,
    "dma100" : 528.31,
    "dma200" : 536.82,
    "volume" : 12901.00
  }, {
    "date" : "2025-06-09",
    "price" : 739.30,
    "dma50" : 575.13,
    "dma100" : 530.22,
    "dma200" : 538.83,
    "volume" : 7073.00
  }, {
    "date" : "2025-06-10",
    "price" : 752.10,
    "dma50" : 582.07,
    "dma100" : 532.41,
    "dma200" : 540.96,
    "volume" : 12920.00
  }, {
    "date" : "2025-06-11",
    "price" : 750.25,
    "dma50" : 588.66,
    "dma100" : 534.52,
    "dma200" : 543.04,
    "volume" : 10695.00
  }, {
    "date" : "2025-06-12",
    "price" : 745.00,
    "dma50" : 594.79,
    "dma100" : 536.24,
    "dma200" : 545.05,
    "volume" : 4766.00
  }, {
    "date" : "2025-06-13",
    "price" : 745.25,
    "dma50" : 600.69,
    "dma100" : 537.77,
    "dma200" : 547.04,
    "volume" : 4236.00
  }, {
    "date" : "2025-06-16",
    "price" : 746.60,
    "dma50" : 606.42,
    "dma100" : 539.48,
    "dma200" : 549.03,
    "volume" : 3705.00
  }, {
    "date" : "2025-06-17",
    "price" : 733.95,
    "dma50" : 611.42,
    "dma100" : 541.10,
    "dma200" : 550.87,
    "volume" : 5390.00
  }, {
    "date" : "2025-06-18",
    "price" : 754.40,
    "dma50" : 617.02,
    "dma100" : 543.04,
    "dma200" : 552.89,
    "volume" : 10704.00
  }, {
    "date" : "2025-06-19",
    "price" : 737.85,
    "dma50" : 621.76,
    "dma100" : 544.85,
    "dma200" : 554.73,
    "volume" : 3747.00
  }, {
    "date" : "2025-06-20",
    "price" : 737.05,
    "dma50" : 626.28,
    "dma100" : 546.73,
    "dma200" : 556.55,
    "volume" : 7580.00
  }, {
    "date" : "2025-06-23",
    "price" : 747.50,
    "dma50" : 631.04,
    "dma100" : 548.73,
    "dma200" : 558.45,
    "volume" : 6934.00
  }, {
    "date" : "2025-06-24",
    "price" : 737.75,
    "dma50" : 635.22,
    "dma100" : 550.73,
    "dma200" : 560.23,
    "volume" : 2205.00
  }, {
    "date" : "2025-06-25",
    "price" : 759.75,
    "dma50" : 640.11,
    "dma100" : 553.02,
    "dma200" : 562.21,
    "volume" : 4038.00
  }, {
    "date" : "2025-06-26",
    "price" : 749.45,
    "dma50" : 644.39,
    "dma100" : 554.95,
    "dma200" : 564.08,
    "volume" : 3373.00
  }, {
    "date" : "2025-06-27",
    "price" : 741.55,
    "dma50" : 648.20,
    "dma100" : 556.49,
    "dma200" : 565.84,
    "volume" : 2063.00
  }, {
    "date" : "2025-06-30",
    "price" : 746.70,
    "dma50" : 652.07,
    "dma100" : 558.04,
    "dma200" : 567.64,
    "volume" : 1600.00
  }, {
    "date" : "2025-07-01",
    "price" : 740.00,
    "dma50" : 655.51,
    "dma100" : 559.57,
    "dma200" : 569.36,
    "volume" : 1941.00
  }, {
    "date" : "2025-07-02",
    "price" : 734.55,
    "dma50" : 658.61,
    "dma100" : 560.87,
    "dma200" : 571.00,
    "volume" : 579.00
  }, {
    "date" : "2025-07-03",
    "price" : 734.05,
    "dma50" : 661.57,
    "dma100" : 562.21,
    "dma200" : 572.62,
    "volume" : 3202.00
  }, {
    "date" : "2025-07-04",
    "price" : 728.95,
    "dma50" : 664.21,
    "dma100" : 563.51,
    "dma200" : 574.18,
    "volume" : 1830.00
  }, {
    "date" : "2025-07-07",
    "price" : 700.65,
    "dma50" : 665.64,
    "dma100" : 564.46,
    "dma200" : 575.44,
    "volume" : 8161.00
  }, {
    "date" : "2025-07-08",
    "price" : 706.30,
    "dma50" : 667.24,
    "dma100" : 565.60,
    "dma200" : 576.74,
    "volume" : 3975.00
  }, {
    "date" : "2025-07-09",
    "price" : 735.05,
    "dma50" : 669.90,
    "dma100" : 567.40,
    "dma200" : 578.32,
    "volume" : 8111.00
  }, {
    "date" : "2025-07-10",
    "price" : 727.60,
    "dma50" : 672.16,
    "dma100" : 569.37,
    "dma200" : 579.80,
    "volume" : 1639.00
  }, {
    "date" : "2025-07-11",
    "price" : 697.35,
    "dma50" : 673.15,
    "dma100" : 571.12,
    "dma200" : 580.97,
    "volume" : 3303.00
  }, {
    "date" : "2025-07-14",
    "price" : 700.00,
    "dma50" : 674.20,
    "dma100" : 572.90,
    "dma200" : 582.15,
    "volume" : 1589.00
  }, {
    "date" : "2025-07-15",
    "price" : 711.45,
    "dma50" : 675.66,
    "dma100" : 575.08,
    "dma200" : 583.44,
    "volume" : 1897.00
  }, {
    "date" : "2025-07-16",
    "price" : 713.40,
    "dma50" : 677.14,
    "dma100" : 577.47,
    "dma200" : 584.73,
    "volume" : 837.00
  }, {
    "date" : "2025-07-17",
    "price" : 725.05,
    "dma50" : 679.02,
    "dma100" : 579.85,
    "dma200" : 586.13,
    "volume" : 3003.00
  }, {
    "date" : "2025-07-18",
    "price" : 724.70,
    "dma50" : 680.81,
    "dma100" : 581.91,
    "dma200" : 587.51,
    "volume" : 2236.00
  }, {
    "date" : "2025-07-21",
    "price" : 760.90,
    "dma50" : 683.95,
    "dma100" : 584.04,
    "dma200" : 589.23,
    "volume" : 13723.00
  }, {
    "date" : "2025-07-22",
    "price" : 769.85,
    "dma50" : 687.32,
    "dma100" : 586.58,
    "dma200" : 591.03,
    "volume" : 9759.00
  }, {
    "date" : "2025-07-23",
    "price" : 798.80,
    "dma50" : 691.69,
    "dma100" : 589.54,
    "dma200" : 593.10,
    "volume" : 14099.00
  }, {
    "date" : "2025-07-24",
    "price" : 780.75,
    "dma50" : 695.19,
    "dma100" : 592.31,
    "dma200" : 594.97,
    "volume" : 7409.00
  }, {
    "date" : "2025-07-25",
    "price" : 804.50,
    "dma50" : 699.47,
    "dma100" : 595.48,
    "dma200" : 597.05,
    "volume" : 12926.00
  }, {
    "date" : "2025-07-28",
    "price" : 833.55,
    "dma50" : 704.73,
    "dma100" : 598.98,
    "dma200" : 599.40,
    "volume" : 16532.00
  }, {
    "date" : "2025-07-29",
    "price" : 875.20,
    "dma50" : 711.41,
    "dma100" : 602.95,
    "dma200" : 602.15,
    "volume" : 10001.00
  }, {
    "date" : "2025-07-30",
    "price" : 918.95,
    "dma50" : 719.55,
    "dma100" : 607.37,
    "dma200" : 605.30,
    "volume" : 49467.00
  }, {
    "date" : "2025-07-31",
    "price" : 919.30,
    "dma50" : 727.39,
    "dma100" : 611.79,
    "dma200" : 608.43,
    "volume" : 13020.00
  }, {
    "date" : "2025-08-01",
    "price" : 873.35,
    "dma50" : 733.11,
    "dma100" : 615.72,
    "dma200" : 611.06,
    "volume" : 5914.00
  }, {
    "date" : "2025-08-04",
    "price" : 836.25,
    "dma50" : 737.16,
    "dma100" : 619.27,
    "dma200" : 613.30,
    "volume" : 5621.00
  }, {
    "date" : "2025-08-05",
    "price" : 804.75,
    "dma50" : 739.81,
    "dma100" : 622.70,
    "dma200" : 615.21,
    "volume" : 5937.00
  }, {
    "date" : "2025-08-06",
    "price" : 840.50,
    "dma50" : 743.76,
    "dma100" : 626.53,
    "dma200" : 617.45,
    "volume" : 5788.00
  }, {
    "date" : "2025-08-07",
    "price" : 811.70,
    "dma50" : 746.42,
    "dma100" : 630.16,
    "dma200" : 619.38,
    "volume" : 4759.00
  }, {
    "date" : "2025-08-08",
    "price" : 775.80,
    "dma50" : 747.57,
    "dma100" : 633.41,
    "dma200" : 620.94,
    "volume" : 6198.00
  }, {
    "date" : "2025-08-11",
    "price" : 764.20,
    "dma50" : 748.22,
    "dma100" : 636.48,
    "dma200" : 622.36,
    "volume" : 2066.00
  }, {
    "date" : "2025-08-12",
    "price" : 774.90,
    "dma50" : 749.27,
    "dma100" : 639.50,
    "dma200" : 623.88,
    "volume" : 1222.00
  }, {
    "date" : "2025-08-13",
    "price" : 782.35,
    "dma50" : 750.57,
    "dma100" : 642.40,
    "dma200" : 625.46,
    "volume" : 1368.00
  }, {
    "date" : "2025-08-14",
    "price" : 774.20,
    "dma50" : 751.49,
    "dma100" : 645.41,
    "dma200" : 626.94,
    "volume" : 1253.00
  }, {
    "date" : "2025-08-18",
    "price" : 762.70,
    "dma50" : 751.93,
    "dma100" : 648.09,
    "dma200" : 628.29,
    "volume" : 3085.00
  }, {
    "date" : "2025-08-19",
    "price" : 781.65,
    "dma50" : 753.10,
    "dma100" : 650.89,
    "dma200" : 629.82,
    "volume" : 2624.00
  }, {
    "date" : "2025-08-20",
    "price" : 793.05,
    "dma50" : 754.67,
    "dma100" : 654.04,
    "dma200" : 631.44,
    "volume" : 2347.00
  }, {
    "date" : "2025-08-21",
    "price" : 807.70,
    "dma50" : 756.75,
    "dma100" : 657.43,
    "dma200" : 633.19,
    "volume" : 3479.00
  }, {
    "date" : "2025-08-22",
    "price" : 820.20,
    "dma50" : 759.23,
    "dma100" : 660.96,
    "dma200" : 635.05,
    "volume" : 1655.00
  }, {
    "date" : "2025-08-25",
    "price" : 803.00,
    "dma50" : 760.95,
    "dma100" : 664.39,
    "dma200" : 636.73,
    "volume" : 965.00
  }, {
    "date" : "2025-08-26",
    "price" : 797.50,
    "dma50" : 762.38,
    "dma100" : 667.54,
    "dma200" : 638.32,
    "volume" : 565.00
  }, {
    "date" : "2025-08-28",
    "price" : 769.00,
    "dma50" : 762.64,
    "dma100" : 670.30,
    "dma200" : 639.63,
    "volume" : 1508.00
  }, {
    "date" : "2025-08-29",
    "price" : 750.00,
    "dma50" : 762.15,
    "dma100" : 672.78,
    "dma200" : 640.72,
    "volume" : 1171.00
  }, {
    "date" : "2025-09-01",
    "price" : 770.50,
    "dma50" : 762.47,
    "dma100" : 675.64,
    "dma200" : 642.01,
    "volume" : 884.00
  }, {
    "date" : "2025-09-02",
    "price" : 763.10,
    "dma50" : 762.50,
    "dma100" : 678.75,
    "dma200" : 643.22,
    "volume" : 2566.00
  }, {
    "date" : "2025-09-03",
    "price" : 794.00,
    "dma50" : 763.73,
    "dma100" : 681.94,
    "dma200" : 644.72,
    "volume" : 2142.00
  }, {
    "date" : "2025-09-04",
    "price" : 771.50,
    "dma50" : 764.04,
    "dma100" : 685.08,
    "dma200" : 645.98,
    "volume" : 2335.00
  }, {
    "date" : "2025-09-05",
    "price" : 782.95,
    "dma50" : 764.78,
    "dma100" : 688.06,
    "dma200" : 647.34,
    "volume" : 2004.00
  }, {
    "date" : "2025-09-08",
    "price" : 769.45,
    "dma50" : 764.96,
    "dma100" : 691.00,
    "dma200" : 648.56,
    "volume" : 1774.00
  }, {
    "date" : "2025-09-09",
    "price" : 756.85,
    "dma50" : 764.65,
    "dma100" : 693.80,
    "dma200" : 649.64,
    "volume" : 4755.00
  }, {
    "date" : "2025-09-10",
    "price" : 775.40,
    "dma50" : 765.07,
    "dma100" : 696.82,
    "dma200" : 650.89,
    "volume" : 8112.00
  }, {
    "date" : "2025-09-11",
    "price" : 789.05,
    "dma50" : 766.01,
    "dma100" : 699.87,
    "dma200" : 652.26,
    "volume" : 3939.00
  }, {
    "date" : "2025-09-12",
    "price" : 789.95,
    "dma50" : 766.95,
    "dma100" : 702.88,
    "dma200" : 653.63,
    "volume" : 4746.00
  }, {
    "date" : "2025-09-15",
    "price" : 785.40,
    "dma50" : 767.67,
    "dma100" : 705.81,
    "dma200" : 654.94,
    "volume" : 11800.00
  }, {
    "date" : "2025-09-16",
    "price" : 777.20,
    "dma50" : 768.04,
    "dma100" : 708.63,
    "dma200" : 656.16,
    "volume" : 1786.00
  }, {
    "date" : "2025-09-17",
    "price" : 781.90,
    "dma50" : 768.59,
    "dma100" : 711.69,
    "dma200" : 657.41,
    "volume" : 7633.00
  }, {
    "date" : "2025-09-18",
    "price" : 778.10,
    "dma50" : 768.96,
    "dma100" : 714.72,
    "dma200" : 658.61,
    "volume" : 2229.00
  }, {
    "date" : "2025-09-19",
    "price" : 789.05,
    "dma50" : 769.75,
    "dma100" : 717.80,
    "dma200" : 659.91,
    "volume" : 3526.00
  }, {
    "date" : "2025-09-22",
    "price" : 775.15,
    "dma50" : 769.96,
    "dma100" : 720.85,
    "dma200" : 661.06,
    "volume" : 6333.00
  }, {
    "date" : "2025-09-23",
    "price" : 813.90,
    "dma50" : 771.68,
    "dma100" : 724.11,
    "dma200" : 662.58,
    "volume" : 6480.00
  }, {
    "date" : "2025-09-24",
    "price" : 842.30,
    "dma50" : 774.45,
    "dma100" : 727.63,
    "dma200" : 664.37,
    "volume" : 23089.00
  }, {
    "date" : "2025-09-25",
    "price" : 824.15,
    "dma50" : 776.40,
    "dma100" : 731.18,
    "dma200" : 665.96,
    "volume" : 6341.00
  }, {
    "date" : "2025-09-26",
    "price" : 824.50,
    "dma50" : 778.29,
    "dma100" : 734.51,
    "dma200" : 667.53,
    "volume" : 6075.00
  }, {
    "date" : "2025-09-29",
    "price" : 831.05,
    "dma50" : 780.36,
    "dma100" : 737.98,
    "dma200" : 669.16,
    "volume" : 4381.00
  }, {
    "date" : "2025-09-30",
    "price" : 816.50,
    "dma50" : 781.77,
    "dma100" : 741.44,
    "dma200" : 670.63,
    "volume" : 12994.00
  }, {
    "date" : "2025-10-01",
    "price" : 857.30,
    "dma50" : 784.74,
    "dma100" : 745.22,
    "dma200" : 672.48,
    "volume" : 7002.00
  }, {
    "date" : "2025-10-03",
    "price" : 875.75,
    "dma50" : 788.31,
    "dma100" : 749.18,
    "dma200" : 674.51,
    "volume" : 12969.00
  }, {
    "date" : "2025-10-06",
    "price" : 886.25,
    "dma50" : 792.15,
    "dma100" : 753.18,
    "dma200" : 676.61,
    "volume" : 7658.00
  }, {
    "date" : "2025-10-07",
    "price" : 906.60,
    "dma50" : 796.63,
    "dma100" : 756.99,
    "dma200" : 678.90,
    "volume" : 13654.00
  }, {
    "date" : "2025-10-08",
    "price" : 960.60,
    "dma50" : 803.06,
    "dma100" : 761.30,
    "dma200" : 681.70,
    "volume" : 113087.00
  }, {
    "date" : "2025-10-09",
    "price" : 987.05,
    "dma50" : 810.28,
    "dma100" : 765.88,
    "dma200" : 684.74,
    "volume" : 19925.00
  }, {
    "date" : "2025-10-10",
    "price" : 972.75,
    "dma50" : 816.65,
    "dma100" : 770.43,
    "dma200" : 687.61,
    "volume" : 41546.00
  }, {
    "date" : "2025-10-13",
    "price" : 957.55,
    "dma50" : 822.18,
    "dma100" : 774.77,
    "dma200" : 690.29,
    "volume" : 8898.00
  }, {
    "date" : "2025-10-14",
    "price" : 925.00,
    "dma50" : 826.21,
    "dma100" : 778.82,
    "dma200" : 692.63,
    "volume" : 13853.00
  }, {
    "date" : "2025-10-15",
    "price" : 928.55,
    "dma50" : 830.22,
    "dma100" : 782.86,
    "dma200" : 694.98,
    "volume" : 23779.00
  }, {
    "date" : "2025-10-16",
    "price" : 985.45,
    "dma50" : 836.31,
    "dma100" : 786.93,
    "dma200" : 697.87,
    "volume" : 250052.00
  }, {
    "date" : "2025-10-17",
    "price" : 967.30,
    "dma50" : 841.45,
    "dma100" : 790.71,
    "dma200" : 700.55,
    "volume" : 25218.00
  }, {
    "date" : "2025-10-20",
    "price" : 1040.15,
    "dma50" : 849.24,
    "dma100" : 795.17,
    "dma200" : 703.93,
    "volume" : 65771.00
  }, {
    "date" : "2025-10-21",
    "price" : 1122.35,
    "dma50" : 859.95,
    "dma100" : 799.62,
    "dma200" : 708.09,
    "volume" : 71767.00
  }, {
    "date" : "2025-10-23",
    "price" : 1035.65,
    "dma50" : 866.84,
    "dma100" : 802.94,
    "dma200" : 711.35,
    "volume" : 61265.00
  }, {
    "date" : "2025-10-24",
    "price" : 1133.00,
    "dma50" : 877.28,
    "dma100" : 806.04,
    "dma200" : 715.55,
    "volume" : 180630.00
  }, {
    "date" : "2025-10-27",
    "price" : 1215.85,
    "dma50" : 890.55,
    "dma100" : 810.58,
    "dma200" : 720.52,
    "volume" : 498481.00
  }, {
    "date" : "2025-10-28",
    "price" : 1330.90,
    "dma50" : 907.82,
    "dma100" : 816.10,
    "dma200" : 726.60,
    "volume" : 327614.00
  }, {
    "date" : "2025-10-29",
    "price" : 1305.25,
    "dma50" : 923.41,
    "dma100" : 821.54,
    "dma200" : 732.36,
    "volume" : 153902.00
  }, {
    "date" : "2025-10-30",
    "price" : 1310.15,
    "dma50" : 938.57,
    "dma100" : 826.94,
    "dma200" : 738.10,
    "volume" : 71413.00
  }, {
    "date" : "2025-10-31",
    "price" : 1324.20,
    "dma50" : 953.70,
    "dma100" : 832.78,
    "dma200" : 743.94,
    "volume" : 96290.00
  }, {
    "date" : "2025-11-03",
    "price" : 1444.40,
    "dma50" : 972.94,
    "dma100" : 839.71,
    "dma200" : 750.91,
    "volume" : 774602.00
  }, {
    "date" : "2025-11-04",
    "price" : 1456.10,
    "dma50" : 991.89,
    "dma100" : 846.77,
    "dma200" : 757.92,
    "volume" : 100101.00
  }, {
    "date" : "2025-11-06",
    "price" : 1321.50,
    "dma50" : 1004.81,
    "dma100" : 852.53,
    "dma200" : 763.53,
    "volume" : 164208.00
  }, {
    "date" : "2025-11-07",
    "price" : 1485.50,
    "dma50" : 1023.66,
    "dma100" : 859.93,
    "dma200" : 770.71,
    "volume" : 331256.00
  }, {
    "date" : "2025-11-10",
    "price" : 1448.20,
    "dma50" : 1040.31,
    "dma100" : 866.95,
    "dma200" : 777.46,
    "volume" : 70997.00
  }, {
    "date" : "2025-11-11",
    "price" : 1514.20,
    "dma50" : 1058.90,
    "dma100" : 874.75,
    "dma200" : 784.79,
    "volume" : 152375.00
  }, {
    "date" : "2025-11-12",
    "price" : 1606.90,
    "dma50" : 1080.39,
    "dma100" : 883.28,
    "dma200" : 792.97,
    "volume" : 227568.00
  }, {
    "date" : "2025-11-13",
    "price" : 1574.50,
    "dma50" : 1099.76,
    "dma100" : 891.64,
    "dma200" : 800.74,
    "volume" : 114285.00
  }, {
    "date" : "2025-11-14",
    "price" : 1543.30,
    "dma50" : 1117.16,
    "dma100" : 899.71,
    "dma200" : 808.13,
    "volume" : 89951.00
  }, {
    "date" : "2025-11-17",
    "price" : 1532.30,
    "dma50" : 1133.44,
    "dma100" : 907.55,
    "dma200" : 815.34,
    "volume" : 58366.00
  }, {
    "date" : "2025-11-18",
    "price" : 1503.50,
    "dma50" : 1147.95,
    "dma100" : 915.21,
    "dma200" : 822.18,
    "volume" : 33617.00
  }, {
    "date" : "2025-11-19",
    "price" : 1414.80,
    "dma50" : 1158.41,
    "dma100" : 921.76,
    "dma200" : 828.08,
    "volume" : 61950.00
  }, {
    "date" : "2025-11-20",
    "price" : 1444.60,
    "dma50" : 1169.64,
    "dma100" : 928.71,
    "dma200" : 834.22,
    "volume" : 58946.00
  }, {
    "date" : "2025-11-21",
    "price" : 1382.50,
    "dma50" : 1177.98,
    "dma100" : 935.12,
    "dma200" : 839.67,
    "volume" : 63146.00
  }, {
    "date" : "2025-11-24",
    "price" : 1414.10,
    "dma50" : 1187.24,
    "dma100" : 941.80,
    "dma200" : 845.39,
    "volume" : 85905.00
  }, {
    "date" : "2025-11-25",
    "price" : 1445.60,
    "dma50" : 1197.38,
    "dma100" : 948.85,
    "dma200" : 851.36,
    "volume" : 44880.00
  }, {
    "date" : "2025-11-26",
    "price" : 1416.10,
    "dma50" : 1205.95,
    "dma100" : 955.67,
    "dma200" : 856.98,
    "volume" : 24079.00
  }, {
    "date" : "2025-11-27",
    "price" : 1352.20,
    "dma50" : 1211.69,
    "dma100" : 961.85,
    "dma200" : 861.91,
    "volume" : 38064.00
  }, {
    "date" : "2025-11-28",
    "price" : 1357.90,
    "dma50" : 1217.42,
    "dma100" : 968.14,
    "dma200" : 866.84,
    "volume" : 20565.00
  }, {
    "date" : "2025-12-01",
    "price" : 1296.30,
    "dma50" : 1220.52,
    "dma100" : 974.10,
    "dma200" : 871.11,
    "volume" : 32385.00
  }, {
    "date" : "2025-12-02",
    "price" : 1241.30,
    "dma50" : 1221.33,
    "dma100" : 979.45,
    "dma200" : 874.80,
    "volume" : 29504.00
  }, {
    "date" : "2025-12-03",
    "price" : 1263.20,
    "dma50" : 1222.97,
    "dma100" : 984.73,
    "dma200" : 878.66,
    "volume" : 21604.00
  }, {
    "date" : "2025-12-04",
    "price" : 1230.10,
    "dma50" : 1223.25,
    "dma100" : 989.75,
    "dma200" : 882.16,
    "volume" : 12872.00
  }, {
    "date" : "2025-12-05",
    "price" : 1222.20,
    "dma50" : 1223.21,
    "dma100" : 995.00,
    "dma200" : 885.54,
    "volume" : 14621.00
  }, {
    "date" : "2025-12-08",
    "price" : 1194.80,
    "dma50" : 1222.10,
    "dma100" : 999.95,
    "dma200" : 888.62,
    "volume" : 39153.00
  }, {
    "date" : "2025-12-09",
    "price" : 1284.90,
    "dma50" : 1224.56,
    "dma100" : 1005.68,
    "dma200" : 892.56,
    "volume" : 37765.00
  }, {
    "date" : "2025-12-10",
    "price" : 1285.80,
    "dma50" : 1226.96,
    "dma100" : 1011.41,
    "dma200" : 896.48,
    "volume" : 27707.00
  }, {
    "date" : "2025-12-11",
    "price" : 1261.00,
    "dma50" : 1228.30,
    "dma100" : 1016.77,
    "dma200" : 900.10,
    "volume" : 11752.00
  }, {
    "date" : "2025-12-12",
    "price" : 1256.20,
    "dma50" : 1229.39,
    "dma100" : 1022.08,
    "dma200" : 903.65,
    "volume" : 8016.00
  }, {
    "date" : "2025-12-15",
    "price" : 1221.00,
    "dma50" : 1229.06,
    "dma100" : 1026.68,
    "dma200" : 906.80,
    "volume" : 14024.00
  }, {
    "date" : "2025-12-16",
    "price" : 1218.40,
    "dma50" : 1228.64,
    "dma100" : 1031.17,
    "dma200" : 909.91,
    "volume" : 5699.00
  }, {
    "date" : "2025-12-17",
    "price" : 1239.00,
    "dma50" : 1229.05,
    "dma100" : 1035.57,
    "dma200" : 913.18,
    "volume" : 13855.00
  }, {
    "date" : "2025-12-18",
    "price" : 1221.60,
    "dma50" : 1228.76,
    "dma100" : 1039.98,
    "dma200" : 916.25,
    "volume" : 10476.00
  }, {
    "date" : "2025-12-19",
    "price" : 1319.90,
    "dma50" : 1232.33,
    "dma100" : 1045.13,
    "dma200" : 920.26,
    "volume" : 38907.00
  }, {
    "date" : "2025-12-22",
    "price" : 1438.70,
    "dma50" : 1240.42,
    "dma100" : 1051.18,
    "dma200" : 925.42,
    "volume" : 59656.00
  }, {
    "date" : "2025-12-23",
    "price" : 1370.60,
    "dma50" : 1245.53,
    "dma100" : 1056.14,
    "dma200" : 929.85,
    "volume" : 27290.00
  }, {
    "date" : "2025-12-24",
    "price" : 1316.40,
    "dma50" : 1248.31,
    "dma100" : 1060.11,
    "dma200" : 933.70,
    "volume" : 29159.00
  }, {
    "date" : "2025-12-26",
    "price" : 1384.80,
    "dma50" : 1253.66,
    "dma100" : 1064.77,
    "dma200" : 938.19,
    "volume" : 37927.00
  }, {
    "date" : "2025-12-29",
    "price" : 1346.20,
    "dma50" : 1257.29,
    "dma100" : 1069.50,
    "dma200" : 942.25,
    "volume" : 19726.00
  }, {
    "date" : "2025-12-30",
    "price" : 1316.60,
    "dma50" : 1259.62,
    "dma100" : 1074.30,
    "dma200" : 945.97,
    "volume" : 21798.00
  }, {
    "date" : "2025-12-31",
    "price" : 1356.90,
    "dma50" : 1263.43,
    "dma100" : 1079.82,
    "dma200" : 950.06,
    "volume" : 25757.00
  }, {
    "date" : "2026-01-01",
    "price" : 1483.80,
    "dma50" : 1272.07,
    "dma100" : 1086.25,
    "dma200" : 955.37,
    "volume" : 158412.00
  } ],
  "latestTechnicalAttributes" : {
    "date" : "2026-01-01",
    "price" : 1483.80,
    "dma50" : 1272.07,
    "dma100" : 1086.25,
    "dma200" : 955.37,
    "volume" : 158412.00
  },
  "quarterlyResults" : [ {
    "date" : "2005-03-31",
    "sales" : 28.01,
    "salesGrowthYoY" : null,
    "grossProfitMargin" : 52.73,
    "grossProfit" : 14.77,
    "operatingProfitMargin" : 0.29,
    "operatingProfit" : 0.08,
    "netProfitMargin" : 0.68,
    "netProfit" : 0.19
  }, {
    "date" : "2005-06-30",
    "sales" : 24.94,
    "salesGrowthYoY" : null,
    "grossProfitMargin" : 35.04,
    "grossProfit" : 8.74,
    "operatingProfitMargin" : -5.61,
    "operatingProfit" : -1.40,
    "netProfitMargin" : -2.21,
    "netProfit" : -0.55
  }, {
    "date" : "2005-09-30",
    "sales" : 39.34,
    "salesGrowthYoY" : null,
    "grossProfitMargin" : 29.08,
    "grossProfit" : 11.44,
    "operatingProfitMargin" : -2.54,
    "operatingProfit" : -1.00,
    "netProfitMargin" : -1.93,
    "netProfit" : -0.76
  }, {
    "date" : "2005-12-31",
    "sales" : 39.60,
    "salesGrowthYoY" : null,
    "grossProfitMargin" : 34.44,
    "grossProfit" : 13.64,
    "operatingProfitMargin" : 4.70,
    "operatingProfit" : 1.86,
    "netProfitMargin" : 2.70,
    "netProfit" : 1.07
  }, {
    "date" : "2006-03-31",
    "sales" : 38.03,
    "salesGrowthYoY" : 35.77,
    "grossProfitMargin" : 40.89,
    "grossProfit" : 15.55,
    "operatingProfitMargin" : 5.92,
    "operatingProfit" : 2.25,
    "netProfitMargin" : 5.60,
    "netProfit" : 2.13
  }, {
    "date" : "2006-06-30",
    "sales" : 40.10,
    "salesGrowthYoY" : 60.79,
    "grossProfitMargin" : 33.19,
    "grossProfit" : 13.31,
    "operatingProfitMargin" : 3.82,
    "operatingProfit" : 1.53,
    "netProfitMargin" : 4.31,
    "netProfit" : 1.73
  }, {
    "date" : "2006-09-30",
    "sales" : 55.30,
    "salesGrowthYoY" : 40.57,
    "grossProfitMargin" : 33.06,
    "grossProfit" : 18.28,
    "operatingProfitMargin" : 5.32,
    "operatingProfit" : 2.94,
    "netProfitMargin" : 2.21,
    "netProfit" : 1.22
  }, {
    "date" : "2006-12-31",
    "sales" : 43.45,
    "salesGrowthYoY" : 9.72,
    "grossProfitMargin" : 41.61,
    "grossProfit" : 18.08,
    "operatingProfitMargin" : 9.76,
    "operatingProfit" : 4.24,
    "netProfitMargin" : -3.89,
    "netProfit" : -1.69
  }, {
    "date" : "2007-03-31",
    "sales" : 37.45,
    "salesGrowthYoY" : -1.53,
    "grossProfitMargin" : 62.48,
    "grossProfit" : 23.40,
    "operatingProfitMargin" : 18.85,
    "operatingProfit" : 7.06,
    "netProfitMargin" : 4.09,
    "netProfit" : 1.53
  }, {
    "date" : "2007-06-30",
    "sales" : 47.02,
    "salesGrowthYoY" : 17.26,
    "grossProfitMargin" : 39.34,
    "grossProfit" : 18.50,
    "operatingProfitMargin" : 12.65,
    "operatingProfit" : 5.95,
    "netProfitMargin" : 7.89,
    "netProfit" : 3.71
  }, {
    "date" : "2007-09-30",
    "sales" : 58.17,
    "salesGrowthYoY" : 5.19,
    "grossProfitMargin" : 37.84,
    "grossProfit" : 22.01,
    "operatingProfitMargin" : 10.42,
    "operatingProfit" : 6.06,
    "netProfitMargin" : 6.12,
    "netProfit" : 3.56
  }, {
    "date" : "2007-12-31",
    "sales" : 51.32,
    "salesGrowthYoY" : 18.11,
    "grossProfitMargin" : 36.36,
    "grossProfit" : 18.66,
    "operatingProfitMargin" : 0.82,
    "operatingProfit" : 0.42,
    "netProfitMargin" : -1.71,
    "netProfit" : -0.88
  }, {
    "date" : "2008-03-31",
    "sales" : 43.91,
    "salesGrowthYoY" : 17.25,
    "grossProfitMargin" : 59.76,
    "grossProfit" : 26.24,
    "operatingProfitMargin" : 6.63,
    "operatingProfit" : 2.91,
    "netProfitMargin" : 3.35,
    "netProfit" : 1.47
  }, {
    "date" : "2008-06-30",
    "sales" : 50.53,
    "salesGrowthYoY" : 7.46,
    "grossProfitMargin" : 44.01,
    "grossProfit" : 22.24,
    "operatingProfitMargin" : 10.77,
    "operatingProfit" : 5.44,
    "netProfitMargin" : 4.25,
    "netProfit" : 2.15
  }, {
    "date" : "2008-09-30",
    "sales" : 82.97,
    "salesGrowthYoY" : 42.63,
    "grossProfitMargin" : 39.75,
    "grossProfit" : 32.98,
    "operatingProfitMargin" : 12.55,
    "operatingProfit" : 10.41,
    "netProfitMargin" : 6.52,
    "netProfit" : 5.41
  }, {
    "date" : "2008-12-31",
    "sales" : 74.73,
    "salesGrowthYoY" : 45.62,
    "grossProfitMargin" : 38.93,
    "grossProfit" : 29.09,
    "operatingProfitMargin" : 5.03,
    "operatingProfit" : 3.76,
    "netProfitMargin" : 1.23,
    "netProfit" : 0.92
  }, {
    "date" : "2009-03-31",
    "sales" : 76.30,
    "salesGrowthYoY" : 73.76,
    "grossProfitMargin" : 46.54,
    "grossProfit" : 35.51,
    "operatingProfitMargin" : 11.55,
    "operatingProfit" : 8.81,
    "netProfitMargin" : 6.02,
    "netProfit" : 4.59
  }, {
    "date" : "2009-06-30",
    "sales" : 72.06,
    "salesGrowthYoY" : 42.61,
    "grossProfitMargin" : 31.71,
    "grossProfit" : 22.85,
    "operatingProfitMargin" : 1.19,
    "operatingProfit" : 0.86,
    "netProfitMargin" : -2.54,
    "netProfit" : -1.83
  }, {
    "date" : "2009-09-30",
    "sales" : 77.89,
    "salesGrowthYoY" : -6.12,
    "grossProfitMargin" : 40.11,
    "grossProfit" : 31.24,
    "operatingProfitMargin" : 7.97,
    "operatingProfit" : 6.21,
    "netProfitMargin" : 3.57,
    "netProfit" : 2.78
  }, {
    "date" : "2009-12-31",
    "sales" : 72.14,
    "salesGrowthYoY" : -3.47,
    "grossProfitMargin" : 47.57,
    "grossProfit" : 34.32,
    "operatingProfitMargin" : 11.80,
    "operatingProfit" : 8.51,
    "netProfitMargin" : 5.39,
    "netProfit" : 3.89
  }, {
    "date" : "2010-03-31",
    "sales" : 71.31,
    "salesGrowthYoY" : -6.54,
    "grossProfitMargin" : 46.59,
    "grossProfit" : 33.22,
    "operatingProfitMargin" : 0.65,
    "operatingProfit" : 0.46,
    "netProfitMargin" : -0.59,
    "netProfit" : -0.42
  }, {
    "date" : "2010-06-30",
    "sales" : 101.86,
    "salesGrowthYoY" : 41.35,
    "grossProfitMargin" : 41.67,
    "grossProfit" : 42.45,
    "operatingProfitMargin" : 3.60,
    "operatingProfit" : 3.67,
    "netProfitMargin" : 0.91,
    "netProfit" : 0.93
  }, {
    "date" : "2010-09-30",
    "sales" : 134.78,
    "salesGrowthYoY" : 73.04,
    "grossProfitMargin" : 39.95,
    "grossProfit" : 53.84,
    "operatingProfitMargin" : 9.53,
    "operatingProfit" : 12.84,
    "netProfitMargin" : 5.12,
    "netProfit" : 6.90
  }, {
    "date" : "2010-12-31",
    "sales" : 110.33,
    "salesGrowthYoY" : 52.94,
    "grossProfitMargin" : 46.83,
    "grossProfit" : 51.67,
    "operatingProfitMargin" : 6.80,
    "operatingProfit" : 7.50,
    "netProfitMargin" : 3.15,
    "netProfit" : 3.48
  }, {
    "date" : "2011-03-31",
    "sales" : 103.87,
    "salesGrowthYoY" : 45.66,
    "grossProfitMargin" : 61.71,
    "grossProfit" : 64.10,
    "operatingProfitMargin" : 11.47,
    "operatingProfit" : 11.91,
    "netProfitMargin" : 6.29,
    "netProfit" : 6.53
  }, {
    "date" : "2011-06-30",
    "sales" : 109.02,
    "salesGrowthYoY" : 7.03,
    "grossProfitMargin" : 33.53,
    "grossProfit" : 36.55,
    "operatingProfitMargin" : 14.47,
    "operatingProfit" : 15.78,
    "netProfitMargin" : 8.30,
    "netProfit" : 9.05
  }, {
    "date" : "2011-09-30",
    "sales" : 147.31,
    "salesGrowthYoY" : 9.30,
    "grossProfitMargin" : 27.10,
    "grossProfit" : 39.92,
    "operatingProfitMargin" : 10.07,
    "operatingProfit" : 14.83,
    "netProfitMargin" : 6.10,
    "netProfit" : 8.99
  }, {
    "date" : "2011-12-31",
    "sales" : 91.00,
    "salesGrowthYoY" : -17.52,
    "grossProfitMargin" : 38.46,
    "grossProfit" : 35.00,
    "operatingProfitMargin" : 16.22,
    "operatingProfit" : 14.76,
    "netProfitMargin" : 9.04,
    "netProfit" : 8.23
  }, {
    "date" : "2012-03-31",
    "sales" : 94.80,
    "salesGrowthYoY" : -8.73,
    "grossProfitMargin" : 40.89,
    "grossProfit" : 38.76,
    "operatingProfitMargin" : 3.79,
    "operatingProfit" : 3.59,
    "netProfitMargin" : 0.28,
    "netProfit" : 0.27
  }, {
    "date" : "2012-06-30",
    "sales" : 126.29,
    "salesGrowthYoY" : 15.84,
    "grossProfitMargin" : 28.74,
    "grossProfit" : 36.30,
    "operatingProfitMargin" : 9.14,
    "operatingProfit" : 11.54,
    "netProfitMargin" : 4.31,
    "netProfit" : 5.44
  }, {
    "date" : "2012-09-30",
    "sales" : 145.74,
    "salesGrowthYoY" : -1.07,
    "grossProfitMargin" : 28.41,
    "grossProfit" : 41.40,
    "operatingProfitMargin" : 11.62,
    "operatingProfit" : 16.93,
    "netProfitMargin" : 6.68,
    "netProfit" : 9.74
  }, {
    "date" : "2012-12-31",
    "sales" : 105.75,
    "salesGrowthYoY" : 16.21,
    "grossProfitMargin" : 30.89,
    "grossProfit" : 32.67,
    "operatingProfitMargin" : 12.75,
    "operatingProfit" : 13.48,
    "netProfitMargin" : 6.65,
    "netProfit" : 7.03
  }, {
    "date" : "2013-03-31",
    "sales" : 84.54,
    "salesGrowthYoY" : -10.82,
    "grossProfitMargin" : 31.85,
    "grossProfit" : 26.93,
    "operatingProfitMargin" : 6.87,
    "operatingProfit" : 5.81,
    "netProfitMargin" : 4.73,
    "netProfit" : 4.00
  }, {
    "date" : "2013-06-30",
    "sales" : 107.26,
    "salesGrowthYoY" : -15.07,
    "grossProfitMargin" : 23.71,
    "grossProfit" : 25.43,
    "operatingProfitMargin" : 9.14,
    "operatingProfit" : 9.80,
    "netProfitMargin" : 5.06,
    "netProfit" : 5.43
  }, {
    "date" : "2013-09-30",
    "sales" : 174.29,
    "salesGrowthYoY" : 19.59,
    "grossProfitMargin" : 19.19,
    "grossProfit" : 33.45,
    "operatingProfitMargin" : 7.48,
    "operatingProfit" : 13.04,
    "netProfitMargin" : 4.46,
    "netProfit" : 7.77
  }, {
    "date" : "2013-12-31",
    "sales" : 129.07,
    "salesGrowthYoY" : 22.05,
    "grossProfitMargin" : 27.14,
    "grossProfit" : 35.03,
    "operatingProfitMargin" : 12.57,
    "operatingProfit" : 16.22,
    "netProfitMargin" : 7.01,
    "netProfit" : 9.05
  }, {
    "date" : "2014-03-31",
    "sales" : 96.27,
    "salesGrowthYoY" : 13.88,
    "grossProfitMargin" : 29.42,
    "grossProfit" : 28.32,
    "operatingProfitMargin" : 6.41,
    "operatingProfit" : 6.17,
    "netProfitMargin" : 4.19,
    "netProfit" : 4.03
  }, {
    "date" : "2014-06-30",
    "sales" : 131.40,
    "salesGrowthYoY" : 22.51,
    "grossProfitMargin" : 20.21,
    "grossProfit" : 26.56,
    "operatingProfitMargin" : 6.83,
    "operatingProfit" : 8.97,
    "netProfitMargin" : 2.71,
    "netProfit" : 3.56
  }, {
    "date" : "2014-09-30",
    "sales" : 215.05,
    "salesGrowthYoY" : 23.39,
    "grossProfitMargin" : 17.87,
    "grossProfit" : 38.43,
    "operatingProfitMargin" : 6.90,
    "operatingProfit" : 14.84,
    "netProfitMargin" : 3.73,
    "netProfit" : 8.02
  }, {
    "date" : "2014-12-31",
    "sales" : 140.40,
    "salesGrowthYoY" : 8.78,
    "grossProfitMargin" : 24.06,
    "grossProfit" : 33.78,
    "operatingProfitMargin" : 5.56,
    "operatingProfit" : 7.81,
    "netProfitMargin" : 0.89,
    "netProfit" : 1.25
  }, {
    "date" : "2015-03-31",
    "sales" : 105.97,
    "salesGrowthYoY" : 10.08,
    "grossProfitMargin" : 31.15,
    "grossProfit" : 33.01,
    "operatingProfitMargin" : 6.20,
    "operatingProfit" : 6.57,
    "netProfitMargin" : 2.59,
    "netProfit" : 2.74
  }, {
    "date" : "2015-06-30",
    "sales" : 152.99,
    "salesGrowthYoY" : 16.43,
    "grossProfitMargin" : 23.83,
    "grossProfit" : 36.46,
    "operatingProfitMargin" : 8.55,
    "operatingProfit" : 13.08,
    "netProfitMargin" : 4.78,
    "netProfit" : 7.31
  }, {
    "date" : "2015-09-30",
    "sales" : 185.25,
    "salesGrowthYoY" : -13.86,
    "grossProfitMargin" : 22.54,
    "grossProfit" : 41.76,
    "operatingProfitMargin" : 7.09,
    "operatingProfit" : 13.13,
    "netProfitMargin" : 3.92,
    "netProfit" : 7.26
  }, {
    "date" : "2015-12-31",
    "sales" : 148.99,
    "salesGrowthYoY" : 6.12,
    "grossProfitMargin" : 28.02,
    "grossProfit" : 41.75,
    "operatingProfitMargin" : 9.63,
    "operatingProfit" : 14.35,
    "netProfitMargin" : 5.46,
    "netProfit" : 8.13
  }, {
    "date" : "2016-03-31",
    "sales" : 133.04,
    "salesGrowthYoY" : 25.54,
    "grossProfitMargin" : 36.16,
    "grossProfit" : 48.11,
    "operatingProfitMargin" : 8.16,
    "operatingProfit" : 10.86,
    "netProfitMargin" : 4.96,
    "netProfit" : 6.60
  }, {
    "date" : "2016-06-30",
    "sales" : 273.43,
    "salesGrowthYoY" : 78.72,
    "grossProfitMargin" : 17.77,
    "grossProfit" : 48.59,
    "operatingProfitMargin" : 6.26,
    "operatingProfit" : 17.12,
    "netProfitMargin" : 3.72,
    "netProfit" : 10.17
  }, {
    "date" : "2016-09-30",
    "sales" : 354.08,
    "salesGrowthYoY" : 91.14,
    "grossProfitMargin" : 15.26,
    "grossProfit" : 54.03,
    "operatingProfitMargin" : 4.40,
    "operatingProfit" : 15.58,
    "netProfitMargin" : 2.80,
    "netProfit" : 9.91
  }, {
    "date" : "2016-12-31",
    "sales" : 197.48,
    "salesGrowthYoY" : 32.55,
    "grossProfitMargin" : 25.11,
    "grossProfit" : 49.59,
    "operatingProfitMargin" : 6.94,
    "operatingProfit" : 13.71,
    "netProfitMargin" : 4.68,
    "netProfit" : 9.24
  }, {
    "date" : "2017-03-31",
    "sales" : 145.64,
    "salesGrowthYoY" : 9.47,
    "grossProfitMargin" : 30.52,
    "grossProfit" : 44.45,
    "operatingProfitMargin" : 3.34,
    "operatingProfit" : 4.86,
    "netProfitMargin" : 2.29,
    "netProfit" : 3.34
  }, {
    "date" : "2017-06-30",
    "sales" : 227.61,
    "salesGrowthYoY" : -16.76,
    "grossProfitMargin" : 22.53,
    "grossProfit" : 51.28,
    "operatingProfitMargin" : 5.65,
    "operatingProfit" : 12.86,
    "netProfitMargin" : 3.19,
    "netProfit" : 7.26
  }, {
    "date" : "2017-09-30",
    "sales" : 293.51,
    "salesGrowthYoY" : -17.11,
    "grossProfitMargin" : 22.70,
    "grossProfit" : 66.63,
    "operatingProfitMargin" : 6.77,
    "operatingProfit" : 19.87,
    "netProfitMargin" : 3.91,
    "netProfit" : 11.48
  }, {
    "date" : "2017-12-31",
    "sales" : 188.68,
    "salesGrowthYoY" : -4.46,
    "grossProfitMargin" : 31.81,
    "grossProfit" : 60.02,
    "operatingProfitMargin" : 6.59,
    "operatingProfit" : 12.43,
    "netProfitMargin" : 2.82,
    "netProfit" : 5.32
  }, {
    "date" : "2018-03-31",
    "sales" : 179.30,
    "salesGrowthYoY" : 23.11,
    "grossProfitMargin" : 35.15,
    "grossProfit" : 63.02,
    "operatingProfitMargin" : 7.19,
    "operatingProfit" : 12.89,
    "netProfitMargin" : 4.18,
    "netProfit" : 7.49
  }, {
    "date" : "2018-06-30",
    "sales" : 273.54,
    "salesGrowthYoY" : 20.18,
    "grossProfitMargin" : 23.97,
    "grossProfit" : 65.57,
    "operatingProfitMargin" : 6.91,
    "operatingProfit" : 18.90,
    "netProfitMargin" : 4.32,
    "netProfit" : 11.82
  }, {
    "date" : "2018-09-30",
    "sales" : 271.49,
    "salesGrowthYoY" : -7.50,
    "grossProfitMargin" : 26.81,
    "grossProfit" : 72.79,
    "operatingProfitMargin" : 7.56,
    "operatingProfit" : 20.52,
    "netProfitMargin" : 4.24,
    "netProfit" : 11.51
  }, {
    "date" : "2018-12-31",
    "sales" : 205.69,
    "salesGrowthYoY" : 9.02,
    "grossProfitMargin" : 28.32,
    "grossProfit" : 58.25,
    "operatingProfitMargin" : 3.75,
    "operatingProfit" : 7.71,
    "netProfitMargin" : 1.94,
    "netProfit" : 3.99
  }, {
    "date" : "2019-03-31",
    "sales" : 173.85,
    "salesGrowthYoY" : -3.04,
    "grossProfitMargin" : 31.50,
    "grossProfit" : 54.76,
    "operatingProfitMargin" : -0.20,
    "operatingProfit" : -0.35,
    "netProfitMargin" : 3.38,
    "netProfit" : 5.88
  }, {
    "date" : "2019-06-30",
    "sales" : 217.43,
    "salesGrowthYoY" : -20.51,
    "grossProfitMargin" : 26.28,
    "grossProfit" : 57.14,
    "operatingProfitMargin" : 2.46,
    "operatingProfit" : 5.35,
    "netProfitMargin" : 1.56,
    "netProfit" : 3.39
  }, {
    "date" : "2019-09-30",
    "sales" : 298.42,
    "salesGrowthYoY" : 9.92,
    "grossProfitMargin" : 26.00,
    "grossProfit" : 77.59,
    "operatingProfitMargin" : 6.90,
    "operatingProfit" : 20.59,
    "netProfitMargin" : 4.84,
    "netProfit" : 14.44
  }, {
    "date" : "2019-12-31",
    "sales" : 251.46,
    "salesGrowthYoY" : 22.25,
    "grossProfitMargin" : 26.24,
    "grossProfit" : 65.98,
    "operatingProfitMargin" : 1.75,
    "operatingProfit" : 4.40,
    "netProfitMargin" : 2.45,
    "netProfit" : 6.16
  }, {
    "date" : "2020-03-31",
    "sales" : 195.45,
    "salesGrowthYoY" : 12.42,
    "grossProfitMargin" : 26.70,
    "grossProfit" : 52.19,
    "operatingProfitMargin" : -2.07,
    "operatingProfit" : -4.05,
    "netProfitMargin" : -0.28,
    "netProfit" : -0.55
  }, {
    "date" : "2020-06-30",
    "sales" : 94.93,
    "salesGrowthYoY" : -56.34,
    "grossProfitMargin" : 27.57,
    "grossProfit" : 26.17,
    "operatingProfitMargin" : -1.93,
    "operatingProfit" : -1.83,
    "netProfitMargin" : -1.51,
    "netProfit" : -1.43
  }, {
    "date" : "2020-09-30",
    "sales" : 207.67,
    "salesGrowthYoY" : -30.41,
    "grossProfitMargin" : 34.59,
    "grossProfit" : 71.83,
    "operatingProfitMargin" : 9.86,
    "operatingProfit" : 20.48,
    "netProfitMargin" : 8.15,
    "netProfit" : 16.93
  }, {
    "date" : "2020-12-31",
    "sales" : 200.48,
    "salesGrowthYoY" : -20.27,
    "grossProfitMargin" : 35.40,
    "grossProfit" : 70.97,
    "operatingProfitMargin" : 10.29,
    "operatingProfit" : 20.63,
    "netProfitMargin" : 8.52,
    "netProfit" : 17.08
  }, {
    "date" : "2021-03-31",
    "sales" : 190.64,
    "salesGrowthYoY" : -2.46,
    "grossProfitMargin" : 35.00,
    "grossProfit" : 66.72,
    "operatingProfitMargin" : 8.99,
    "operatingProfit" : 17.14,
    "netProfitMargin" : 7.56,
    "netProfit" : 14.41
  }, {
    "date" : "2021-06-30",
    "sales" : 228.20,
    "salesGrowthYoY" : 140.39,
    "grossProfitMargin" : 30.96,
    "grossProfit" : 70.65,
    "operatingProfitMargin" : 9.81,
    "operatingProfit" : 22.39,
    "netProfitMargin" : 7.13,
    "netProfit" : 16.27
  }, {
    "date" : "2021-09-30",
    "sales" : 297.36,
    "salesGrowthYoY" : 43.19,
    "grossProfitMargin" : 28.76,
    "grossProfit" : 85.52,
    "operatingProfitMargin" : 8.34,
    "operatingProfit" : 24.80,
    "netProfitMargin" : 7.22,
    "netProfit" : 21.47
  }, {
    "date" : "2021-12-31",
    "sales" : 256.64,
    "salesGrowthYoY" : 28.01,
    "grossProfitMargin" : 33.88,
    "grossProfit" : 86.95,
    "operatingProfitMargin" : 4.36,
    "operatingProfit" : 11.19,
    "netProfitMargin" : 3.50,
    "netProfit" : 8.98
  }, {
    "date" : "2022-03-31",
    "sales" : 227.89,
    "salesGrowthYoY" : 19.54,
    "grossProfitMargin" : 39.02,
    "grossProfit" : 88.92,
    "operatingProfitMargin" : 8.26,
    "operatingProfit" : 18.82,
    "netProfitMargin" : 4.57,
    "netProfit" : 10.41
  }, {
    "date" : "2022-06-30",
    "sales" : 333.61,
    "salesGrowthYoY" : 46.19,
    "grossProfitMargin" : 28.29,
    "grossProfit" : 94.38,
    "operatingProfitMargin" : 6.28,
    "operatingProfit" : 20.95,
    "netProfitMargin" : 4.54,
    "netProfit" : 15.15
  }, {
    "date" : "2022-09-30",
    "sales" : 406.18,
    "salesGrowthYoY" : 36.60,
    "grossProfitMargin" : 27.69,
    "grossProfit" : 112.47,
    "operatingProfitMargin" : 5.36,
    "operatingProfit" : 21.77,
    "netProfitMargin" : 4.07,
    "netProfit" : 16.53
  }, {
    "date" : "2022-12-31",
    "sales" : 280.65,
    "salesGrowthYoY" : 9.36,
    "grossProfitMargin" : 33.50,
    "grossProfit" : 94.02,
    "operatingProfitMargin" : 5.63,
    "operatingProfit" : 15.80,
    "netProfitMargin" : 3.18,
    "netProfit" : 8.92
  }, {
    "date" : "2023-03-31",
    "sales" : 226.02,
    "salesGrowthYoY" : -0.82,
    "grossProfitMargin" : 35.15,
    "grossProfit" : 79.45,
    "operatingProfitMargin" : 7.24,
    "operatingProfit" : 16.36,
    "netProfitMargin" : 4.60,
    "netProfit" : 10.40
  }, {
    "date" : "2023-06-30",
    "sales" : 230.72,
    "salesGrowthYoY" : -30.84,
    "grossProfitMargin" : 33.62,
    "grossProfit" : 77.57,
    "operatingProfitMargin" : -1.14,
    "operatingProfit" : -2.63,
    "netProfitMargin" : -1.00,
    "netProfit" : -2.31
  }, {
    "date" : "2023-09-30",
    "sales" : 239.09,
    "salesGrowthYoY" : -41.14,
    "grossProfitMargin" : 34.53,
    "grossProfit" : 82.56,
    "operatingProfitMargin" : -0.21,
    "operatingProfit" : -0.50,
    "netProfitMargin" : -0.86,
    "netProfit" : -2.06
  }, {
    "date" : "2023-12-31",
    "sales" : 244.49,
    "salesGrowthYoY" : -12.88,
    "grossProfitMargin" : 27.65,
    "grossProfit" : 67.60,
    "operatingProfitMargin" : -2.00,
    "operatingProfit" : -4.89,
    "netProfitMargin" : -2.05,
    "netProfit" : -5.01
  }, {
    "date" : "2024-03-31",
    "sales" : 215.58,
    "salesGrowthYoY" : -4.62,
    "grossProfitMargin" : 32.13,
    "grossProfit" : 69.27,
    "operatingProfitMargin" : -2.49,
    "operatingProfit" : -5.37,
    "netProfitMargin" : -0.96,
    "netProfit" : -2.07
  }, {
    "date" : "2024-06-30",
    "sales" : 265.23,
    "salesGrowthYoY" : 14.96,
    "grossProfitMargin" : 26.61,
    "grossProfit" : 70.58,
    "operatingProfitMargin" : 3.83,
    "operatingProfit" : 10.16,
    "netProfitMargin" : 3.40,
    "netProfit" : 9.02
  }, {
    "date" : "2024-09-30",
    "sales" : 266.79,
    "salesGrowthYoY" : 11.59,
    "grossProfitMargin" : 26.81,
    "grossProfit" : 71.53,
    "operatingProfitMargin" : 2.21,
    "operatingProfit" : 5.90,
    "netProfitMargin" : 1.04,
    "netProfit" : 2.77
  }, {
    "date" : "2024-12-31",
    "sales" : 294.97,
    "salesGrowthYoY" : 20.65,
    "grossProfitMargin" : 29.04,
    "grossProfit" : 85.66,
    "operatingProfitMargin" : 4.79,
    "operatingProfit" : 14.13,
    "netProfitMargin" : 4.08,
    "netProfit" : 12.03
  }, {
    "date" : "2025-03-31",
    "sales" : 232.23,
    "salesGrowthYoY" : 7.72,
    "grossProfitMargin" : 33.26,
    "grossProfit" : 77.24,
    "operatingProfitMargin" : 4.30,
    "operatingProfit" : 9.99,
    "netProfitMargin" : 0.70,
    "netProfit" : 1.63
  }, {
    "date" : "2025-06-30",
    "sales" : 292.78,
    "salesGrowthYoY" : 10.39,
    "grossProfitMargin" : 30.37,
    "grossProfit" : 88.92,
    "operatingProfitMargin" : 7.84,
    "operatingProfit" : 22.95,
    "netProfitMargin" : 6.21,
    "netProfit" : 18.18
  }, {
    "date" : "2025-09-30",
    "sales" : 401.98,
    "salesGrowthYoY" : 50.67,
    "grossProfitMargin" : 30.43,
    "grossProfit" : 122.32,
    "operatingProfitMargin" : 9.49,
    "operatingProfit" : 38.15,
    "netProfitMargin" : 5.92,
    "netProfit" : 23.80
  } ],
  "latestQuarterlyResult" : {
    "date" : "2025-09-30",
    "sales" : 401.98,
    "salesGrowthYoY" : 50.67,
    "grossProfitMargin" : 30.43,
    "grossProfit" : 122.32,
    "operatingProfitMargin" : 9.49,
    "operatingProfit" : 38.15,
    "netProfitMargin" : 5.92,
    "netProfit" : 23.80
  },
  "companyScore" : {
    "priceHigherThanDma50" : 5.00,
    "priceHigherThanDma100" : 5.00,
    "priceHigherThanDma200" : 5.00,
    "dma50HigherThanDma100" : 5.00,
    "dma50HigherThanDma200" : 5.00,
    "dma100HigherThanDma200" : 5.00,
    "pricePercentageAboveDma50" : 4.17,
    "pricePercentageAboveDma100" : 3.17,
    "pricePercentageAboveDma200" : 2.23,
    "weeklyVolumeHigherThanYearlyVolume" : 5.00,
    "salesGrowthPercentile" : 18.23,
    "operatingProfitMarginPercentile" : 15.18,
    "netProfitMarginPercentile" : 7.95,
    "totalTechnicalScore" : 44.57,
    "totalFundamentalScore" : 41.36,
    "totalScore" : 85.93
  }
}