{
  "metadata" : {
    "screenerCompanyId" : "1393",
    "companyCode" : "IFBIND",
    "companyName" : "IFB Industries",
    "screenerCompanyLink" : "https://www.screener.in/company/IFBIND/",
    "screenerTechnicalHistoryLink" : "https://www.screener.in/api/company/1393/chart/?q=Price-DMA50-DMA200-Volume&days=365",
    "screenerQuarterlyResultsLink" : "https://www.screener.in/api/company/1393/chart/?q=GPM-OPM-NPM-Quarter+Sales&days=10000",
    "attributes" : {
      "companyCode" : "IFBIND",
      "companyName" : "IFB Industries",
      "marketCap" : 6501.00,
      "peRatio" : 49.30,
      "description" : "IFB Industries Limited originally known as Indian Fine Blanks Limited started its operations in India in 1974 in collaboration with Heinrich Schmid AG of Switzerland. [1] The company operates two businesses--manufacturing of consumer durables and producing fine blank components (part of engineering segment) and goods. It manufactures fine blanking components for two wheelers, four wheelers, heavy vehicles and electrical OEMs. The company has a diversified product portfolio, comprising front- and top-load washing machines, dryers, ACs, microwave ovens, dishwashers, modular kitchens and chimneys.[2]"
    },
    "companyScore" : {
      "priceHigherThanDma50" : 0.00,
      "priceHigherThanDma100" : 0.00,
      "priceHigherThanDma200" : 5.00,
      "dma50HigherThanDma100" : 5.00,
      "dma50HigherThanDma200" : 5.00,
      "dma100HigherThanDma200" : 5.00,
      "pricePercentageAboveDma50" : 5.23,
      "pricePercentageAboveDma100" : 5.04,
      "pricePercentageAboveDma200" : 4.95,
      "weeklyVolumeHigherThanYearlyVolume" : 0.00,
      "salesGrowthPercentile" : 9.06,
      "operatingProfitMarginPercentile" : 16.97,
      "netProfitMarginPercentile" : 8.25,
      "totalTechnicalScore" : 35.22,
      "totalFundamentalScore" : 34.28,
      "totalScore" : 69.51
    }
  },
  "attributes" : {
    "companyCode" : "IFBIND",
    "companyName" : "IFB Industries",
    "marketCap" : 6501.00,
    "peRatio" : 49.30,
    "description" : "IFB Industries Limited originally known as Indian Fine Blanks Limited started its operations in India in 1974 in collaboration with Heinrich Schmid AG of Switzerland. [1] The company operates two businesses--manufacturing of consumer durables and producing fine blank components (part of engineering segment) and goods. It manufactures fine blanking components for two wheelers, four wheelers, heavy vehicles and electrical OEMs. The company has a diversified product portfolio, comprising front- and top-load washing machines, dryers, ACs, microwave ovens, dishwashers, modular kitchens and chimneys.[2]"
  },
  "technicalHistory" : [ {
    "date" : "2024-12-17",
    "price" : 1798.75,
    "dma50" : 1770.44,
    "dma100" : null,
    "dma200" : 1642.36,
    "volume" : 27607.00
  }, {
    "date" : "2024-12-18",
    "price" : 1785.50,
    "dma50" : 1771.03,
    "dma100" : null,
    "dma200" : 1643.79,
    "volume" : 22594.00
  }, {
    "date" : "2024-12-19",
    "price" : 1770.90,
    "dma50" : 1771.03,
    "dma100" : null,
    "dma200" : 1645.05,
    "volume" : 21460.00
  }, {
    "date" : "2024-12-20",
    "price" : 1782.70,
    "dma50" : 1771.49,
    "dma100" : null,
    "dma200" : 1646.42,
    "volume" : 106707.00
  }, {
    "date" : "2024-12-23",
    "price" : 1821.15,
    "dma50" : 1773.43,
    "dma100" : null,
    "dma200" : 1648.16,
    "volume" : 75032.00
  }, {
    "date" : "2024-12-24",
    "price" : 1882.80,
    "dma50" : 1777.72,
    "dma100" : null,
    "dma200" : 1650.50,
    "volume" : 95419.00
  }, {
    "date" : "2024-12-26",
    "price" : 1936.90,
    "dma50" : 1783.96,
    "dma100" : null,
    "dma200" : 1653.35,
    "volume" : 117165.00
  }, {
    "date" : "2024-12-27",
    "price" : 1886.30,
    "dma50" : 1787.98,
    "dma100" : null,
    "dma200" : 1655.66,
    "volume" : 83953.00
  }, {
    "date" : "2024-12-30",
    "price" : 1833.00,
    "dma50" : 1789.74,
    "dma100" : null,
    "dma200" : 1657.43,
    "volume" : 31643.00
  }, {
    "date" : "2024-12-31",
    "price" : 1895.85,
    "dma50" : 1793.90,
    "dma100" : null,
    "dma200" : 1659.80,
    "volume" : 46029.00
  }, {
    "date" : "2025-01-01",
    "price" : 1897.85,
    "dma50" : 1797.98,
    "dma100" : null,
    "dma200" : 1662.17,
    "volume" : 26144.00
  }, {
    "date" : "2025-01-02",
    "price" : 1908.15,
    "dma50" : 1802.30,
    "dma100" : null,
    "dma200" : 1664.62,
    "volume" : 19778.00
  }, {
    "date" : "2025-01-03",
    "price" : 1904.55,
    "dma50" : 1806.31,
    "dma100" : null,
    "dma200" : 1667.00,
    "volume" : 17212.00
  }, {
    "date" : "2025-01-06",
    "price" : 1832.45,
    "dma50" : 1807.34,
    "dma100" : null,
    "dma200" : 1668.65,
    "volume" : 60097.00
  }, {
    "date" : "2025-01-07",
    "price" : 1903.35,
    "dma50" : 1811.10,
    "dma100" : null,
    "dma200" : 1670.99,
    "volume" : 37591.00
  }, {
    "date" : "2025-01-08",
    "price" : 1998.80,
    "dma50" : 1818.46,
    "dma100" : null,
    "dma200" : 1674.25,
    "volume" : 154985.00
  }, {
    "date" : "2025-01-09",
    "price" : 1981.15,
    "dma50" : 1824.84,
    "dma100" : null,
    "dma200" : 1677.30,
    "volume" : 53486.00
  }, {
    "date" : "2025-01-10",
    "price" : 1863.15,
    "dma50" : 1826.34,
    "dma100" : null,
    "dma200" : 1679.15,
    "volume" : 51659.00
  }, {
    "date" : "2025-01-13",
    "price" : 1728.55,
    "dma50" : 1822.51,
    "dma100" : null,
    "dma200" : 1679.64,
    "volume" : 44905.00
  }, {
    "date" : "2025-01-14",
    "price" : 1734.25,
    "dma50" : 1819.05,
    "dma100" : null,
    "dma200" : 1680.19,
    "volume" : 41828.00
  }, {
    "date" : "2025-01-15",
    "price" : 1662.15,
    "dma50" : 1812.90,
    "dma100" : null,
    "dma200" : 1680.01,
    "volume" : 75523.00
  }, {
    "date" : "2025-01-16",
    "price" : 1748.45,
    "dma50" : 1810.37,
    "dma100" : null,
    "dma200" : 1680.69,
    "volume" : 89071.00
  }, {
    "date" : "2025-01-17",
    "price" : 1764.15,
    "dma50" : 1808.56,
    "dma100" : null,
    "dma200" : 1681.52,
    "volume" : 82578.00
  }, {
    "date" : "2025-01-20",
    "price" : 1787.85,
    "dma50" : 1807.74,
    "dma100" : null,
    "dma200" : 1682.58,
    "volume" : 20490.00
  }, {
    "date" : "2025-01-21",
    "price" : 1780.85,
    "dma50" : 1806.69,
    "dma100" : null,
    "dma200" : 1683.55,
    "volume" : 28037.00
  }, {
    "date" : "2025-01-22",
    "price" : 1770.65,
    "dma50" : 1805.28,
    "dma100" : null,
    "dma200" : 1684.42,
    "volume" : 31052.00
  }, {
    "date" : "2025-01-23",
    "price" : 1793.55,
    "dma50" : 1804.82,
    "dma100" : null,
    "dma200" : 1685.51,
    "volume" : 26784.00
  }, {
    "date" : "2025-01-24",
    "price" : 1693.75,
    "dma50" : 1800.46,
    "dma100" : null,
    "dma200" : 1685.59,
    "volume" : 29677.00
  }, {
    "date" : "2025-01-27",
    "price" : 1576.70,
    "dma50" : 1791.69,
    "dma100" : null,
    "dma200" : 1684.51,
    "volume" : 41336.00
  }, {
    "date" : "2025-01-28",
    "price" : 1617.70,
    "dma50" : 1784.86,
    "dma100" : null,
    "dma200" : 1683.84,
    "volume" : 61944.00
  }, {
    "date" : "2025-01-29",
    "price" : 1380.90,
    "dma50" : 1769.02,
    "dma100" : null,
    "dma200" : 1680.83,
    "volume" : 326579.00
  }, {
    "date" : "2025-01-30",
    "price" : 1374.40,
    "dma50" : 1753.55,
    "dma100" : null,
    "dma200" : 1677.78,
    "volume" : 68341.00
  }, {
    "date" : "2025-01-31",
    "price" : 1384.75,
    "dma50" : 1739.08,
    "dma100" : null,
    "dma200" : 1674.86,
    "volume" : 281573.00
  }, {
    "date" : "2025-02-01",
    "price" : 1392.15,
    "dma50" : 1725.48,
    "dma100" : null,
    "dma200" : 1672.05,
    "volume" : 73118.00
  }, {
    "date" : "2025-02-03",
    "price" : 1385.95,
    "dma50" : 1712.16,
    "dma100" : null,
    "dma200" : 1669.20,
    "volume" : 43999.00
  }, {
    "date" : "2025-02-04",
    "price" : 1361.50,
    "dma50" : 1698.41,
    "dma100" : null,
    "dma200" : 1666.14,
    "volume" : 65755.00
  }, {
    "date" : "2025-02-05",
    "price" : 1388.10,
    "dma50" : 1686.24,
    "dma100" : null,
    "dma200" : 1663.37,
    "volume" : 34505.00
  }, {
    "date" : "2025-02-06",
    "price" : 1367.15,
    "dma50" : 1673.73,
    "dma100" : null,
    "dma200" : 1660.43,
    "volume" : 31046.00
  }, {
    "date" : "2025-02-07",
    "price" : 1316.50,
    "dma50" : 1659.72,
    "dma100" : null,
    "dma200" : 1657.00,
    "volume" : 55398.00
  }, {
    "date" : "2025-02-10",
    "price" : 1295.00,
    "dma50" : 1645.42,
    "dma100" : null,
    "dma200" : 1653.40,
    "volume" : 39586.00
  }, {
    "date" : "2025-02-11",
    "price" : 1222.70,
    "dma50" : 1628.84,
    "dma100" : null,
    "dma200" : 1649.12,
    "volume" : 71787.00
  }, {
    "date" : "2025-02-12",
    "price" : 1228.80,
    "dma50" : 1613.15,
    "dma100" : null,
    "dma200" : 1644.93,
    "volume" : 50111.00
  }, {
    "date" : "2025-02-13",
    "price" : 1241.55,
    "dma50" : 1598.58,
    "dma100" : null,
    "dma200" : 1640.92,
    "volume" : 48552.00
  }, {
    "date" : "2025-02-14",
    "price" : 1197.00,
    "dma50" : 1582.83,
    "dma100" : null,
    "dma200" : 1636.50,
    "volume" : 55123.00
  }, {
    "date" : "2025-02-17",
    "price" : 1186.45,
    "dma50" : 1567.29,
    "dma100" : null,
    "dma200" : 1632.02,
    "volume" : 52613.00
  }, {
    "date" : "2025-02-18",
    "price" : 1168.00,
    "dma50" : 1551.63,
    "dma100" : null,
    "dma200" : 1627.41,
    "volume" : 23804.00
  }, {
    "date" : "2025-02-19",
    "price" : 1199.80,
    "dma50" : 1537.83,
    "dma100" : null,
    "dma200" : 1623.15,
    "volume" : 177720.00
  }, {
    "date" : "2025-02-20",
    "price" : 1184.85,
    "dma50" : 1523.99,
    "dma100" : null,
    "dma200" : 1618.79,
    "volume" : 37168.00
  }, {
    "date" : "2025-02-21",
    "price" : 1191.40,
    "dma50" : 1510.95,
    "dma100" : null,
    "dma200" : 1614.54,
    "volume" : 49696.00
  }, {
    "date" : "2025-02-24",
    "price" : 1166.15,
    "dma50" : 1497.42,
    "dma100" : null,
    "dma200" : 1610.08,
    "volume" : 40390.00
  }, {
    "date" : "2025-02-25",
    "price" : 1145.75,
    "dma50" : 1483.63,
    "dma100" : null,
    "dma200" : 1605.46,
    "volume" : 145153.00
  }, {
    "date" : "2025-02-27",
    "price" : 1104.60,
    "dma50" : 1468.77,
    "dma100" : null,
    "dma200" : 1600.47,
    "volume" : 128520.00
  }, {
    "date" : "2025-02-28",
    "price" : 1070.55,
    "dma50" : 1453.15,
    "dma100" : null,
    "dma200" : 1595.20,
    "volume" : 82068.00
  }, {
    "date" : "2025-03-03",
    "price" : 1074.75,
    "dma50" : 1438.31,
    "dma100" : null,
    "dma200" : 1590.02,
    "volume" : 62404.00
  }, {
    "date" : "2025-03-04",
    "price" : 1096.05,
    "dma50" : 1424.89,
    "dma100" : null,
    "dma200" : 1585.11,
    "volume" : 47591.00
  }, {
    "date" : "2025-03-05",
    "price" : 1128.75,
    "dma50" : 1413.28,
    "dma100" : null,
    "dma200" : 1580.57,
    "volume" : 229538.00
  }, {
    "date" : "2025-03-06",
    "price" : 1148.70,
    "dma50" : 1402.90,
    "dma100" : null,
    "dma200" : 1576.27,
    "volume" : 57436.00
  }, {
    "date" : "2025-03-07",
    "price" : 1137.55,
    "dma50" : 1392.50,
    "dma100" : null,
    "dma200" : 1571.90,
    "volume" : 49587.00
  }, {
    "date" : "2025-03-10",
    "price" : 1112.00,
    "dma50" : 1381.50,
    "dma100" : null,
    "dma200" : 1567.33,
    "volume" : 51767.00
  }, {
    "date" : "2025-03-11",
    "price" : 1115.60,
    "dma50" : 1371.07,
    "dma100" : null,
    "dma200" : 1562.83,
    "volume" : 49996.00
  }, {
    "date" : "2025-03-12",
    "price" : 1098.10,
    "dma50" : 1360.36,
    "dma100" : null,
    "dma200" : 1558.21,
    "volume" : 63481.00
  }, {
    "date" : "2025-03-13",
    "price" : 1106.95,
    "dma50" : 1350.43,
    "dma100" : null,
    "dma200" : 1553.72,
    "volume" : 121992.00
  }, {
    "date" : "2025-03-17",
    "price" : 1106.45,
    "dma50" : 1340.86,
    "dma100" : null,
    "dma200" : 1549.27,
    "volume" : 261014.00
  }, {
    "date" : "2025-03-18",
    "price" : 1136.65,
    "dma50" : 1332.85,
    "dma100" : null,
    "dma200" : 1545.16,
    "volume" : 205717.00
  }, {
    "date" : "2025-03-19",
    "price" : 1157.70,
    "dma50" : 1325.98,
    "dma100" : null,
    "dma200" : 1541.31,
    "volume" : 75508.00
  }, {
    "date" : "2025-03-20",
    "price" : 1229.75,
    "dma50" : 1322.21,
    "dma100" : null,
    "dma200" : 1538.21,
    "volume" : 273398.00
  }, {
    "date" : "2025-03-21",
    "price" : 1264.85,
    "dma50" : 1319.96,
    "dma100" : null,
    "dma200" : 1535.49,
    "volume" : 139762.00
  }, {
    "date" : "2025-03-24",
    "price" : 1306.80,
    "dma50" : 1319.44,
    "dma100" : null,
    "dma200" : 1533.21,
    "volume" : 132483.00
  }, {
    "date" : "2025-03-25",
    "price" : 1294.85,
    "dma50" : 1318.48,
    "dma100" : null,
    "dma200" : 1530.84,
    "volume" : 113917.00
  }, {
    "date" : "2025-03-26",
    "price" : 1258.05,
    "dma50" : 1316.11,
    "dma100" : null,
    "dma200" : 1528.13,
    "volume" : 59430.00
  }, {
    "date" : "2025-03-27",
    "price" : 1275.45,
    "dma50" : 1314.51,
    "dma100" : null,
    "dma200" : 1525.61,
    "volume" : 68240.00
  }, {
    "date" : "2025-03-28",
    "price" : 1329.65,
    "dma50" : 1315.11,
    "dma100" : null,
    "dma200" : 1523.66,
    "volume" : 252927.00
  }, {
    "date" : "2025-04-01",
    "price" : 1294.15,
    "dma50" : 1314.29,
    "dma100" : null,
    "dma200" : 1521.38,
    "volume" : 96453.00
  }, {
    "date" : "2025-04-02",
    "price" : 1303.15,
    "dma50" : 1313.85,
    "dma100" : null,
    "dma200" : 1519.21,
    "volume" : 49309.00
  }, {
    "date" : "2025-04-03",
    "price" : 1314.65,
    "dma50" : 1313.88,
    "dma100" : null,
    "dma200" : 1517.17,
    "volume" : 100436.00
  }, {
    "date" : "2025-04-04",
    "price" : 1272.85,
    "dma50" : 1312.27,
    "dma100" : null,
    "dma200" : 1514.74,
    "volume" : 125070.00
  }, {
    "date" : "2025-04-07",
    "price" : 1206.50,
    "dma50" : 1308.12,
    "dma100" : null,
    "dma200" : 1511.67,
    "volume" : 73809.00
  }, {
    "date" : "2025-04-08",
    "price" : 1274.15,
    "dma50" : 1306.79,
    "dma100" : null,
    "dma200" : 1509.31,
    "volume" : 55878.00
  }, {
    "date" : "2025-04-09",
    "price" : 1248.35,
    "dma50" : 1304.50,
    "dma100" : null,
    "dma200" : 1506.71,
    "volume" : 28485.00
  }, {
    "date" : "2025-04-11",
    "price" : 1289.95,
    "dma50" : 1303.93,
    "dma100" : null,
    "dma200" : 1504.56,
    "volume" : 44217.00
  }, {
    "date" : "2025-04-15",
    "price" : 1333.20,
    "dma50" : 1305.08,
    "dma100" : null,
    "dma200" : 1502.85,
    "volume" : 37567.00
  }, {
    "date" : "2025-04-16",
    "price" : 1360.70,
    "dma50" : 1307.26,
    "dma100" : null,
    "dma200" : 1501.44,
    "volume" : 56123.00
  }, {
    "date" : "2025-04-17",
    "price" : 1359.20,
    "dma50" : 1309.30,
    "dma100" : null,
    "dma200" : 1500.02,
    "volume" : 52473.00
  }, {
    "date" : "2025-04-21",
    "price" : 1371.30,
    "dma50" : 1311.73,
    "dma100" : null,
    "dma200" : 1498.74,
    "volume" : 56817.00
  }, {
    "date" : "2025-04-22",
    "price" : 1385.80,
    "dma50" : 1314.63,
    "dma100" : null,
    "dma200" : 1497.62,
    "volume" : 54133.00
  }, {
    "date" : "2025-04-23",
    "price" : 1361.90,
    "dma50" : 1316.49,
    "dma100" : null,
    "dma200" : 1496.27,
    "volume" : 41885.00
  }, {
    "date" : "2025-04-24",
    "price" : 1337.00,
    "dma50" : 1317.29,
    "dma100" : null,
    "dma200" : 1494.68,
    "volume" : 237560.00
  }, {
    "date" : "2025-04-25",
    "price" : 1272.30,
    "dma50" : 1315.53,
    "dma100" : null,
    "dma200" : 1492.47,
    "volume" : 53135.00
  }, {
    "date" : "2025-04-28",
    "price" : 1321.00,
    "dma50" : 1315.74,
    "dma100" : null,
    "dma200" : 1490.76,
    "volume" : 52646.00
  }, {
    "date" : "2025-04-29",
    "price" : 1319.40,
    "dma50" : 1315.88,
    "dma100" : null,
    "dma200" : 1489.06,
    "volume" : 28867.00
  }, {
    "date" : "2025-04-30",
    "price" : 1292.40,
    "dma50" : 1314.96,
    "dma100" : null,
    "dma200" : 1487.10,
    "volume" : 24473.00
  }, {
    "date" : "2025-05-02",
    "price" : 1272.00,
    "dma50" : 1313.28,
    "dma100" : null,
    "dma200" : 1484.96,
    "volume" : 25379.00
  }, {
    "date" : "2025-05-05",
    "price" : 1274.30,
    "dma50" : 1311.75,
    "dma100" : null,
    "dma200" : 1482.86,
    "volume" : 25117.00
  }, {
    "date" : "2025-05-06",
    "price" : 1256.90,
    "dma50" : 1309.60,
    "dma100" : null,
    "dma200" : 1480.62,
    "volume" : 44574.00
  }, {
    "date" : "2025-05-07",
    "price" : 1268.00,
    "dma50" : 1307.97,
    "dma100" : null,
    "dma200" : 1478.50,
    "volume" : 21795.00
  }, {
    "date" : "2025-05-08",
    "price" : 1278.40,
    "dma50" : 1306.81,
    "dma100" : null,
    "dma200" : 1476.51,
    "volume" : 35206.00
  }, {
    "date" : "2025-05-09",
    "price" : 1246.10,
    "dma50" : 1304.43,
    "dma100" : null,
    "dma200" : 1474.22,
    "volume" : 27971.00
  }, {
    "date" : "2025-05-12",
    "price" : 1334.10,
    "dma50" : 1305.59,
    "dma100" : null,
    "dma200" : 1472.82,
    "volume" : 60926.00
  }, {
    "date" : "2025-05-13",
    "price" : 1344.50,
    "dma50" : 1307.12,
    "dma100" : null,
    "dma200" : 1471.55,
    "volume" : 31382.00
  }, {
    "date" : "2025-05-14",
    "price" : 1337.00,
    "dma50" : 1308.29,
    "dma100" : null,
    "dma200" : 1470.21,
    "volume" : 31175.00
  }, {
    "date" : "2025-05-15",
    "price" : 1362.80,
    "dma50" : 1310.43,
    "dma100" : 1417.68,
    "dma200" : 1469.14,
    "volume" : 35353.00
  }, {
    "date" : "2025-05-16",
    "price" : 1372.40,
    "dma50" : 1312.86,
    "dma100" : 1413.55,
    "dma200" : 1468.18,
    "volume" : 22732.00
  }, {
    "date" : "2025-05-19",
    "price" : 1388.20,
    "dma50" : 1315.81,
    "dma100" : 1409.72,
    "dma200" : 1467.38,
    "volume" : 40091.00
  }, {
    "date" : "2025-05-20",
    "price" : 1356.10,
    "dma50" : 1317.39,
    "dma100" : 1405.45,
    "dma200" : 1466.27,
    "volume" : 17678.00
  }, {
    "date" : "2025-05-21",
    "price" : 1352.20,
    "dma50" : 1318.76,
    "dma100" : 1400.76,
    "dma200" : 1465.14,
    "volume" : 35569.00
  }, {
    "date" : "2025-05-22",
    "price" : 1348.70,
    "dma50" : 1319.93,
    "dma100" : 1395.42,
    "dma200" : 1463.98,
    "volume" : 20510.00
  }, {
    "date" : "2025-05-23",
    "price" : 1366.00,
    "dma50" : 1321.74,
    "dma100" : 1389.71,
    "dma200" : 1463.00,
    "volume" : 37941.00
  }, {
    "date" : "2025-05-26",
    "price" : 1344.50,
    "dma50" : 1322.63,
    "dma100" : 1384.30,
    "dma200" : 1461.82,
    "volume" : 33713.00
  }, {
    "date" : "2025-05-27",
    "price" : 1349.10,
    "dma50" : 1323.67,
    "dma100" : 1379.46,
    "dma200" : 1460.70,
    "volume" : 28223.00
  }, {
    "date" : "2025-05-28",
    "price" : 1349.50,
    "dma50" : 1324.68,
    "dma100" : 1373.99,
    "dma200" : 1459.60,
    "volume" : 64465.00
  }, {
    "date" : "2025-05-29",
    "price" : 1360.80,
    "dma50" : 1326.10,
    "dma100" : 1368.62,
    "dma200" : 1458.61,
    "volume" : 243758.00
  }, {
    "date" : "2025-05-30",
    "price" : 1396.90,
    "dma50" : 1328.87,
    "dma100" : 1363.51,
    "dma200" : 1458.00,
    "volume" : 67540.00
  }, {
    "date" : "2025-06-02",
    "price" : 1547.70,
    "dma50" : 1337.46,
    "dma100" : 1359.94,
    "dma200" : 1458.89,
    "volume" : 633766.00
  }, {
    "date" : "2025-06-03",
    "price" : 1557.20,
    "dma50" : 1346.07,
    "dma100" : 1357.19,
    "dma200" : 1459.87,
    "volume" : 203810.00
  }, {
    "date" : "2025-06-04",
    "price" : 1528.90,
    "dma50" : 1353.24,
    "dma100" : 1353.45,
    "dma200" : 1460.56,
    "volume" : 88195.00
  }, {
    "date" : "2025-06-05",
    "price" : 1568.10,
    "dma50" : 1361.67,
    "dma100" : 1349.14,
    "dma200" : 1461.63,
    "volume" : 133247.00
  }, {
    "date" : "2025-06-06",
    "price" : 1534.80,
    "dma50" : 1368.46,
    "dma100" : 1344.68,
    "dma200" : 1462.36,
    "volume" : 87403.00
  }, {
    "date" : "2025-06-09",
    "price" : 1535.50,
    "dma50" : 1375.01,
    "dma100" : 1341.40,
    "dma200" : 1463.08,
    "volume" : 57112.00
  }, {
    "date" : "2025-06-10",
    "price" : 1610.10,
    "dma50" : 1384.23,
    "dma100" : 1340.21,
    "dma200" : 1464.55,
    "volume" : 430949.00
  }, {
    "date" : "2025-06-11",
    "price" : 1659.10,
    "dma50" : 1395.01,
    "dma100" : 1339.46,
    "dma200" : 1466.48,
    "volume" : 390848.00
  }, {
    "date" : "2025-06-12",
    "price" : 1618.90,
    "dma50" : 1403.79,
    "dma100" : 1339.03,
    "dma200" : 1468.00,
    "volume" : 58360.00
  }, {
    "date" : "2025-06-13",
    "price" : 1593.20,
    "dma50" : 1411.21,
    "dma100" : 1337.48,
    "dma200" : 1469.24,
    "volume" : 33643.00
  }, {
    "date" : "2025-06-16",
    "price" : 1608.90,
    "dma50" : 1418.97,
    "dma100" : 1335.93,
    "dma200" : 1470.63,
    "volume" : 40550.00
  }, {
    "date" : "2025-06-17",
    "price" : 1594.30,
    "dma50" : 1425.84,
    "dma100" : 1333.99,
    "dma200" : 1471.86,
    "volume" : 30277.00
  }, {
    "date" : "2025-06-18",
    "price" : 1579.80,
    "dma50" : 1431.88,
    "dma100" : 1331.98,
    "dma200" : 1472.94,
    "volume" : 22823.00
  }, {
    "date" : "2025-06-19",
    "price" : 1562.20,
    "dma50" : 1436.99,
    "dma100" : 1329.90,
    "dma200" : 1473.83,
    "volume" : 34263.00
  }, {
    "date" : "2025-06-20",
    "price" : 1565.20,
    "dma50" : 1442.02,
    "dma100" : 1327.61,
    "dma200" : 1474.74,
    "volume" : 29980.00
  }, {
    "date" : "2025-06-23",
    "price" : 1548.20,
    "dma50" : 1446.18,
    "dma100" : 1326.16,
    "dma200" : 1475.47,
    "volume" : 18592.00
  }, {
    "date" : "2025-06-24",
    "price" : 1560.90,
    "dma50" : 1450.68,
    "dma100" : 1326.00,
    "dma200" : 1476.32,
    "volume" : 21430.00
  }, {
    "date" : "2025-06-25",
    "price" : 1584.00,
    "dma50" : 1455.91,
    "dma100" : 1325.66,
    "dma200" : 1477.39,
    "volume" : 29548.00
  }, {
    "date" : "2025-06-26",
    "price" : 1575.10,
    "dma50" : 1460.58,
    "dma100" : 1327.60,
    "dma200" : 1478.36,
    "volume" : 46103.00
  }, {
    "date" : "2025-06-27",
    "price" : 1553.90,
    "dma50" : 1464.24,
    "dma100" : 1329.40,
    "dma200" : 1479.11,
    "volume" : 24499.00
  }, {
    "date" : "2025-06-30",
    "price" : 1544.00,
    "dma50" : 1467.37,
    "dma100" : 1330.99,
    "dma200" : 1479.76,
    "volume" : 13244.00
  }, {
    "date" : "2025-07-01",
    "price" : 1558.60,
    "dma50" : 1470.95,
    "dma100" : 1332.66,
    "dma200" : 1480.54,
    "volume" : 58949.00
  }, {
    "date" : "2025-07-02",
    "price" : 1542.40,
    "dma50" : 1473.75,
    "dma100" : 1334.22,
    "dma200" : 1481.16,
    "volume" : 20033.00
  }, {
    "date" : "2025-07-03",
    "price" : 1504.60,
    "dma50" : 1474.96,
    "dma100" : 1335.65,
    "dma200" : 1481.39,
    "volume" : 30741.00
  }, {
    "date" : "2025-07-04",
    "price" : 1548.10,
    "dma50" : 1477.83,
    "dma100" : 1337.25,
    "dma200" : 1482.05,
    "volume" : 39993.00
  }, {
    "date" : "2025-07-07",
    "price" : 1509.20,
    "dma50" : 1479.06,
    "dma100" : 1338.67,
    "dma200" : 1482.32,
    "volume" : 17804.00
  }, {
    "date" : "2025-07-08",
    "price" : 1514.20,
    "dma50" : 1480.44,
    "dma100" : 1340.65,
    "dma200" : 1482.64,
    "volume" : 24663.00
  }, {
    "date" : "2025-07-09",
    "price" : 1520.30,
    "dma50" : 1482.00,
    "dma100" : 1342.90,
    "dma200" : 1483.02,
    "volume" : 36875.00
  }, {
    "date" : "2025-07-10",
    "price" : 1533.80,
    "dma50" : 1484.03,
    "dma100" : 1346.01,
    "dma200" : 1483.52,
    "volume" : 27077.00
  }, {
    "date" : "2025-07-11",
    "price" : 1496.80,
    "dma50" : 1484.53,
    "dma100" : 1348.69,
    "dma200" : 1483.65,
    "volume" : 15625.00
  }, {
    "date" : "2025-07-14",
    "price" : 1510.80,
    "dma50" : 1485.56,
    "dma100" : 1351.38,
    "dma200" : 1483.92,
    "volume" : 19074.00
  }, {
    "date" : "2025-07-15",
    "price" : 1522.80,
    "dma50" : 1487.02,
    "dma100" : 1354.64,
    "dma200" : 1484.31,
    "volume" : 50116.00
  }, {
    "date" : "2025-07-16",
    "price" : 1507.70,
    "dma50" : 1487.83,
    "dma100" : 1357.86,
    "dma200" : 1484.54,
    "volume" : 31835.00
  }, {
    "date" : "2025-07-17",
    "price" : 1497.60,
    "dma50" : 1488.22,
    "dma100" : 1361.15,
    "dma200" : 1484.67,
    "volume" : 26361.00
  }, {
    "date" : "2025-07-18",
    "price" : 1453.60,
    "dma50" : 1486.86,
    "dma100" : 1363.69,
    "dma200" : 1484.36,
    "volume" : 47776.00
  }, {
    "date" : "2025-07-21",
    "price" : 1383.80,
    "dma50" : 1482.82,
    "dma100" : 1365.68,
    "dma200" : 1483.36,
    "volume" : 88152.00
  }, {
    "date" : "2025-07-22",
    "price" : 1389.60,
    "dma50" : 1479.16,
    "dma100" : 1367.66,
    "dma200" : 1482.43,
    "volume" : 40054.00
  }, {
    "date" : "2025-07-23",
    "price" : 1357.00,
    "dma50" : 1474.37,
    "dma100" : 1369.57,
    "dma200" : 1481.18,
    "volume" : 38236.00
  }, {
    "date" : "2025-07-24",
    "price" : 1426.60,
    "dma50" : 1472.50,
    "dma100" : 1372.38,
    "dma200" : 1480.64,
    "volume" : 65780.00
  }, {
    "date" : "2025-07-25",
    "price" : 1393.50,
    "dma50" : 1469.40,
    "dma100" : 1375.27,
    "dma200" : 1479.77,
    "volume" : 29859.00
  }, {
    "date" : "2025-07-28",
    "price" : 1340.10,
    "dma50" : 1464.33,
    "dma100" : 1377.96,
    "dma200" : 1478.38,
    "volume" : 28567.00
  }, {
    "date" : "2025-07-29",
    "price" : 1309.10,
    "dma50" : 1458.24,
    "dma100" : 1380.31,
    "dma200" : 1476.70,
    "volume" : 65541.00
  }, {
    "date" : "2025-07-30",
    "price" : 1375.30,
    "dma50" : 1454.99,
    "dma100" : 1383.10,
    "dma200" : 1475.69,
    "volume" : 175745.00
  }, {
    "date" : "2025-07-31",
    "price" : 1320.50,
    "dma50" : 1449.72,
    "dma100" : 1385.02,
    "dma200" : 1474.15,
    "volume" : 41690.00
  }, {
    "date" : "2025-08-01",
    "price" : 1333.30,
    "dma50" : 1445.15,
    "dma100" : 1386.86,
    "dma200" : 1472.74,
    "volume" : 23781.00
  }, {
    "date" : "2025-08-04",
    "price" : 1328.10,
    "dma50" : 1440.56,
    "dma100" : 1388.77,
    "dma200" : 1471.30,
    "volume" : 23961.00
  }, {
    "date" : "2025-08-05",
    "price" : 1315.10,
    "dma50" : 1435.64,
    "dma100" : 1390.80,
    "dma200" : 1469.75,
    "volume" : 35711.00
  }, {
    "date" : "2025-08-06",
    "price" : 1295.60,
    "dma50" : 1430.15,
    "dma100" : 1392.60,
    "dma200" : 1468.02,
    "volume" : 11886.00
  }, {
    "date" : "2025-08-07",
    "price" : 1334.30,
    "dma50" : 1426.39,
    "dma100" : 1394.96,
    "dma200" : 1466.69,
    "volume" : 37309.00
  }, {
    "date" : "2025-08-08",
    "price" : 1330.00,
    "dma50" : 1422.61,
    "dma100" : 1397.19,
    "dma200" : 1465.33,
    "volume" : 26262.00
  }, {
    "date" : "2025-08-11",
    "price" : 1308.00,
    "dma50" : 1418.11,
    "dma100" : 1399.21,
    "dma200" : 1463.76,
    "volume" : 18413.00
  }, {
    "date" : "2025-08-12",
    "price" : 1280.70,
    "dma50" : 1412.73,
    "dma100" : 1400.65,
    "dma200" : 1461.94,
    "volume" : 23820.00
  }, {
    "date" : "2025-08-13",
    "price" : 1285.10,
    "dma50" : 1407.72,
    "dma100" : 1401.92,
    "dma200" : 1460.18,
    "volume" : 18265.00
  }, {
    "date" : "2025-08-14",
    "price" : 1282.80,
    "dma50" : 1402.82,
    "dma100" : 1402.45,
    "dma200" : 1458.42,
    "volume" : 17508.00
  }, {
    "date" : "2025-08-18",
    "price" : 1539.30,
    "dma50" : 1408.17,
    "dma100" : 1405.20,
    "dma200" : 1459.22,
    "volume" : 1780512.00
  }, {
    "date" : "2025-08-19",
    "price" : 1500.00,
    "dma50" : 1411.78,
    "dma100" : 1407.13,
    "dma200" : 1459.63,
    "volume" : 435626.00
  }, {
    "date" : "2025-08-20",
    "price" : 1473.60,
    "dma50" : 1414.20,
    "dma100" : 1408.92,
    "dma200" : 1459.76,
    "volume" : 74751.00
  }, {
    "date" : "2025-08-21",
    "price" : 1469.40,
    "dma50" : 1416.36,
    "dma100" : 1411.03,
    "dma200" : 1459.86,
    "volume" : 65302.00
  }, {
    "date" : "2025-08-22",
    "price" : 1477.40,
    "dma50" : 1418.76,
    "dma100" : 1413.05,
    "dma200" : 1460.04,
    "volume" : 28808.00
  }, {
    "date" : "2025-08-25",
    "price" : 1483.50,
    "dma50" : 1421.30,
    "dma100" : 1414.59,
    "dma200" : 1460.27,
    "volume" : 31683.00
  }, {
    "date" : "2025-08-26",
    "price" : 1455.90,
    "dma50" : 1422.65,
    "dma100" : 1416.20,
    "dma200" : 1460.23,
    "volume" : 22994.00
  }, {
    "date" : "2025-08-28",
    "price" : 1475.70,
    "dma50" : 1424.73,
    "dma100" : 1417.93,
    "dma200" : 1460.38,
    "volume" : 29921.00
  }, {
    "date" : "2025-08-29",
    "price" : 1466.50,
    "dma50" : 1426.37,
    "dma100" : 1419.45,
    "dma200" : 1460.44,
    "volume" : 14274.00
  }, {
    "date" : "2025-09-01",
    "price" : 1483.70,
    "dma50" : 1428.62,
    "dma100" : 1421.56,
    "dma200" : 1460.67,
    "volume" : 20257.00
  }, {
    "date" : "2025-09-02",
    "price" : 1544.00,
    "dma50" : 1433.14,
    "dma100" : 1424.93,
    "dma200" : 1461.50,
    "volume" : 93939.00
  }, {
    "date" : "2025-09-03",
    "price" : 1556.80,
    "dma50" : 1437.99,
    "dma100" : 1427.76,
    "dma200" : 1462.45,
    "volume" : 60735.00
  }, {
    "date" : "2025-09-04",
    "price" : 1518.60,
    "dma50" : 1441.16,
    "dma100" : 1430.46,
    "dma200" : 1463.01,
    "volume" : 191907.00
  }, {
    "date" : "2025-09-05",
    "price" : 1512.20,
    "dma50" : 1443.94,
    "dma100" : 1432.68,
    "dma200" : 1463.50,
    "volume" : 18278.00
  }, {
    "date" : "2025-09-08",
    "price" : 1486.20,
    "dma50" : 1445.60,
    "dma100" : 1434.21,
    "dma200" : 1463.72,
    "volume" : 17578.00
  }, {
    "date" : "2025-09-09",
    "price" : 1487.40,
    "dma50" : 1447.24,
    "dma100" : 1435.48,
    "dma200" : 1463.96,
    "volume" : 14032.00
  }, {
    "date" : "2025-09-10",
    "price" : 1502.50,
    "dma50" : 1449.40,
    "dma100" : 1436.91,
    "dma200" : 1464.34,
    "volume" : 29488.00
  }, {
    "date" : "2025-09-11",
    "price" : 1508.30,
    "dma50" : 1451.71,
    "dma100" : 1438.28,
    "dma200" : 1464.78,
    "volume" : 122268.00
  }, {
    "date" : "2025-09-12",
    "price" : 1502.50,
    "dma50" : 1453.71,
    "dma100" : 1439.45,
    "dma200" : 1465.15,
    "volume" : 37018.00
  }, {
    "date" : "2025-09-15",
    "price" : 1550.40,
    "dma50" : 1457.50,
    "dma100" : 1441.34,
    "dma200" : 1466.00,
    "volume" : 61173.00
  }, {
    "date" : "2025-09-16",
    "price" : 1562.90,
    "dma50" : 1461.63,
    "dma100" : 1443.59,
    "dma200" : 1466.97,
    "volume" : 73709.00
  }, {
    "date" : "2025-09-17",
    "price" : 1574.20,
    "dma50" : 1466.05,
    "dma100" : 1446.61,
    "dma200" : 1468.03,
    "volume" : 30019.00
  }, {
    "date" : "2025-09-18",
    "price" : 1598.00,
    "dma50" : 1471.22,
    "dma100" : 1449.38,
    "dma200" : 1469.33,
    "volume" : 55866.00
  }, {
    "date" : "2025-09-19",
    "price" : 1606.40,
    "dma50" : 1476.52,
    "dma100" : 1452.25,
    "dma200" : 1470.69,
    "volume" : 65650.00
  }, {
    "date" : "2025-09-22",
    "price" : 1766.70,
    "dma50" : 1487.90,
    "dma100" : 1457.00,
    "dma200" : 1473.64,
    "volume" : 459510.00
  }, {
    "date" : "2025-09-23",
    "price" : 1748.00,
    "dma50" : 1498.10,
    "dma100" : 1461.76,
    "dma200" : 1476.37,
    "volume" : 86300.00
  }, {
    "date" : "2025-09-24",
    "price" : 1840.00,
    "dma50" : 1511.51,
    "dma100" : 1467.41,
    "dma200" : 1479.98,
    "volume" : 383102.00
  }, {
    "date" : "2025-09-25",
    "price" : 1762.40,
    "dma50" : 1521.35,
    "dma100" : 1472.47,
    "dma200" : 1482.80,
    "volume" : 82767.00
  }, {
    "date" : "2025-09-26",
    "price" : 1713.70,
    "dma50" : 1528.89,
    "dma100" : 1476.93,
    "dma200" : 1485.09,
    "volume" : 40895.00
  }, {
    "date" : "2025-09-29",
    "price" : 1712.60,
    "dma50" : 1536.10,
    "dma100" : 1481.27,
    "dma200" : 1487.36,
    "volume" : 37066.00
  }, {
    "date" : "2025-09-30",
    "price" : 1671.10,
    "dma50" : 1541.39,
    "dma100" : 1485.52,
    "dma200" : 1489.18,
    "volume" : 44111.00
  }, {
    "date" : "2025-10-01",
    "price" : 1700.50,
    "dma50" : 1547.63,
    "dma100" : 1489.18,
    "dma200" : 1491.29,
    "volume" : 40593.00
  }, {
    "date" : "2025-10-03",
    "price" : 1727.60,
    "dma50" : 1554.69,
    "dma100" : 1493.01,
    "dma200" : 1493.64,
    "volume" : 31250.00
  }, {
    "date" : "2025-10-06",
    "price" : 1685.50,
    "dma50" : 1559.82,
    "dma100" : 1496.50,
    "dma200" : 1495.55,
    "volume" : 33991.00
  }, {
    "date" : "2025-10-07",
    "price" : 1725.20,
    "dma50" : 1566.30,
    "dma100" : 1500.12,
    "dma200" : 1497.83,
    "volume" : 37092.00
  }, {
    "date" : "2025-10-08",
    "price" : 1726.90,
    "dma50" : 1572.60,
    "dma100" : 1503.67,
    "dma200" : 1500.11,
    "volume" : 24635.00
  }, {
    "date" : "2025-10-09",
    "price" : 1688.90,
    "dma50" : 1577.16,
    "dma100" : 1506.67,
    "dma200" : 1501.99,
    "volume" : 19650.00
  }, {
    "date" : "2025-10-10",
    "price" : 1747.70,
    "dma50" : 1583.85,
    "dma100" : 1510.59,
    "dma200" : 1504.44,
    "volume" : 40763.00
  }, {
    "date" : "2025-10-13",
    "price" : 1696.80,
    "dma50" : 1588.28,
    "dma100" : 1514.04,
    "dma200" : 1506.35,
    "volume" : 29248.00
  }, {
    "date" : "2025-10-14",
    "price" : 1729.00,
    "dma50" : 1593.80,
    "dma100" : 1517.84,
    "dma200" : 1508.57,
    "volume" : 56998.00
  }, {
    "date" : "2025-10-15",
    "price" : 1777.90,
    "dma50" : 1601.02,
    "dma100" : 1521.96,
    "dma200" : 1511.24,
    "volume" : 47798.00
  }, {
    "date" : "2025-10-16",
    "price" : 1736.50,
    "dma50" : 1606.33,
    "dma100" : 1525.88,
    "dma200" : 1513.49,
    "volume" : 48801.00
  }, {
    "date" : "2025-10-17",
    "price" : 1737.10,
    "dma50" : 1611.46,
    "dma100" : 1529.76,
    "dma200" : 1515.71,
    "volume" : 86592.00
  }, {
    "date" : "2025-10-20",
    "price" : 1815.20,
    "dma50" : 1619.45,
    "dma100" : 1534.41,
    "dma200" : 1518.69,
    "volume" : 72344.00
  }, {
    "date" : "2025-10-21",
    "price" : 1848.00,
    "dma50" : 1628.41,
    "dma100" : 1539.29,
    "dma200" : 1521.97,
    "volume" : 26225.00
  }, {
    "date" : "2025-10-23",
    "price" : 1893.20,
    "dma50" : 1638.79,
    "dma100" : 1544.25,
    "dma200" : 1525.66,
    "volume" : 144780.00
  }, {
    "date" : "2025-10-24",
    "price" : 1928.90,
    "dma50" : 1650.17,
    "dma100" : 1548.06,
    "dma200" : 1529.67,
    "volume" : 116848.00
  }, {
    "date" : "2025-10-27",
    "price" : 1910.40,
    "dma50" : 1660.38,
    "dma100" : 1551.59,
    "dma200" : 1533.46,
    "volume" : 135354.00
  }, {
    "date" : "2025-10-28",
    "price" : 1918.90,
    "dma50" : 1670.51,
    "dma100" : 1555.49,
    "dma200" : 1537.30,
    "volume" : 78713.00
  }, {
    "date" : "2025-10-29",
    "price" : 1956.00,
    "dma50" : 1681.71,
    "dma100" : 1559.37,
    "dma200" : 1541.46,
    "volume" : 49905.00
  }, {
    "date" : "2025-10-30",
    "price" : 1949.00,
    "dma50" : 1692.19,
    "dma100" : 1563.51,
    "dma200" : 1545.52,
    "volume" : 72444.00
  }, {
    "date" : "2025-10-31",
    "price" : 1872.20,
    "dma50" : 1699.25,
    "dma100" : 1566.88,
    "dma200" : 1548.77,
    "volume" : 297153.00
  }, {
    "date" : "2025-11-03",
    "price" : 1846.00,
    "dma50" : 1705.01,
    "dma100" : 1569.24,
    "dma200" : 1551.73,
    "volume" : 119190.00
  }, {
    "date" : "2025-11-04",
    "price" : 1841.40,
    "dma50" : 1710.35,
    "dma100" : 1571.06,
    "dma200" : 1554.61,
    "volume" : 33233.00
  }, {
    "date" : "2025-11-06",
    "price" : 1792.50,
    "dma50" : 1713.58,
    "dma100" : 1572.80,
    "dma200" : 1556.98,
    "volume" : 33284.00
  }, {
    "date" : "2025-11-07",
    "price" : 1853.80,
    "dma50" : 1719.08,
    "dma100" : 1575.41,
    "dma200" : 1559.93,
    "volume" : 67267.00
  }, {
    "date" : "2025-11-10",
    "price" : 1840.80,
    "dma50" : 1723.85,
    "dma100" : 1577.72,
    "dma200" : 1562.72,
    "volume" : 65087.00
  }, {
    "date" : "2025-11-11",
    "price" : 1802.00,
    "dma50" : 1726.91,
    "dma100" : 1579.80,
    "dma200" : 1565.11,
    "volume" : 37488.00
  }, {
    "date" : "2025-11-12",
    "price" : 1770.40,
    "dma50" : 1728.62,
    "dma100" : 1581.71,
    "dma200" : 1567.15,
    "volume" : 29272.00
  }, {
    "date" : "2025-11-13",
    "price" : 1737.80,
    "dma50" : 1728.98,
    "dma100" : 1583.46,
    "dma200" : 1568.85,
    "volume" : 91344.00
  }, {
    "date" : "2025-11-14",
    "price" : 1764.30,
    "dma50" : 1730.36,
    "dma100" : 1585.45,
    "dma200" : 1570.79,
    "volume" : 36270.00
  }, {
    "date" : "2025-11-17",
    "price" : 1794.00,
    "dma50" : 1732.86,
    "dma100" : 1587.91,
    "dma200" : 1573.01,
    "volume" : 23635.00
  }, {
    "date" : "2025-11-18",
    "price" : 1794.20,
    "dma50" : 1735.26,
    "dma100" : 1590.25,
    "dma200" : 1575.21,
    "volume" : 26526.00
  }, {
    "date" : "2025-11-19",
    "price" : 1756.50,
    "dma50" : 1736.10,
    "dma100" : 1591.97,
    "dma200" : 1577.02,
    "volume" : 22147.00
  }, {
    "date" : "2025-11-20",
    "price" : 1739.80,
    "dma50" : 1736.24,
    "dma100" : 1593.62,
    "dma200" : 1578.64,
    "volume" : 15470.00
  }, {
    "date" : "2025-11-21",
    "price" : 1698.40,
    "dma50" : 1734.76,
    "dma100" : 1595.06,
    "dma200" : 1579.83,
    "volume" : 20754.00
  }, {
    "date" : "2025-11-24",
    "price" : 1711.70,
    "dma50" : 1733.85,
    "dma100" : 1596.74,
    "dma200" : 1581.14,
    "volume" : 69096.00
  }, {
    "date" : "2025-11-25",
    "price" : 1717.80,
    "dma50" : 1733.23,
    "dma100" : 1598.33,
    "dma200" : 1582.50,
    "volume" : 22382.00
  }, {
    "date" : "2025-11-26",
    "price" : 1705.10,
    "dma50" : 1732.12,
    "dma100" : 1599.96,
    "dma200" : 1583.72,
    "volume" : 17000.00
  }, {
    "date" : "2025-11-27",
    "price" : 1692.40,
    "dma50" : 1730.56,
    "dma100" : 1601.84,
    "dma200" : 1584.80,
    "volume" : 13463.00
  }, {
    "date" : "2025-11-28",
    "price" : 1671.50,
    "dma50" : 1728.25,
    "dma100" : 1603.07,
    "dma200" : 1585.66,
    "volume" : 20043.00
  }, {
    "date" : "2025-12-01",
    "price" : 1669.90,
    "dma50" : 1725.96,
    "dma100" : 1604.68,
    "dma200" : 1586.50,
    "volume" : 15920.00
  }, {
    "date" : "2025-12-02",
    "price" : 1628.00,
    "dma50" : 1722.12,
    "dma100" : 1605.81,
    "dma200" : 1586.92,
    "volume" : 29975.00
  }, {
    "date" : "2025-12-03",
    "price" : 1634.50,
    "dma50" : 1718.68,
    "dma100" : 1606.96,
    "dma200" : 1587.39,
    "volume" : 17850.00
  }, {
    "date" : "2025-12-04",
    "price" : 1606.20,
    "dma50" : 1714.27,
    "dma100" : 1607.68,
    "dma200" : 1587.58,
    "volume" : 14217.00
  }, {
    "date" : "2025-12-05",
    "price" : 1570.20,
    "dma50" : 1708.62,
    "dma100" : 1608.42,
    "dma200" : 1587.40,
    "volume" : 12364.00
  }, {
    "date" : "2025-12-08",
    "price" : 1535.30,
    "dma50" : 1701.82,
    "dma100" : 1608.66,
    "dma200" : 1586.88,
    "volume" : 36275.00
  }, {
    "date" : "2025-12-09",
    "price" : 1543.90,
    "dma50" : 1695.63,
    "dma100" : 1608.87,
    "dma200" : 1586.46,
    "volume" : 211884.00
  }, {
    "date" : "2025-12-10",
    "price" : 1615.70,
    "dma50" : 1692.50,
    "dma100" : 1609.95,
    "dma200" : 1586.75,
    "volume" : 105076.00
  }, {
    "date" : "2025-12-11",
    "price" : 1604.60,
    "dma50" : 1689.05,
    "dma100" : 1611.02,
    "dma200" : 1586.93,
    "volume" : 28299.00
  }, {
    "date" : "2025-12-12",
    "price" : 1609.60,
    "dma50" : 1685.93,
    "dma100" : 1612.58,
    "dma200" : 1587.15,
    "volume" : 17690.00
  }, {
    "date" : "2025-12-15",
    "price" : 1613.20,
    "dma50" : 1683.08,
    "dma100" : 1614.88,
    "dma200" : 1587.41,
    "volume" : 22782.00
  }, {
    "date" : "2025-12-16",
    "price" : 1602.90,
    "dma50" : 1679.94,
    "dma100" : 1617.01,
    "dma200" : 1587.56,
    "volume" : 17551.00
  } ],
  "latestTechnicalAttributes" : {
    "date" : "2025-12-16",
    "price" : 1602.90,
    "dma50" : 1679.94,
    "dma100" : 1617.01,
    "dma200" : 1587.56,
    "volume" : 17551.00
  },
  "quarterlyResults" : [ {
    "date" : "2005-03-31",
    "sales" : 57.34,
    "salesGrowthYoY" : null,
    "grossProfitMargin" : 60.22,
    "grossProfit" : 34.53,
    "operatingProfitMargin" : -26.16,
    "operatingProfit" : -15.00,
    "netProfitMargin" : -48.03,
    "netProfit" : -27.54
  }, {
    "date" : "2005-06-30",
    "sales" : 54.96,
    "salesGrowthYoY" : null,
    "grossProfitMargin" : 49.64,
    "grossProfit" : 27.28,
    "operatingProfitMargin" : 0.27,
    "operatingProfit" : 0.15,
    "netProfitMargin" : -15.32,
    "netProfit" : -8.42
  }, {
    "date" : "2005-09-30",
    "sales" : 64.51,
    "salesGrowthYoY" : null,
    "grossProfitMargin" : 52.89,
    "grossProfit" : 34.12,
    "operatingProfitMargin" : -0.74,
    "operatingProfit" : -0.48,
    "netProfitMargin" : -14.65,
    "netProfit" : -9.45
  }, {
    "date" : "2005-12-31",
    "sales" : 82.68,
    "salesGrowthYoY" : null,
    "grossProfitMargin" : 49.99,
    "grossProfit" : 41.33,
    "operatingProfitMargin" : 2.46,
    "operatingProfit" : 2.03,
    "netProfitMargin" : -8.37,
    "netProfit" : -6.92
  }, {
    "date" : "2006-03-31",
    "sales" : 53.16,
    "salesGrowthYoY" : -7.29,
    "grossProfitMargin" : 63.66,
    "grossProfit" : 33.84,
    "operatingProfitMargin" : 9.29,
    "operatingProfit" : 4.94,
    "netProfitMargin" : 0.32,
    "netProfit" : 0.17
  }, {
    "date" : "2006-06-30",
    "sales" : 59.80,
    "salesGrowthYoY" : 8.81,
    "grossProfitMargin" : 55.52,
    "grossProfit" : 33.20,
    "operatingProfitMargin" : -2.68,
    "operatingProfit" : -1.60,
    "netProfitMargin" : -5.17,
    "netProfit" : -3.09
  }, {
    "date" : "2006-09-30",
    "sales" : 79.54,
    "salesGrowthYoY" : 23.30,
    "grossProfitMargin" : 52.99,
    "grossProfit" : 42.15,
    "operatingProfitMargin" : -12.14,
    "operatingProfit" : -9.66,
    "netProfitMargin" : -13.84,
    "netProfit" : -11.01
  }, {
    "date" : "2006-12-31",
    "sales" : 96.56,
    "salesGrowthYoY" : 16.79,
    "grossProfitMargin" : 45.81,
    "grossProfit" : 44.23,
    "operatingProfitMargin" : -5.30,
    "operatingProfit" : -5.12,
    "netProfitMargin" : -1.69,
    "netProfit" : -1.63
  }, {
    "date" : "2007-03-31",
    "sales" : 88.85,
    "salesGrowthYoY" : 67.14,
    "grossProfitMargin" : 56.21,
    "grossProfit" : 49.94,
    "operatingProfitMargin" : 9.26,
    "operatingProfit" : 8.23,
    "netProfitMargin" : 5.90,
    "netProfit" : 5.24
  }, {
    "date" : "2007-06-30",
    "sales" : 81.33,
    "salesGrowthYoY" : 36.00,
    "grossProfitMargin" : 50.28,
    "grossProfit" : 40.89,
    "operatingProfitMargin" : 5.48,
    "operatingProfit" : 4.46,
    "netProfitMargin" : 4.72,
    "netProfit" : 3.84
  }, {
    "date" : "2007-09-30",
    "sales" : 104.01,
    "salesGrowthYoY" : 30.76,
    "grossProfitMargin" : 52.22,
    "grossProfit" : 54.31,
    "operatingProfitMargin" : 3.58,
    "operatingProfit" : 3.72,
    "netProfitMargin" : 4.19,
    "netProfit" : 4.36
  }, {
    "date" : "2007-12-31",
    "sales" : 132.20,
    "salesGrowthYoY" : 36.91,
    "grossProfitMargin" : 50.98,
    "grossProfit" : 67.40,
    "operatingProfitMargin" : 1.54,
    "operatingProfit" : 2.04,
    "netProfitMargin" : 1.60,
    "netProfit" : 2.12
  }, {
    "date" : "2008-03-31",
    "sales" : 107.08,
    "salesGrowthYoY" : 20.52,
    "grossProfitMargin" : 51.16,
    "grossProfit" : 54.78,
    "operatingProfitMargin" : 1.36,
    "operatingProfit" : 1.46,
    "netProfitMargin" : 3.43,
    "netProfit" : 3.67
  }, {
    "date" : "2008-06-30",
    "sales" : 111.73,
    "salesGrowthYoY" : 37.38,
    "grossProfitMargin" : 48.39,
    "grossProfit" : 54.07,
    "operatingProfitMargin" : 9.69,
    "operatingProfit" : 10.83,
    "netProfitMargin" : 8.47,
    "netProfit" : 9.46
  }, {
    "date" : "2008-09-30",
    "sales" : 123.84,
    "salesGrowthYoY" : 19.07,
    "grossProfitMargin" : 48.73,
    "grossProfit" : 60.35,
    "operatingProfitMargin" : 5.11,
    "operatingProfit" : 6.33,
    "netProfitMargin" : 4.22,
    "netProfit" : 5.23
  }, {
    "date" : "2008-12-31",
    "sales" : 145.19,
    "salesGrowthYoY" : 9.83,
    "grossProfitMargin" : 46.16,
    "grossProfit" : 67.02,
    "operatingProfitMargin" : 8.80,
    "operatingProfit" : 12.78,
    "netProfitMargin" : 7.99,
    "netProfit" : 11.60
  }, {
    "date" : "2009-03-31",
    "sales" : 106.62,
    "salesGrowthYoY" : -0.43,
    "grossProfitMargin" : 39.12,
    "grossProfit" : 41.71,
    "operatingProfitMargin" : 9.57,
    "operatingProfit" : 10.20,
    "netProfitMargin" : 10.05,
    "netProfit" : 10.72
  }, {
    "date" : "2009-06-30",
    "sales" : 110.87,
    "salesGrowthYoY" : -0.77,
    "grossProfitMargin" : 41.71,
    "grossProfit" : 46.24,
    "operatingProfitMargin" : 8.20,
    "operatingProfit" : 9.09,
    "netProfitMargin" : 7.42,
    "netProfit" : 8.23
  }, {
    "date" : "2009-09-30",
    "sales" : 131.88,
    "salesGrowthYoY" : 6.49,
    "grossProfitMargin" : 42.33,
    "grossProfit" : 55.82,
    "operatingProfitMargin" : 7.85,
    "operatingProfit" : 10.35,
    "netProfitMargin" : 5.15,
    "netProfit" : 6.79
  }, {
    "date" : "2009-12-31",
    "sales" : 155.11,
    "salesGrowthYoY" : 6.83,
    "grossProfitMargin" : 43.90,
    "grossProfit" : 68.09,
    "operatingProfitMargin" : 11.09,
    "operatingProfit" : 17.20,
    "netProfitMargin" : 10.97,
    "netProfit" : 17.02
  }, {
    "date" : "2010-03-31",
    "sales" : 147.59,
    "salesGrowthYoY" : 38.43,
    "grossProfitMargin" : 46.17,
    "grossProfit" : 68.14,
    "operatingProfitMargin" : 12.39,
    "operatingProfit" : 18.29,
    "netProfitMargin" : 14.72,
    "netProfit" : 21.73
  }, {
    "date" : "2010-06-30",
    "sales" : 131.53,
    "salesGrowthYoY" : 18.63,
    "grossProfitMargin" : 48.88,
    "grossProfit" : 64.29,
    "operatingProfitMargin" : 9.85,
    "operatingProfit" : 12.96,
    "netProfitMargin" : 5.90,
    "netProfit" : 7.76
  }, {
    "date" : "2010-09-30",
    "sales" : 169.09,
    "salesGrowthYoY" : 28.22,
    "grossProfitMargin" : 39.65,
    "grossProfit" : 67.04,
    "operatingProfitMargin" : 8.50,
    "operatingProfit" : 14.37,
    "netProfitMargin" : 5.15,
    "netProfit" : 8.71
  }, {
    "date" : "2010-12-31",
    "sales" : 211.79,
    "salesGrowthYoY" : 36.54,
    "grossProfitMargin" : 39.71,
    "grossProfit" : 84.10,
    "operatingProfitMargin" : 13.22,
    "operatingProfit" : 28.00,
    "netProfitMargin" : 9.56,
    "netProfit" : 20.25
  }, {
    "date" : "2011-03-31",
    "sales" : 167.26,
    "salesGrowthYoY" : 13.33,
    "grossProfitMargin" : 42.26,
    "grossProfit" : 70.68,
    "operatingProfitMargin" : 3.79,
    "operatingProfit" : 6.34,
    "netProfitMargin" : 8.13,
    "netProfit" : 13.60
  }, {
    "date" : "2011-06-30",
    "sales" : 157.96,
    "salesGrowthYoY" : 20.09,
    "grossProfitMargin" : 45.18,
    "grossProfit" : 71.37,
    "operatingProfitMargin" : 8.37,
    "operatingProfit" : 13.22,
    "netProfitMargin" : 5.79,
    "netProfit" : 9.15
  }, {
    "date" : "2011-09-30",
    "sales" : 202.50,
    "salesGrowthYoY" : 19.76,
    "grossProfitMargin" : 41.80,
    "grossProfit" : 84.64,
    "operatingProfitMargin" : 5.85,
    "operatingProfit" : 11.85,
    "netProfitMargin" : 3.64,
    "netProfit" : 7.37
  }, {
    "date" : "2011-12-31",
    "sales" : 234.42,
    "salesGrowthYoY" : 10.69,
    "grossProfitMargin" : 39.54,
    "grossProfit" : 92.69,
    "operatingProfitMargin" : 5.16,
    "operatingProfit" : 12.10,
    "netProfitMargin" : 4.59,
    "netProfit" : 10.76
  }, {
    "date" : "2012-03-31",
    "sales" : 208.07,
    "salesGrowthYoY" : 24.40,
    "grossProfitMargin" : 37.90,
    "grossProfit" : 78.86,
    "operatingProfitMargin" : 1.94,
    "operatingProfit" : 4.04,
    "netProfitMargin" : 2.08,
    "netProfit" : 4.33
  }, {
    "date" : "2012-06-30",
    "sales" : 199.12,
    "salesGrowthYoY" : 26.06,
    "grossProfitMargin" : 41.41,
    "grossProfit" : 82.46,
    "operatingProfitMargin" : 6.03,
    "operatingProfit" : 12.01,
    "netProfitMargin" : 3.16,
    "netProfit" : 6.29
  }, {
    "date" : "2012-09-30",
    "sales" : 233.30,
    "salesGrowthYoY" : 15.21,
    "grossProfitMargin" : 39.98,
    "grossProfit" : 93.27,
    "operatingProfitMargin" : 6.10,
    "operatingProfit" : 14.23,
    "netProfitMargin" : 3.89,
    "netProfit" : 9.08
  }, {
    "date" : "2012-12-31",
    "sales" : 268.12,
    "salesGrowthYoY" : 14.38,
    "grossProfitMargin" : 38.37,
    "grossProfit" : 102.88,
    "operatingProfitMargin" : 6.84,
    "operatingProfit" : 18.34,
    "netProfitMargin" : 4.47,
    "netProfit" : 11.98
  }, {
    "date" : "2013-03-31",
    "sales" : 215.37,
    "salesGrowthYoY" : 3.51,
    "grossProfitMargin" : 40.67,
    "grossProfit" : 87.59,
    "operatingProfitMargin" : 2.64,
    "operatingProfit" : 5.69,
    "netProfitMargin" : 1.90,
    "netProfit" : 4.09
  }, {
    "date" : "2013-06-30",
    "sales" : 230.68,
    "salesGrowthYoY" : 15.85,
    "grossProfitMargin" : 42.73,
    "grossProfit" : 98.57,
    "operatingProfitMargin" : 2.80,
    "operatingProfit" : 6.46,
    "netProfitMargin" : 0.92,
    "netProfit" : 2.12
  }, {
    "date" : "2013-09-30",
    "sales" : 236.29,
    "salesGrowthYoY" : 1.28,
    "grossProfitMargin" : 43.18,
    "grossProfit" : 102.03,
    "operatingProfitMargin" : 2.44,
    "operatingProfit" : 5.77,
    "netProfitMargin" : 0.65,
    "netProfit" : 1.54
  }, {
    "date" : "2013-12-31",
    "sales" : 278.06,
    "salesGrowthYoY" : 3.71,
    "grossProfitMargin" : 40.46,
    "grossProfit" : 112.50,
    "operatingProfitMargin" : 6.01,
    "operatingProfit" : 16.71,
    "netProfitMargin" : 3.18,
    "netProfit" : 8.84
  }, {
    "date" : "2014-03-31",
    "sales" : 275.76,
    "salesGrowthYoY" : 28.04,
    "grossProfitMargin" : 40.59,
    "grossProfit" : 111.93,
    "operatingProfitMargin" : 5.89,
    "operatingProfit" : 16.24,
    "netProfitMargin" : 3.30,
    "netProfit" : 9.10
  }, {
    "date" : "2014-06-30",
    "sales" : 290.59,
    "salesGrowthYoY" : 25.97,
    "grossProfitMargin" : 41.68,
    "grossProfit" : 121.12,
    "operatingProfitMargin" : 7.42,
    "operatingProfit" : 21.56,
    "netProfitMargin" : 5.97,
    "netProfit" : 17.35
  }, {
    "date" : "2014-09-30",
    "sales" : 313.57,
    "salesGrowthYoY" : 32.71,
    "grossProfitMargin" : 42.78,
    "grossProfit" : 134.15,
    "operatingProfitMargin" : 9.23,
    "operatingProfit" : 28.94,
    "netProfitMargin" : 4.91,
    "netProfit" : 15.40
  }, {
    "date" : "2014-12-31",
    "sales" : 330.44,
    "salesGrowthYoY" : 18.84,
    "grossProfitMargin" : 43.00,
    "grossProfit" : 142.09,
    "operatingProfitMargin" : 6.56,
    "operatingProfit" : 21.68,
    "netProfitMargin" : 4.78,
    "netProfit" : 15.80
  }, {
    "date" : "2015-03-31",
    "sales" : 326.90,
    "salesGrowthYoY" : 18.55,
    "grossProfitMargin" : 43.52,
    "grossProfit" : 142.27,
    "operatingProfitMargin" : 4.40,
    "operatingProfit" : 14.38,
    "netProfitMargin" : 0.36,
    "netProfit" : 1.18
  }, {
    "date" : "2015-06-30",
    "sales" : 352.00,
    "salesGrowthYoY" : 21.13,
    "grossProfitMargin" : 41.15,
    "grossProfit" : 144.85,
    "operatingProfitMargin" : 6.24,
    "operatingProfit" : 21.96,
    "netProfitMargin" : 2.99,
    "netProfit" : 10.52
  }, {
    "date" : "2015-09-30",
    "sales" : 367.95,
    "salesGrowthYoY" : 17.34,
    "grossProfitMargin" : 43.81,
    "grossProfit" : 161.20,
    "operatingProfitMargin" : 5.89,
    "operatingProfit" : 21.67,
    "netProfitMargin" : 2.53,
    "netProfit" : 9.31
  }, {
    "date" : "2015-12-31",
    "sales" : 412.48,
    "salesGrowthYoY" : 24.83,
    "grossProfitMargin" : 41.19,
    "grossProfit" : 169.90,
    "operatingProfitMargin" : 4.07,
    "operatingProfit" : 16.79,
    "netProfitMargin" : 1.57,
    "netProfit" : 6.48
  }, {
    "date" : "2016-03-31",
    "sales" : 368.51,
    "salesGrowthYoY" : 12.73,
    "grossProfitMargin" : 43.40,
    "grossProfit" : 159.93,
    "operatingProfitMargin" : 2.45,
    "operatingProfit" : 9.03,
    "netProfitMargin" : 1.36,
    "netProfit" : 5.01
  }, {
    "date" : "2016-06-30",
    "sales" : 417.69,
    "salesGrowthYoY" : 18.66,
    "grossProfitMargin" : 41.54,
    "grossProfit" : 173.51,
    "operatingProfitMargin" : 6.28,
    "operatingProfit" : 26.23,
    "netProfitMargin" : 3.73,
    "netProfit" : 15.58
  }, {
    "date" : "2016-09-30",
    "sales" : 439.35,
    "salesGrowthYoY" : 19.40,
    "grossProfitMargin" : 43.23,
    "grossProfit" : 189.93,
    "operatingProfitMargin" : 7.77,
    "operatingProfit" : 34.14,
    "netProfitMargin" : 4.37,
    "netProfit" : 19.20
  }, {
    "date" : "2016-12-31",
    "sales" : 454.44,
    "salesGrowthYoY" : 10.17,
    "grossProfitMargin" : 42.05,
    "grossProfit" : 191.09,
    "operatingProfitMargin" : 6.90,
    "operatingProfit" : 31.36,
    "netProfitMargin" : 3.59,
    "netProfit" : 16.31
  }, {
    "date" : "2017-03-31",
    "sales" : 429.17,
    "salesGrowthYoY" : 16.46,
    "grossProfitMargin" : 42.11,
    "grossProfit" : 180.72,
    "operatingProfitMargin" : 2.69,
    "operatingProfit" : 11.54,
    "netProfitMargin" : 0.94,
    "netProfit" : 4.03
  }, {
    "date" : "2017-06-30",
    "sales" : 491.71,
    "salesGrowthYoY" : 17.72,
    "grossProfitMargin" : 41.62,
    "grossProfit" : 204.65,
    "operatingProfitMargin" : 4.25,
    "operatingProfit" : 20.90,
    "netProfitMargin" : 1.50,
    "netProfit" : 7.38
  }, {
    "date" : "2017-09-30",
    "sales" : 601.95,
    "salesGrowthYoY" : 37.01,
    "grossProfitMargin" : 41.62,
    "grossProfit" : 250.53,
    "operatingProfitMargin" : 10.19,
    "operatingProfit" : 61.34,
    "netProfitMargin" : 6.08,
    "netProfit" : 36.60
  }, {
    "date" : "2017-12-31",
    "sales" : 531.74,
    "salesGrowthYoY" : 17.01,
    "grossProfitMargin" : 46.39,
    "grossProfit" : 246.67,
    "operatingProfitMargin" : 6.88,
    "operatingProfit" : 36.58,
    "netProfitMargin" : 3.50,
    "netProfit" : 18.61
  }, {
    "date" : "2018-03-31",
    "sales" : 524.21,
    "salesGrowthYoY" : 22.15,
    "grossProfitMargin" : 46.41,
    "grossProfit" : 243.29,
    "operatingProfitMargin" : 7.41,
    "operatingProfit" : 38.84,
    "netProfitMargin" : 3.94,
    "netProfit" : 20.65
  }, {
    "date" : "2018-06-30",
    "sales" : 593.58,
    "salesGrowthYoY" : 20.72,
    "grossProfitMargin" : 43.79,
    "grossProfit" : 259.93,
    "operatingProfitMargin" : 5.59,
    "operatingProfit" : 33.18,
    "netProfitMargin" : 2.39,
    "netProfit" : 14.19
  }, {
    "date" : "2018-09-30",
    "sales" : 657.68,
    "salesGrowthYoY" : 9.26,
    "grossProfitMargin" : 45.34,
    "grossProfit" : 298.19,
    "operatingProfitMargin" : 6.62,
    "operatingProfit" : 43.54,
    "netProfitMargin" : 3.35,
    "netProfit" : 22.03
  }, {
    "date" : "2018-12-31",
    "sales" : 667.34,
    "salesGrowthYoY" : 25.50,
    "grossProfitMargin" : 40.37,
    "grossProfit" : 269.41,
    "operatingProfitMargin" : 4.94,
    "operatingProfit" : 32.97,
    "netProfitMargin" : 2.79,
    "netProfit" : 18.62
  }, {
    "date" : "2019-03-31",
    "sales" : 619.19,
    "salesGrowthYoY" : 18.12,
    "grossProfitMargin" : 39.71,
    "grossProfit" : 245.88,
    "operatingProfitMargin" : 2.42,
    "operatingProfit" : 14.98,
    "netProfitMargin" : 0.92,
    "netProfit" : 5.70
  }, {
    "date" : "2019-06-30",
    "sales" : 674.66,
    "salesGrowthYoY" : 13.66,
    "grossProfitMargin" : 40.27,
    "grossProfit" : 271.69,
    "operatingProfitMargin" : 4.33,
    "operatingProfit" : 29.21,
    "netProfitMargin" : 1.53,
    "netProfit" : 10.32
  }, {
    "date" : "2019-09-30",
    "sales" : 692.46,
    "salesGrowthYoY" : 5.29,
    "grossProfitMargin" : 44.22,
    "grossProfit" : 306.21,
    "operatingProfitMargin" : 7.16,
    "operatingProfit" : 49.58,
    "netProfitMargin" : 3.12,
    "netProfit" : 21.60
  }, {
    "date" : "2019-12-31",
    "sales" : 698.64,
    "salesGrowthYoY" : 4.69,
    "grossProfitMargin" : 43.65,
    "grossProfit" : 304.96,
    "operatingProfitMargin" : 5.52,
    "operatingProfit" : 38.56,
    "netProfitMargin" : 1.92,
    "netProfit" : 13.41
  }, {
    "date" : "2020-03-31",
    "sales" : 485.66,
    "salesGrowthYoY" : -21.57,
    "grossProfitMargin" : 46.33,
    "grossProfit" : 225.01,
    "operatingProfitMargin" : 0.33,
    "operatingProfit" : 1.60,
    "netProfitMargin" : -3.77,
    "netProfit" : -18.31
  }, {
    "date" : "2020-06-30",
    "sales" : 279.40,
    "salesGrowthYoY" : -58.59,
    "grossProfitMargin" : 42.54,
    "grossProfit" : 118.86,
    "operatingProfitMargin" : -11.60,
    "operatingProfit" : -32.41,
    "netProfitMargin" : -15.38,
    "netProfit" : -42.97
  }, {
    "date" : "2020-09-30",
    "sales" : 715.05,
    "salesGrowthYoY" : 3.26,
    "grossProfitMargin" : 45.59,
    "grossProfit" : 325.99,
    "operatingProfitMargin" : 11.49,
    "operatingProfit" : 82.16,
    "netProfitMargin" : 4.48,
    "netProfit" : 32.03
  }, {
    "date" : "2020-12-31",
    "sales" : 922.78,
    "salesGrowthYoY" : 32.08,
    "grossProfitMargin" : 44.27,
    "grossProfit" : 408.51,
    "operatingProfitMargin" : 11.62,
    "operatingProfit" : 107.23,
    "netProfitMargin" : 7.19,
    "netProfit" : 66.35
  }, {
    "date" : "2021-03-31",
    "sales" : 804.24,
    "salesGrowthYoY" : 65.60,
    "grossProfitMargin" : 43.66,
    "grossProfit" : 351.13,
    "operatingProfitMargin" : 6.36,
    "operatingProfit" : 51.15,
    "netProfitMargin" : 0.66,
    "netProfit" : 5.31
  }, {
    "date" : "2021-06-30",
    "sales" : 552.41,
    "salesGrowthYoY" : 97.71,
    "grossProfitMargin" : 40.59,
    "grossProfit" : 224.22,
    "operatingProfitMargin" : -6.14,
    "operatingProfit" : -33.92,
    "netProfitMargin" : -7.70,
    "netProfit" : -42.54
  }, {
    "date" : "2021-09-30",
    "sales" : 966.19,
    "salesGrowthYoY" : 35.12,
    "grossProfitMargin" : 42.62,
    "grossProfit" : 411.79,
    "operatingProfitMargin" : 7.12,
    "operatingProfit" : 68.79,
    "netProfitMargin" : 2.45,
    "netProfit" : 23.67
  }, {
    "date" : "2021-12-31",
    "sales" : 932.78,
    "salesGrowthYoY" : 1.08,
    "grossProfitMargin" : 38.84,
    "grossProfit" : 362.29,
    "operatingProfitMargin" : 2.77,
    "operatingProfit" : 25.84,
    "netProfitMargin" : -0.43,
    "netProfit" : -4.01
  }, {
    "date" : "2022-03-31",
    "sales" : 884.31,
    "salesGrowthYoY" : 9.96,
    "grossProfitMargin" : 36.51,
    "grossProfit" : 322.86,
    "operatingProfitMargin" : -1.27,
    "operatingProfit" : -11.23,
    "netProfitMargin" : -3.23,
    "netProfit" : -28.56
  }, {
    "date" : "2022-06-30",
    "sales" : 1044.77,
    "salesGrowthYoY" : 89.13,
    "grossProfitMargin" : 37.07,
    "grossProfit" : 387.30,
    "operatingProfitMargin" : 3.25,
    "operatingProfit" : 33.96,
    "netProfitMargin" : 0.19,
    "netProfit" : 1.99
  }, {
    "date" : "2022-09-30",
    "sales" : 1097.45,
    "salesGrowthYoY" : 13.59,
    "grossProfitMargin" : 40.76,
    "grossProfit" : 447.32,
    "operatingProfitMargin" : 6.33,
    "operatingProfit" : 69.47,
    "netProfitMargin" : 2.20,
    "netProfit" : 24.14
  }, {
    "date" : "2022-12-31",
    "sales" : 976.79,
    "salesGrowthYoY" : 4.72,
    "grossProfitMargin" : 39.81,
    "grossProfit" : 388.86,
    "operatingProfitMargin" : 2.98,
    "operatingProfit" : 29.11,
    "netProfitMargin" : -0.14,
    "netProfit" : -1.37
  }, {
    "date" : "2023-03-31",
    "sales" : 985.04,
    "salesGrowthYoY" : 11.39,
    "grossProfitMargin" : 39.43,
    "grossProfit" : 388.40,
    "operatingProfitMargin" : 2.87,
    "operatingProfit" : 28.27,
    "netProfitMargin" : -0.77,
    "netProfit" : -7.58
  }, {
    "date" : "2023-06-30",
    "sales" : 1055.07,
    "salesGrowthYoY" : 0.99,
    "grossProfitMargin" : 39.77,
    "grossProfit" : 419.60,
    "operatingProfitMargin" : 3.12,
    "operatingProfit" : 32.92,
    "netProfitMargin" : 0.25,
    "netProfit" : 2.64
  }, {
    "date" : "2023-09-30",
    "sales" : 1068.06,
    "salesGrowthYoY" : -2.68,
    "grossProfitMargin" : 43.26,
    "grossProfit" : 462.04,
    "operatingProfitMargin" : 6.44,
    "operatingProfit" : 68.78,
    "netProfitMargin" : 2.69,
    "netProfit" : 28.73
  }, {
    "date" : "2023-12-31",
    "sales" : 1133.22,
    "salesGrowthYoY" : 16.01,
    "grossProfitMargin" : 40.62,
    "grossProfit" : 460.31,
    "operatingProfitMargin" : 5.58,
    "operatingProfit" : 63.23,
    "netProfitMargin" : 2.09,
    "netProfit" : 23.68
  }, {
    "date" : "2024-03-31",
    "sales" : 1055.33,
    "salesGrowthYoY" : 7.14,
    "grossProfitMargin" : 40.29,
    "grossProfit" : 425.19,
    "operatingProfitMargin" : 4.07,
    "operatingProfit" : 42.95,
    "netProfitMargin" : 1.31,
    "netProfit" : 13.82
  }, {
    "date" : "2024-06-30",
    "sales" : 1237.28,
    "salesGrowthYoY" : 17.27,
    "grossProfitMargin" : 38.28,
    "grossProfit" : 473.63,
    "operatingProfitMargin" : 6.42,
    "operatingProfit" : 79.43,
    "netProfitMargin" : 3.14,
    "netProfit" : 38.85
  }, {
    "date" : "2024-09-30",
    "sales" : 1176.56,
    "salesGrowthYoY" : 10.16,
    "grossProfitMargin" : 41.01,
    "grossProfit" : 482.51,
    "operatingProfitMargin" : 5.64,
    "operatingProfit" : 66.36,
    "netProfitMargin" : 2.83,
    "netProfit" : 33.30
  }, {
    "date" : "2024-12-31",
    "sales" : 1227.95,
    "salesGrowthYoY" : 8.36,
    "grossProfitMargin" : 41.00,
    "grossProfit" : 503.46,
    "operatingProfitMargin" : 6.98,
    "operatingProfit" : 85.71,
    "netProfitMargin" : 2.80,
    "netProfit" : 34.38
  }, {
    "date" : "2025-03-31",
    "sales" : 1300.49,
    "salesGrowthYoY" : 23.23,
    "grossProfitMargin" : 37.55,
    "grossProfit" : 488.33,
    "operatingProfitMargin" : 4.48,
    "operatingProfit" : 58.26,
    "netProfitMargin" : 1.71,
    "netProfit" : 22.24
  }, {
    "date" : "2025-06-30",
    "sales" : 1300.99,
    "salesGrowthYoY" : 5.15,
    "grossProfitMargin" : 39.83,
    "grossProfit" : 518.18,
    "operatingProfitMargin" : 4.62,
    "operatingProfit" : 60.11,
    "netProfitMargin" : 1.95,
    "netProfit" : 25.37
  }, {
    "date" : "2025-09-30",
    "sales" : 1319.94,
    "salesGrowthYoY" : 12.19,
    "grossProfitMargin" : 41.93,
    "grossProfit" : 553.45,
    "operatingProfitMargin" : 7.26,
    "operatingProfit" : 95.83,
    "netProfitMargin" : 3.77,
    "netProfit" : 49.76
  } ],
  "latestQuarterlyResult" : {
    "date" : "2025-09-30",
    "sales" : 1319.94,
    "salesGrowthYoY" : 12.19,
    "grossProfitMargin" : 41.93,
    "grossProfit" : 553.45,
    "operatingProfitMargin" : 7.26,
    "operatingProfit" : 95.83,
    "netProfitMargin" : 3.77,
    "netProfit" : 49.76
  },
  "companyScore" : {
    "priceHigherThanDma50" : 0.00,
    "priceHigherThanDma100" : 0.00,
    "priceHigherThanDma200" : 5.00,
    "dma50HigherThanDma100" : 5.00,
    "dma50HigherThanDma200" : 5.00,
    "dma100HigherThanDma200" : 5.00,
    "pricePercentageAboveDma50" : 5.23,
    "pricePercentageAboveDma100" : 5.04,
    "pricePercentageAboveDma200" : 4.95,
    "weeklyVolumeHigherThanYearlyVolume" : 0.00,
    "salesGrowthPercentile" : 9.06,
    "operatingProfitMarginPercentile" : 16.97,
    "netProfitMarginPercentile" : 8.25,
    "totalTechnicalScore" : 35.22,
    "totalFundamentalScore" : 34.28,
    "totalScore" : 69.51
  }
}