{
  "metadata" : {
    "screenerCompanyId" : "1424",
    "companyCode" : "IIFL",
    "companyName" : "IIFL Finance",
    "screenerCompanyLink" : "https://www.screener.in/company/IIFL",
    "screenerTechnicalHistoryLink" : "https://www.screener.in/api/company/1424/chart/?q=Price-DMA50-DMA200-Volume&days=365",
    "screenerQuarterlyResultsLink" : "https://www.screener.in/api/company/1424/chart/?q=GPM-OPM-NPM-Quarter+Sales&days=10000",
    "attributes" : {
      "companyCode" : "IIFL",
      "companyName" : "IIFL Finance",
      "marketCap" : 24278.00,
      "peRatio" : 61.00,
      "description" : "IIFL Finance Ltd is a diversified NBFC in India engaged in the business of loans and mortgages along with its subsidiaries. It offers a wide spectrum of products such as Home loan, Gold loan, business loan, microfinance, capital market finance and developer & construction finance, etc.[1]"
    },
    "companyScore" : {
      "priceHigherThanDma50" : 5.00,
      "priceHigherThanDma100" : 5.00,
      "priceHigherThanDma200" : 5.00,
      "dma50HigherThanDma100" : 5.00,
      "dma50HigherThanDma200" : 5.00,
      "dma100HigherThanDma200" : 5.00,
      "pricePercentageAboveDma50" : 4.43,
      "pricePercentageAboveDma100" : 4.14,
      "pricePercentageAboveDma200" : 3.82,
      "weeklyVolumeHigherThanYearlyVolume" : 0.00,
      "salesGrowthPercentile" : 15.44,
      "operatingProfitMarginPercentile" : 14.35,
      "netProfitMarginPercentile" : 2.89,
      "totalTechnicalScore" : 42.39,
      "totalFundamentalScore" : 32.68,
      "totalScore" : 75.07
    }
  },
  "attributes" : {
    "companyCode" : "IIFL",
    "companyName" : "IIFL Finance",
    "marketCap" : 24278.00,
    "peRatio" : 61.00,
    "description" : "IIFL Finance Ltd is a diversified NBFC in India engaged in the business of loans and mortgages along with its subsidiaries. It offers a wide spectrum of products such as Home loan, Gold loan, business loan, microfinance, capital market finance and developer & construction finance, etc.[1]"
  },
  "technicalHistory" : [ {
    "date" : "2024-11-27",
    "price" : 420.25,
    "dma50" : 440.72,
    "dma100" : null,
    "dma200" : 463.64,
    "volume" : 1048203.00
  }, {
    "date" : "2024-11-28",
    "price" : 421.45,
    "dma50" : 439.97,
    "dma100" : null,
    "dma200" : 463.22,
    "volume" : 1679053.00
  }, {
    "date" : "2024-11-29",
    "price" : 420.40,
    "dma50" : 439.20,
    "dma100" : null,
    "dma200" : 462.80,
    "volume" : 1893638.00
  }, {
    "date" : "2024-12-02",
    "price" : 428.95,
    "dma50" : 438.80,
    "dma100" : null,
    "dma200" : 462.46,
    "volume" : 1286868.00
  }, {
    "date" : "2024-12-03",
    "price" : 433.80,
    "dma50" : 438.60,
    "dma100" : null,
    "dma200" : 462.17,
    "volume" : 1333692.00
  }, {
    "date" : "2024-12-04",
    "price" : 437.80,
    "dma50" : 438.57,
    "dma100" : null,
    "dma200" : 461.93,
    "volume" : 2542929.00
  }, {
    "date" : "2024-12-05",
    "price" : 434.75,
    "dma50" : 438.42,
    "dma100" : null,
    "dma200" : 461.66,
    "volume" : 1058429.00
  }, {
    "date" : "2024-12-06",
    "price" : 434.60,
    "dma50" : 438.27,
    "dma100" : null,
    "dma200" : 461.39,
    "volume" : 1128566.00
  }, {
    "date" : "2024-12-09",
    "price" : 432.60,
    "dma50" : 438.05,
    "dma100" : null,
    "dma200" : 461.11,
    "volume" : 1277928.00
  }, {
    "date" : "2024-12-10",
    "price" : 442.75,
    "dma50" : 438.23,
    "dma100" : null,
    "dma200" : 460.92,
    "volume" : 4903338.00
  }, {
    "date" : "2024-12-11",
    "price" : 445.10,
    "dma50" : 438.50,
    "dma100" : null,
    "dma200" : 460.77,
    "volume" : 2903787.00
  }, {
    "date" : "2024-12-12",
    "price" : 433.55,
    "dma50" : 438.31,
    "dma100" : null,
    "dma200" : 460.49,
    "volume" : 1733171.00
  }, {
    "date" : "2024-12-13",
    "price" : 436.15,
    "dma50" : 438.22,
    "dma100" : null,
    "dma200" : 460.25,
    "volume" : 3641962.00
  }, {
    "date" : "2024-12-16",
    "price" : 426.90,
    "dma50" : 437.78,
    "dma100" : null,
    "dma200" : 459.92,
    "volume" : 1385759.00
  }, {
    "date" : "2024-12-17",
    "price" : 416.40,
    "dma50" : 436.94,
    "dma100" : null,
    "dma200" : 459.49,
    "volume" : 3628930.00
  }, {
    "date" : "2024-12-18",
    "price" : 426.65,
    "dma50" : 436.54,
    "dma100" : null,
    "dma200" : 459.16,
    "volume" : 5365978.00
  }, {
    "date" : "2024-12-19",
    "price" : 419.65,
    "dma50" : 435.87,
    "dma100" : null,
    "dma200" : 458.77,
    "volume" : 2125875.00
  }, {
    "date" : "2024-12-20",
    "price" : 407.25,
    "dma50" : 434.75,
    "dma100" : null,
    "dma200" : 458.26,
    "volume" : 1707577.00
  }, {
    "date" : "2024-12-23",
    "price" : 408.10,
    "dma50" : 433.71,
    "dma100" : null,
    "dma200" : 457.76,
    "volume" : 972329.00
  }, {
    "date" : "2024-12-24",
    "price" : 414.60,
    "dma50" : 432.96,
    "dma100" : null,
    "dma200" : 457.33,
    "volume" : 888455.00
  }, {
    "date" : "2024-12-26",
    "price" : 409.85,
    "dma50" : 432.05,
    "dma100" : null,
    "dma200" : 456.85,
    "volume" : 544525.00
  }, {
    "date" : "2024-12-27",
    "price" : 412.20,
    "dma50" : 431.27,
    "dma100" : null,
    "dma200" : 456.41,
    "volume" : 461567.00
  }, {
    "date" : "2024-12-30",
    "price" : 413.00,
    "dma50" : 430.56,
    "dma100" : null,
    "dma200" : 455.98,
    "volume" : 1152081.00
  }, {
    "date" : "2024-12-31",
    "price" : 413.50,
    "dma50" : 429.89,
    "dma100" : null,
    "dma200" : 455.56,
    "volume" : 754266.00
  }, {
    "date" : "2025-01-01",
    "price" : 418.25,
    "dma50" : 429.43,
    "dma100" : null,
    "dma200" : 455.18,
    "volume" : 907555.00
  }, {
    "date" : "2025-01-02",
    "price" : 431.50,
    "dma50" : 429.51,
    "dma100" : null,
    "dma200" : 454.95,
    "volume" : 2007746.00
  }, {
    "date" : "2025-01-03",
    "price" : 421.00,
    "dma50" : 429.18,
    "dma100" : null,
    "dma200" : 454.61,
    "volume" : 2604709.00
  }, {
    "date" : "2025-01-06",
    "price" : 404.45,
    "dma50" : 428.21,
    "dma100" : null,
    "dma200" : 454.11,
    "volume" : 1712086.00
  }, {
    "date" : "2025-01-07",
    "price" : 421.40,
    "dma50" : 427.94,
    "dma100" : null,
    "dma200" : 453.79,
    "volume" : 1192325.00
  }, {
    "date" : "2025-01-08",
    "price" : 434.60,
    "dma50" : 428.20,
    "dma100" : null,
    "dma200" : 453.60,
    "volume" : 3240342.00
  }, {
    "date" : "2025-01-09",
    "price" : 429.30,
    "dma50" : 428.25,
    "dma100" : null,
    "dma200" : 453.35,
    "volume" : 1644547.00
  }, {
    "date" : "2025-01-10",
    "price" : 415.35,
    "dma50" : 427.74,
    "dma100" : null,
    "dma200" : 452.98,
    "volume" : 1491566.00
  }, {
    "date" : "2025-01-13",
    "price" : 392.60,
    "dma50" : 426.36,
    "dma100" : null,
    "dma200" : 452.37,
    "volume" : 1974076.00
  }, {
    "date" : "2025-01-14",
    "price" : 402.05,
    "dma50" : 425.41,
    "dma100" : null,
    "dma200" : 451.87,
    "volume" : 1013027.00
  }, {
    "date" : "2025-01-15",
    "price" : 393.25,
    "dma50" : 424.15,
    "dma100" : null,
    "dma200" : 451.29,
    "volume" : 1357108.00
  }, {
    "date" : "2025-01-16",
    "price" : 399.05,
    "dma50" : 423.16,
    "dma100" : null,
    "dma200" : 450.77,
    "volume" : 873450.00
  }, {
    "date" : "2025-01-17",
    "price" : 399.15,
    "dma50" : 422.22,
    "dma100" : null,
    "dma200" : 450.26,
    "volume" : 835708.00
  }, {
    "date" : "2025-01-20",
    "price" : 402.00,
    "dma50" : 421.43,
    "dma100" : null,
    "dma200" : 449.78,
    "volume" : 553715.00
  }, {
    "date" : "2025-01-21",
    "price" : 391.00,
    "dma50" : 420.24,
    "dma100" : null,
    "dma200" : 449.19,
    "volume" : 882644.00
  }, {
    "date" : "2025-01-22",
    "price" : 385.50,
    "dma50" : 418.87,
    "dma100" : null,
    "dma200" : 448.56,
    "volume" : 864358.00
  }, {
    "date" : "2025-01-23",
    "price" : 386.45,
    "dma50" : 417.60,
    "dma100" : null,
    "dma200" : 447.94,
    "volume" : 508275.00
  }, {
    "date" : "2025-01-24",
    "price" : 375.90,
    "dma50" : 415.97,
    "dma100" : null,
    "dma200" : 447.22,
    "volume" : 754637.00
  }, {
    "date" : "2025-01-27",
    "price" : 357.85,
    "dma50" : 413.69,
    "dma100" : null,
    "dma200" : 446.33,
    "volume" : 1827339.00
  }, {
    "date" : "2025-01-28",
    "price" : 350.05,
    "dma50" : 411.19,
    "dma100" : null,
    "dma200" : 445.38,
    "volume" : 7465510.00
  }, {
    "date" : "2025-01-29",
    "price" : 347.90,
    "dma50" : 408.71,
    "dma100" : null,
    "dma200" : 444.41,
    "volume" : 2140825.00
  }, {
    "date" : "2025-01-30",
    "price" : 353.40,
    "dma50" : 406.54,
    "dma100" : null,
    "dma200" : 443.50,
    "volume" : 1005479.00
  }, {
    "date" : "2025-01-31",
    "price" : 356.45,
    "dma50" : 404.58,
    "dma100" : null,
    "dma200" : 442.63,
    "volume" : 772565.00
  }, {
    "date" : "2025-02-01",
    "price" : 357.90,
    "dma50" : 402.75,
    "dma100" : null,
    "dma200" : 441.79,
    "volume" : 791526.00
  }, {
    "date" : "2025-02-03",
    "price" : 346.50,
    "dma50" : 400.54,
    "dma100" : null,
    "dma200" : 440.84,
    "volume" : 759969.00
  }, {
    "date" : "2025-02-04",
    "price" : 352.20,
    "dma50" : 398.64,
    "dma100" : null,
    "dma200" : 439.96,
    "volume" : 1558449.00
  }, {
    "date" : "2025-02-05",
    "price" : 361.90,
    "dma50" : 397.20,
    "dma100" : null,
    "dma200" : 439.18,
    "volume" : 1261861.00
  }, {
    "date" : "2025-02-06",
    "price" : 359.50,
    "dma50" : 395.72,
    "dma100" : null,
    "dma200" : 438.39,
    "volume" : 735237.00
  }, {
    "date" : "2025-02-07",
    "price" : 364.60,
    "dma50" : 394.50,
    "dma100" : null,
    "dma200" : 437.66,
    "volume" : 1250940.00
  }, {
    "date" : "2025-02-10",
    "price" : 356.85,
    "dma50" : 393.03,
    "dma100" : null,
    "dma200" : 436.85,
    "volume" : 685450.00
  }, {
    "date" : "2025-02-11",
    "price" : 343.95,
    "dma50" : 391.10,
    "dma100" : null,
    "dma200" : 435.93,
    "volume" : 1047238.00
  }, {
    "date" : "2025-02-12",
    "price" : 335.65,
    "dma50" : 388.93,
    "dma100" : null,
    "dma200" : 434.93,
    "volume" : 1347568.00
  }, {
    "date" : "2025-02-13",
    "price" : 331.50,
    "dma50" : 386.68,
    "dma100" : null,
    "dma200" : 433.90,
    "volume" : 2525956.00
  }, {
    "date" : "2025-02-14",
    "price" : 314.35,
    "dma50" : 383.84,
    "dma100" : null,
    "dma200" : 432.71,
    "volume" : 2251697.00
  }, {
    "date" : "2025-02-17",
    "price" : 314.50,
    "dma50" : 381.12,
    "dma100" : null,
    "dma200" : 431.54,
    "volume" : 1329010.00
  }, {
    "date" : "2025-02-18",
    "price" : 305.50,
    "dma50" : 378.16,
    "dma100" : null,
    "dma200" : 430.28,
    "volume" : 936373.00
  }, {
    "date" : "2025-02-19",
    "price" : 314.15,
    "dma50" : 375.65,
    "dma100" : null,
    "dma200" : 429.13,
    "volume" : 1184011.00
  }, {
    "date" : "2025-02-20",
    "price" : 318.40,
    "dma50" : 373.40,
    "dma100" : null,
    "dma200" : 428.02,
    "volume" : 1365135.00
  }, {
    "date" : "2025-02-21",
    "price" : 319.50,
    "dma50" : 371.29,
    "dma100" : null,
    "dma200" : 426.94,
    "volume" : 1277424.00
  }, {
    "date" : "2025-02-24",
    "price" : 310.95,
    "dma50" : 368.92,
    "dma100" : null,
    "dma200" : 425.79,
    "volume" : 659591.00
  }, {
    "date" : "2025-02-25",
    "price" : 312.50,
    "dma50" : 366.71,
    "dma100" : null,
    "dma200" : 424.66,
    "volume" : 685069.00
  }, {
    "date" : "2025-02-27",
    "price" : 316.90,
    "dma50" : 364.75,
    "dma100" : null,
    "dma200" : 423.59,
    "volume" : 1869391.00
  }, {
    "date" : "2025-02-28",
    "price" : 301.90,
    "dma50" : 362.29,
    "dma100" : null,
    "dma200" : 422.38,
    "volume" : 6536498.00
  }, {
    "date" : "2025-03-03",
    "price" : 291.85,
    "dma50" : 359.53,
    "dma100" : null,
    "dma200" : 421.08,
    "volume" : 3005115.00
  }, {
    "date" : "2025-03-04",
    "price" : 283.60,
    "dma50" : 356.55,
    "dma100" : null,
    "dma200" : 419.71,
    "volume" : 2550229.00
  }, {
    "date" : "2025-03-05",
    "price" : 313.70,
    "dma50" : 354.87,
    "dma100" : null,
    "dma200" : 418.66,
    "volume" : 13348995.00
  }, {
    "date" : "2025-03-06",
    "price" : 325.85,
    "dma50" : 353.73,
    "dma100" : null,
    "dma200" : 417.74,
    "volume" : 7385902.00
  }, {
    "date" : "2025-03-07",
    "price" : 322.10,
    "dma50" : 352.49,
    "dma100" : null,
    "dma200" : 416.78,
    "volume" : 2579577.00
  }, {
    "date" : "2025-03-10",
    "price" : 313.70,
    "dma50" : 350.97,
    "dma100" : null,
    "dma200" : 415.76,
    "volume" : 1814964.00
  }, {
    "date" : "2025-03-11",
    "price" : 311.95,
    "dma50" : 349.44,
    "dma100" : null,
    "dma200" : 414.72,
    "volume" : 3131723.00
  }, {
    "date" : "2025-03-12",
    "price" : 313.10,
    "dma50" : 348.01,
    "dma100" : null,
    "dma200" : 413.71,
    "volume" : 1865886.00
  }, {
    "date" : "2025-03-13",
    "price" : 313.25,
    "dma50" : 346.65,
    "dma100" : null,
    "dma200" : 412.71,
    "volume" : 1029379.00
  }, {
    "date" : "2025-03-17",
    "price" : 307.45,
    "dma50" : 345.11,
    "dma100" : null,
    "dma200" : 411.67,
    "volume" : 1644414.00
  }, {
    "date" : "2025-03-18",
    "price" : 325.85,
    "dma50" : 344.36,
    "dma100" : null,
    "dma200" : 410.81,
    "volume" : 3704510.00
  }, {
    "date" : "2025-03-19",
    "price" : 330.55,
    "dma50" : 343.82,
    "dma100" : null,
    "dma200" : 410.01,
    "volume" : 2583914.00
  }, {
    "date" : "2025-03-20",
    "price" : 326.75,
    "dma50" : 343.15,
    "dma100" : null,
    "dma200" : 409.19,
    "volume" : 1622749.00
  }, {
    "date" : "2025-03-21",
    "price" : 340.00,
    "dma50" : 343.02,
    "dma100" : null,
    "dma200" : 408.50,
    "volume" : 2907485.00
  }, {
    "date" : "2025-03-24",
    "price" : 337.00,
    "dma50" : 342.79,
    "dma100" : null,
    "dma200" : 407.79,
    "volume" : 2493489.00
  }, {
    "date" : "2025-03-25",
    "price" : 328.25,
    "dma50" : 342.22,
    "dma100" : null,
    "dma200" : 406.99,
    "volume" : 1928235.00
  }, {
    "date" : "2025-03-26",
    "price" : 328.40,
    "dma50" : 341.68,
    "dma100" : null,
    "dma200" : 406.21,
    "volume" : 2334334.00
  }, {
    "date" : "2025-03-27",
    "price" : 336.90,
    "dma50" : 341.49,
    "dma100" : null,
    "dma200" : 405.52,
    "volume" : 3202561.00
  }, {
    "date" : "2025-03-28",
    "price" : 327.65,
    "dma50" : 340.95,
    "dma100" : null,
    "dma200" : 404.75,
    "volume" : 1680466.00
  }, {
    "date" : "2025-04-01",
    "price" : 324.90,
    "dma50" : 340.32,
    "dma100" : null,
    "dma200" : 403.95,
    "volume" : 1919877.00
  }, {
    "date" : "2025-04-02",
    "price" : 335.75,
    "dma50" : 340.14,
    "dma100" : null,
    "dma200" : 403.27,
    "volume" : 1160046.00
  }, {
    "date" : "2025-04-03",
    "price" : 350.45,
    "dma50" : 340.54,
    "dma100" : null,
    "dma200" : 402.75,
    "volume" : 3532516.00
  }, {
    "date" : "2025-04-04",
    "price" : 340.25,
    "dma50" : 340.53,
    "dma100" : null,
    "dma200" : 402.13,
    "volume" : 2934395.00
  }, {
    "date" : "2025-04-07",
    "price" : 327.15,
    "dma50" : 340.01,
    "dma100" : null,
    "dma200" : 401.38,
    "volume" : 2589081.00
  }, {
    "date" : "2025-04-08",
    "price" : 333.55,
    "dma50" : 339.75,
    "dma100" : null,
    "dma200" : 400.71,
    "volume" : 1024191.00
  }, {
    "date" : "2025-04-09",
    "price" : 325.10,
    "dma50" : 339.18,
    "dma100" : null,
    "dma200" : 399.95,
    "volume" : 5744043.00
  }, {
    "date" : "2025-04-11",
    "price" : 323.75,
    "dma50" : 338.57,
    "dma100" : null,
    "dma200" : 399.20,
    "volume" : 2273224.00
  }, {
    "date" : "2025-04-15",
    "price" : 332.40,
    "dma50" : 338.33,
    "dma100" : null,
    "dma200" : 398.53,
    "volume" : 1152133.00
  }, {
    "date" : "2025-04-16",
    "price" : 333.10,
    "dma50" : 338.13,
    "dma100" : null,
    "dma200" : 397.88,
    "volume" : 899069.00
  }, {
    "date" : "2025-04-17",
    "price" : 334.40,
    "dma50" : 337.98,
    "dma100" : null,
    "dma200" : 397.25,
    "volume" : 1141175.00
  }, {
    "date" : "2025-04-21",
    "price" : 347.35,
    "dma50" : 338.35,
    "dma100" : null,
    "dma200" : 396.75,
    "volume" : 2195656.00
  }, {
    "date" : "2025-04-22",
    "price" : 367.20,
    "dma50" : 339.48,
    "dma100" : null,
    "dma200" : 396.46,
    "volume" : 8597330.00
  }, {
    "date" : "2025-04-23",
    "price" : 380.15,
    "dma50" : 341.07,
    "dma100" : null,
    "dma200" : 396.30,
    "volume" : 3936448.00
  }, {
    "date" : "2025-04-24",
    "price" : 373.95,
    "dma50" : 342.36,
    "dma100" : 366.85,
    "dma200" : 396.07,
    "volume" : 2790727.00
  }, {
    "date" : "2025-04-25",
    "price" : 366.20,
    "dma50" : 343.30,
    "dma100" : 366.30,
    "dma200" : 395.78,
    "volume" : 2479230.00
  }, {
    "date" : "2025-04-28",
    "price" : 367.00,
    "dma50" : 344.23,
    "dma100" : 365.76,
    "dma200" : 395.49,
    "volume" : 2314047.00
  }, {
    "date" : "2025-04-29",
    "price" : 365.80,
    "dma50" : 345.07,
    "dma100" : 365.13,
    "dma200" : 395.19,
    "volume" : 1675620.00
  }, {
    "date" : "2025-04-30",
    "price" : 359.20,
    "dma50" : 345.63,
    "dma100" : 364.39,
    "dma200" : 394.84,
    "volume" : 1097911.00
  }, {
    "date" : "2025-05-02",
    "price" : 353.40,
    "dma50" : 345.93,
    "dma100" : 363.54,
    "dma200" : 394.42,
    "volume" : 691771.00
  }, {
    "date" : "2025-05-05",
    "price" : 359.45,
    "dma50" : 346.46,
    "dma100" : 362.79,
    "dma200" : 394.08,
    "volume" : 534254.00
  }, {
    "date" : "2025-05-06",
    "price" : 344.35,
    "dma50" : 346.38,
    "dma100" : 361.89,
    "dma200" : 393.58,
    "volume" : 1250715.00
  }, {
    "date" : "2025-05-07",
    "price" : 367.80,
    "dma50" : 347.22,
    "dma100" : 361.24,
    "dma200" : 393.32,
    "volume" : 3944258.00
  }, {
    "date" : "2025-05-08",
    "price" : 360.80,
    "dma50" : 347.75,
    "dma100" : 360.42,
    "dma200" : 393.00,
    "volume" : 2626628.00
  }, {
    "date" : "2025-05-09",
    "price" : 372.50,
    "dma50" : 348.72,
    "dma100" : 359.69,
    "dma200" : 392.80,
    "volume" : 5961316.00
  }, {
    "date" : "2025-05-12",
    "price" : 388.15,
    "dma50" : 350.27,
    "dma100" : 359.24,
    "dma200" : 392.75,
    "volume" : 2266155.00
  }, {
    "date" : "2025-05-13",
    "price" : 405.45,
    "dma50" : 352.43,
    "dma100" : 358.93,
    "dma200" : 392.88,
    "volume" : 9074832.00
  }, {
    "date" : "2025-05-14",
    "price" : 413.05,
    "dma50" : 354.81,
    "dma100" : 358.79,
    "dma200" : 393.08,
    "volume" : 2583456.00
  }, {
    "date" : "2025-05-15",
    "price" : 411.55,
    "dma50" : 357.03,
    "dma100" : 358.75,
    "dma200" : 393.26,
    "volume" : 1607663.00
  }, {
    "date" : "2025-05-16",
    "price" : 413.95,
    "dma50" : 359.27,
    "dma100" : 358.62,
    "dma200" : 393.47,
    "volume" : 965070.00
  }, {
    "date" : "2025-05-19",
    "price" : 413.00,
    "dma50" : 361.37,
    "dma100" : 358.55,
    "dma200" : 393.66,
    "volume" : 1226443.00
  }, {
    "date" : "2025-05-20",
    "price" : 406.70,
    "dma50" : 363.15,
    "dma100" : 358.55,
    "dma200" : 393.79,
    "volume" : 728184.00
  }, {
    "date" : "2025-05-21",
    "price" : 413.15,
    "dma50" : 365.11,
    "dma100" : 358.60,
    "dma200" : 393.98,
    "volume" : 702031.00
  }, {
    "date" : "2025-05-22",
    "price" : 413.95,
    "dma50" : 367.03,
    "dma100" : 358.59,
    "dma200" : 394.18,
    "volume" : 599952.00
  }, {
    "date" : "2025-05-23",
    "price" : 415.30,
    "dma50" : 368.92,
    "dma100" : 358.64,
    "dma200" : 394.39,
    "volume" : 850523.00
  }, {
    "date" : "2025-05-26",
    "price" : 416.50,
    "dma50" : 370.79,
    "dma100" : 358.69,
    "dma200" : 394.61,
    "volume" : 2191454.00
  }, {
    "date" : "2025-05-27",
    "price" : 417.35,
    "dma50" : 372.61,
    "dma100" : 358.73,
    "dma200" : 394.84,
    "volume" : 921859.00
  }, {
    "date" : "2025-05-28",
    "price" : 421.50,
    "dma50" : 374.53,
    "dma100" : 358.81,
    "dma200" : 395.10,
    "volume" : 1311554.00
  }, {
    "date" : "2025-05-29",
    "price" : 427.65,
    "dma50" : 376.61,
    "dma100" : 358.91,
    "dma200" : 395.43,
    "volume" : 1522627.00
  }, {
    "date" : "2025-05-30",
    "price" : 435.85,
    "dma50" : 378.94,
    "dma100" : 358.95,
    "dma200" : 395.83,
    "volume" : 2169945.00
  }, {
    "date" : "2025-06-02",
    "price" : 429.80,
    "dma50" : 380.93,
    "dma100" : 359.04,
    "dma200" : 396.17,
    "volume" : 650948.00
  }, {
    "date" : "2025-06-03",
    "price" : 425.00,
    "dma50" : 382.66,
    "dma100" : 359.24,
    "dma200" : 396.46,
    "volume" : 853361.00
  }, {
    "date" : "2025-06-04",
    "price" : 428.00,
    "dma50" : 384.44,
    "dma100" : 359.31,
    "dma200" : 396.77,
    "volume" : 505128.00
  }, {
    "date" : "2025-06-05",
    "price" : 429.20,
    "dma50" : 386.19,
    "dma100" : 359.25,
    "dma200" : 397.09,
    "volume" : 1618516.00
  }, {
    "date" : "2025-06-06",
    "price" : 451.05,
    "dma50" : 388.74,
    "dma100" : 359.47,
    "dma200" : 397.63,
    "volume" : 5410783.00
  }, {
    "date" : "2025-06-09",
    "price" : 487.45,
    "dma50" : 392.61,
    "dma100" : 360.19,
    "dma200" : 398.52,
    "volume" : 11110209.00
  }, {
    "date" : "2025-06-10",
    "price" : 481.30,
    "dma50" : 396.08,
    "dma100" : 361.08,
    "dma200" : 399.35,
    "volume" : 2621520.00
  }, {
    "date" : "2025-06-11",
    "price" : 483.80,
    "dma50" : 399.52,
    "dma100" : 361.90,
    "dma200" : 400.19,
    "volume" : 2630764.00
  }, {
    "date" : "2025-06-12",
    "price" : 476.00,
    "dma50" : 402.52,
    "dma100" : 362.72,
    "dma200" : 400.94,
    "volume" : 1495872.00
  }, {
    "date" : "2025-06-13",
    "price" : 469.05,
    "dma50" : 405.13,
    "dma100" : 363.42,
    "dma200" : 401.62,
    "volume" : 1388707.00
  }, {
    "date" : "2025-06-16",
    "price" : 484.85,
    "dma50" : 408.26,
    "dma100" : 364.28,
    "dma200" : 402.45,
    "volume" : 2497779.00
  }, {
    "date" : "2025-06-17",
    "price" : 487.65,
    "dma50" : 411.37,
    "dma100" : 365.14,
    "dma200" : 403.29,
    "volume" : 2529664.00
  }, {
    "date" : "2025-06-18",
    "price" : 485.05,
    "dma50" : 414.26,
    "dma100" : 366.08,
    "dma200" : 404.11,
    "volume" : 1479531.00
  }, {
    "date" : "2025-06-19",
    "price" : 474.45,
    "dma50" : 416.62,
    "dma100" : 366.97,
    "dma200" : 404.81,
    "volume" : 1856960.00
  }, {
    "date" : "2025-06-20",
    "price" : 474.70,
    "dma50" : 418.90,
    "dma100" : 367.85,
    "dma200" : 405.50,
    "volume" : 6240830.00
  }, {
    "date" : "2025-06-23",
    "price" : 480.00,
    "dma50" : 421.30,
    "dma100" : 368.89,
    "dma200" : 406.24,
    "volume" : 1501162.00
  }, {
    "date" : "2025-06-24",
    "price" : 478.80,
    "dma50" : 423.55,
    "dma100" : 370.10,
    "dma200" : 406.97,
    "volume" : 1015687.00
  }, {
    "date" : "2025-06-25",
    "price" : 481.85,
    "dma50" : 425.84,
    "dma100" : 371.42,
    "dma200" : 407.71,
    "volume" : 3893767.00
  }, {
    "date" : "2025-06-26",
    "price" : 477.95,
    "dma50" : 427.88,
    "dma100" : 372.72,
    "dma200" : 408.41,
    "volume" : 4610124.00
  }, {
    "date" : "2025-06-27",
    "price" : 470.75,
    "dma50" : 429.56,
    "dma100" : 373.89,
    "dma200" : 409.03,
    "volume" : 1430181.00
  }, {
    "date" : "2025-06-30",
    "price" : 472.75,
    "dma50" : 431.26,
    "dma100" : 375.06,
    "dma200" : 409.66,
    "volume" : 1753879.00
  }, {
    "date" : "2025-07-01",
    "price" : 469.35,
    "dma50" : 432.75,
    "dma100" : 376.17,
    "dma200" : 410.26,
    "volume" : 3166444.00
  }, {
    "date" : "2025-07-02",
    "price" : 462.35,
    "dma50" : 433.91,
    "dma100" : 377.33,
    "dma200" : 410.78,
    "volume" : 1652908.00
  }, {
    "date" : "2025-07-03",
    "price" : 463.50,
    "dma50" : 435.07,
    "dma100" : 378.44,
    "dma200" : 411.30,
    "volume" : 1457440.00
  }, {
    "date" : "2025-07-04",
    "price" : 474.85,
    "dma50" : 436.63,
    "dma100" : 379.57,
    "dma200" : 411.93,
    "volume" : 4237835.00
  }, {
    "date" : "2025-07-07",
    "price" : 487.20,
    "dma50" : 438.61,
    "dma100" : 380.85,
    "dma200" : 412.68,
    "volume" : 6212849.00
  }, {
    "date" : "2025-07-08",
    "price" : 501.25,
    "dma50" : 441.07,
    "dma100" : 382.21,
    "dma200" : 413.56,
    "volume" : 5767367.00
  }, {
    "date" : "2025-07-09",
    "price" : 508.55,
    "dma50" : 443.72,
    "dma100" : 383.73,
    "dma200" : 414.51,
    "volume" : 2931150.00
  }, {
    "date" : "2025-07-10",
    "price" : 520.90,
    "dma50" : 446.74,
    "dma100" : 385.50,
    "dma200" : 415.57,
    "volume" : 4821816.00
  }, {
    "date" : "2025-07-11",
    "price" : 519.75,
    "dma50" : 449.61,
    "dma100" : 387.34,
    "dma200" : 416.60,
    "volume" : 1752990.00
  }, {
    "date" : "2025-07-14",
    "price" : 523.55,
    "dma50" : 452.51,
    "dma100" : 389.26,
    "dma200" : 417.67,
    "volume" : 2046557.00
  }, {
    "date" : "2025-07-15",
    "price" : 525.00,
    "dma50" : 455.35,
    "dma100" : 391.37,
    "dma200" : 418.74,
    "volume" : 1105739.00
  }, {
    "date" : "2025-07-16",
    "price" : 526.75,
    "dma50" : 458.15,
    "dma100" : 393.49,
    "dma200" : 419.81,
    "volume" : 784582.00
  }, {
    "date" : "2025-07-17",
    "price" : 527.00,
    "dma50" : 460.85,
    "dma100" : 395.71,
    "dma200" : 420.88,
    "volume" : 1190431.00
  }, {
    "date" : "2025-07-18",
    "price" : 532.95,
    "dma50" : 463.68,
    "dma100" : 397.90,
    "dma200" : 421.99,
    "volume" : 1917190.00
  }, {
    "date" : "2025-07-21",
    "price" : 536.45,
    "dma50" : 466.53,
    "dma100" : 400.08,
    "dma200" : 423.13,
    "volume" : 956266.00
  }, {
    "date" : "2025-07-22",
    "price" : 529.80,
    "dma50" : 469.01,
    "dma100" : 402.18,
    "dma200" : 424.19,
    "volume" : 1297751.00
  }, {
    "date" : "2025-07-23",
    "price" : 533.85,
    "dma50" : 471.55,
    "dma100" : 404.41,
    "dma200" : 425.28,
    "volume" : 821563.00
  }, {
    "date" : "2025-07-24",
    "price" : 529.15,
    "dma50" : 473.81,
    "dma100" : 406.57,
    "dma200" : 426.32,
    "volume" : 831527.00
  }, {
    "date" : "2025-07-25",
    "price" : 516.85,
    "dma50" : 475.50,
    "dma100" : 408.57,
    "dma200" : 427.22,
    "volume" : 2192340.00
  }, {
    "date" : "2025-07-28",
    "price" : 496.25,
    "dma50" : 476.31,
    "dma100" : 410.52,
    "dma200" : 427.91,
    "volume" : 2290865.00
  }, {
    "date" : "2025-07-29",
    "price" : 514.90,
    "dma50" : 477.83,
    "dma100" : 412.75,
    "dma200" : 428.77,
    "volume" : 1752179.00
  }, {
    "date" : "2025-07-30",
    "price" : 503.85,
    "dma50" : 478.85,
    "dma100" : 414.95,
    "dma200" : 429.52,
    "volume" : 963463.00
  }, {
    "date" : "2025-07-31",
    "price" : 477.95,
    "dma50" : 478.81,
    "dma100" : 416.59,
    "dma200" : 430.00,
    "volume" : 3201592.00
  }, {
    "date" : "2025-08-01",
    "price" : 427.20,
    "dma50" : 476.79,
    "dma100" : 417.61,
    "dma200" : 429.97,
    "volume" : 7640605.00
  }, {
    "date" : "2025-08-04",
    "price" : 449.60,
    "dma50" : 475.72,
    "dma100" : 418.88,
    "dma200" : 430.17,
    "volume" : 3658893.00
  }, {
    "date" : "2025-08-05",
    "price" : 437.35,
    "dma50" : 474.22,
    "dma100" : 420.12,
    "dma200" : 430.24,
    "volume" : 2103071.00
  }, {
    "date" : "2025-08-06",
    "price" : 452.25,
    "dma50" : 473.36,
    "dma100" : 421.52,
    "dma200" : 430.46,
    "volume" : 3705761.00
  }, {
    "date" : "2025-08-07",
    "price" : 454.45,
    "dma50" : 472.61,
    "dma100" : 422.93,
    "dma200" : 430.70,
    "volume" : 1560676.00
  }, {
    "date" : "2025-08-08",
    "price" : 448.90,
    "dma50" : 471.68,
    "dma100" : 424.29,
    "dma200" : 430.88,
    "volume" : 1000455.00
  }, {
    "date" : "2025-08-11",
    "price" : 450.10,
    "dma50" : 470.84,
    "dma100" : 425.72,
    "dma200" : 431.07,
    "volume" : 1088813.00
  }, {
    "date" : "2025-08-12",
    "price" : 449.40,
    "dma50" : 470.00,
    "dma100" : 426.95,
    "dma200" : 431.25,
    "volume" : 949175.00
  }, {
    "date" : "2025-08-13",
    "price" : 445.75,
    "dma50" : 469.05,
    "dma100" : 428.10,
    "dma200" : 431.40,
    "volume" : 577313.00
  }, {
    "date" : "2025-08-14",
    "price" : 441.70,
    "dma50" : 467.97,
    "dma100" : 429.25,
    "dma200" : 431.50,
    "volume" : 932195.00
  }, {
    "date" : "2025-08-18",
    "price" : 449.00,
    "dma50" : 467.23,
    "dma100" : 430.34,
    "dma200" : 431.67,
    "volume" : 980166.00
  }, {
    "date" : "2025-08-19",
    "price" : 471.90,
    "dma50" : 467.41,
    "dma100" : 431.69,
    "dma200" : 432.07,
    "volume" : 2564287.00
  }, {
    "date" : "2025-08-20",
    "price" : 471.50,
    "dma50" : 467.57,
    "dma100" : 433.13,
    "dma200" : 432.47,
    "volume" : 1012396.00
  }, {
    "date" : "2025-08-21",
    "price" : 459.75,
    "dma50" : 467.27,
    "dma100" : 434.44,
    "dma200" : 432.74,
    "volume" : 673113.00
  }, {
    "date" : "2025-08-22",
    "price" : 451.10,
    "dma50" : 466.63,
    "dma100" : 435.58,
    "dma200" : 432.92,
    "volume" : 685416.00
  }, {
    "date" : "2025-08-25",
    "price" : 458.50,
    "dma50" : 466.31,
    "dma100" : 436.89,
    "dma200" : 433.17,
    "volume" : 1019106.00
  }, {
    "date" : "2025-08-26",
    "price" : 450.35,
    "dma50" : 465.69,
    "dma100" : 438.14,
    "dma200" : 433.34,
    "volume" : 1334223.00
  }, {
    "date" : "2025-08-28",
    "price" : 436.20,
    "dma50" : 464.53,
    "dma100" : 439.15,
    "dma200" : 433.37,
    "volume" : 675924.00
  }, {
    "date" : "2025-08-29",
    "price" : 427.60,
    "dma50" : 463.08,
    "dma100" : 439.92,
    "dma200" : 433.32,
    "volume" : 1065310.00
  }, {
    "date" : "2025-09-01",
    "price" : 439.00,
    "dma50" : 462.14,
    "dma100" : 440.91,
    "dma200" : 433.37,
    "volume" : 507823.00
  }, {
    "date" : "2025-09-02",
    "price" : 438.20,
    "dma50" : 461.20,
    "dma100" : 442.02,
    "dma200" : 433.42,
    "volume" : 712890.00
  }, {
    "date" : "2025-09-03",
    "price" : 437.00,
    "dma50" : 460.25,
    "dma100" : 443.05,
    "dma200" : 433.46,
    "volume" : 1542449.00
  }, {
    "date" : "2025-09-04",
    "price" : 432.25,
    "dma50" : 459.15,
    "dma100" : 444.12,
    "dma200" : 433.44,
    "volume" : 520846.00
  }, {
    "date" : "2025-09-05",
    "price" : 435.00,
    "dma50" : 458.21,
    "dma100" : 445.24,
    "dma200" : 433.46,
    "volume" : 354992.00
  }, {
    "date" : "2025-09-08",
    "price" : 447.40,
    "dma50" : 457.78,
    "dma100" : 446.39,
    "dma200" : 433.60,
    "volume" : 1106722.00
  }, {
    "date" : "2025-09-09",
    "price" : 440.45,
    "dma50" : 457.10,
    "dma100" : 447.46,
    "dma200" : 433.67,
    "volume" : 384667.00
  }, {
    "date" : "2025-09-10",
    "price" : 447.50,
    "dma50" : 456.73,
    "dma100" : 448.59,
    "dma200" : 433.80,
    "volume" : 593709.00
  }, {
    "date" : "2025-09-11",
    "price" : 438.65,
    "dma50" : 456.02,
    "dma100" : 449.50,
    "dma200" : 433.85,
    "volume" : 841855.00
  }, {
    "date" : "2025-09-12",
    "price" : 434.55,
    "dma50" : 455.17,
    "dma100" : 450.18,
    "dma200" : 433.86,
    "volume" : 443269.00
  }, {
    "date" : "2025-09-15",
    "price" : 439.55,
    "dma50" : 454.56,
    "dma100" : 450.77,
    "dma200" : 433.92,
    "volume" : 719410.00
  }, {
    "date" : "2025-09-16",
    "price" : 446.70,
    "dma50" : 454.25,
    "dma100" : 451.50,
    "dma200" : 434.04,
    "volume" : 1060013.00
  }, {
    "date" : "2025-09-17",
    "price" : 443.30,
    "dma50" : 453.82,
    "dma100" : 452.27,
    "dma200" : 434.14,
    "volume" : 677506.00
  }, {
    "date" : "2025-09-18",
    "price" : 449.50,
    "dma50" : 453.65,
    "dma100" : 453.10,
    "dma200" : 434.29,
    "volume" : 1538892.00
  }, {
    "date" : "2025-09-19",
    "price" : 454.05,
    "dma50" : 453.67,
    "dma100" : 453.98,
    "dma200" : 434.48,
    "volume" : 1275961.00
  }, {
    "date" : "2025-09-22",
    "price" : 450.10,
    "dma50" : 453.53,
    "dma100" : 454.89,
    "dma200" : 434.64,
    "volume" : 1415502.00
  }, {
    "date" : "2025-09-23",
    "price" : 451.00,
    "dma50" : 453.43,
    "dma100" : 455.86,
    "dma200" : 434.80,
    "volume" : 975743.00
  }, {
    "date" : "2025-09-24",
    "price" : 441.75,
    "dma50" : 452.97,
    "dma100" : 456.69,
    "dma200" : 434.87,
    "volume" : 547200.00
  }, {
    "date" : "2025-09-25",
    "price" : 436.20,
    "dma50" : 452.32,
    "dma100" : 457.60,
    "dma200" : 434.89,
    "volume" : 750892.00
  }, {
    "date" : "2025-09-26",
    "price" : 419.35,
    "dma50" : 451.02,
    "dma100" : 458.12,
    "dma200" : 434.73,
    "volume" : 1806602.00
  }, {
    "date" : "2025-09-29",
    "price" : 438.80,
    "dma50" : 450.54,
    "dma100" : 458.90,
    "dma200" : 434.77,
    "volume" : 1520290.00
  }, {
    "date" : "2025-09-30",
    "price" : 451.90,
    "dma50" : 450.60,
    "dma100" : 459.69,
    "dma200" : 434.94,
    "volume" : 2148490.00
  }, {
    "date" : "2025-10-01",
    "price" : 452.20,
    "dma50" : 450.66,
    "dma100" : 460.33,
    "dma200" : 435.11,
    "volume" : 1077465.00
  }, {
    "date" : "2025-10-03",
    "price" : 457.20,
    "dma50" : 450.92,
    "dma100" : 460.85,
    "dma200" : 435.33,
    "volume" : 2257505.00
  }, {
    "date" : "2025-10-06",
    "price" : 469.50,
    "dma50" : 451.64,
    "dma100" : 461.42,
    "dma200" : 435.67,
    "volume" : 1391947.00
  }, {
    "date" : "2025-10-07",
    "price" : 475.50,
    "dma50" : 452.58,
    "dma100" : 462.06,
    "dma200" : 436.07,
    "volume" : 3010983.00
  }, {
    "date" : "2025-10-08",
    "price" : 489.45,
    "dma50" : 454.03,
    "dma100" : 462.81,
    "dma200" : 436.60,
    "volume" : 2871528.00
  }, {
    "date" : "2025-10-09",
    "price" : 495.15,
    "dma50" : 455.64,
    "dma100" : 463.63,
    "dma200" : 437.18,
    "volume" : 3849650.00
  }, {
    "date" : "2025-10-10",
    "price" : 490.00,
    "dma50" : 456.99,
    "dma100" : 464.46,
    "dma200" : 437.71,
    "volume" : 1057167.00
  }, {
    "date" : "2025-10-13",
    "price" : 491.25,
    "dma50" : 458.33,
    "dma100" : 465.25,
    "dma200" : 438.24,
    "volume" : 922099.00
  }, {
    "date" : "2025-10-14",
    "price" : 485.25,
    "dma50" : 459.39,
    "dma100" : 465.96,
    "dma200" : 438.71,
    "volume" : 1047724.00
  }, {
    "date" : "2025-10-15",
    "price" : 506.25,
    "dma50" : 461.22,
    "dma100" : 466.87,
    "dma200" : 439.38,
    "volume" : 2507731.00
  }, {
    "date" : "2025-10-16",
    "price" : 499.90,
    "dma50" : 462.74,
    "dma100" : 467.70,
    "dma200" : 439.98,
    "volume" : 1192907.00
  }, {
    "date" : "2025-10-17",
    "price" : 498.55,
    "dma50" : 464.14,
    "dma100" : 468.51,
    "dma200" : 440.57,
    "volume" : 1371611.00
  }, {
    "date" : "2025-10-20",
    "price" : 499.70,
    "dma50" : 465.54,
    "dma100" : 469.30,
    "dma200" : 441.15,
    "volume" : 783932.00
  }, {
    "date" : "2025-10-21",
    "price" : 499.65,
    "dma50" : 466.88,
    "dma100" : 470.02,
    "dma200" : 441.74,
    "volume" : 196834.00
  }, {
    "date" : "2025-10-23",
    "price" : 491.40,
    "dma50" : 467.84,
    "dma100" : 470.57,
    "dma200" : 442.23,
    "volume" : 848785.00
  }, {
    "date" : "2025-10-24",
    "price" : 489.80,
    "dma50" : 468.70,
    "dma100" : 471.17,
    "dma200" : 442.70,
    "volume" : 521898.00
  }, {
    "date" : "2025-10-27",
    "price" : 505.35,
    "dma50" : 470.14,
    "dma100" : 471.98,
    "dma200" : 443.33,
    "volume" : 1755387.00
  }, {
    "date" : "2025-10-28",
    "price" : 513.80,
    "dma50" : 471.85,
    "dma100" : 472.83,
    "dma200" : 444.03,
    "volume" : 2509788.00
  }, {
    "date" : "2025-10-29",
    "price" : 523.00,
    "dma50" : 473.85,
    "dma100" : 473.77,
    "dma200" : 444.81,
    "volume" : 1535647.00
  }, {
    "date" : "2025-10-30",
    "price" : 541.65,
    "dma50" : 476.51,
    "dma100" : 474.68,
    "dma200" : 445.78,
    "volume" : 6497184.00
  }, {
    "date" : "2025-10-31",
    "price" : 534.60,
    "dma50" : 478.79,
    "dma100" : 475.15,
    "dma200" : 446.66,
    "volume" : 6449640.00
  }, {
    "date" : "2025-11-03",
    "price" : 540.45,
    "dma50" : 481.21,
    "dma100" : 475.74,
    "dma200" : 447.59,
    "volume" : 3792720.00
  }, {
    "date" : "2025-11-04",
    "price" : 539.25,
    "dma50" : 483.49,
    "dma100" : 476.30,
    "dma200" : 448.51,
    "volume" : 1279455.00
  }, {
    "date" : "2025-11-06",
    "price" : 520.75,
    "dma50" : 484.95,
    "dma100" : 476.74,
    "dma200" : 449.23,
    "volume" : 1393408.00
  }, {
    "date" : "2025-11-07",
    "price" : 526.30,
    "dma50" : 486.57,
    "dma100" : 477.31,
    "dma200" : 449.99,
    "volume" : 1534120.00
  }, {
    "date" : "2025-11-10",
    "price" : 541.90,
    "dma50" : 488.74,
    "dma100" : 477.89,
    "dma200" : 450.91,
    "volume" : 1673537.00
  }, {
    "date" : "2025-11-11",
    "price" : 540.75,
    "dma50" : 490.78,
    "dma100" : 478.42,
    "dma200" : 451.80,
    "volume" : 1284670.00
  }, {
    "date" : "2025-11-12",
    "price" : 540.35,
    "dma50" : 492.72,
    "dma100" : 478.97,
    "dma200" : 452.68,
    "volume" : 584430.00
  }, {
    "date" : "2025-11-13",
    "price" : 537.65,
    "dma50" : 494.48,
    "dma100" : 479.60,
    "dma200" : 453.53,
    "volume" : 434421.00
  }, {
    "date" : "2025-11-14",
    "price" : 547.30,
    "dma50" : 496.56,
    "dma100" : 480.33,
    "dma200" : 454.46,
    "volume" : 3571591.00
  }, {
    "date" : "2025-11-17",
    "price" : 561.60,
    "dma50" : 499.11,
    "dma100" : 481.14,
    "dma200" : 455.53,
    "volume" : 2178090.00
  }, {
    "date" : "2025-11-18",
    "price" : 565.15,
    "dma50" : 501.70,
    "dma100" : 482.01,
    "dma200" : 456.62,
    "volume" : 2148981.00
  }, {
    "date" : "2025-11-19",
    "price" : 557.55,
    "dma50" : 503.89,
    "dma100" : 482.76,
    "dma200" : 457.62,
    "volume" : 890036.00
  }, {
    "date" : "2025-11-20",
    "price" : 544.75,
    "dma50" : 505.49,
    "dma100" : 483.43,
    "dma200" : 458.49,
    "volume" : 1256479.00
  }, {
    "date" : "2025-11-21",
    "price" : 540.00,
    "dma50" : 506.84,
    "dma100" : 484.12,
    "dma200" : 459.30,
    "volume" : 934477.00
  }, {
    "date" : "2025-11-24",
    "price" : 536.80,
    "dma50" : 508.02,
    "dma100" : 484.77,
    "dma200" : 460.07,
    "volume" : 1086012.00
  }, {
    "date" : "2025-11-25",
    "price" : 557.40,
    "dma50" : 509.95,
    "dma100" : 485.65,
    "dma200" : 461.04,
    "volume" : 2269601.00
  }, {
    "date" : "2025-11-26",
    "price" : 570.75,
    "dma50" : 512.34,
    "dma100" : 486.73,
    "dma200" : 462.13,
    "volume" : 3144147.00
  } ],
  "latestTechnicalAttributes" : {
    "date" : "2025-11-26",
    "price" : 570.75,
    "dma50" : 512.34,
    "dma100" : 486.73,
    "dma200" : 462.13,
    "volume" : 3144147.00
  },
  "quarterlyResults" : [ {
    "date" : "2005-03-31",
    "sales" : 8.53,
    "salesGrowthYoY" : null,
    "grossProfitMargin" : 100.00,
    "grossProfit" : 8.53,
    "operatingProfitMargin" : 93.90,
    "operatingProfit" : 8.01,
    "netProfitMargin" : 86.75,
    "netProfit" : 7.40
  }, {
    "date" : "2005-06-30",
    "sales" : 4.35,
    "salesGrowthYoY" : null,
    "grossProfitMargin" : 100.00,
    "grossProfit" : 4.35,
    "operatingProfitMargin" : 85.75,
    "operatingProfit" : 3.73,
    "netProfitMargin" : 60.23,
    "netProfit" : 2.62
  }, {
    "date" : "2005-09-30",
    "sales" : 10.56,
    "salesGrowthYoY" : null,
    "grossProfitMargin" : 100.00,
    "grossProfit" : 10.56,
    "operatingProfitMargin" : 88.45,
    "operatingProfit" : 9.34,
    "netProfitMargin" : 62.22,
    "netProfit" : 6.57
  }, {
    "date" : "2005-12-31",
    "sales" : 12.75,
    "salesGrowthYoY" : null,
    "grossProfitMargin" : 100.00,
    "grossProfit" : 12.75,
    "operatingProfitMargin" : 90.43,
    "operatingProfit" : 11.53,
    "netProfitMargin" : 55.06,
    "netProfit" : 7.02
  }, {
    "date" : "2006-03-31",
    "sales" : 9.33,
    "salesGrowthYoY" : 9.38,
    "grossProfitMargin" : 100.00,
    "grossProfit" : 9.33,
    "operatingProfitMargin" : 78.56,
    "operatingProfit" : 7.33,
    "netProfitMargin" : 109.86,
    "netProfit" : 10.25
  }, {
    "date" : "2006-06-30",
    "sales" : 9.11,
    "salesGrowthYoY" : 109.43,
    "grossProfitMargin" : 100.00,
    "grossProfit" : 9.11,
    "operatingProfitMargin" : 84.30,
    "operatingProfit" : 7.68,
    "netProfitMargin" : 128.54,
    "netProfit" : 11.71
  }, {
    "date" : "2006-09-30",
    "sales" : 16.50,
    "salesGrowthYoY" : 56.25,
    "grossProfitMargin" : 100.00,
    "grossProfit" : 16.50,
    "operatingProfitMargin" : 86.36,
    "operatingProfit" : 14.25,
    "netProfitMargin" : 59.94,
    "netProfit" : 9.89
  }, {
    "date" : "2006-12-31",
    "sales" : 24.71,
    "salesGrowthYoY" : 93.80,
    "grossProfitMargin" : 100.00,
    "grossProfit" : 24.71,
    "operatingProfitMargin" : 85.75,
    "operatingProfit" : 21.19,
    "netProfitMargin" : 58.52,
    "netProfit" : 14.46
  }, {
    "date" : "2007-03-31",
    "sales" : 210.47,
    "salesGrowthYoY" : 2155.84,
    "grossProfitMargin" : 100.00,
    "grossProfit" : 210.47,
    "operatingProfitMargin" : 13.91,
    "operatingProfit" : 29.28,
    "netProfitMargin" : 7.63,
    "netProfit" : 16.06
  }, {
    "date" : "2007-06-30",
    "sales" : 73.66,
    "salesGrowthYoY" : 708.56,
    "grossProfitMargin" : 100.00,
    "grossProfit" : 73.66,
    "operatingProfitMargin" : 31.82,
    "operatingProfit" : 23.44,
    "netProfitMargin" : 20.49,
    "netProfit" : 15.09
  }, {
    "date" : "2007-09-30",
    "sales" : 119.11,
    "salesGrowthYoY" : 621.88,
    "grossProfitMargin" : 100.00,
    "grossProfit" : 119.11,
    "operatingProfitMargin" : 54.38,
    "operatingProfit" : 64.77,
    "netProfitMargin" : 38.23,
    "netProfit" : 45.54
  }, {
    "date" : "2007-12-31",
    "sales" : 231.75,
    "salesGrowthYoY" : 837.88,
    "grossProfitMargin" : 100.00,
    "grossProfit" : 231.75,
    "operatingProfitMargin" : 43.69,
    "operatingProfit" : 101.25,
    "netProfitMargin" : 27.93,
    "netProfit" : 64.73
  }, {
    "date" : "2008-03-31",
    "sales" : 222.38,
    "salesGrowthYoY" : 5.66,
    "grossProfitMargin" : 100.00,
    "grossProfit" : 222.38,
    "operatingProfitMargin" : 27.99,
    "operatingProfit" : 62.24,
    "netProfitMargin" : 14.56,
    "netProfit" : 32.38
  }, {
    "date" : "2008-06-30",
    "sales" : 168.95,
    "salesGrowthYoY" : 129.36,
    "grossProfitMargin" : 100.00,
    "grossProfit" : 168.95,
    "operatingProfitMargin" : 41.22,
    "operatingProfit" : 69.64,
    "netProfitMargin" : 24.37,
    "netProfit" : 41.17
  }, {
    "date" : "2008-09-30",
    "sales" : 163.91,
    "salesGrowthYoY" : 37.61,
    "grossProfitMargin" : 100.00,
    "grossProfit" : 163.91,
    "operatingProfitMargin" : 35.48,
    "operatingProfit" : 58.16,
    "netProfitMargin" : 19.66,
    "netProfit" : 32.22
  }, {
    "date" : "2008-12-31",
    "sales" : 131.76,
    "salesGrowthYoY" : -43.15,
    "grossProfitMargin" : 100.00,
    "grossProfit" : 131.76,
    "operatingProfitMargin" : 26.51,
    "operatingProfit" : 34.93,
    "netProfitMargin" : 15.81,
    "netProfit" : 20.83
  }, {
    "date" : "2009-03-31",
    "sales" : 106.88,
    "salesGrowthYoY" : -51.94,
    "grossProfitMargin" : 100.00,
    "grossProfit" : 106.88,
    "operatingProfitMargin" : 20.63,
    "operatingProfit" : 22.05,
    "netProfitMargin" : 10.83,
    "netProfit" : 11.58
  }, {
    "date" : "2009-06-30",
    "sales" : 187.33,
    "salesGrowthYoY" : 10.88,
    "grossProfitMargin" : 100.00,
    "grossProfit" : 187.33,
    "operatingProfitMargin" : 41.53,
    "operatingProfit" : 77.80,
    "netProfitMargin" : 23.75,
    "netProfit" : 44.49
  }, {
    "date" : "2009-09-30",
    "sales" : 179.86,
    "salesGrowthYoY" : 9.73,
    "grossProfitMargin" : 100.00,
    "grossProfit" : 179.86,
    "operatingProfitMargin" : 36.31,
    "operatingProfit" : 65.31,
    "netProfitMargin" : 19.70,
    "netProfit" : 35.43
  }, {
    "date" : "2009-12-31",
    "sales" : 188.92,
    "salesGrowthYoY" : 43.38,
    "grossProfitMargin" : 100.00,
    "grossProfit" : 188.92,
    "operatingProfitMargin" : 46.71,
    "operatingProfit" : 88.24,
    "netProfitMargin" : 27.59,
    "netProfit" : 52.12
  }, {
    "date" : "2010-03-31",
    "sales" : 164.14,
    "salesGrowthYoY" : 53.57,
    "grossProfitMargin" : 100.00,
    "grossProfit" : 164.14,
    "operatingProfitMargin" : 24.53,
    "operatingProfit" : 40.26,
    "netProfitMargin" : 12.16,
    "netProfit" : 19.96
  }, {
    "date" : "2010-06-30",
    "sales" : 166.63,
    "salesGrowthYoY" : -11.05,
    "grossProfitMargin" : 100.00,
    "grossProfit" : 166.63,
    "operatingProfitMargin" : 29.61,
    "operatingProfit" : 49.34,
    "netProfitMargin" : 15.75,
    "netProfit" : 26.24
  }, {
    "date" : "2010-09-30",
    "sales" : 186.18,
    "salesGrowthYoY" : 3.51,
    "grossProfitMargin" : 100.00,
    "grossProfit" : 186.18,
    "operatingProfitMargin" : 34.46,
    "operatingProfit" : 64.16,
    "netProfitMargin" : 21.62,
    "netProfit" : 40.25
  }, {
    "date" : "2010-12-31",
    "sales" : 207.36,
    "salesGrowthYoY" : 9.76,
    "grossProfitMargin" : 100.00,
    "grossProfit" : 207.36,
    "operatingProfitMargin" : 30.05,
    "operatingProfit" : 62.31,
    "netProfitMargin" : 18.19,
    "netProfit" : 37.72
  }, {
    "date" : "2011-03-31",
    "sales" : 169.35,
    "salesGrowthYoY" : 3.17,
    "grossProfitMargin" : 100.00,
    "grossProfit" : 169.35,
    "operatingProfitMargin" : 22.08,
    "operatingProfit" : 37.39,
    "netProfitMargin" : 10.72,
    "netProfit" : 18.15
  }, {
    "date" : "2011-06-30",
    "sales" : 152.63,
    "salesGrowthYoY" : -8.40,
    "grossProfitMargin" : 100.00,
    "grossProfit" : 152.63,
    "operatingProfitMargin" : 14.96,
    "operatingProfit" : 22.83,
    "netProfitMargin" : 3.57,
    "netProfit" : 5.45
  }, {
    "date" : "2011-09-30",
    "sales" : 142.33,
    "salesGrowthYoY" : -23.55,
    "grossProfitMargin" : 100.00,
    "grossProfit" : 142.33,
    "operatingProfitMargin" : 11.51,
    "operatingProfit" : 16.38,
    "netProfitMargin" : 3.47,
    "netProfit" : 4.94
  }, {
    "date" : "2011-12-31",
    "sales" : 149.01,
    "salesGrowthYoY" : -28.14,
    "grossProfitMargin" : 100.00,
    "grossProfit" : 149.01,
    "operatingProfitMargin" : 14.35,
    "operatingProfit" : 21.38,
    "netProfitMargin" : 6.23,
    "netProfit" : 9.28
  }, {
    "date" : "2012-03-31",
    "sales" : 159.26,
    "salesGrowthYoY" : -5.96,
    "grossProfitMargin" : 100.00,
    "grossProfit" : 159.26,
    "operatingProfitMargin" : 29.32,
    "operatingProfit" : 46.70,
    "netProfitMargin" : 19.52,
    "netProfit" : 31.09
  }, {
    "date" : "2012-06-30",
    "sales" : 120.71,
    "salesGrowthYoY" : -20.91,
    "grossProfitMargin" : 100.00,
    "grossProfit" : 120.71,
    "operatingProfitMargin" : 20.26,
    "operatingProfit" : 24.46,
    "netProfitMargin" : 11.23,
    "netProfit" : 13.56
  }, {
    "date" : "2012-09-30",
    "sales" : 123.37,
    "salesGrowthYoY" : -13.32,
    "grossProfitMargin" : 100.00,
    "grossProfit" : 123.37,
    "operatingProfitMargin" : 16.89,
    "operatingProfit" : 20.84,
    "netProfitMargin" : 10.70,
    "netProfit" : 13.20
  }, {
    "date" : "2012-12-31",
    "sales" : 123.22,
    "salesGrowthYoY" : -17.31,
    "grossProfitMargin" : 100.00,
    "grossProfit" : 123.22,
    "operatingProfitMargin" : 12.64,
    "operatingProfit" : 15.58,
    "netProfitMargin" : 6.69,
    "netProfit" : 8.24
  }, {
    "date" : "2013-03-31",
    "sales" : 180.35,
    "salesGrowthYoY" : 13.24,
    "grossProfitMargin" : 100.00,
    "grossProfit" : 180.35,
    "operatingProfitMargin" : 36.33,
    "operatingProfit" : 65.52,
    "netProfitMargin" : 33.72,
    "netProfit" : 60.81
  }, {
    "date" : "2013-06-30",
    "sales" : 0.86,
    "salesGrowthYoY" : -99.29,
    "grossProfitMargin" : 100.00,
    "grossProfit" : 0.86,
    "operatingProfitMargin" : -37.21,
    "operatingProfit" : -0.32,
    "netProfitMargin" : 1723.26,
    "netProfit" : 14.82
  }, {
    "date" : "2013-09-30",
    "sales" : 9.04,
    "salesGrowthYoY" : -92.67,
    "grossProfitMargin" : 100.00,
    "grossProfit" : 9.04,
    "operatingProfitMargin" : 86.39,
    "operatingProfit" : 7.81,
    "netProfitMargin" : 86.17,
    "netProfit" : 7.79
  }, {
    "date" : "2013-12-31",
    "sales" : 8.82,
    "salesGrowthYoY" : -92.84,
    "grossProfitMargin" : 100.00,
    "grossProfit" : 8.82,
    "operatingProfitMargin" : 86.51,
    "operatingProfit" : 7.63,
    "netProfitMargin" : 86.28,
    "netProfit" : 7.61
  }, {
    "date" : "2014-03-31",
    "sales" : 69.45,
    "salesGrowthYoY" : -61.49,
    "grossProfitMargin" : 100.00,
    "grossProfit" : 69.45,
    "operatingProfitMargin" : 97.29,
    "operatingProfit" : 67.57,
    "netProfitMargin" : 97.26,
    "netProfit" : 67.55
  }, {
    "date" : "2014-06-30",
    "sales" : 5.02,
    "salesGrowthYoY" : 483.72,
    "grossProfitMargin" : 100.00,
    "grossProfit" : 5.02,
    "operatingProfitMargin" : 84.06,
    "operatingProfit" : 4.22,
    "netProfitMargin" : 50.20,
    "netProfit" : 2.52
  }, {
    "date" : "2014-09-30",
    "sales" : 92.69,
    "salesGrowthYoY" : 925.33,
    "grossProfitMargin" : 100.00,
    "grossProfit" : 92.69,
    "operatingProfitMargin" : 99.56,
    "operatingProfit" : 92.28,
    "netProfitMargin" : 98.67,
    "netProfit" : 91.46
  }, {
    "date" : "2014-12-31",
    "sales" : 2.69,
    "salesGrowthYoY" : -69.50,
    "grossProfitMargin" : 100.00,
    "grossProfit" : 2.69,
    "operatingProfitMargin" : 67.29,
    "operatingProfit" : 1.81,
    "netProfitMargin" : 44.98,
    "netProfit" : 1.21
  }, {
    "date" : "2015-03-31",
    "sales" : 8.64,
    "salesGrowthYoY" : -87.56,
    "grossProfitMargin" : 100.00,
    "grossProfit" : 8.64,
    "operatingProfitMargin" : 73.26,
    "operatingProfit" : 6.33,
    "netProfitMargin" : 35.07,
    "netProfit" : 3.03
  }, {
    "date" : "2015-06-30",
    "sales" : 49.62,
    "salesGrowthYoY" : 888.45,
    "grossProfitMargin" : 100.00,
    "grossProfit" : 49.62,
    "operatingProfitMargin" : 89.30,
    "operatingProfit" : 44.31,
    "netProfitMargin" : 78.30,
    "netProfit" : 38.85
  }, {
    "date" : "2015-09-30",
    "sales" : 28.37,
    "salesGrowthYoY" : -69.39,
    "grossProfitMargin" : 100.00,
    "grossProfit" : 28.37,
    "operatingProfitMargin" : 92.88,
    "operatingProfit" : 26.35,
    "netProfitMargin" : 82.45,
    "netProfit" : 23.39
  }, {
    "date" : "2015-12-31",
    "sales" : 83.54,
    "salesGrowthYoY" : 3005.58,
    "grossProfitMargin" : 100.00,
    "grossProfit" : 83.54,
    "operatingProfitMargin" : 96.98,
    "operatingProfit" : 81.02,
    "netProfitMargin" : 96.30,
    "netProfit" : 80.45
  }, {
    "date" : "2016-03-31",
    "sales" : 49.89,
    "salesGrowthYoY" : 477.43,
    "grossProfitMargin" : 100.00,
    "grossProfit" : 49.89,
    "operatingProfitMargin" : 90.56,
    "operatingProfit" : 45.18,
    "netProfitMargin" : 58.73,
    "netProfit" : 29.30
  }, {
    "date" : "2016-06-30",
    "sales" : 4.60,
    "salesGrowthYoY" : -90.73,
    "grossProfitMargin" : 100.00,
    "grossProfit" : 4.60,
    "operatingProfitMargin" : 62.17,
    "operatingProfit" : 2.86,
    "netProfitMargin" : 17.17,
    "netProfit" : 0.79
  }, {
    "date" : "2016-09-30",
    "sales" : 25.04,
    "salesGrowthYoY" : -11.74,
    "grossProfitMargin" : 100.00,
    "grossProfit" : 25.04,
    "operatingProfitMargin" : 87.06,
    "operatingProfit" : 21.80,
    "netProfitMargin" : 68.81,
    "netProfit" : 17.23
  }, {
    "date" : "2016-12-31",
    "sales" : 37.05,
    "salesGrowthYoY" : -55.65,
    "grossProfitMargin" : 100.00,
    "grossProfit" : 37.05,
    "operatingProfitMargin" : 92.90,
    "operatingProfit" : 34.42,
    "netProfitMargin" : 69.91,
    "netProfit" : 25.90
  }, {
    "date" : "2017-03-31",
    "sales" : 117.11,
    "salesGrowthYoY" : 134.74,
    "grossProfitMargin" : 100.00,
    "grossProfit" : 117.11,
    "operatingProfitMargin" : 96.70,
    "operatingProfit" : 113.25,
    "netProfitMargin" : 96.87,
    "netProfit" : 113.44
  }, {
    "date" : "2017-06-30",
    "sales" : 35.85,
    "salesGrowthYoY" : 679.35,
    "grossProfitMargin" : 100.00,
    "grossProfit" : 35.85,
    "operatingProfitMargin" : 93.61,
    "operatingProfit" : 33.56,
    "netProfitMargin" : 57.68,
    "netProfit" : 20.68
  }, {
    "date" : "2017-09-30",
    "sales" : 33.75,
    "salesGrowthYoY" : 34.78,
    "grossProfitMargin" : 100.00,
    "grossProfit" : 33.75,
    "operatingProfitMargin" : 79.59,
    "operatingProfit" : 26.86,
    "netProfitMargin" : 54.22,
    "netProfit" : 18.30
  }, {
    "date" : "2017-12-31",
    "sales" : 40.12,
    "salesGrowthYoY" : 8.29,
    "grossProfitMargin" : 100.00,
    "grossProfit" : 40.12,
    "operatingProfitMargin" : 96.68,
    "operatingProfit" : 38.79,
    "netProfitMargin" : 81.75,
    "netProfit" : 32.80
  }, {
    "date" : "2018-03-31",
    "sales" : 139.09,
    "salesGrowthYoY" : 18.77,
    "grossProfitMargin" : 100.00,
    "grossProfit" : 139.09,
    "operatingProfitMargin" : 96.05,
    "operatingProfit" : 133.60,
    "netProfitMargin" : 94.79,
    "netProfit" : 131.84
  }, {
    "date" : "2018-06-30",
    "sales" : 0.00,
    "salesGrowthYoY" : -100.00,
    "grossProfitMargin" : 0.00,
    "grossProfit" : 0.00,
    "operatingProfitMargin" : 0.00,
    "operatingProfit" : 0.00,
    "netProfitMargin" : 0.00,
    "netProfit" : 0.00
  }, {
    "date" : "2018-09-30",
    "sales" : 0.00,
    "salesGrowthYoY" : -100.00,
    "grossProfitMargin" : 0.00,
    "grossProfit" : 0.00,
    "operatingProfitMargin" : 0.00,
    "operatingProfit" : 0.00,
    "netProfitMargin" : 0.00,
    "netProfit" : 0.00
  }, {
    "date" : "2018-12-31",
    "sales" : 22.50,
    "salesGrowthYoY" : -43.92,
    "grossProfitMargin" : 100.00,
    "grossProfit" : 22.50,
    "operatingProfitMargin" : 98.76,
    "operatingProfit" : 22.22,
    "netProfitMargin" : 97.87,
    "netProfit" : 22.02
  }, {
    "date" : "2019-03-31",
    "sales" : 845.12,
    "salesGrowthYoY" : 507.61,
    "grossProfitMargin" : 100.00,
    "grossProfit" : 845.12,
    "operatingProfitMargin" : 53.86,
    "operatingProfit" : 455.18,
    "netProfitMargin" : 13.22,
    "netProfit" : 111.72
  }, {
    "date" : "2019-06-30",
    "sales" : 641.17,
    "salesGrowthYoY" : 100.00,
    "grossProfitMargin" : 100.00,
    "grossProfit" : 641.17,
    "operatingProfitMargin" : 69.63,
    "operatingProfit" : 446.45,
    "netProfitMargin" : 12.83,
    "netProfit" : 82.26
  }, {
    "date" : "2019-09-30",
    "sales" : 580.52,
    "salesGrowthYoY" : 100.00,
    "grossProfitMargin" : 100.00,
    "grossProfit" : 580.52,
    "operatingProfitMargin" : 64.28,
    "operatingProfit" : 373.16,
    "netProfitMargin" : -2.79,
    "netProfit" : -16.20
  }, {
    "date" : "2019-12-31",
    "sales" : 624.80,
    "salesGrowthYoY" : 2676.89,
    "grossProfitMargin" : 100.00,
    "grossProfit" : 624.80,
    "operatingProfitMargin" : 67.02,
    "operatingProfit" : 418.74,
    "netProfitMargin" : 10.05,
    "netProfit" : 62.79
  }, {
    "date" : "2020-03-31",
    "sales" : 775.44,
    "salesGrowthYoY" : -8.24,
    "grossProfitMargin" : 100.00,
    "grossProfit" : 775.44,
    "operatingProfitMargin" : 39.60,
    "operatingProfit" : 307.07,
    "netProfitMargin" : 2.15,
    "netProfit" : 16.67
  }, {
    "date" : "2020-06-30",
    "sales" : 731.66,
    "salesGrowthYoY" : 14.11,
    "grossProfitMargin" : 100.00,
    "grossProfit" : 731.66,
    "operatingProfitMargin" : 58.48,
    "operatingProfit" : 427.87,
    "netProfitMargin" : -4.85,
    "netProfit" : -35.49
  }, {
    "date" : "2020-09-30",
    "sales" : 830.71,
    "salesGrowthYoY" : 43.10,
    "grossProfitMargin" : 100.00,
    "grossProfit" : 830.71,
    "operatingProfitMargin" : 51.13,
    "operatingProfit" : 424.74,
    "netProfitMargin" : 4.97,
    "netProfit" : 41.29
  }, {
    "date" : "2020-12-31",
    "sales" : 859.09,
    "salesGrowthYoY" : 37.50,
    "grossProfitMargin" : 100.00,
    "grossProfit" : 859.09,
    "operatingProfitMargin" : 61.06,
    "operatingProfit" : 524.56,
    "netProfitMargin" : 14.66,
    "netProfit" : 125.94
  }, {
    "date" : "2021-03-31",
    "sales" : 975.80,
    "salesGrowthYoY" : 25.84,
    "grossProfitMargin" : 100.00,
    "grossProfit" : 975.80,
    "operatingProfitMargin" : 61.91,
    "operatingProfit" : 604.12,
    "netProfitMargin" : 16.30,
    "netProfit" : 159.06
  }, {
    "date" : "2021-06-30",
    "sales" : 815.93,
    "salesGrowthYoY" : 11.52,
    "grossProfitMargin" : 100.00,
    "grossProfit" : 815.93,
    "operatingProfitMargin" : 68.96,
    "operatingProfit" : 562.67,
    "netProfitMargin" : 12.70,
    "netProfit" : 103.62
  }, {
    "date" : "2021-09-30",
    "sales" : 1022.94,
    "salesGrowthYoY" : 23.14,
    "grossProfitMargin" : 100.00,
    "grossProfit" : 1022.94,
    "operatingProfitMargin" : 65.83,
    "operatingProfit" : 673.40,
    "netProfitMargin" : 18.08,
    "netProfit" : 184.95
  }, {
    "date" : "2021-12-31",
    "sales" : 1168.61,
    "salesGrowthYoY" : 36.03,
    "grossProfitMargin" : 100.00,
    "grossProfit" : 1168.61,
    "operatingProfitMargin" : 63.24,
    "operatingProfit" : 739.03,
    "netProfitMargin" : 19.37,
    "netProfit" : 226.36
  }, {
    "date" : "2022-03-31",
    "sales" : 1070.23,
    "salesGrowthYoY" : 9.68,
    "grossProfitMargin" : 100.00,
    "grossProfit" : 1070.23,
    "operatingProfitMargin" : 64.23,
    "operatingProfit" : 687.41,
    "netProfitMargin" : 21.55,
    "netProfit" : 230.63
  }, {
    "date" : "2022-06-30",
    "sales" : 963.46,
    "salesGrowthYoY" : 18.08,
    "grossProfitMargin" : 100.00,
    "grossProfit" : 963.46,
    "operatingProfitMargin" : 62.39,
    "operatingProfit" : 601.10,
    "netProfitMargin" : 16.28,
    "netProfit" : 156.85
  }, {
    "date" : "2022-09-30",
    "sales" : 1039.68,
    "salesGrowthYoY" : 1.64,
    "grossProfitMargin" : 100.00,
    "grossProfit" : 1039.68,
    "operatingProfitMargin" : 64.94,
    "operatingProfit" : 675.17,
    "netProfitMargin" : 21.21,
    "netProfit" : 220.52
  }, {
    "date" : "2022-12-31",
    "sales" : 984.85,
    "salesGrowthYoY" : -15.72,
    "grossProfitMargin" : 100.00,
    "grossProfit" : 984.85,
    "operatingProfitMargin" : 61.70,
    "operatingProfit" : 607.65,
    "netProfitMargin" : 16.15,
    "netProfit" : 159.05
  }, {
    "date" : "2023-03-31",
    "sales" : 1070.19,
    "salesGrowthYoY" : -0.00,
    "grossProfitMargin" : 100.00,
    "grossProfit" : 1070.19,
    "operatingProfitMargin" : 66.24,
    "operatingProfit" : 708.89,
    "netProfitMargin" : 25.15,
    "netProfit" : 269.15
  }, {
    "date" : "2023-06-30",
    "sales" : 1012.25,
    "salesGrowthYoY" : 5.06,
    "grossProfitMargin" : 100.00,
    "grossProfit" : 1012.25,
    "operatingProfitMargin" : 60.36,
    "operatingProfit" : 610.99,
    "netProfitMargin" : 14.96,
    "netProfit" : 151.43
  }, {
    "date" : "2023-09-30",
    "sales" : 1057.04,
    "salesGrowthYoY" : 1.67,
    "grossProfitMargin" : 100.00,
    "grossProfit" : 1057.04,
    "operatingProfitMargin" : 56.95,
    "operatingProfit" : 601.98,
    "netProfitMargin" : 12.93,
    "netProfit" : 136.68
  }, {
    "date" : "2023-12-31",
    "sales" : 1158.78,
    "salesGrowthYoY" : 17.66,
    "grossProfitMargin" : 100.00,
    "grossProfit" : 1158.78,
    "operatingProfitMargin" : 55.18,
    "operatingProfit" : 639.41,
    "netProfitMargin" : 11.36,
    "netProfit" : 131.64
  }, {
    "date" : "2024-03-31",
    "sales" : 1385.75,
    "salesGrowthYoY" : 29.49,
    "grossProfitMargin" : 100.00,
    "grossProfit" : 1385.75,
    "operatingProfitMargin" : 48.34,
    "operatingProfit" : 669.87,
    "netProfitMargin" : 11.91,
    "netProfit" : 165.04
  }, {
    "date" : "2024-06-30",
    "sales" : 1019.43,
    "salesGrowthYoY" : 0.71,
    "grossProfitMargin" : 100.00,
    "grossProfit" : 1019.43,
    "operatingProfitMargin" : 42.82,
    "operatingProfit" : 436.52,
    "netProfitMargin" : -2.22,
    "netProfit" : -22.63
  }, {
    "date" : "2024-09-30",
    "sales" : 983.52,
    "salesGrowthYoY" : -6.96,
    "grossProfitMargin" : 100.00,
    "grossProfit" : 983.52,
    "operatingProfitMargin" : 41.83,
    "operatingProfit" : 411.41,
    "netProfitMargin" : 11.50,
    "netProfit" : 113.10
  }, {
    "date" : "2024-12-31",
    "sales" : 939.92,
    "salesGrowthYoY" : -18.89,
    "grossProfitMargin" : 100.00,
    "grossProfit" : 939.92,
    "operatingProfitMargin" : 51.34,
    "operatingProfit" : 482.55,
    "netProfitMargin" : 1.70,
    "netProfit" : 15.98
  }, {
    "date" : "2025-03-31",
    "sales" : 1138.33,
    "salesGrowthYoY" : -17.85,
    "grossProfitMargin" : 100.00,
    "grossProfit" : 1138.33,
    "operatingProfitMargin" : 59.47,
    "operatingProfit" : 676.96,
    "netProfitMargin" : 3.38,
    "netProfit" : 38.48
  }, {
    "date" : "2025-06-30",
    "sales" : 1479.17,
    "salesGrowthYoY" : 45.10,
    "grossProfitMargin" : 100.00,
    "grossProfit" : 1479.17,
    "operatingProfitMargin" : 61.37,
    "operatingProfit" : 907.77,
    "netProfitMargin" : 8.98,
    "netProfit" : 132.83
  }, {
    "date" : "2025-09-30",
    "sales" : 1763.22,
    "salesGrowthYoY" : 79.28,
    "grossProfitMargin" : 100.00,
    "grossProfit" : 1763.22,
    "operatingProfitMargin" : 60.90,
    "operatingProfit" : 1073.80,
    "netProfitMargin" : 11.95,
    "netProfit" : 210.70
  } ],
  "latestQuarterlyResult" : {
    "date" : "2025-09-30",
    "sales" : 1763.22,
    "salesGrowthYoY" : 79.28,
    "grossProfitMargin" : 100.00,
    "grossProfit" : 1763.22,
    "operatingProfitMargin" : 60.90,
    "operatingProfit" : 1073.80,
    "netProfitMargin" : 11.95,
    "netProfit" : 210.70
  },
  "companyScore" : {
    "priceHigherThanDma50" : 5.00,
    "priceHigherThanDma100" : 5.00,
    "priceHigherThanDma200" : 5.00,
    "dma50HigherThanDma100" : 5.00,
    "dma50HigherThanDma200" : 5.00,
    "dma100HigherThanDma200" : 5.00,
    "pricePercentageAboveDma50" : 4.43,
    "pricePercentageAboveDma100" : 4.14,
    "pricePercentageAboveDma200" : 3.82,
    "weeklyVolumeHigherThanYearlyVolume" : 0.00,
    "salesGrowthPercentile" : 15.44,
    "operatingProfitMarginPercentile" : 14.35,
    "netProfitMarginPercentile" : 2.89,
    "totalTechnicalScore" : 42.39,
    "totalFundamentalScore" : 32.68,
    "totalScore" : 75.07
  }
}