{
  "metadata" : {
    "screenerCompanyId" : "1447",
    "companyCode" : "IMFA",
    "companyName" : "Indian Metals",
    "screenerCompanyLink" : "https://www.screener.in/company/IMFA/consolidated/",
    "screenerTechnicalHistoryLink" : "https://www.screener.in/api/company/1447/chart/?q=Price-DMA50-DMA200-Volume&days=365",
    "screenerQuarterlyResultsLink" : "https://www.screener.in/api/company/1447/chart/?q=GPM-OPM-NPM-Quarter+Sales&days=10000",
    "attributes" : {
      "companyCode" : "IMFA",
      "companyName" : "Indian Metals",
      "marketCap" : 6841.00,
      "peRatio" : 18.60,
      "description" : "Indian Metals and Ferro Alloys Limited (IMFA) is a leading, fully integrated producer of Ferro Chrome in India which is primarily used in the production of stainless steel. It was set up in 1961. [1]"
    },
    "companyScore" : {
      "priceHigherThanDma50" : 0.00,
      "priceHigherThanDma100" : 0.00,
      "priceHigherThanDma200" : 5.00,
      "dma50HigherThanDma100" : 5.00,
      "dma50HigherThanDma200" : 5.00,
      "dma100HigherThanDma200" : 5.00,
      "pricePercentageAboveDma50" : 5.13,
      "pricePercentageAboveDma100" : 5.04,
      "pricePercentageAboveDma200" : 4.24,
      "weeklyVolumeHigherThanYearlyVolume" : 0.00,
      "salesGrowthPercentile" : 10.89,
      "operatingProfitMarginPercentile" : 12.05,
      "netProfitMarginPercentile" : 8.92,
      "totalTechnicalScore" : 34.41,
      "totalFundamentalScore" : 31.85,
      "totalScore" : 66.26
    }
  },
  "attributes" : {
    "companyCode" : "IMFA",
    "companyName" : "Indian Metals",
    "marketCap" : 6841.00,
    "peRatio" : 18.60,
    "description" : "Indian Metals and Ferro Alloys Limited (IMFA) is a leading, fully integrated producer of Ferro Chrome in India which is primarily used in the production of stainless steel. It was set up in 1961. [1]"
  },
  "technicalHistory" : [ {
    "date" : "2025-02-24",
    "price" : 626.90,
    "dma50" : 750.46,
    "dma100" : null,
    "dma200" : 730.48,
    "volume" : 113699.00
  }, {
    "date" : "2025-02-25",
    "price" : 614.50,
    "dma50" : 745.13,
    "dma100" : null,
    "dma200" : 729.33,
    "volume" : 100597.00
  }, {
    "date" : "2025-02-27",
    "price" : 623.70,
    "dma50" : 740.37,
    "dma100" : null,
    "dma200" : 728.28,
    "volume" : 72574.00
  }, {
    "date" : "2025-02-28",
    "price" : 621.30,
    "dma50" : 735.70,
    "dma100" : null,
    "dma200" : 727.21,
    "volume" : 95594.00
  }, {
    "date" : "2025-03-03",
    "price" : 610.25,
    "dma50" : 730.78,
    "dma100" : null,
    "dma200" : 726.05,
    "volume" : 93916.00
  }, {
    "date" : "2025-03-04",
    "price" : 617.20,
    "dma50" : 726.32,
    "dma100" : null,
    "dma200" : 724.97,
    "volume" : 55149.00
  }, {
    "date" : "2025-03-05",
    "price" : 633.55,
    "dma50" : 722.69,
    "dma100" : null,
    "dma200" : 724.06,
    "volume" : 71915.00
  }, {
    "date" : "2025-03-06",
    "price" : 649.10,
    "dma50" : 719.80,
    "dma100" : null,
    "dma200" : 723.31,
    "volume" : 98627.00
  }, {
    "date" : "2025-03-07",
    "price" : 657.90,
    "dma50" : 717.37,
    "dma100" : null,
    "dma200" : 722.66,
    "volume" : 78600.00
  }, {
    "date" : "2025-03-10",
    "price" : 629.80,
    "dma50" : 713.94,
    "dma100" : null,
    "dma200" : 721.73,
    "volume" : 98723.00
  }, {
    "date" : "2025-03-11",
    "price" : 629.25,
    "dma50" : 710.62,
    "dma100" : null,
    "dma200" : 720.81,
    "volume" : 75343.00
  }, {
    "date" : "2025-03-12",
    "price" : 626.15,
    "dma50" : 707.31,
    "dma100" : null,
    "dma200" : 719.87,
    "volume" : 57399.00
  }, {
    "date" : "2025-03-13",
    "price" : 610.95,
    "dma50" : 703.53,
    "dma100" : null,
    "dma200" : 718.79,
    "volume" : 65089.00
  }, {
    "date" : "2025-03-17",
    "price" : 608.15,
    "dma50" : 699.79,
    "dma100" : null,
    "dma200" : 717.69,
    "volume" : 85898.00
  }, {
    "date" : "2025-03-18",
    "price" : 630.80,
    "dma50" : 697.08,
    "dma100" : null,
    "dma200" : 716.82,
    "volume" : 102028.00
  }, {
    "date" : "2025-03-19",
    "price" : 654.65,
    "dma50" : 695.42,
    "dma100" : null,
    "dma200" : 716.20,
    "volume" : 77694.00
  }, {
    "date" : "2025-03-20",
    "price" : 649.15,
    "dma50" : 693.60,
    "dma100" : null,
    "dma200" : 715.54,
    "volume" : 58226.00
  }, {
    "date" : "2025-03-21",
    "price" : 653.55,
    "dma50" : 692.03,
    "dma100" : null,
    "dma200" : 714.92,
    "volume" : 97882.00
  }, {
    "date" : "2025-03-24",
    "price" : 646.95,
    "dma50" : 690.26,
    "dma100" : null,
    "dma200" : 714.24,
    "volume" : 90630.00
  }, {
    "date" : "2025-03-25",
    "price" : 629.45,
    "dma50" : 687.88,
    "dma100" : null,
    "dma200" : 713.40,
    "volume" : 92669.00
  }, {
    "date" : "2025-03-26",
    "price" : 622.80,
    "dma50" : 685.33,
    "dma100" : null,
    "dma200" : 712.50,
    "volume" : 88308.00
  }, {
    "date" : "2025-03-27",
    "price" : 621.00,
    "dma50" : 682.80,
    "dma100" : null,
    "dma200" : 711.59,
    "volume" : 130974.00
  }, {
    "date" : "2025-03-28",
    "price" : 611.15,
    "dma50" : 679.99,
    "dma100" : null,
    "dma200" : 710.59,
    "volume" : 87697.00
  }, {
    "date" : "2025-04-01",
    "price" : 625.90,
    "dma50" : 677.87,
    "dma100" : null,
    "dma200" : 709.75,
    "volume" : 59055.00
  }, {
    "date" : "2025-04-02",
    "price" : 623.75,
    "dma50" : 675.75,
    "dma100" : null,
    "dma200" : 708.89,
    "volume" : 94027.00
  }, {
    "date" : "2025-04-03",
    "price" : 648.15,
    "dma50" : 674.67,
    "dma100" : null,
    "dma200" : 708.29,
    "volume" : 78490.00
  }, {
    "date" : "2025-04-04",
    "price" : 611.40,
    "dma50" : 672.19,
    "dma100" : null,
    "dma200" : 707.32,
    "volume" : 121783.00
  }, {
    "date" : "2025-04-07",
    "price" : 592.65,
    "dma50" : 669.07,
    "dma100" : null,
    "dma200" : 706.18,
    "volume" : 128700.00
  }, {
    "date" : "2025-04-08",
    "price" : 593.15,
    "dma50" : 666.09,
    "dma100" : null,
    "dma200" : 705.06,
    "volume" : 109496.00
  }, {
    "date" : "2025-04-09",
    "price" : 587.15,
    "dma50" : 663.00,
    "dma100" : null,
    "dma200" : 703.88,
    "volume" : 47926.00
  }, {
    "date" : "2025-04-11",
    "price" : 594.70,
    "dma50" : 660.32,
    "dma100" : null,
    "dma200" : 702.80,
    "volume" : 84927.00
  }, {
    "date" : "2025-04-15",
    "price" : 617.45,
    "dma50" : 658.64,
    "dma100" : null,
    "dma200" : 701.95,
    "volume" : 79152.00
  }, {
    "date" : "2025-04-16",
    "price" : 616.25,
    "dma50" : 656.97,
    "dma100" : null,
    "dma200" : 701.10,
    "volume" : 64252.00
  }, {
    "date" : "2025-04-17",
    "price" : 621.60,
    "dma50" : 655.59,
    "dma100" : null,
    "dma200" : 700.30,
    "volume" : 56892.00
  }, {
    "date" : "2025-04-21",
    "price" : 635.10,
    "dma50" : 654.78,
    "dma100" : null,
    "dma200" : 699.66,
    "volume" : 58377.00
  }, {
    "date" : "2025-04-22",
    "price" : 639.60,
    "dma50" : 654.19,
    "dma100" : null,
    "dma200" : 699.06,
    "volume" : 60422.00
  }, {
    "date" : "2025-04-23",
    "price" : 645.55,
    "dma50" : 653.85,
    "dma100" : null,
    "dma200" : 698.53,
    "volume" : 48454.00
  }, {
    "date" : "2025-04-24",
    "price" : 652.70,
    "dma50" : 653.80,
    "dma100" : null,
    "dma200" : 698.07,
    "volume" : 92127.00
  }, {
    "date" : "2025-04-25",
    "price" : 633.20,
    "dma50" : 653.00,
    "dma100" : null,
    "dma200" : 697.42,
    "volume" : 79381.00
  }, {
    "date" : "2025-04-28",
    "price" : 616.75,
    "dma50" : 651.57,
    "dma100" : null,
    "dma200" : 696.62,
    "volume" : 220471.00
  }, {
    "date" : "2025-04-29",
    "price" : 604.50,
    "dma50" : 649.73,
    "dma100" : null,
    "dma200" : 695.70,
    "volume" : 180509.00
  }, {
    "date" : "2025-04-30",
    "price" : 587.75,
    "dma50" : 647.30,
    "dma100" : null,
    "dma200" : 694.63,
    "volume" : 107675.00
  }, {
    "date" : "2025-05-02",
    "price" : 575.15,
    "dma50" : 644.47,
    "dma100" : null,
    "dma200" : 693.44,
    "volume" : 190459.00
  }, {
    "date" : "2025-05-05",
    "price" : 586.60,
    "dma50" : 642.20,
    "dma100" : null,
    "dma200" : 692.38,
    "volume" : 99941.00
  }, {
    "date" : "2025-05-06",
    "price" : 571.90,
    "dma50" : 639.44,
    "dma100" : null,
    "dma200" : 691.18,
    "volume" : 51585.00
  }, {
    "date" : "2025-05-07",
    "price" : 581.10,
    "dma50" : 637.15,
    "dma100" : null,
    "dma200" : 690.08,
    "volume" : 129689.00
  }, {
    "date" : "2025-05-08",
    "price" : 582.35,
    "dma50" : 635.01,
    "dma100" : null,
    "dma200" : 689.01,
    "volume" : 69425.00
  }, {
    "date" : "2025-05-09",
    "price" : 580.55,
    "dma50" : 632.87,
    "dma100" : null,
    "dma200" : 687.93,
    "volume" : 43590.00
  }, {
    "date" : "2025-05-12",
    "price" : 609.80,
    "dma50" : 631.97,
    "dma100" : null,
    "dma200" : 687.16,
    "volume" : 96887.00
  }, {
    "date" : "2025-05-13",
    "price" : 620.15,
    "dma50" : 631.50,
    "dma100" : null,
    "dma200" : 686.49,
    "volume" : 69555.00
  }, {
    "date" : "2025-05-14",
    "price" : 636.50,
    "dma50" : 631.70,
    "dma100" : null,
    "dma200" : 685.99,
    "volume" : 85784.00
  }, {
    "date" : "2025-05-15",
    "price" : 637.65,
    "dma50" : 631.93,
    "dma100" : null,
    "dma200" : 685.51,
    "volume" : 62954.00
  }, {
    "date" : "2025-05-16",
    "price" : 641.50,
    "dma50" : 632.31,
    "dma100" : null,
    "dma200" : 685.07,
    "volume" : 79042.00
  }, {
    "date" : "2025-05-19",
    "price" : 655.35,
    "dma50" : 633.21,
    "dma100" : null,
    "dma200" : 684.78,
    "volume" : 108895.00
  }, {
    "date" : "2025-05-20",
    "price" : 643.90,
    "dma50" : 633.63,
    "dma100" : null,
    "dma200" : 684.37,
    "volume" : 108024.00
  }, {
    "date" : "2025-05-21",
    "price" : 615.90,
    "dma50" : 632.93,
    "dma100" : null,
    "dma200" : 683.69,
    "volume" : 427656.00
  }, {
    "date" : "2025-05-22",
    "price" : 618.05,
    "dma50" : 632.35,
    "dma100" : null,
    "dma200" : 683.04,
    "volume" : 91940.00
  }, {
    "date" : "2025-05-23",
    "price" : 622.60,
    "dma50" : 631.97,
    "dma100" : null,
    "dma200" : 682.43,
    "volume" : 78123.00
  }, {
    "date" : "2025-05-26",
    "price" : 629.50,
    "dma50" : 631.87,
    "dma100" : null,
    "dma200" : 681.91,
    "volume" : 95192.00
  }, {
    "date" : "2025-05-27",
    "price" : 624.60,
    "dma50" : 631.59,
    "dma100" : null,
    "dma200" : 681.34,
    "volume" : 67084.00
  }, {
    "date" : "2025-05-28",
    "price" : 629.25,
    "dma50" : 631.49,
    "dma100" : null,
    "dma200" : 680.82,
    "volume" : 47054.00
  }, {
    "date" : "2025-05-29",
    "price" : 620.60,
    "dma50" : 631.07,
    "dma100" : null,
    "dma200" : 680.22,
    "volume" : 64550.00
  }, {
    "date" : "2025-05-30",
    "price" : 624.40,
    "dma50" : 630.81,
    "dma100" : null,
    "dma200" : 679.66,
    "volume" : 46217.00
  }, {
    "date" : "2025-06-02",
    "price" : 632.65,
    "dma50" : 630.88,
    "dma100" : null,
    "dma200" : 679.20,
    "volume" : 142576.00
  }, {
    "date" : "2025-06-03",
    "price" : 675.95,
    "dma50" : 632.65,
    "dma100" : null,
    "dma200" : 679.16,
    "volume" : 796006.00
  }, {
    "date" : "2025-06-04",
    "price" : 683.10,
    "dma50" : 634.62,
    "dma100" : null,
    "dma200" : 679.20,
    "volume" : 216855.00
  }, {
    "date" : "2025-06-05",
    "price" : 716.40,
    "dma50" : 637.83,
    "dma100" : null,
    "dma200" : 679.57,
    "volume" : 372465.00
  }, {
    "date" : "2025-06-06",
    "price" : 734.50,
    "dma50" : 641.62,
    "dma100" : null,
    "dma200" : 680.12,
    "volume" : 343985.00
  }, {
    "date" : "2025-06-09",
    "price" : 741.45,
    "dma50" : 645.54,
    "dma100" : null,
    "dma200" : 680.73,
    "volume" : 175095.00
  }, {
    "date" : "2025-06-10",
    "price" : 725.65,
    "dma50" : 648.68,
    "dma100" : null,
    "dma200" : 681.18,
    "volume" : 123622.00
  }, {
    "date" : "2025-06-11",
    "price" : 723.80,
    "dma50" : 651.62,
    "dma100" : null,
    "dma200" : 681.60,
    "volume" : 139418.00
  }, {
    "date" : "2025-06-12",
    "price" : 715.05,
    "dma50" : 654.11,
    "dma100" : null,
    "dma200" : 681.93,
    "volume" : 124590.00
  }, {
    "date" : "2025-06-13",
    "price" : 715.05,
    "dma50" : 656.50,
    "dma100" : null,
    "dma200" : 682.26,
    "volume" : 88646.00
  }, {
    "date" : "2025-06-16",
    "price" : 733.40,
    "dma50" : 659.52,
    "dma100" : null,
    "dma200" : 682.77,
    "volume" : 116335.00
  }, {
    "date" : "2025-06-17",
    "price" : 709.95,
    "dma50" : 661.49,
    "dma100" : null,
    "dma200" : 683.04,
    "volume" : 72702.00
  }, {
    "date" : "2025-06-18",
    "price" : 722.30,
    "dma50" : 663.88,
    "dma100" : null,
    "dma200" : 683.43,
    "volume" : 66175.00
  }, {
    "date" : "2025-06-19",
    "price" : 717.40,
    "dma50" : 665.98,
    "dma100" : null,
    "dma200" : 683.77,
    "volume" : 89592.00
  }, {
    "date" : "2025-06-20",
    "price" : 711.20,
    "dma50" : 667.75,
    "dma100" : null,
    "dma200" : 684.04,
    "volume" : 106185.00
  }, {
    "date" : "2025-06-23",
    "price" : 716.80,
    "dma50" : 669.68,
    "dma100" : null,
    "dma200" : 684.37,
    "volume" : 38166.00
  }, {
    "date" : "2025-06-24",
    "price" : 772.50,
    "dma50" : 673.71,
    "dma100" : null,
    "dma200" : 685.25,
    "volume" : 1097357.00
  }, {
    "date" : "2025-06-25",
    "price" : 781.40,
    "dma50" : 677.93,
    "dma100" : null,
    "dma200" : 686.20,
    "volume" : 252548.00
  }, {
    "date" : "2025-06-26",
    "price" : 770.35,
    "dma50" : 681.55,
    "dma100" : null,
    "dma200" : 687.04,
    "volume" : 75054.00
  }, {
    "date" : "2025-06-27",
    "price" : 772.65,
    "dma50" : 685.13,
    "dma100" : null,
    "dma200" : 687.89,
    "volume" : 167487.00
  }, {
    "date" : "2025-06-30",
    "price" : 786.80,
    "dma50" : 689.11,
    "dma100" : null,
    "dma200" : 688.88,
    "volume" : 113084.00
  }, {
    "date" : "2025-07-01",
    "price" : 797.90,
    "dma50" : 693.38,
    "dma100" : null,
    "dma200" : 689.96,
    "volume" : 265713.00
  }, {
    "date" : "2025-07-02",
    "price" : 784.05,
    "dma50" : 696.94,
    "dma100" : null,
    "dma200" : 690.90,
    "volume" : 73013.00
  }, {
    "date" : "2025-07-03",
    "price" : 780.20,
    "dma50" : 700.20,
    "dma100" : null,
    "dma200" : 691.79,
    "volume" : 71507.00
  }, {
    "date" : "2025-07-04",
    "price" : 781.10,
    "dma50" : 703.37,
    "dma100" : null,
    "dma200" : 692.68,
    "volume" : 63880.00
  }, {
    "date" : "2025-07-07",
    "price" : 783.25,
    "dma50" : 706.51,
    "dma100" : null,
    "dma200" : 693.58,
    "volume" : 41849.00
  }, {
    "date" : "2025-07-08",
    "price" : 783.30,
    "dma50" : 709.52,
    "dma100" : null,
    "dma200" : 694.47,
    "volume" : 177086.00
  }, {
    "date" : "2025-07-09",
    "price" : 755.80,
    "dma50" : 711.33,
    "dma100" : null,
    "dma200" : 695.08,
    "volume" : 139581.00
  }, {
    "date" : "2025-07-10",
    "price" : 726.60,
    "dma50" : 711.93,
    "dma100" : null,
    "dma200" : 695.39,
    "volume" : 193344.00
  }, {
    "date" : "2025-07-11",
    "price" : 751.35,
    "dma50" : 713.48,
    "dma100" : null,
    "dma200" : 695.95,
    "volume" : 218613.00
  }, {
    "date" : "2025-07-14",
    "price" : 753.70,
    "dma50" : 715.05,
    "dma100" : null,
    "dma200" : 696.53,
    "volume" : 47120.00
  }, {
    "date" : "2025-07-15",
    "price" : 750.15,
    "dma50" : 716.43,
    "dma100" : null,
    "dma200" : 697.06,
    "volume" : 98545.00
  }, {
    "date" : "2025-07-16",
    "price" : 776.35,
    "dma50" : 718.78,
    "dma100" : null,
    "dma200" : 697.85,
    "volume" : 103507.00
  }, {
    "date" : "2025-07-17",
    "price" : 761.10,
    "dma50" : 720.44,
    "dma100" : null,
    "dma200" : 698.48,
    "volume" : 54753.00
  }, {
    "date" : "2025-07-18",
    "price" : 763.90,
    "dma50" : 722.14,
    "dma100" : null,
    "dma200" : 699.13,
    "volume" : 48170.00
  }, {
    "date" : "2025-07-21",
    "price" : 761.95,
    "dma50" : 723.71,
    "dma100" : null,
    "dma200" : 699.75,
    "volume" : 43042.00
  }, {
    "date" : "2025-07-22",
    "price" : 769.30,
    "dma50" : 725.49,
    "dma100" : null,
    "dma200" : 700.45,
    "volume" : 75394.00
  }, {
    "date" : "2025-07-23",
    "price" : 760.45,
    "dma50" : 726.86,
    "dma100" : 668.05,
    "dma200" : 701.04,
    "volume" : 108046.00
  }, {
    "date" : "2025-07-24",
    "price" : 763.75,
    "dma50" : 728.31,
    "dma100" : 669.54,
    "dma200" : 701.67,
    "volume" : 83418.00
  }, {
    "date" : "2025-07-25",
    "price" : 740.35,
    "dma50" : 728.78,
    "dma100" : 670.71,
    "dma200" : 702.05,
    "volume" : 61130.00
  }, {
    "date" : "2025-07-28",
    "price" : 727.60,
    "dma50" : 728.74,
    "dma100" : 671.77,
    "dma200" : 702.31,
    "volume" : 69912.00
  }, {
    "date" : "2025-07-29",
    "price" : 742.95,
    "dma50" : 729.29,
    "dma100" : 673.10,
    "dma200" : 702.71,
    "volume" : 37574.00
  }, {
    "date" : "2025-07-30",
    "price" : 737.70,
    "dma50" : 729.62,
    "dma100" : 674.30,
    "dma200" : 703.06,
    "volume" : 143617.00
  }, {
    "date" : "2025-07-31",
    "price" : 730.45,
    "dma50" : 729.66,
    "dma100" : 675.27,
    "dma200" : 703.33,
    "volume" : 59490.00
  }, {
    "date" : "2025-08-01",
    "price" : 724.10,
    "dma50" : 729.44,
    "dma100" : 676.02,
    "dma200" : 703.54,
    "volume" : 38991.00
  }, {
    "date" : "2025-08-04",
    "price" : 721.25,
    "dma50" : 729.12,
    "dma100" : 676.65,
    "dma200" : 703.71,
    "volume" : 22460.00
  }, {
    "date" : "2025-08-05",
    "price" : 717.00,
    "dma50" : 728.64,
    "dma100" : 677.53,
    "dma200" : 703.85,
    "volume" : 37637.00
  }, {
    "date" : "2025-08-06",
    "price" : 710.70,
    "dma50" : 727.94,
    "dma100" : 678.34,
    "dma200" : 703.91,
    "volume" : 33384.00
  }, {
    "date" : "2025-08-07",
    "price" : 722.20,
    "dma50" : 727.71,
    "dma100" : 679.30,
    "dma200" : 704.10,
    "volume" : 81950.00
  }, {
    "date" : "2025-08-08",
    "price" : 734.65,
    "dma50" : 727.99,
    "dma100" : 680.54,
    "dma200" : 704.40,
    "volume" : 47096.00
  }, {
    "date" : "2025-08-11",
    "price" : 732.45,
    "dma50" : 728.16,
    "dma100" : 681.78,
    "dma200" : 704.68,
    "volume" : 51882.00
  }, {
    "date" : "2025-08-12",
    "price" : 751.60,
    "dma50" : 729.08,
    "dma100" : 682.99,
    "dma200" : 705.15,
    "volume" : 69466.00
  }, {
    "date" : "2025-08-13",
    "price" : 797.05,
    "dma50" : 731.75,
    "dma100" : 684.41,
    "dma200" : 706.06,
    "volume" : 246942.00
  }, {
    "date" : "2025-08-14",
    "price" : 822.60,
    "dma50" : 735.31,
    "dma100" : 686.15,
    "dma200" : 707.22,
    "volume" : 340618.00
  }, {
    "date" : "2025-08-18",
    "price" : 830.25,
    "dma50" : 739.03,
    "dma100" : 687.92,
    "dma200" : 708.44,
    "volume" : 103305.00
  }, {
    "date" : "2025-08-19",
    "price" : 826.95,
    "dma50" : 742.48,
    "dma100" : 689.72,
    "dma200" : 709.62,
    "volume" : 92934.00
  }, {
    "date" : "2025-08-20",
    "price" : 832.95,
    "dma50" : 746.03,
    "dma100" : 691.75,
    "dma200" : 710.85,
    "volume" : 69678.00
  }, {
    "date" : "2025-08-21",
    "price" : 851.50,
    "dma50" : 750.16,
    "dma100" : 694.04,
    "dma200" : 712.25,
    "volume" : 254473.00
  }, {
    "date" : "2025-08-22",
    "price" : 865.75,
    "dma50" : 754.70,
    "dma100" : 696.48,
    "dma200" : 713.78,
    "volume" : 126349.00
  }, {
    "date" : "2025-08-25",
    "price" : 858.10,
    "dma50" : 758.75,
    "dma100" : 698.95,
    "dma200" : 715.21,
    "volume" : 73902.00
  }, {
    "date" : "2025-08-26",
    "price" : 862.20,
    "dma50" : 762.81,
    "dma100" : 701.32,
    "dma200" : 716.68,
    "volume" : 85750.00
  }, {
    "date" : "2025-08-28",
    "price" : 845.20,
    "dma50" : 766.04,
    "dma100" : 703.53,
    "dma200" : 717.95,
    "volume" : 52372.00
  }, {
    "date" : "2025-08-29",
    "price" : 861.80,
    "dma50" : 769.79,
    "dma100" : 705.67,
    "dma200" : 719.39,
    "volume" : 64086.00
  }, {
    "date" : "2025-09-01",
    "price" : 892.35,
    "dma50" : 774.60,
    "dma100" : 708.48,
    "dma200" : 721.11,
    "volume" : 144468.00
  }, {
    "date" : "2025-09-02",
    "price" : 887.75,
    "dma50" : 779.04,
    "dma100" : 711.43,
    "dma200" : 722.77,
    "volume" : 60559.00
  }, {
    "date" : "2025-09-03",
    "price" : 898.15,
    "dma50" : 783.71,
    "dma100" : 714.48,
    "dma200" : 724.51,
    "volume" : 66248.00
  }, {
    "date" : "2025-09-04",
    "price" : 903.35,
    "dma50" : 788.40,
    "dma100" : 717.64,
    "dma200" : 726.29,
    "volume" : 135144.00
  }, {
    "date" : "2025-09-05",
    "price" : 975.90,
    "dma50" : 795.75,
    "dma100" : 721.45,
    "dma200" : 728.77,
    "volume" : 436830.00
  }, {
    "date" : "2025-09-08",
    "price" : 1033.15,
    "dma50" : 805.06,
    "dma100" : 725.61,
    "dma200" : 731.80,
    "volume" : 549611.00
  }, {
    "date" : "2025-09-09",
    "price" : 1002.90,
    "dma50" : 812.82,
    "dma100" : 729.48,
    "dma200" : 734.50,
    "volume" : 145424.00
  }, {
    "date" : "2025-09-10",
    "price" : 1011.40,
    "dma50" : 820.61,
    "dma100" : 733.37,
    "dma200" : 737.25,
    "volume" : 146112.00
  }, {
    "date" : "2025-09-11",
    "price" : 1020.25,
    "dma50" : 828.44,
    "dma100" : 737.23,
    "dma200" : 740.07,
    "volume" : 84806.00
  }, {
    "date" : "2025-09-12",
    "price" : 1031.00,
    "dma50" : 836.38,
    "dma100" : 741.14,
    "dma200" : 742.97,
    "volume" : 327412.00
  }, {
    "date" : "2025-09-15",
    "price" : 1043.65,
    "dma50" : 844.51,
    "dma100" : 745.12,
    "dma200" : 745.96,
    "volume" : 110314.00
  }, {
    "date" : "2025-09-16",
    "price" : 1022.50,
    "dma50" : 851.49,
    "dma100" : 748.82,
    "dma200" : 748.71,
    "volume" : 81400.00
  }, {
    "date" : "2025-09-17",
    "price" : 1045.00,
    "dma50" : 859.08,
    "dma100" : 752.94,
    "dma200" : 751.66,
    "volume" : 185488.00
  }, {
    "date" : "2025-09-18",
    "price" : 1087.70,
    "dma50" : 868.04,
    "dma100" : 757.65,
    "dma200" : 755.00,
    "volume" : 401090.00
  }, {
    "date" : "2025-09-19",
    "price" : 1070.95,
    "dma50" : 876.00,
    "dma100" : 762.31,
    "dma200" : 758.14,
    "volume" : 99657.00
  }, {
    "date" : "2025-09-22",
    "price" : 1113.95,
    "dma50" : 885.33,
    "dma100" : 767.57,
    "dma200" : 761.68,
    "volume" : 227892.00
  }, {
    "date" : "2025-09-23",
    "price" : 1162.20,
    "dma50" : 896.19,
    "dma100" : 773.44,
    "dma200" : 765.67,
    "volume" : 327879.00
  }, {
    "date" : "2025-09-24",
    "price" : 1174.75,
    "dma50" : 907.11,
    "dma100" : 779.32,
    "dma200" : 769.74,
    "volume" : 234312.00
  }, {
    "date" : "2025-09-25",
    "price" : 1159.20,
    "dma50" : 917.00,
    "dma100" : 785.20,
    "dma200" : 773.62,
    "volume" : 206826.00
  }, {
    "date" : "2025-09-26",
    "price" : 1123.00,
    "dma50" : 925.08,
    "dma100" : 790.62,
    "dma200" : 777.09,
    "volume" : 172571.00
  }, {
    "date" : "2025-09-29",
    "price" : 1118.85,
    "dma50" : 932.68,
    "dma100" : 795.98,
    "dma200" : 780.49,
    "volume" : 94275.00
  }, {
    "date" : "2025-09-30",
    "price" : 1108.05,
    "dma50" : 939.55,
    "dma100" : 801.26,
    "dma200" : 783.75,
    "volume" : 98659.00
  }, {
    "date" : "2025-10-01",
    "price" : 1136.30,
    "dma50" : 947.27,
    "dma100" : 806.52,
    "dma200" : 787.26,
    "volume" : 92906.00
  }, {
    "date" : "2025-10-03",
    "price" : 1170.30,
    "dma50" : 956.02,
    "dma100" : 812.02,
    "dma200" : 791.07,
    "volume" : 187991.00
  }, {
    "date" : "2025-10-06",
    "price" : 1163.40,
    "dma50" : 964.15,
    "dma100" : 817.29,
    "dma200" : 794.78,
    "volume" : 116744.00
  }, {
    "date" : "2025-10-07",
    "price" : 1127.90,
    "dma50" : 970.57,
    "dma100" : 822.19,
    "dma200" : 798.09,
    "volume" : 110048.00
  }, {
    "date" : "2025-10-08",
    "price" : 1166.80,
    "dma50" : 978.27,
    "dma100" : 827.45,
    "dma200" : 801.76,
    "volume" : 146668.00
  }, {
    "date" : "2025-10-09",
    "price" : 1242.70,
    "dma50" : 988.64,
    "dma100" : 833.32,
    "dma200" : 806.15,
    "volume" : 648960.00
  }, {
    "date" : "2025-10-10",
    "price" : 1227.80,
    "dma50" : 998.01,
    "dma100" : 839.16,
    "dma200" : 810.34,
    "volume" : 211404.00
  }, {
    "date" : "2025-10-13",
    "price" : 1230.90,
    "dma50" : 1007.15,
    "dma100" : 845.31,
    "dma200" : 814.53,
    "volume" : 162886.00
  }, {
    "date" : "2025-10-14",
    "price" : 1187.50,
    "dma50" : 1014.22,
    "dma100" : 851.00,
    "dma200" : 818.24,
    "volume" : 131088.00
  }, {
    "date" : "2025-10-15",
    "price" : 1195.00,
    "dma50" : 1021.31,
    "dma100" : 856.73,
    "dma200" : 821.99,
    "volume" : 124747.00
  }, {
    "date" : "2025-10-16",
    "price" : 1153.50,
    "dma50" : 1026.49,
    "dma100" : 861.97,
    "dma200" : 825.29,
    "volume" : 222453.00
  }, {
    "date" : "2025-10-17",
    "price" : 1094.20,
    "dma50" : 1029.15,
    "dma100" : 866.66,
    "dma200" : 827.96,
    "volume" : 242291.00
  }, {
    "date" : "2025-10-20",
    "price" : 1087.30,
    "dma50" : 1031.43,
    "dma100" : 871.25,
    "dma200" : 830.54,
    "volume" : 88045.00
  }, {
    "date" : "2025-10-21",
    "price" : 1135.60,
    "dma50" : 1035.51,
    "dma100" : 876.40,
    "dma200" : 833.58,
    "volume" : 60966.00
  }, {
    "date" : "2025-10-23",
    "price" : 1078.20,
    "dma50" : 1037.19,
    "dma100" : 880.93,
    "dma200" : 836.01,
    "volume" : 120026.00
  }, {
    "date" : "2025-10-24",
    "price" : 1081.20,
    "dma50" : 1038.91,
    "dma100" : 885.42,
    "dma200" : 838.45,
    "volume" : 81893.00
  }, {
    "date" : "2025-10-27",
    "price" : 1098.20,
    "dma50" : 1041.24,
    "dma100" : 889.64,
    "dma200" : 841.04,
    "volume" : 127803.00
  }, {
    "date" : "2025-10-28",
    "price" : 1138.20,
    "dma50" : 1045.04,
    "dma100" : 894.19,
    "dma200" : 843.99,
    "volume" : 141695.00
  }, {
    "date" : "2025-10-29",
    "price" : 1158.80,
    "dma50" : 1049.50,
    "dma100" : 898.62,
    "dma200" : 847.13,
    "volume" : 111922.00
  }, {
    "date" : "2025-10-30",
    "price" : 1158.60,
    "dma50" : 1053.78,
    "dma100" : 902.86,
    "dma200" : 850.22,
    "volume" : 70183.00
  }, {
    "date" : "2025-10-31",
    "price" : 1202.60,
    "dma50" : 1059.62,
    "dma100" : 907.47,
    "dma200" : 853.73,
    "volume" : 252341.00
  }, {
    "date" : "2025-11-03",
    "price" : 1210.10,
    "dma50" : 1065.52,
    "dma100" : 912.31,
    "dma200" : 857.28,
    "volume" : 155161.00
  }, {
    "date" : "2025-11-04",
    "price" : 1230.60,
    "dma50" : 1071.99,
    "dma100" : 917.38,
    "dma200" : 860.99,
    "volume" : 1115031.00
  }, {
    "date" : "2025-11-06",
    "price" : 1129.00,
    "dma50" : 1074.23,
    "dma100" : 921.52,
    "dma200" : 863.66,
    "volume" : 459778.00
  }, {
    "date" : "2025-11-07",
    "price" : 1197.00,
    "dma50" : 1079.04,
    "dma100" : 926.34,
    "dma200" : 866.97,
    "volume" : 424669.00
  }, {
    "date" : "2025-11-10",
    "price" : 1322.50,
    "dma50" : 1088.59,
    "dma100" : 932.23,
    "dma200" : 871.51,
    "volume" : 1570012.00
  }, {
    "date" : "2025-11-11",
    "price" : 1346.50,
    "dma50" : 1098.70,
    "dma100" : 938.60,
    "dma200" : 876.23,
    "volume" : 603107.00
  }, {
    "date" : "2025-11-12",
    "price" : 1370.80,
    "dma50" : 1109.37,
    "dma100" : 945.08,
    "dma200" : 881.15,
    "volume" : 304032.00
  }, {
    "date" : "2025-11-13",
    "price" : 1312.40,
    "dma50" : 1117.34,
    "dma100" : 951.03,
    "dma200" : 885.45,
    "volume" : 201924.00
  }, {
    "date" : "2025-11-14",
    "price" : 1370.70,
    "dma50" : 1127.27,
    "dma100" : 957.63,
    "dma200" : 890.27,
    "volume" : 280762.00
  }, {
    "date" : "2025-11-17",
    "price" : 1320.70,
    "dma50" : 1134.86,
    "dma100" : 963.67,
    "dma200" : 894.56,
    "volume" : 211039.00
  }, {
    "date" : "2025-11-18",
    "price" : 1284.80,
    "dma50" : 1140.74,
    "dma100" : 968.79,
    "dma200" : 898.44,
    "volume" : 146912.00
  }, {
    "date" : "2025-11-19",
    "price" : 1343.30,
    "dma50" : 1148.68,
    "dma100" : 974.41,
    "dma200" : 902.87,
    "volume" : 1506807.00
  }, {
    "date" : "2025-11-20",
    "price" : 1319.30,
    "dma50" : 1155.37,
    "dma100" : 979.90,
    "dma200" : 907.01,
    "volume" : 234153.00
  }, {
    "date" : "2025-11-21",
    "price" : 1302.40,
    "dma50" : 1161.14,
    "dma100" : 985.19,
    "dma200" : 910.94,
    "volume" : 198757.00
  }, {
    "date" : "2025-11-24",
    "price" : 1232.40,
    "dma50" : 1163.93,
    "dma100" : 989.65,
    "dma200" : 914.14,
    "volume" : 196978.00
  }, {
    "date" : "2025-11-25",
    "price" : 1252.80,
    "dma50" : 1167.42,
    "dma100" : 994.20,
    "dma200" : 917.51,
    "volume" : 163387.00
  }, {
    "date" : "2025-11-26",
    "price" : 1247.10,
    "dma50" : 1170.54,
    "dma100" : 998.83,
    "dma200" : 920.79,
    "volume" : 147002.00
  }, {
    "date" : "2025-11-27",
    "price" : 1269.90,
    "dma50" : 1174.44,
    "dma100" : 1003.73,
    "dma200" : 924.27,
    "volume" : 231926.00
  }, {
    "date" : "2025-11-28",
    "price" : 1348.10,
    "dma50" : 1181.25,
    "dma100" : 1009.40,
    "dma200" : 928.48,
    "volume" : 716719.00
  }, {
    "date" : "2025-12-01",
    "price" : 1380.10,
    "dma50" : 1189.05,
    "dma100" : 1015.37,
    "dma200" : 932.98,
    "volume" : 336895.00
  }, {
    "date" : "2025-12-02",
    "price" : 1332.00,
    "dma50" : 1194.65,
    "dma100" : 1020.85,
    "dma200" : 936.95,
    "volume" : 143113.00
  }, {
    "date" : "2025-12-03",
    "price" : 1346.60,
    "dma50" : 1200.61,
    "dma100" : 1026.76,
    "dma200" : 941.02,
    "volume" : 207460.00
  }, {
    "date" : "2025-12-04",
    "price" : 1402.60,
    "dma50" : 1208.53,
    "dma100" : 1033.52,
    "dma200" : 945.62,
    "volume" : 535164.00
  }, {
    "date" : "2025-12-05",
    "price" : 1322.10,
    "dma50" : 1212.99,
    "dma100" : 1039.23,
    "dma200" : 949.36,
    "volume" : 321442.00
  }, {
    "date" : "2025-12-08",
    "price" : 1311.00,
    "dma50" : 1216.83,
    "dma100" : 1044.80,
    "dma200" : 952.96,
    "volume" : 218161.00
  }, {
    "date" : "2025-12-09",
    "price" : 1376.80,
    "dma50" : 1223.10,
    "dma100" : 1051.07,
    "dma200" : 957.18,
    "volume" : 254692.00
  }, {
    "date" : "2025-12-10",
    "price" : 1374.50,
    "dma50" : 1229.04,
    "dma100" : 1057.05,
    "dma200" : 961.33,
    "volume" : 146889.00
  }, {
    "date" : "2025-12-11",
    "price" : 1351.20,
    "dma50" : 1233.83,
    "dma100" : 1062.95,
    "dma200" : 965.21,
    "volume" : 137153.00
  }, {
    "date" : "2025-12-12",
    "price" : 1392.10,
    "dma50" : 1240.04,
    "dma100" : 1069.23,
    "dma200" : 969.46,
    "volume" : 187342.00
  }, {
    "date" : "2025-12-15",
    "price" : 1449.70,
    "dma50" : 1248.26,
    "dma100" : 1076.11,
    "dma200" : 974.24,
    "volume" : 480940.00
  }, {
    "date" : "2025-12-16",
    "price" : 1425.70,
    "dma50" : 1255.22,
    "dma100" : 1082.67,
    "dma200" : 978.73,
    "volume" : 195687.00
  }, {
    "date" : "2025-12-17",
    "price" : 1381.90,
    "dma50" : 1260.19,
    "dma100" : 1088.89,
    "dma200" : 982.74,
    "volume" : 134808.00
  }, {
    "date" : "2025-12-18",
    "price" : 1397.20,
    "dma50" : 1265.56,
    "dma100" : 1095.22,
    "dma200" : 986.86,
    "volume" : 231089.00
  }, {
    "date" : "2025-12-19",
    "price" : 1414.90,
    "dma50" : 1271.42,
    "dma100" : 1101.97,
    "dma200" : 991.12,
    "volume" : 598718.00
  }, {
    "date" : "2025-12-22",
    "price" : 1415.90,
    "dma50" : 1277.08,
    "dma100" : 1108.85,
    "dma200" : 995.35,
    "volume" : 179318.00
  }, {
    "date" : "2025-12-23",
    "price" : 1421.00,
    "dma50" : 1282.73,
    "dma100" : 1115.63,
    "dma200" : 999.58,
    "volume" : 127032.00
  }, {
    "date" : "2025-12-24",
    "price" : 1416.00,
    "dma50" : 1287.95,
    "dma100" : 1122.41,
    "dma200" : 1003.73,
    "volume" : 166784.00
  }, {
    "date" : "2025-12-26",
    "price" : 1422.30,
    "dma50" : 1293.22,
    "dma100" : 1129.33,
    "dma200" : 1007.89,
    "volume" : 263072.00
  }, {
    "date" : "2025-12-29",
    "price" : 1441.00,
    "dma50" : 1299.02,
    "dma100" : 1136.50,
    "dma200" : 1012.20,
    "volume" : 441736.00
  }, {
    "date" : "2025-12-30",
    "price" : 1476.10,
    "dma50" : 1305.96,
    "dma100" : 1144.05,
    "dma200" : 1016.82,
    "volume" : 217220.00
  }, {
    "date" : "2025-12-31",
    "price" : 1492.20,
    "dma50" : 1313.26,
    "dma100" : 1151.80,
    "dma200" : 1021.55,
    "volume" : 259393.00
  }, {
    "date" : "2026-01-01",
    "price" : 1491.20,
    "dma50" : 1320.24,
    "dma100" : 1159.61,
    "dma200" : 1026.22,
    "volume" : 155688.00
  }, {
    "date" : "2026-01-02",
    "price" : 1496.10,
    "dma50" : 1327.14,
    "dma100" : 1167.35,
    "dma200" : 1030.90,
    "volume" : 164765.00
  }, {
    "date" : "2026-01-05",
    "price" : 1458.60,
    "dma50" : 1332.29,
    "dma100" : 1174.59,
    "dma200" : 1035.15,
    "volume" : 181519.00
  }, {
    "date" : "2026-01-06",
    "price" : 1293.60,
    "dma50" : 1330.78,
    "dma100" : 1180.20,
    "dma200" : 1037.72,
    "volume" : 2281505.00
  }, {
    "date" : "2026-01-07",
    "price" : 1270.50,
    "dma50" : 1328.41,
    "dma100" : 1185.39,
    "dma200" : 1040.04,
    "volume" : 460525.00
  }, {
    "date" : "2026-01-08",
    "price" : 1218.30,
    "dma50" : 1324.09,
    "dma100" : 1189.60,
    "dma200" : 1041.81,
    "volume" : 396831.00
  }, {
    "date" : "2026-01-09",
    "price" : 1216.30,
    "dma50" : 1319.87,
    "dma100" : 1193.54,
    "dma200" : 1043.55,
    "volume" : 492938.00
  }, {
    "date" : "2026-01-12",
    "price" : 1235.60,
    "dma50" : 1316.56,
    "dma100" : 1197.59,
    "dma200" : 1045.46,
    "volume" : 300284.00
  }, {
    "date" : "2026-01-13",
    "price" : 1220.60,
    "dma50" : 1312.80,
    "dma100" : 1201.53,
    "dma200" : 1047.20,
    "volume" : 123914.00
  }, {
    "date" : "2026-01-14",
    "price" : 1268.50,
    "dma50" : 1311.06,
    "dma100" : 1205.88,
    "dma200" : 1049.41,
    "volume" : 196782.00
  }, {
    "date" : "2026-01-16",
    "price" : 1174.20,
    "dma50" : 1305.69,
    "dma100" : 1209.11,
    "dma200" : 1050.65,
    "volume" : 293767.00
  }, {
    "date" : "2026-01-19",
    "price" : 1127.60,
    "dma50" : 1298.71,
    "dma100" : 1211.73,
    "dma200" : 1051.41,
    "volume" : 284372.00
  }, {
    "date" : "2026-01-20",
    "price" : 1091.00,
    "dma50" : 1290.57,
    "dma100" : 1214.06,
    "dma200" : 1051.81,
    "volume" : 301742.00
  }, {
    "date" : "2026-01-21",
    "price" : 1092.90,
    "dma50" : 1282.81,
    "dma100" : 1216.36,
    "dma200" : 1052.22,
    "volume" : 225128.00
  }, {
    "date" : "2026-01-22",
    "price" : 1120.10,
    "dma50" : 1276.43,
    "dma100" : 1219.11,
    "dma200" : 1052.89,
    "volume" : 145945.00
  }, {
    "date" : "2026-01-23",
    "price" : 1107.20,
    "dma50" : 1269.80,
    "dma100" : 1221.57,
    "dma200" : 1053.43,
    "volume" : 189688.00
  }, {
    "date" : "2026-01-27",
    "price" : 1134.20,
    "dma50" : 1264.48,
    "dma100" : 1223.98,
    "dma200" : 1054.24,
    "volume" : 272555.00
  }, {
    "date" : "2026-01-28",
    "price" : 1218.50,
    "dma50" : 1262.68,
    "dma100" : 1227.29,
    "dma200" : 1055.87,
    "volume" : 241082.00
  }, {
    "date" : "2026-01-29",
    "price" : 1231.40,
    "dma50" : 1261.45,
    "dma100" : 1230.62,
    "dma200" : 1057.62,
    "volume" : 176498.00
  }, {
    "date" : "2026-01-30",
    "price" : 1165.80,
    "dma50" : 1257.70,
    "dma100" : 1233.25,
    "dma200" : 1058.69,
    "volume" : 219649.00
  }, {
    "date" : "2026-02-01",
    "price" : 1164.60,
    "dma50" : 1254.05,
    "dma100" : 1235.14,
    "dma200" : 1059.75,
    "volume" : 97502.00
  }, {
    "date" : "2026-02-02",
    "price" : 1159.30,
    "dma50" : 1250.33,
    "dma100" : 1236.40,
    "dma200" : 1060.74,
    "volume" : 86030.00
  }, {
    "date" : "2026-02-03",
    "price" : 1251.70,
    "dma50" : 1250.39,
    "dma100" : 1238.89,
    "dma200" : 1062.64,
    "volume" : 254013.00
  }, {
    "date" : "2026-02-04",
    "price" : 1323.70,
    "dma50" : 1253.26,
    "dma100" : 1242.01,
    "dma200" : 1065.24,
    "volume" : 304220.00
  }, {
    "date" : "2026-02-05",
    "price" : 1328.50,
    "dma50" : 1256.21,
    "dma100" : 1245.09,
    "dma200" : 1067.86,
    "volume" : 418587.00
  }, {
    "date" : "2026-02-06",
    "price" : 1319.80,
    "dma50" : 1258.70,
    "dma100" : 1247.98,
    "dma200" : 1070.36,
    "volume" : 311831.00
  }, {
    "date" : "2026-02-09",
    "price" : 1451.50,
    "dma50" : 1266.27,
    "dma100" : 1252.06,
    "dma200" : 1074.15,
    "volume" : 541089.00
  }, {
    "date" : "2026-02-10",
    "price" : 1431.20,
    "dma50" : 1272.73,
    "dma100" : 1256.14,
    "dma200" : 1077.71,
    "volume" : 154936.00
  }, {
    "date" : "2026-02-11",
    "price" : 1446.00,
    "dma50" : 1279.53,
    "dma100" : 1260.15,
    "dma200" : 1081.37,
    "volume" : 167393.00
  }, {
    "date" : "2026-02-12",
    "price" : 1459.40,
    "dma50" : 1286.58,
    "dma100" : 1263.87,
    "dma200" : 1085.13,
    "volume" : 154018.00
  }, {
    "date" : "2026-02-13",
    "price" : 1439.70,
    "dma50" : 1292.59,
    "dma100" : 1267.56,
    "dma200" : 1088.66,
    "volume" : 116086.00
  }, {
    "date" : "2026-02-16",
    "price" : 1410.70,
    "dma50" : 1297.22,
    "dma100" : 1270.53,
    "dma200" : 1091.87,
    "volume" : 114055.00
  }, {
    "date" : "2026-02-17",
    "price" : 1361.00,
    "dma50" : 1299.72,
    "dma100" : 1272.51,
    "dma200" : 1094.54,
    "volume" : 162349.00
  }, {
    "date" : "2026-02-18",
    "price" : 1362.50,
    "dma50" : 1302.18,
    "dma100" : 1274.39,
    "dma200" : 1097.21,
    "volume" : 98266.00
  }, {
    "date" : "2026-02-19",
    "price" : 1317.10,
    "dma50" : 1302.77,
    "dma100" : 1275.97,
    "dma200" : 1099.40,
    "volume" : 130465.00
  }, {
    "date" : "2026-02-20",
    "price" : 1267.90,
    "dma50" : 1301.40,
    "dma100" : 1277.42,
    "dma200" : 1101.07,
    "volume" : 232625.00
  } ],
  "latestTechnicalAttributes" : {
    "date" : "2026-02-20",
    "price" : 1267.90,
    "dma50" : 1301.40,
    "dma100" : 1277.42,
    "dma200" : 1101.07,
    "volume" : 232625.00
  },
  "quarterlyResults" : [ {
    "date" : "2005-06-30",
    "sales" : 118.50,
    "salesGrowthYoY" : null,
    "grossProfitMargin" : 62.88,
    "grossProfit" : 74.51,
    "operatingProfitMargin" : 33.03,
    "operatingProfit" : 39.14,
    "netProfitMargin" : 15.46,
    "netProfit" : 18.32
  }, {
    "date" : "2005-09-30",
    "sales" : 98.88,
    "salesGrowthYoY" : null,
    "grossProfitMargin" : 52.07,
    "grossProfit" : 51.49,
    "operatingProfitMargin" : 14.98,
    "operatingProfit" : 14.81,
    "netProfitMargin" : -11.30,
    "netProfit" : -11.17
  }, {
    "date" : "2005-12-31",
    "sales" : 96.18,
    "salesGrowthYoY" : null,
    "grossProfitMargin" : 57.32,
    "grossProfit" : 55.13,
    "operatingProfitMargin" : 20.23,
    "operatingProfit" : 19.46,
    "netProfitMargin" : -7.13,
    "netProfit" : -6.86
  }, {
    "date" : "2006-03-31",
    "sales" : 119.85,
    "salesGrowthYoY" : null,
    "grossProfitMargin" : 55.38,
    "grossProfit" : 66.37,
    "operatingProfitMargin" : 11.43,
    "operatingProfit" : 13.70,
    "netProfitMargin" : 20.93,
    "netProfit" : 25.08
  }, {
    "date" : "2006-06-30",
    "sales" : 109.57,
    "salesGrowthYoY" : -7.54,
    "grossProfitMargin" : 59.07,
    "grossProfit" : 64.72,
    "operatingProfitMargin" : 14.08,
    "operatingProfit" : 15.43,
    "netProfitMargin" : -6.73,
    "netProfit" : -7.37
  }, {
    "date" : "2006-09-30",
    "sales" : 133.84,
    "salesGrowthYoY" : 35.36,
    "grossProfitMargin" : 53.72,
    "grossProfit" : 71.90,
    "operatingProfitMargin" : 24.22,
    "operatingProfit" : 32.42,
    "netProfitMargin" : 3.33,
    "netProfit" : 4.46
  }, {
    "date" : "2006-12-31",
    "sales" : 131.90,
    "salesGrowthYoY" : 37.14,
    "grossProfitMargin" : 63.53,
    "grossProfit" : 83.80,
    "operatingProfitMargin" : 25.78,
    "operatingProfit" : 34.00,
    "netProfitMargin" : 7.58,
    "netProfit" : 10.00
  }, {
    "date" : "2007-03-31",
    "sales" : 178.83,
    "salesGrowthYoY" : 49.21,
    "grossProfitMargin" : 56.94,
    "grossProfit" : 101.83,
    "operatingProfitMargin" : 23.25,
    "operatingProfit" : 41.58,
    "netProfitMargin" : 7.21,
    "netProfit" : 12.89
  }, {
    "date" : "2007-06-30",
    "sales" : 141.92,
    "salesGrowthYoY" : 29.52,
    "grossProfitMargin" : 68.37,
    "grossProfit" : 97.03,
    "operatingProfitMargin" : 32.16,
    "operatingProfit" : 45.64,
    "netProfitMargin" : 9.96,
    "netProfit" : 14.14
  }, {
    "date" : "2007-09-30",
    "sales" : 141.20,
    "salesGrowthYoY" : 5.50,
    "grossProfitMargin" : 77.47,
    "grossProfit" : 109.39,
    "operatingProfitMargin" : 30.59,
    "operatingProfit" : 43.19,
    "netProfitMargin" : 6.86,
    "netProfit" : 9.69
  }, {
    "date" : "2007-12-31",
    "sales" : 194.90,
    "salesGrowthYoY" : 47.76,
    "grossProfitMargin" : 67.35,
    "grossProfit" : 131.27,
    "operatingProfitMargin" : 37.41,
    "operatingProfit" : 72.91,
    "netProfitMargin" : 15.52,
    "netProfit" : 30.25
  }, {
    "date" : "2008-03-31",
    "sales" : 259.68,
    "salesGrowthYoY" : 45.21,
    "grossProfitMargin" : 79.64,
    "grossProfit" : 206.81,
    "operatingProfitMargin" : 45.58,
    "operatingProfit" : 118.36,
    "netProfitMargin" : 19.10,
    "netProfit" : 49.60
  }, {
    "date" : "2008-06-30",
    "sales" : 420.25,
    "salesGrowthYoY" : 196.12,
    "grossProfitMargin" : 81.93,
    "grossProfit" : 344.31,
    "operatingProfitMargin" : 67.81,
    "operatingProfit" : 284.97,
    "netProfitMargin" : 43.04,
    "netProfit" : 180.88
  }, {
    "date" : "2008-09-30",
    "sales" : 249.95,
    "salesGrowthYoY" : 77.02,
    "grossProfitMargin" : 82.68,
    "grossProfit" : 206.66,
    "operatingProfitMargin" : 51.44,
    "operatingProfit" : 128.57,
    "netProfitMargin" : 29.19,
    "netProfit" : 72.96
  }, {
    "date" : "2008-12-31",
    "sales" : 133.73,
    "salesGrowthYoY" : -31.39,
    "grossProfitMargin" : 63.22,
    "grossProfit" : 84.54,
    "operatingProfitMargin" : 35.07,
    "operatingProfit" : 46.90,
    "netProfitMargin" : 8.17,
    "netProfit" : 10.93
  }, {
    "date" : "2009-03-31",
    "sales" : 219.79,
    "salesGrowthYoY" : -15.36,
    "grossProfitMargin" : 29.31,
    "grossProfit" : 64.42,
    "operatingProfitMargin" : 4.35,
    "operatingProfit" : 9.56,
    "netProfitMargin" : -1.88,
    "netProfit" : -4.13
  }, {
    "date" : "2009-06-30",
    "sales" : 120.70,
    "salesGrowthYoY" : -71.28,
    "grossProfitMargin" : 33.32,
    "grossProfit" : 40.22,
    "operatingProfitMargin" : 7.08,
    "operatingProfit" : 8.55,
    "netProfitMargin" : -6.95,
    "netProfit" : -8.39
  }, {
    "date" : "2009-09-30",
    "sales" : 119.59,
    "salesGrowthYoY" : -52.15,
    "grossProfitMargin" : 68.84,
    "grossProfit" : 82.33,
    "operatingProfitMargin" : 17.33,
    "operatingProfit" : 20.72,
    "netProfitMargin" : -1.69,
    "netProfit" : -2.02
  }, {
    "date" : "2009-12-31",
    "sales" : 210.25,
    "salesGrowthYoY" : 57.22,
    "grossProfitMargin" : 57.31,
    "grossProfit" : 120.49,
    "operatingProfitMargin" : 32.02,
    "operatingProfit" : 67.32,
    "netProfitMargin" : 15.38,
    "netProfit" : 32.34
  }, {
    "date" : "2010-03-31",
    "sales" : 171.68,
    "salesGrowthYoY" : -21.89,
    "grossProfitMargin" : 63.50,
    "grossProfit" : 109.02,
    "operatingProfitMargin" : 26.60,
    "operatingProfit" : 45.67,
    "netProfitMargin" : 11.12,
    "netProfit" : 19.09
  }, {
    "date" : "2010-06-30",
    "sales" : 244.25,
    "salesGrowthYoY" : 102.36,
    "grossProfitMargin" : 71.05,
    "grossProfit" : 173.54,
    "operatingProfitMargin" : 45.34,
    "operatingProfit" : 110.74,
    "netProfitMargin" : 22.24,
    "netProfit" : 54.32
  }, {
    "date" : "2010-09-30",
    "sales" : 309.41,
    "salesGrowthYoY" : 158.73,
    "grossProfitMargin" : 54.70,
    "grossProfit" : 169.25,
    "operatingProfitMargin" : 34.71,
    "operatingProfit" : 107.40,
    "netProfitMargin" : 18.50,
    "netProfit" : 57.24
  }, {
    "date" : "2010-12-31",
    "sales" : 235.60,
    "salesGrowthYoY" : 12.06,
    "grossProfitMargin" : 55.52,
    "grossProfit" : 130.81,
    "operatingProfitMargin" : 30.42,
    "operatingProfit" : 71.67,
    "netProfitMargin" : 12.48,
    "netProfit" : 29.40
  }, {
    "date" : "2011-03-31",
    "sales" : 285.68,
    "salesGrowthYoY" : 66.40,
    "grossProfitMargin" : 53.83,
    "grossProfit" : 153.78,
    "operatingProfitMargin" : 19.85,
    "operatingProfit" : 56.71,
    "netProfitMargin" : 8.57,
    "netProfit" : 24.48
  }, {
    "date" : "2011-06-30",
    "sales" : 271.21,
    "salesGrowthYoY" : 11.04,
    "grossProfitMargin" : 52.35,
    "grossProfit" : 141.98,
    "operatingProfitMargin" : 26.38,
    "operatingProfit" : 71.55,
    "netProfitMargin" : 13.80,
    "netProfit" : 37.43
  }, {
    "date" : "2011-09-30",
    "sales" : 296.54,
    "salesGrowthYoY" : -4.16,
    "grossProfitMargin" : 32.36,
    "grossProfit" : 95.96,
    "operatingProfitMargin" : 8.70,
    "operatingProfit" : 25.80,
    "netProfitMargin" : -2.93,
    "netProfit" : -8.69
  }, {
    "date" : "2011-12-31",
    "sales" : 306.30,
    "salesGrowthYoY" : 30.01,
    "grossProfitMargin" : 52.65,
    "grossProfit" : 161.27,
    "operatingProfitMargin" : 21.99,
    "operatingProfit" : 67.36,
    "netProfitMargin" : 4.30,
    "netProfit" : 13.17
  }, {
    "date" : "2012-03-31",
    "sales" : 318.49,
    "salesGrowthYoY" : 11.48,
    "grossProfitMargin" : 46.94,
    "grossProfit" : 149.50,
    "operatingProfitMargin" : 20.19,
    "operatingProfit" : 64.30,
    "netProfitMargin" : 6.92,
    "netProfit" : 22.04
  }, {
    "date" : "2012-06-30",
    "sales" : 298.58,
    "salesGrowthYoY" : 10.09,
    "grossProfitMargin" : 52.43,
    "grossProfit" : 156.55,
    "operatingProfitMargin" : 30.37,
    "operatingProfit" : 90.68,
    "netProfitMargin" : 9.53,
    "netProfit" : 28.45
  }, {
    "date" : "2012-09-30",
    "sales" : 284.13,
    "salesGrowthYoY" : -4.18,
    "grossProfitMargin" : 48.16,
    "grossProfit" : 136.84,
    "operatingProfitMargin" : 21.75,
    "operatingProfit" : 61.80,
    "netProfitMargin" : 7.66,
    "netProfit" : 21.76
  }, {
    "date" : "2012-12-31",
    "sales" : 311.50,
    "salesGrowthYoY" : 1.70,
    "grossProfitMargin" : 43.75,
    "grossProfit" : 136.28,
    "operatingProfitMargin" : 18.71,
    "operatingProfit" : 58.28,
    "netProfitMargin" : 4.83,
    "netProfit" : 15.05
  }, {
    "date" : "2013-03-31",
    "sales" : 379.04,
    "salesGrowthYoY" : 19.01,
    "grossProfitMargin" : 42.95,
    "grossProfit" : 162.80,
    "operatingProfitMargin" : 17.92,
    "operatingProfit" : 67.92,
    "netProfitMargin" : -55.99,
    "netProfit" : -212.22
  }, {
    "date" : "2013-06-30",
    "sales" : 306.96,
    "salesGrowthYoY" : 2.81,
    "grossProfitMargin" : 55.21,
    "grossProfit" : 169.47,
    "operatingProfitMargin" : 25.27,
    "operatingProfit" : 77.57,
    "netProfitMargin" : 3.28,
    "netProfit" : 10.07
  }, {
    "date" : "2013-09-30",
    "sales" : 322.67,
    "salesGrowthYoY" : 13.56,
    "grossProfitMargin" : 50.84,
    "grossProfit" : 164.05,
    "operatingProfitMargin" : 24.46,
    "operatingProfit" : 78.93,
    "netProfitMargin" : 4.38,
    "netProfit" : 14.13
  }, {
    "date" : "2013-12-31",
    "sales" : 364.06,
    "salesGrowthYoY" : 16.87,
    "grossProfitMargin" : 49.76,
    "grossProfit" : 181.16,
    "operatingProfitMargin" : 22.07,
    "operatingProfit" : 80.35,
    "netProfitMargin" : 3.02,
    "netProfit" : 10.99
  }, {
    "date" : "2014-03-31",
    "sales" : 324.16,
    "salesGrowthYoY" : -14.48,
    "grossProfitMargin" : 55.25,
    "grossProfit" : 179.10,
    "operatingProfitMargin" : 21.83,
    "operatingProfit" : 70.76,
    "netProfitMargin" : 1.22,
    "netProfit" : 3.95
  }, {
    "date" : "2014-06-30",
    "sales" : 301.31,
    "salesGrowthYoY" : -1.84,
    "grossProfitMargin" : 50.94,
    "grossProfit" : 153.49,
    "operatingProfitMargin" : 19.13,
    "operatingProfit" : 57.64,
    "netProfitMargin" : 0.66,
    "netProfit" : 1.99
  }, {
    "date" : "2014-09-30",
    "sales" : 348.03,
    "salesGrowthYoY" : 7.86,
    "grossProfitMargin" : 43.95,
    "grossProfit" : 152.96,
    "operatingProfitMargin" : 17.29,
    "operatingProfit" : 60.17,
    "netProfitMargin" : 0.76,
    "netProfit" : 2.65
  }, {
    "date" : "2014-12-31",
    "sales" : 292.26,
    "salesGrowthYoY" : -19.72,
    "grossProfitMargin" : 50.57,
    "grossProfit" : 147.80,
    "operatingProfitMargin" : 14.24,
    "operatingProfit" : 41.62,
    "netProfitMargin" : -1.28,
    "netProfit" : -3.74
  }, {
    "date" : "2015-03-31",
    "sales" : 403.19,
    "salesGrowthYoY" : 24.38,
    "grossProfitMargin" : 44.76,
    "grossProfit" : 180.47,
    "operatingProfitMargin" : 20.26,
    "operatingProfit" : 81.69,
    "netProfitMargin" : 3.26,
    "netProfit" : 13.14
  }, {
    "date" : "2015-06-30",
    "sales" : 340.01,
    "salesGrowthYoY" : 12.84,
    "grossProfitMargin" : 43.55,
    "grossProfit" : 148.07,
    "operatingProfitMargin" : 13.78,
    "operatingProfit" : 46.85,
    "netProfitMargin" : 1.86,
    "netProfit" : 6.32
  }, {
    "date" : "2015-09-30",
    "sales" : 340.12,
    "salesGrowthYoY" : -2.27,
    "grossProfitMargin" : 53.21,
    "grossProfit" : 180.98,
    "operatingProfitMargin" : 16.39,
    "operatingProfit" : 55.75,
    "netProfitMargin" : 1.94,
    "netProfit" : 6.60
  }, {
    "date" : "2015-12-31",
    "sales" : 335.35,
    "salesGrowthYoY" : 14.74,
    "grossProfitMargin" : 41.17,
    "grossProfit" : 138.06,
    "operatingProfitMargin" : 11.36,
    "operatingProfit" : 38.10,
    "netProfitMargin" : -0.84,
    "netProfit" : -2.82
  }, {
    "date" : "2016-03-31",
    "sales" : 203.86,
    "salesGrowthYoY" : -49.44,
    "grossProfitMargin" : 33.45,
    "grossProfit" : 68.19,
    "operatingProfitMargin" : -8.66,
    "operatingProfit" : -17.65,
    "netProfitMargin" : -19.49,
    "netProfit" : -39.73
  }, {
    "date" : "2016-06-30",
    "sales" : 250.46,
    "salesGrowthYoY" : -26.34,
    "grossProfitMargin" : 38.71,
    "grossProfit" : 96.95,
    "operatingProfitMargin" : -0.07,
    "operatingProfit" : -0.18,
    "netProfitMargin" : -12.12,
    "netProfit" : -30.36
  }, {
    "date" : "2016-09-30",
    "sales" : 381.57,
    "salesGrowthYoY" : 12.19,
    "grossProfitMargin" : 51.63,
    "grossProfit" : 197.00,
    "operatingProfitMargin" : 26.10,
    "operatingProfit" : 99.59,
    "netProfitMargin" : 11.09,
    "netProfit" : 42.32
  }, {
    "date" : "2016-12-31",
    "sales" : 452.12,
    "salesGrowthYoY" : 34.82,
    "grossProfitMargin" : 56.86,
    "grossProfit" : 257.08,
    "operatingProfitMargin" : 31.61,
    "operatingProfit" : 142.92,
    "netProfitMargin" : 14.13,
    "netProfit" : 63.88
  }, {
    "date" : "2017-03-31",
    "sales" : 588.20,
    "salesGrowthYoY" : 188.53,
    "grossProfitMargin" : 70.79,
    "grossProfit" : 416.39,
    "operatingProfitMargin" : 46.42,
    "operatingProfit" : 273.04,
    "netProfitMargin" : 29.58,
    "netProfit" : 173.99
  }, {
    "date" : "2017-06-30",
    "sales" : 422.65,
    "salesGrowthYoY" : 68.75,
    "grossProfitMargin" : 67.04,
    "grossProfit" : 283.34,
    "operatingProfitMargin" : 41.61,
    "operatingProfit" : 175.86,
    "netProfitMargin" : 23.64,
    "netProfit" : 99.91
  }, {
    "date" : "2017-09-30",
    "sales" : 416.03,
    "salesGrowthYoY" : 9.03,
    "grossProfitMargin" : 38.07,
    "grossProfit" : 158.38,
    "operatingProfitMargin" : 10.15,
    "operatingProfit" : 42.23,
    "netProfitMargin" : 1.77,
    "netProfit" : 7.36
  }, {
    "date" : "2017-12-31",
    "sales" : 483.65,
    "salesGrowthYoY" : 6.97,
    "grossProfitMargin" : 61.40,
    "grossProfit" : 296.96,
    "operatingProfitMargin" : 31.67,
    "operatingProfit" : 153.17,
    "netProfitMargin" : 15.45,
    "netProfit" : 74.72
  }, {
    "date" : "2018-03-31",
    "sales" : 443.27,
    "salesGrowthYoY" : -24.64,
    "grossProfitMargin" : 47.84,
    "grossProfit" : 212.06,
    "operatingProfitMargin" : 12.15,
    "operatingProfit" : 53.86,
    "netProfitMargin" : 1.04,
    "netProfit" : 4.61
  }, {
    "date" : "2018-06-30",
    "sales" : 412.53,
    "salesGrowthYoY" : -2.39,
    "grossProfitMargin" : 57.16,
    "grossProfit" : 235.80,
    "operatingProfitMargin" : 20.35,
    "operatingProfit" : 83.95,
    "netProfitMargin" : 6.97,
    "netProfit" : 28.75
  }, {
    "date" : "2018-09-30",
    "sales" : 394.77,
    "salesGrowthYoY" : -5.11,
    "grossProfitMargin" : 53.19,
    "grossProfit" : 209.98,
    "operatingProfitMargin" : 11.98,
    "operatingProfit" : 47.29,
    "netProfitMargin" : 3.49,
    "netProfit" : 13.78
  }, {
    "date" : "2018-12-31",
    "sales" : 392.42,
    "salesGrowthYoY" : -18.86,
    "grossProfitMargin" : 53.67,
    "grossProfit" : 210.61,
    "operatingProfitMargin" : 24.87,
    "operatingProfit" : 97.59,
    "netProfitMargin" : 9.44,
    "netProfit" : 37.04
  }, {
    "date" : "2019-03-31",
    "sales" : 434.06,
    "salesGrowthYoY" : -2.08,
    "grossProfitMargin" : 46.53,
    "grossProfit" : 201.97,
    "operatingProfitMargin" : 8.78,
    "operatingProfit" : 38.11,
    "netProfitMargin" : 2.60,
    "netProfit" : 11.29
  }, {
    "date" : "2019-06-30",
    "sales" : 445.93,
    "salesGrowthYoY" : 8.10,
    "grossProfitMargin" : 47.77,
    "grossProfit" : 213.02,
    "operatingProfitMargin" : 13.38,
    "operatingProfit" : 59.67,
    "netProfitMargin" : 2.49,
    "netProfit" : 11.10
  }, {
    "date" : "2019-09-30",
    "sales" : 389.47,
    "salesGrowthYoY" : -1.34,
    "grossProfitMargin" : 36.06,
    "grossProfit" : 140.44,
    "operatingProfitMargin" : -1.22,
    "operatingProfit" : -4.75,
    "netProfitMargin" : -8.49,
    "netProfit" : -33.07
  }, {
    "date" : "2019-12-31",
    "sales" : 397.50,
    "salesGrowthYoY" : 1.29,
    "grossProfitMargin" : 41.88,
    "grossProfit" : 166.47,
    "operatingProfitMargin" : 9.07,
    "operatingProfit" : 36.05,
    "netProfitMargin" : 1.09,
    "netProfit" : 4.33
  }, {
    "date" : "2020-03-31",
    "sales" : 379.04,
    "salesGrowthYoY" : -12.68,
    "grossProfitMargin" : 40.05,
    "grossProfit" : 151.81,
    "operatingProfitMargin" : -0.65,
    "operatingProfit" : -2.46,
    "netProfitMargin" : -13.76,
    "netProfit" : -52.16
  }, {
    "date" : "2020-06-30",
    "sales" : 405.08,
    "salesGrowthYoY" : -9.16,
    "grossProfitMargin" : 46.52,
    "grossProfit" : 188.44,
    "operatingProfitMargin" : 15.43,
    "operatingProfit" : 62.50,
    "netProfitMargin" : 5.93,
    "netProfit" : 24.02
  }, {
    "date" : "2020-09-30",
    "sales" : 437.58,
    "salesGrowthYoY" : 12.35,
    "grossProfitMargin" : 46.37,
    "grossProfit" : 202.91,
    "operatingProfitMargin" : 17.60,
    "operatingProfit" : 77.01,
    "netProfitMargin" : 10.24,
    "netProfit" : 44.81
  }, {
    "date" : "2020-12-31",
    "sales" : 425.46,
    "salesGrowthYoY" : 7.03,
    "grossProfitMargin" : 49.56,
    "grossProfit" : 210.86,
    "operatingProfitMargin" : 16.09,
    "operatingProfit" : 68.46,
    "netProfitMargin" : 7.55,
    "netProfit" : 32.12
  }, {
    "date" : "2021-03-31",
    "sales" : 576.11,
    "salesGrowthYoY" : 51.99,
    "grossProfitMargin" : 53.23,
    "grossProfit" : 306.66,
    "operatingProfitMargin" : 22.34,
    "operatingProfit" : 128.70,
    "netProfitMargin" : 11.30,
    "netProfit" : 65.10
  }, {
    "date" : "2021-06-30",
    "sales" : 537.86,
    "salesGrowthYoY" : 32.78,
    "grossProfitMargin" : 58.54,
    "grossProfit" : 314.86,
    "operatingProfitMargin" : 32.17,
    "operatingProfit" : 173.03,
    "netProfitMargin" : 18.33,
    "netProfit" : 98.59
  }, {
    "date" : "2021-09-30",
    "sales" : 653.16,
    "salesGrowthYoY" : 49.27,
    "grossProfitMargin" : 62.40,
    "grossProfit" : 407.57,
    "operatingProfitMargin" : 36.21,
    "operatingProfit" : 236.51,
    "netProfitMargin" : 22.19,
    "netProfit" : 144.94
  }, {
    "date" : "2021-12-31",
    "sales" : 655.22,
    "salesGrowthYoY" : 54.00,
    "grossProfitMargin" : 58.32,
    "grossProfit" : 382.12,
    "operatingProfitMargin" : 32.34,
    "operatingProfit" : 211.90,
    "netProfitMargin" : 18.58,
    "netProfit" : 121.74
  }, {
    "date" : "2022-03-31",
    "sales" : 756.71,
    "salesGrowthYoY" : 31.35,
    "grossProfitMargin" : 53.05,
    "grossProfit" : 401.43,
    "operatingProfitMargin" : 25.01,
    "operatingProfit" : 189.25,
    "netProfitMargin" : 18.85,
    "netProfit" : 142.64
  }, {
    "date" : "2022-06-30",
    "sales" : 743.42,
    "salesGrowthYoY" : 38.22,
    "grossProfitMargin" : 56.72,
    "grossProfit" : 421.67,
    "operatingProfitMargin" : 29.30,
    "operatingProfit" : 217.82,
    "netProfitMargin" : 18.00,
    "netProfit" : 133.82
  }, {
    "date" : "2022-09-30",
    "sales" : 672.45,
    "salesGrowthYoY" : 2.95,
    "grossProfitMargin" : 40.17,
    "grossProfit" : 270.12,
    "operatingProfitMargin" : 10.86,
    "operatingProfit" : 73.03,
    "netProfitMargin" : 2.65,
    "netProfit" : 17.82
  }, {
    "date" : "2022-12-31",
    "sales" : 623.62,
    "salesGrowthYoY" : -4.82,
    "grossProfitMargin" : 35.04,
    "grossProfit" : 218.52,
    "operatingProfitMargin" : 9.47,
    "operatingProfit" : 59.06,
    "netProfitMargin" : 1.62,
    "netProfit" : 10.10
  }, {
    "date" : "2023-03-31",
    "sales" : 636.90,
    "salesGrowthYoY" : -15.83,
    "grossProfitMargin" : 48.43,
    "grossProfit" : 308.45,
    "operatingProfitMargin" : 21.81,
    "operatingProfit" : 138.91,
    "netProfitMargin" : 10.62,
    "netProfit" : 67.64
  }, {
    "date" : "2023-06-30",
    "sales" : 701.73,
    "salesGrowthYoY" : -5.61,
    "grossProfitMargin" : 47.90,
    "grossProfit" : 336.13,
    "operatingProfitMargin" : 24.64,
    "operatingProfit" : 172.91,
    "netProfitMargin" : 15.68,
    "netProfit" : 110.03
  }, {
    "date" : "2023-09-30",
    "sales" : 692.61,
    "salesGrowthYoY" : 3.00,
    "grossProfitMargin" : 46.65,
    "grossProfit" : 323.10,
    "operatingProfitMargin" : 21.70,
    "operatingProfit" : 150.30,
    "netProfitMargin" : 12.99,
    "netProfit" : 89.97
  }, {
    "date" : "2023-12-31",
    "sales" : 685.27,
    "salesGrowthYoY" : 9.89,
    "grossProfitMargin" : 44.09,
    "grossProfit" : 302.14,
    "operatingProfitMargin" : 23.20,
    "operatingProfit" : 158.98,
    "netProfitMargin" : 15.74,
    "netProfit" : 107.86
  }, {
    "date" : "2024-03-31",
    "sales" : 700.56,
    "salesGrowthYoY" : 10.00,
    "grossProfitMargin" : 43.65,
    "grossProfit" : 305.79,
    "operatingProfitMargin" : 17.90,
    "operatingProfit" : 125.40,
    "netProfitMargin" : 7.98,
    "netProfit" : 55.90
  }, {
    "date" : "2024-06-30",
    "sales" : 662.28,
    "salesGrowthYoY" : -5.62,
    "grossProfitMargin" : 48.88,
    "grossProfit" : 323.72,
    "operatingProfitMargin" : 24.49,
    "operatingProfit" : 162.19,
    "netProfitMargin" : 17.74,
    "netProfit" : 117.49
  }, {
    "date" : "2024-09-30",
    "sales" : 691.92,
    "salesGrowthYoY" : -0.10,
    "grossProfitMargin" : 47.45,
    "grossProfit" : 328.32,
    "operatingProfitMargin" : 24.64,
    "operatingProfit" : 170.49,
    "netProfitMargin" : 18.17,
    "netProfit" : 125.72
  }, {
    "date" : "2024-12-31",
    "sales" : 643.22,
    "salesGrowthYoY" : -6.14,
    "grossProfitMargin" : 45.41,
    "grossProfit" : 292.09,
    "operatingProfitMargin" : 19.92,
    "operatingProfit" : 128.13,
    "netProfitMargin" : 14.48,
    "netProfit" : 93.14
  }, {
    "date" : "2025-03-31",
    "sales" : 567.15,
    "salesGrowthYoY" : -19.04,
    "grossProfitMargin" : 43.58,
    "grossProfit" : 247.16,
    "operatingProfitMargin" : 12.43,
    "operatingProfit" : 70.50,
    "netProfitMargin" : 8.30,
    "netProfit" : 47.07
  }, {
    "date" : "2025-06-30",
    "sales" : 641.54,
    "salesGrowthYoY" : -3.13,
    "grossProfitMargin" : 44.18,
    "grossProfit" : 283.43,
    "operatingProfitMargin" : 19.56,
    "operatingProfit" : 125.49,
    "netProfitMargin" : 14.26,
    "netProfit" : 91.48
  }, {
    "date" : "2025-09-30",
    "sales" : 718.65,
    "salesGrowthYoY" : 3.86,
    "grossProfitMargin" : 44.68,
    "grossProfit" : 321.09,
    "operatingProfitMargin" : 19.25,
    "operatingProfit" : 138.34,
    "netProfitMargin" : 13.74,
    "netProfit" : 98.74
  }, {
    "date" : "2025-12-31",
    "sales" : 702.83,
    "salesGrowthYoY" : 9.27,
    "grossProfitMargin" : 50.32,
    "grossProfit" : 353.66,
    "operatingProfitMargin" : 23.38,
    "operatingProfit" : 164.32,
    "netProfitMargin" : 18.59,
    "netProfit" : 130.66
  } ],
  "latestQuarterlyResult" : {
    "date" : "2025-12-31",
    "sales" : 702.83,
    "salesGrowthYoY" : 9.27,
    "grossProfitMargin" : 50.32,
    "grossProfit" : 353.66,
    "operatingProfitMargin" : 23.38,
    "operatingProfit" : 164.32,
    "netProfitMargin" : 18.59,
    "netProfit" : 130.66
  },
  "companyScore" : {
    "priceHigherThanDma50" : 0.00,
    "priceHigherThanDma100" : 0.00,
    "priceHigherThanDma200" : 5.00,
    "dma50HigherThanDma100" : 5.00,
    "dma50HigherThanDma200" : 5.00,
    "dma100HigherThanDma200" : 5.00,
    "pricePercentageAboveDma50" : 5.13,
    "pricePercentageAboveDma100" : 5.04,
    "pricePercentageAboveDma200" : 4.24,
    "weeklyVolumeHigherThanYearlyVolume" : 0.00,
    "salesGrowthPercentile" : 10.89,
    "operatingProfitMarginPercentile" : 12.05,
    "netProfitMarginPercentile" : 8.92,
    "totalTechnicalScore" : 34.41,
    "totalFundamentalScore" : 31.85,
    "totalScore" : 66.26
  }
}