{
  "metadata" : {
    "screenerCompanyId" : "1428",
    "companyCode" : "INDNIPPON",
    "companyName" : "India Nipp.Elec.",
    "screenerCompanyLink" : "https://www.screener.in/company/INDNIPPON/consolidated/",
    "screenerTechnicalHistoryLink" : "https://www.screener.in/api/company/1428/chart/?q=Price-DMA50-DMA200-Volume&days=365",
    "screenerQuarterlyResultsLink" : "https://www.screener.in/api/company/1428/chart/?q=GPM-OPM-NPM-Quarter+Sales&days=10000",
    "attributes" : {
      "companyCode" : "INDNIPPON",
      "companyName" : "India Nipp.Elec.",
      "marketCap" : 1939.00,
      "peRatio" : 19.70,
      "description" : "India Nippon Electricals is a manufacturer of Ignition Systems for two-wheelers, three-wheelers, and portable engines [1] It was incorporated in 1984 and was converted into a joint venture in 1986 between Lucas Indian Service Ltd, a wholly-owned subsidiary of Lucas-TVS Ltd and MAHLE Electric Drives Japan Corporation(Japan) – a company of MAHLE Group [2]"
    },
    "companyScore" : {
      "priceHigherThanDma50" : 5.00,
      "priceHigherThanDma100" : 0.00,
      "priceHigherThanDma200" : 5.00,
      "dma50HigherThanDma100" : 0.00,
      "dma50HigherThanDma200" : 0.00,
      "dma100HigherThanDma200" : 5.00,
      "pricePercentageAboveDma50" : 4.67,
      "pricePercentageAboveDma100" : 5.02,
      "pricePercentageAboveDma200" : 4.68,
      "weeklyVolumeHigherThanYearlyVolume" : 5.00,
      "salesGrowthPercentile" : 17.00,
      "operatingProfitMarginPercentile" : 17.23,
      "netProfitMarginPercentile" : 7.68,
      "totalTechnicalScore" : 34.37,
      "totalFundamentalScore" : 41.92,
      "totalScore" : 76.29
    }
  },
  "attributes" : {
    "companyCode" : "INDNIPPON",
    "companyName" : "India Nipp.Elec.",
    "marketCap" : 1939.00,
    "peRatio" : 19.70,
    "description" : "India Nippon Electricals is a manufacturer of Ignition Systems for two-wheelers, three-wheelers, and portable engines [1] It was incorporated in 1984 and was converted into a joint venture in 1986 between Lucas Indian Service Ltd, a wholly-owned subsidiary of Lucas-TVS Ltd and MAHLE Electric Drives Japan Corporation(Japan) – a company of MAHLE Group [2]"
  },
  "technicalHistory" : [ {
    "date" : "2025-02-24",
    "price" : 604.45,
    "dma50" : 645.45,
    "dma100" : null,
    "dma200" : 682.70,
    "volume" : 18632.00
  }, {
    "date" : "2025-02-25",
    "price" : 594.60,
    "dma50" : 643.46,
    "dma100" : null,
    "dma200" : 681.82,
    "volume" : 17302.00
  }, {
    "date" : "2025-02-27",
    "price" : 584.45,
    "dma50" : 641.14,
    "dma100" : null,
    "dma200" : 680.85,
    "volume" : 7184.00
  }, {
    "date" : "2025-02-28",
    "price" : 560.55,
    "dma50" : 637.98,
    "dma100" : null,
    "dma200" : 679.65,
    "volume" : 27526.00
  }, {
    "date" : "2025-03-03",
    "price" : 563.60,
    "dma50" : 635.07,
    "dma100" : null,
    "dma200" : 678.50,
    "volume" : 14532.00
  }, {
    "date" : "2025-03-04",
    "price" : 568.70,
    "dma50" : 632.46,
    "dma100" : null,
    "dma200" : 677.41,
    "volume" : 12700.00
  }, {
    "date" : "2025-03-05",
    "price" : 570.70,
    "dma50" : 630.04,
    "dma100" : null,
    "dma200" : 676.35,
    "volume" : 16465.00
  }, {
    "date" : "2025-03-06",
    "price" : 575.80,
    "dma50" : 627.91,
    "dma100" : null,
    "dma200" : 675.35,
    "volume" : 7204.00
  }, {
    "date" : "2025-03-07",
    "price" : 582.65,
    "dma50" : 626.14,
    "dma100" : null,
    "dma200" : 674.42,
    "volume" : 7908.00
  }, {
    "date" : "2025-03-10",
    "price" : 579.25,
    "dma50" : 624.30,
    "dma100" : null,
    "dma200" : 673.48,
    "volume" : 7668.00
  }, {
    "date" : "2025-03-11",
    "price" : 570.80,
    "dma50" : 622.20,
    "dma100" : null,
    "dma200" : 672.45,
    "volume" : 18403.00
  }, {
    "date" : "2025-03-12",
    "price" : 558.45,
    "dma50" : 619.70,
    "dma100" : null,
    "dma200" : 671.32,
    "volume" : 18308.00
  }, {
    "date" : "2025-03-13",
    "price" : 562.80,
    "dma50" : 617.47,
    "dma100" : null,
    "dma200" : 670.24,
    "volume" : 10578.00
  }, {
    "date" : "2025-03-17",
    "price" : 552.05,
    "dma50" : 614.90,
    "dma100" : null,
    "dma200" : 669.06,
    "volume" : 26218.00
  }, {
    "date" : "2025-03-18",
    "price" : 558.85,
    "dma50" : 612.71,
    "dma100" : null,
    "dma200" : 667.97,
    "volume" : 15647.00
  }, {
    "date" : "2025-03-19",
    "price" : 572.75,
    "dma50" : 611.14,
    "dma100" : null,
    "dma200" : 667.02,
    "volume" : 23584.00
  }, {
    "date" : "2025-03-20",
    "price" : 576.40,
    "dma50" : 609.78,
    "dma100" : null,
    "dma200" : 666.12,
    "volume" : 13986.00
  }, {
    "date" : "2025-03-21",
    "price" : 594.00,
    "dma50" : 609.16,
    "dma100" : null,
    "dma200" : 665.40,
    "volume" : 20427.00
  }, {
    "date" : "2025-03-24",
    "price" : 636.55,
    "dma50" : 610.23,
    "dma100" : null,
    "dma200" : 665.11,
    "volume" : 60196.00
  }, {
    "date" : "2025-03-25",
    "price" : 641.95,
    "dma50" : 611.48,
    "dma100" : null,
    "dma200" : 664.88,
    "volume" : 24441.00
  }, {
    "date" : "2025-03-26",
    "price" : 616.05,
    "dma50" : 611.66,
    "dma100" : null,
    "dma200" : 664.40,
    "volume" : 15820.00
  }, {
    "date" : "2025-03-27",
    "price" : 615.25,
    "dma50" : 611.80,
    "dma100" : null,
    "dma200" : 663.91,
    "volume" : 11236.00
  }, {
    "date" : "2025-03-28",
    "price" : 600.60,
    "dma50" : 611.36,
    "dma100" : null,
    "dma200" : 663.28,
    "volume" : 18637.00
  }, {
    "date" : "2025-04-01",
    "price" : 599.40,
    "dma50" : 610.89,
    "dma100" : null,
    "dma200" : 662.64,
    "volume" : 9414.00
  }, {
    "date" : "2025-04-02",
    "price" : 601.15,
    "dma50" : 610.51,
    "dma100" : null,
    "dma200" : 662.03,
    "volume" : 9025.00
  }, {
    "date" : "2025-04-03",
    "price" : 601.15,
    "dma50" : 610.14,
    "dma100" : null,
    "dma200" : 661.43,
    "volume" : 7258.00
  }, {
    "date" : "2025-04-04",
    "price" : 592.65,
    "dma50" : 609.45,
    "dma100" : null,
    "dma200" : 660.74,
    "volume" : 8724.00
  }, {
    "date" : "2025-04-07",
    "price" : 582.50,
    "dma50" : 608.40,
    "dma100" : null,
    "dma200" : 659.96,
    "volume" : 17238.00
  }, {
    "date" : "2025-04-08",
    "price" : 602.10,
    "dma50" : 608.15,
    "dma100" : null,
    "dma200" : 659.39,
    "volume" : 20509.00
  }, {
    "date" : "2025-04-09",
    "price" : 601.00,
    "dma50" : 607.87,
    "dma100" : null,
    "dma200" : 658.81,
    "volume" : 10577.00
  }, {
    "date" : "2025-04-11",
    "price" : 593.70,
    "dma50" : 607.31,
    "dma100" : null,
    "dma200" : 658.16,
    "volume" : 21294.00
  }, {
    "date" : "2025-04-15",
    "price" : 602.60,
    "dma50" : 607.13,
    "dma100" : null,
    "dma200" : 657.60,
    "volume" : 29506.00
  }, {
    "date" : "2025-04-16",
    "price" : 609.90,
    "dma50" : 607.24,
    "dma100" : null,
    "dma200" : 657.13,
    "volume" : 12123.00
  }, {
    "date" : "2025-04-17",
    "price" : 618.30,
    "dma50" : 607.67,
    "dma100" : null,
    "dma200" : 656.74,
    "volume" : 11493.00
  }, {
    "date" : "2025-04-21",
    "price" : 624.40,
    "dma50" : 608.33,
    "dma100" : null,
    "dma200" : 656.42,
    "volume" : 20265.00
  }, {
    "date" : "2025-04-22",
    "price" : 622.85,
    "dma50" : 608.90,
    "dma100" : null,
    "dma200" : 656.09,
    "volume" : 6482.00
  }, {
    "date" : "2025-04-23",
    "price" : 636.70,
    "dma50" : 609.99,
    "dma100" : null,
    "dma200" : 655.90,
    "volume" : 18071.00
  }, {
    "date" : "2025-04-24",
    "price" : 598.40,
    "dma50" : 609.53,
    "dma100" : null,
    "dma200" : 655.32,
    "volume" : 48928.00
  }, {
    "date" : "2025-04-25",
    "price" : 594.35,
    "dma50" : 608.94,
    "dma100" : null,
    "dma200" : 654.72,
    "volume" : 21389.00
  }, {
    "date" : "2025-04-28",
    "price" : 606.20,
    "dma50" : 608.83,
    "dma100" : null,
    "dma200" : 654.23,
    "volume" : 21260.00
  }, {
    "date" : "2025-04-29",
    "price" : 599.90,
    "dma50" : 608.48,
    "dma100" : null,
    "dma200" : 653.69,
    "volume" : 12031.00
  }, {
    "date" : "2025-04-30",
    "price" : 595.85,
    "dma50" : 607.98,
    "dma100" : null,
    "dma200" : 653.12,
    "volume" : 8905.00
  }, {
    "date" : "2025-05-02",
    "price" : 596.70,
    "dma50" : 607.54,
    "dma100" : null,
    "dma200" : 652.56,
    "volume" : 7756.00
  }, {
    "date" : "2025-05-05",
    "price" : 598.95,
    "dma50" : 607.21,
    "dma100" : null,
    "dma200" : 652.02,
    "volume" : 9483.00
  }, {
    "date" : "2025-05-06",
    "price" : 587.70,
    "dma50" : 606.44,
    "dma100" : null,
    "dma200" : 651.38,
    "volume" : 6912.00
  }, {
    "date" : "2025-05-07",
    "price" : 599.80,
    "dma50" : 606.18,
    "dma100" : null,
    "dma200" : 650.87,
    "volume" : 8767.00
  }, {
    "date" : "2025-05-08",
    "price" : 586.25,
    "dma50" : 605.40,
    "dma100" : null,
    "dma200" : 650.23,
    "volume" : 11855.00
  }, {
    "date" : "2025-05-09",
    "price" : 586.75,
    "dma50" : 604.67,
    "dma100" : null,
    "dma200" : 649.59,
    "volume" : 5599.00
  }, {
    "date" : "2025-05-12",
    "price" : 607.70,
    "dma50" : 604.79,
    "dma100" : null,
    "dma200" : 649.18,
    "volume" : 9347.00
  }, {
    "date" : "2025-05-13",
    "price" : 610.15,
    "dma50" : 605.00,
    "dma100" : null,
    "dma200" : 648.79,
    "volume" : 9099.00
  }, {
    "date" : "2025-05-14",
    "price" : 616.10,
    "dma50" : 605.43,
    "dma100" : null,
    "dma200" : 648.46,
    "volume" : 8099.00
  }, {
    "date" : "2025-05-15",
    "price" : 627.80,
    "dma50" : 606.31,
    "dma100" : null,
    "dma200" : 648.26,
    "volume" : 10274.00
  }, {
    "date" : "2025-05-16",
    "price" : 661.30,
    "dma50" : 608.47,
    "dma100" : null,
    "dma200" : 648.39,
    "volume" : 33887.00
  }, {
    "date" : "2025-05-19",
    "price" : 677.65,
    "dma50" : 611.18,
    "dma100" : null,
    "dma200" : 648.68,
    "volume" : 31728.00
  }, {
    "date" : "2025-05-20",
    "price" : 690.15,
    "dma50" : 614.28,
    "dma100" : null,
    "dma200" : 649.09,
    "volume" : 41195.00
  }, {
    "date" : "2025-05-21",
    "price" : 680.80,
    "dma50" : 616.88,
    "dma100" : null,
    "dma200" : 649.41,
    "volume" : 10725.00
  }, {
    "date" : "2025-05-22",
    "price" : 695.50,
    "dma50" : 619.97,
    "dma100" : null,
    "dma200" : 649.87,
    "volume" : 15396.00
  }, {
    "date" : "2025-05-23",
    "price" : 690.95,
    "dma50" : 622.75,
    "dma100" : null,
    "dma200" : 650.28,
    "volume" : 12066.00
  }, {
    "date" : "2025-05-26",
    "price" : 693.15,
    "dma50" : 625.51,
    "dma100" : null,
    "dma200" : 650.70,
    "volume" : 13013.00
  }, {
    "date" : "2025-05-27",
    "price" : 704.55,
    "dma50" : 628.61,
    "dma100" : null,
    "dma200" : 651.24,
    "volume" : 13751.00
  }, {
    "date" : "2025-05-28",
    "price" : 701.40,
    "dma50" : 631.47,
    "dma100" : null,
    "dma200" : 651.74,
    "volume" : 6425.00
  }, {
    "date" : "2025-05-29",
    "price" : 691.95,
    "dma50" : 633.84,
    "dma100" : null,
    "dma200" : 652.14,
    "volume" : 6872.00
  }, {
    "date" : "2025-05-30",
    "price" : 716.25,
    "dma50" : 637.07,
    "dma100" : null,
    "dma200" : 652.77,
    "volume" : 107803.00
  }, {
    "date" : "2025-06-02",
    "price" : 717.15,
    "dma50" : 640.21,
    "dma100" : null,
    "dma200" : 653.42,
    "volume" : 64775.00
  }, {
    "date" : "2025-06-03",
    "price" : 705.90,
    "dma50" : 642.79,
    "dma100" : null,
    "dma200" : 653.94,
    "volume" : 22326.00
  }, {
    "date" : "2025-06-04",
    "price" : 699.45,
    "dma50" : 645.01,
    "dma100" : null,
    "dma200" : 654.39,
    "volume" : 12415.00
  }, {
    "date" : "2025-06-05",
    "price" : 690.95,
    "dma50" : 646.81,
    "dma100" : null,
    "dma200" : 654.75,
    "volume" : 13803.00
  }, {
    "date" : "2025-06-06",
    "price" : 688.35,
    "dma50" : 648.44,
    "dma100" : null,
    "dma200" : 655.09,
    "volume" : 11617.00
  }, {
    "date" : "2025-06-09",
    "price" : 706.70,
    "dma50" : 650.72,
    "dma100" : null,
    "dma200" : 655.60,
    "volume" : 42772.00
  }, {
    "date" : "2025-06-10",
    "price" : 710.30,
    "dma50" : 653.06,
    "dma100" : null,
    "dma200" : 656.15,
    "volume" : 45359.00
  }, {
    "date" : "2025-06-11",
    "price" : 713.75,
    "dma50" : 655.44,
    "dma100" : null,
    "dma200" : 656.72,
    "volume" : 98582.00
  }, {
    "date" : "2025-06-12",
    "price" : 721.90,
    "dma50" : 658.05,
    "dma100" : null,
    "dma200" : 657.37,
    "volume" : 33748.00
  }, {
    "date" : "2025-06-13",
    "price" : 725.60,
    "dma50" : 660.70,
    "dma100" : null,
    "dma200" : 658.05,
    "volume" : 49902.00
  }, {
    "date" : "2025-06-16",
    "price" : 726.40,
    "dma50" : 663.27,
    "dma100" : null,
    "dma200" : 658.73,
    "volume" : 53835.00
  }, {
    "date" : "2025-06-17",
    "price" : 722.95,
    "dma50" : 665.61,
    "dma100" : null,
    "dma200" : 659.37,
    "volume" : 40394.00
  }, {
    "date" : "2025-06-18",
    "price" : 717.45,
    "dma50" : 667.65,
    "dma100" : null,
    "dma200" : 659.94,
    "volume" : 19945.00
  }, {
    "date" : "2025-06-19",
    "price" : 708.95,
    "dma50" : 669.26,
    "dma100" : null,
    "dma200" : 660.43,
    "volume" : 18953.00
  }, {
    "date" : "2025-06-20",
    "price" : 707.50,
    "dma50" : 670.76,
    "dma100" : null,
    "dma200" : 660.90,
    "volume" : 16171.00
  }, {
    "date" : "2025-06-23",
    "price" : 718.40,
    "dma50" : 672.63,
    "dma100" : null,
    "dma200" : 661.47,
    "volume" : 50669.00
  }, {
    "date" : "2025-06-24",
    "price" : 731.15,
    "dma50" : 674.93,
    "dma100" : null,
    "dma200" : 662.17,
    "volume" : 64573.00
  }, {
    "date" : "2025-06-25",
    "price" : 727.25,
    "dma50" : 676.98,
    "dma100" : null,
    "dma200" : 662.81,
    "volume" : 18581.00
  }, {
    "date" : "2025-06-26",
    "price" : 730.05,
    "dma50" : 679.06,
    "dma100" : null,
    "dma200" : 663.48,
    "volume" : 19668.00
  }, {
    "date" : "2025-06-27",
    "price" : 731.10,
    "dma50" : 681.10,
    "dma100" : null,
    "dma200" : 664.15,
    "volume" : 18782.00
  }, {
    "date" : "2025-06-30",
    "price" : 738.55,
    "dma50" : 683.35,
    "dma100" : null,
    "dma200" : 664.90,
    "volume" : 63870.00
  }, {
    "date" : "2025-07-01",
    "price" : 759.60,
    "dma50" : 686.34,
    "dma100" : null,
    "dma200" : 665.84,
    "volume" : 105955.00
  }, {
    "date" : "2025-07-02",
    "price" : 768.50,
    "dma50" : 689.57,
    "dma100" : null,
    "dma200" : 666.86,
    "volume" : 57050.00
  }, {
    "date" : "2025-07-03",
    "price" : 760.95,
    "dma50" : 692.37,
    "dma100" : null,
    "dma200" : 667.80,
    "volume" : 51650.00
  }, {
    "date" : "2025-07-04",
    "price" : 767.10,
    "dma50" : 695.30,
    "dma100" : null,
    "dma200" : 668.78,
    "volume" : 96192.00
  }, {
    "date" : "2025-07-07",
    "price" : 766.20,
    "dma50" : 698.08,
    "dma100" : null,
    "dma200" : 669.75,
    "volume" : 28573.00
  }, {
    "date" : "2025-07-08",
    "price" : 763.35,
    "dma50" : 700.64,
    "dma100" : null,
    "dma200" : 670.68,
    "volume" : 19797.00
  }, {
    "date" : "2025-07-09",
    "price" : 776.05,
    "dma50" : 703.59,
    "dma100" : null,
    "dma200" : 671.73,
    "volume" : 28813.00
  }, {
    "date" : "2025-07-10",
    "price" : 772.10,
    "dma50" : 706.28,
    "dma100" : null,
    "dma200" : 672.73,
    "volume" : 26344.00
  }, {
    "date" : "2025-07-11",
    "price" : 780.20,
    "dma50" : 709.18,
    "dma100" : null,
    "dma200" : 673.80,
    "volume" : 52195.00
  }, {
    "date" : "2025-07-14",
    "price" : 788.35,
    "dma50" : 712.28,
    "dma100" : null,
    "dma200" : 674.94,
    "volume" : 55125.00
  }, {
    "date" : "2025-07-15",
    "price" : 779.65,
    "dma50" : 714.93,
    "dma100" : null,
    "dma200" : 675.98,
    "volume" : 28244.00
  }, {
    "date" : "2025-07-16",
    "price" : 774.40,
    "dma50" : 717.26,
    "dma100" : null,
    "dma200" : 676.96,
    "volume" : 15602.00
  }, {
    "date" : "2025-07-17",
    "price" : 781.15,
    "dma50" : 719.76,
    "dma100" : null,
    "dma200" : 678.00,
    "volume" : 15867.00
  }, {
    "date" : "2025-07-18",
    "price" : 778.30,
    "dma50" : 722.06,
    "dma100" : null,
    "dma200" : 679.00,
    "volume" : 24991.00
  }, {
    "date" : "2025-07-21",
    "price" : 779.40,
    "dma50" : 724.31,
    "dma100" : null,
    "dma200" : 680.00,
    "volume" : 19832.00
  }, {
    "date" : "2025-07-22",
    "price" : 805.50,
    "dma50" : 727.49,
    "dma100" : null,
    "dma200" : 681.24,
    "volume" : 66386.00
  }, {
    "date" : "2025-07-23",
    "price" : 798.70,
    "dma50" : 730.28,
    "dma100" : 661.81,
    "dma200" : 682.41,
    "volume" : 39009.00
  }, {
    "date" : "2025-07-24",
    "price" : 788.05,
    "dma50" : 732.55,
    "dma100" : 663.74,
    "dma200" : 683.46,
    "volume" : 28192.00
  }, {
    "date" : "2025-07-25",
    "price" : 773.30,
    "dma50" : 734.15,
    "dma100" : 665.63,
    "dma200" : 684.36,
    "volume" : 31177.00
  }, {
    "date" : "2025-07-28",
    "price" : 759.70,
    "dma50" : 735.15,
    "dma100" : 667.62,
    "dma200" : 685.11,
    "volume" : 22966.00
  }, {
    "date" : "2025-07-29",
    "price" : 772.40,
    "dma50" : 736.61,
    "dma100" : 669.71,
    "dma200" : 685.98,
    "volume" : 11399.00
  }, {
    "date" : "2025-07-30",
    "price" : 768.95,
    "dma50" : 737.88,
    "dma100" : 671.71,
    "dma200" : 686.80,
    "volume" : 10395.00
  }, {
    "date" : "2025-07-31",
    "price" : 761.95,
    "dma50" : 738.82,
    "dma100" : 673.62,
    "dma200" : 687.55,
    "volume" : 11434.00
  }, {
    "date" : "2025-08-01",
    "price" : 783.65,
    "dma50" : 740.58,
    "dma100" : 675.70,
    "dma200" : 688.51,
    "volume" : 27884.00
  }, {
    "date" : "2025-08-04",
    "price" : 801.90,
    "dma50" : 742.99,
    "dma100" : 677.90,
    "dma200" : 689.63,
    "volume" : 48048.00
  }, {
    "date" : "2025-08-05",
    "price" : 809.00,
    "dma50" : 745.57,
    "dma100" : 680.19,
    "dma200" : 690.82,
    "volume" : 44884.00
  }, {
    "date" : "2025-08-06",
    "price" : 806.80,
    "dma50" : 747.98,
    "dma100" : 682.55,
    "dma200" : 691.98,
    "volume" : 30426.00
  }, {
    "date" : "2025-08-07",
    "price" : 795.60,
    "dma50" : 749.84,
    "dma100" : 684.92,
    "dma200" : 693.01,
    "volume" : 13447.00
  }, {
    "date" : "2025-08-08",
    "price" : 791.85,
    "dma50" : 751.49,
    "dma100" : 687.22,
    "dma200" : 693.99,
    "volume" : 23540.00
  }, {
    "date" : "2025-08-11",
    "price" : 801.25,
    "dma50" : 753.44,
    "dma100" : 689.71,
    "dma200" : 695.06,
    "volume" : 25311.00
  }, {
    "date" : "2025-08-12",
    "price" : 807.25,
    "dma50" : 755.55,
    "dma100" : 692.19,
    "dma200" : 696.17,
    "volume" : 14848.00
  }, {
    "date" : "2025-08-13",
    "price" : 805.75,
    "dma50" : 757.52,
    "dma100" : 694.52,
    "dma200" : 697.26,
    "volume" : 39322.00
  }, {
    "date" : "2025-08-14",
    "price" : 805.50,
    "dma50" : 759.40,
    "dma100" : 696.81,
    "dma200" : 698.34,
    "volume" : 180842.00
  }, {
    "date" : "2025-08-18",
    "price" : 821.75,
    "dma50" : 761.85,
    "dma100" : 699.09,
    "dma200" : 699.57,
    "volume" : 41363.00
  }, {
    "date" : "2025-08-19",
    "price" : 802.65,
    "dma50" : 763.45,
    "dma100" : 700.75,
    "dma200" : 700.59,
    "volume" : 30397.00
  }, {
    "date" : "2025-08-20",
    "price" : 803.80,
    "dma50" : 765.03,
    "dma100" : 702.37,
    "dma200" : 701.62,
    "volume" : 17964.00
  }, {
    "date" : "2025-08-21",
    "price" : 783.10,
    "dma50" : 765.74,
    "dma100" : 704.04,
    "dma200" : 702.43,
    "volume" : 24076.00
  }, {
    "date" : "2025-08-22",
    "price" : 802.10,
    "dma50" : 767.16,
    "dma100" : 705.91,
    "dma200" : 703.42,
    "volume" : 21394.00
  }, {
    "date" : "2025-08-25",
    "price" : 798.85,
    "dma50" : 768.41,
    "dma100" : 707.89,
    "dma200" : 704.37,
    "volume" : 14372.00
  }, {
    "date" : "2025-08-26",
    "price" : 782.75,
    "dma50" : 768.97,
    "dma100" : 709.72,
    "dma200" : 705.15,
    "volume" : 15063.00
  }, {
    "date" : "2025-08-28",
    "price" : 772.45,
    "dma50" : 769.11,
    "dma100" : 711.44,
    "dma200" : 705.82,
    "volume" : 9428.00
  }, {
    "date" : "2025-08-29",
    "price" : 800.25,
    "dma50" : 770.33,
    "dma100" : 713.43,
    "dma200" : 706.76,
    "volume" : 24995.00
  }, {
    "date" : "2025-09-01",
    "price" : 795.75,
    "dma50" : 771.32,
    "dma100" : 715.46,
    "dma200" : 707.65,
    "volume" : 27646.00
  }, {
    "date" : "2025-09-02",
    "price" : 829.65,
    "dma50" : 773.61,
    "dma100" : 717.93,
    "dma200" : 708.86,
    "volume" : 94575.00
  }, {
    "date" : "2025-09-03",
    "price" : 846.05,
    "dma50" : 776.45,
    "dma100" : 720.37,
    "dma200" : 710.23,
    "volume" : 62382.00
  }, {
    "date" : "2025-09-04",
    "price" : 859.55,
    "dma50" : 779.71,
    "dma100" : 722.96,
    "dma200" : 711.71,
    "volume" : 64427.00
  }, {
    "date" : "2025-09-05",
    "price" : 882.40,
    "dma50" : 783.74,
    "dma100" : 725.84,
    "dma200" : 713.41,
    "volume" : 166306.00
  }, {
    "date" : "2025-09-08",
    "price" : 905.00,
    "dma50" : 788.49,
    "dma100" : 728.87,
    "dma200" : 715.32,
    "volume" : 141879.00
  }, {
    "date" : "2025-09-09",
    "price" : 929.85,
    "dma50" : 794.04,
    "dma100" : 732.07,
    "dma200" : 717.45,
    "volume" : 111778.00
  }, {
    "date" : "2025-09-10",
    "price" : 907.35,
    "dma50" : 798.48,
    "dma100" : 734.96,
    "dma200" : 719.34,
    "volume" : 41119.00
  }, {
    "date" : "2025-09-11",
    "price" : 939.55,
    "dma50" : 804.01,
    "dma100" : 738.11,
    "dma200" : 721.53,
    "volume" : 112579.00
  }, {
    "date" : "2025-09-12",
    "price" : 943.50,
    "dma50" : 809.48,
    "dma100" : 741.32,
    "dma200" : 723.74,
    "volume" : 176029.00
  }, {
    "date" : "2025-09-15",
    "price" : 927.10,
    "dma50" : 814.09,
    "dma100" : 744.22,
    "dma200" : 725.77,
    "volume" : 30318.00
  }, {
    "date" : "2025-09-16",
    "price" : 979.40,
    "dma50" : 820.58,
    "dma100" : 748.03,
    "dma200" : 728.29,
    "volume" : 195440.00
  }, {
    "date" : "2025-09-17",
    "price" : 1001.70,
    "dma50" : 827.68,
    "dma100" : 752.10,
    "dma200" : 731.01,
    "volume" : 158012.00
  }, {
    "date" : "2025-09-18",
    "price" : 980.85,
    "dma50" : 833.69,
    "dma100" : 755.85,
    "dma200" : 733.50,
    "volume" : 54153.00
  }, {
    "date" : "2025-09-19",
    "price" : 989.75,
    "dma50" : 839.81,
    "dma100" : 759.75,
    "dma200" : 736.05,
    "volume" : 52915.00
  }, {
    "date" : "2025-09-22",
    "price" : 980.15,
    "dma50" : 845.31,
    "dma100" : 763.59,
    "dma200" : 738.47,
    "volume" : 35407.00
  }, {
    "date" : "2025-09-23",
    "price" : 1000.00,
    "dma50" : 851.38,
    "dma100" : 767.62,
    "dma200" : 741.08,
    "volume" : 45762.00
  }, {
    "date" : "2025-09-24",
    "price" : 967.60,
    "dma50" : 855.93,
    "dma100" : 771.31,
    "dma200" : 743.33,
    "volume" : 74758.00
  }, {
    "date" : "2025-09-25",
    "price" : 951.55,
    "dma50" : 859.68,
    "dma100" : 774.95,
    "dma200" : 745.40,
    "volume" : 41173.00
  }, {
    "date" : "2025-09-26",
    "price" : 935.80,
    "dma50" : 862.67,
    "dma100" : 778.31,
    "dma200" : 747.30,
    "volume" : 40126.00
  }, {
    "date" : "2025-09-29",
    "price" : 907.45,
    "dma50" : 864.43,
    "dma100" : 781.52,
    "dma200" : 748.89,
    "volume" : 33098.00
  }, {
    "date" : "2025-09-30",
    "price" : 902.40,
    "dma50" : 865.91,
    "dma100" : 784.68,
    "dma200" : 750.42,
    "volume" : 30787.00
  }, {
    "date" : "2025-10-01",
    "price" : 1003.85,
    "dma50" : 871.32,
    "dma100" : 788.64,
    "dma200" : 752.94,
    "volume" : 1087652.00
  }, {
    "date" : "2025-10-03",
    "price" : 1046.05,
    "dma50" : 878.18,
    "dma100" : 793.00,
    "dma200" : 755.86,
    "volume" : 180548.00
  }, {
    "date" : "2025-10-06",
    "price" : 1041.90,
    "dma50" : 884.60,
    "dma100" : 797.26,
    "dma200" : 758.70,
    "volume" : 82853.00
  }, {
    "date" : "2025-10-07",
    "price" : 1079.90,
    "dma50" : 892.26,
    "dma100" : 801.78,
    "dma200" : 761.90,
    "volume" : 121967.00
  }, {
    "date" : "2025-10-08",
    "price" : 1056.45,
    "dma50" : 898.69,
    "dma100" : 805.73,
    "dma200" : 764.83,
    "volume" : 107016.00
  }, {
    "date" : "2025-10-09",
    "price" : 982.00,
    "dma50" : 901.96,
    "dma100" : 808.77,
    "dma200" : 766.99,
    "volume" : 141000.00
  }, {
    "date" : "2025-10-10",
    "price" : 1001.40,
    "dma50" : 905.86,
    "dma100" : 811.88,
    "dma200" : 769.32,
    "volume" : 122276.00
  }, {
    "date" : "2025-10-13",
    "price" : 995.00,
    "dma50" : 909.36,
    "dma100" : 815.03,
    "dma200" : 771.57,
    "volume" : 28535.00
  }, {
    "date" : "2025-10-14",
    "price" : 970.30,
    "dma50" : 911.75,
    "dma100" : 817.77,
    "dma200" : 773.55,
    "volume" : 89025.00
  }, {
    "date" : "2025-10-15",
    "price" : 1001.75,
    "dma50" : 915.28,
    "dma100" : 820.88,
    "dma200" : 775.82,
    "volume" : 25246.00
  }, {
    "date" : "2025-10-16",
    "price" : 1009.10,
    "dma50" : 918.96,
    "dma100" : 824.04,
    "dma200" : 778.14,
    "volume" : 57664.00
  }, {
    "date" : "2025-10-17",
    "price" : 1002.75,
    "dma50" : 922.24,
    "dma100" : 827.02,
    "dma200" : 780.37,
    "volume" : 20994.00
  }, {
    "date" : "2025-10-20",
    "price" : 1034.05,
    "dma50" : 926.63,
    "dma100" : 830.35,
    "dma200" : 782.90,
    "volume" : 44129.00
  }, {
    "date" : "2025-10-21",
    "price" : 1019.65,
    "dma50" : 930.27,
    "dma100" : 833.63,
    "dma200" : 785.25,
    "volume" : 32527.00
  }, {
    "date" : "2025-10-23",
    "price" : 1001.40,
    "dma50" : 933.06,
    "dma100" : 836.48,
    "dma200" : 787.40,
    "volume" : 27948.00
  }, {
    "date" : "2025-10-24",
    "price" : 1021.60,
    "dma50" : 936.54,
    "dma100" : 839.52,
    "dma200" : 789.73,
    "volume" : 29900.00
  }, {
    "date" : "2025-10-27",
    "price" : 997.50,
    "dma50" : 938.93,
    "dma100" : 842.44,
    "dma200" : 791.80,
    "volume" : 22532.00
  }, {
    "date" : "2025-10-28",
    "price" : 992.65,
    "dma50" : 941.03,
    "dma100" : 845.37,
    "dma200" : 793.80,
    "volume" : 24924.00
  }, {
    "date" : "2025-10-29",
    "price" : 985.10,
    "dma50" : 942.76,
    "dma100" : 848.31,
    "dma200" : 795.70,
    "volume" : 16888.00
  }, {
    "date" : "2025-10-30",
    "price" : 975.65,
    "dma50" : 944.05,
    "dma100" : 851.19,
    "dma200" : 797.49,
    "volume" : 22624.00
  }, {
    "date" : "2025-10-31",
    "price" : 950.30,
    "dma50" : 944.30,
    "dma100" : 853.62,
    "dma200" : 799.01,
    "volume" : 51772.00
  }, {
    "date" : "2025-11-03",
    "price" : 989.65,
    "dma50" : 946.07,
    "dma100" : 856.42,
    "dma200" : 800.91,
    "volume" : 43808.00
  }, {
    "date" : "2025-11-04",
    "price" : 963.35,
    "dma50" : 946.75,
    "dma100" : 858.91,
    "dma200" : 802.53,
    "volume" : 20675.00
  }, {
    "date" : "2025-11-06",
    "price" : 932.90,
    "dma50" : 946.21,
    "dma100" : 861.02,
    "dma200" : 803.82,
    "volume" : 29912.00
  }, {
    "date" : "2025-11-07",
    "price" : 946.20,
    "dma50" : 946.21,
    "dma100" : 863.23,
    "dma200" : 805.24,
    "volume" : 27511.00
  }, {
    "date" : "2025-11-10",
    "price" : 975.95,
    "dma50" : 947.37,
    "dma100" : 865.72,
    "dma200" : 806.94,
    "volume" : 25149.00
  }, {
    "date" : "2025-11-11",
    "price" : 966.55,
    "dma50" : 948.13,
    "dma100" : 868.16,
    "dma200" : 808.53,
    "volume" : 18296.00
  }, {
    "date" : "2025-11-12",
    "price" : 979.45,
    "dma50" : 949.36,
    "dma100" : 870.78,
    "dma200" : 810.23,
    "volume" : 18218.00
  }, {
    "date" : "2025-11-13",
    "price" : 968.30,
    "dma50" : 950.10,
    "dma100" : 873.37,
    "dma200" : 811.80,
    "volume" : 12528.00
  }, {
    "date" : "2025-11-14",
    "price" : 925.75,
    "dma50" : 949.14,
    "dma100" : 875.55,
    "dma200" : 812.93,
    "volume" : 89687.00
  }, {
    "date" : "2025-11-17",
    "price" : 856.40,
    "dma50" : 945.51,
    "dma100" : 876.93,
    "dma200" : 813.37,
    "volume" : 202101.00
  }, {
    "date" : "2025-11-18",
    "price" : 865.70,
    "dma50" : 942.38,
    "dma100" : 878.28,
    "dma200" : 813.89,
    "volume" : 75525.00
  }, {
    "date" : "2025-11-19",
    "price" : 862.10,
    "dma50" : 939.23,
    "dma100" : 879.63,
    "dma200" : 814.37,
    "volume" : 22428.00
  }, {
    "date" : "2025-11-20",
    "price" : 851.10,
    "dma50" : 935.77,
    "dma100" : 880.84,
    "dma200" : 814.73,
    "volume" : 13870.00
  }, {
    "date" : "2025-11-21",
    "price" : 840.75,
    "dma50" : 932.05,
    "dma100" : 881.94,
    "dma200" : 814.99,
    "volume" : 18639.00
  }, {
    "date" : "2025-11-24",
    "price" : 830.40,
    "dma50" : 928.06,
    "dma100" : 882.85,
    "dma200" : 815.15,
    "volume" : 21277.00
  }, {
    "date" : "2025-11-25",
    "price" : 833.90,
    "dma50" : 924.37,
    "dma100" : 883.60,
    "dma200" : 815.33,
    "volume" : 21972.00
  }, {
    "date" : "2025-11-26",
    "price" : 855.10,
    "dma50" : 921.65,
    "dma100" : 884.46,
    "dma200" : 815.73,
    "volume" : 18464.00
  }, {
    "date" : "2025-11-27",
    "price" : 862.30,
    "dma50" : 919.32,
    "dma100" : 885.48,
    "dma200" : 816.19,
    "volume" : 21440.00
  }, {
    "date" : "2025-11-28",
    "price" : 856.95,
    "dma50" : 916.88,
    "dma100" : 886.38,
    "dma200" : 816.60,
    "volume" : 13354.00
  }, {
    "date" : "2025-12-01",
    "price" : 863.05,
    "dma50" : 914.77,
    "dma100" : 887.34,
    "dma200" : 817.06,
    "volume" : 13941.00
  }, {
    "date" : "2025-12-02",
    "price" : 847.60,
    "dma50" : 912.13,
    "dma100" : 888.19,
    "dma200" : 817.36,
    "volume" : 19748.00
  }, {
    "date" : "2025-12-03",
    "price" : 836.15,
    "dma50" : 909.15,
    "dma100" : 888.79,
    "dma200" : 817.55,
    "volume" : 17116.00
  }, {
    "date" : "2025-12-04",
    "price" : 835.10,
    "dma50" : 906.25,
    "dma100" : 889.42,
    "dma200" : 817.72,
    "volume" : 9155.00
  }, {
    "date" : "2025-12-05",
    "price" : 814.15,
    "dma50" : 902.64,
    "dma100" : 889.76,
    "dma200" : 817.69,
    "volume" : 24421.00
  }, {
    "date" : "2025-12-08",
    "price" : 786.45,
    "dma50" : 898.08,
    "dma100" : 889.74,
    "dma200" : 817.38,
    "volume" : 20983.00
  }, {
    "date" : "2025-12-09",
    "price" : 800.00,
    "dma50" : 894.23,
    "dma100" : 889.94,
    "dma200" : 817.20,
    "volume" : 21328.00
  }, {
    "date" : "2025-12-10",
    "price" : 801.30,
    "dma50" : 890.59,
    "dma100" : 890.21,
    "dma200" : 817.05,
    "volume" : 15330.00
  }, {
    "date" : "2025-12-11",
    "price" : 805.75,
    "dma50" : 887.26,
    "dma100" : 890.46,
    "dma200" : 816.93,
    "volume" : 10825.00
  }, {
    "date" : "2025-12-12",
    "price" : 797.70,
    "dma50" : 883.75,
    "dma100" : 890.65,
    "dma200" : 816.74,
    "volume" : 9937.00
  }, {
    "date" : "2025-12-15",
    "price" : 802.15,
    "dma50" : 880.55,
    "dma100" : 890.88,
    "dma200" : 816.60,
    "volume" : 10212.00
  }, {
    "date" : "2025-12-16",
    "price" : 793.05,
    "dma50" : 877.12,
    "dma100" : 890.75,
    "dma200" : 816.36,
    "volume" : 9062.00
  }, {
    "date" : "2025-12-17",
    "price" : 795.15,
    "dma50" : 873.90,
    "dma100" : 890.72,
    "dma200" : 816.15,
    "volume" : 11550.00
  }, {
    "date" : "2025-12-18",
    "price" : 779.35,
    "dma50" : 870.20,
    "dma100" : 890.63,
    "dma200" : 815.79,
    "volume" : 13335.00
  }, {
    "date" : "2025-12-19",
    "price" : 803.50,
    "dma50" : 867.58,
    "dma100" : 890.93,
    "dma200" : 815.66,
    "volume" : 28041.00
  }, {
    "date" : "2025-12-22",
    "price" : 799.20,
    "dma50" : 864.90,
    "dma100" : 891.33,
    "dma200" : 815.50,
    "volume" : 20867.00
  }, {
    "date" : "2025-12-23",
    "price" : 802.70,
    "dma50" : 862.46,
    "dma100" : 891.63,
    "dma200" : 815.37,
    "volume" : 19683.00
  }, {
    "date" : "2025-12-24",
    "price" : 794.20,
    "dma50" : 859.78,
    "dma100" : 891.88,
    "dma200" : 815.16,
    "volume" : 13269.00
  }, {
    "date" : "2025-12-26",
    "price" : 818.30,
    "dma50" : 858.16,
    "dma100" : 892.45,
    "dma200" : 815.19,
    "volume" : 55995.00
  }, {
    "date" : "2025-12-29",
    "price" : 806.50,
    "dma50" : 856.13,
    "dma100" : 892.68,
    "dma200" : 815.11,
    "volume" : 13084.00
  }, {
    "date" : "2025-12-30",
    "price" : 792.45,
    "dma50" : 853.63,
    "dma100" : 892.58,
    "dma200" : 814.88,
    "volume" : 14003.00
  }, {
    "date" : "2025-12-31",
    "price" : 814.30,
    "dma50" : 852.09,
    "dma100" : 892.63,
    "dma200" : 814.88,
    "volume" : 18203.00
  }, {
    "date" : "2026-01-01",
    "price" : 811.85,
    "dma50" : 850.51,
    "dma100" : 892.68,
    "dma200" : 814.85,
    "volume" : 10466.00
  }, {
    "date" : "2026-01-02",
    "price" : 841.70,
    "dma50" : 850.17,
    "dma100" : 893.15,
    "dma200" : 815.11,
    "volume" : 34847.00
  }, {
    "date" : "2026-01-05",
    "price" : 858.20,
    "dma50" : 850.48,
    "dma100" : 893.81,
    "dma200" : 815.54,
    "volume" : 29230.00
  }, {
    "date" : "2026-01-06",
    "price" : 851.95,
    "dma50" : 850.54,
    "dma100" : 894.32,
    "dma200" : 815.90,
    "volume" : 16845.00
  }, {
    "date" : "2026-01-07",
    "price" : 844.00,
    "dma50" : 850.28,
    "dma100" : 894.68,
    "dma200" : 816.18,
    "volume" : 23229.00
  }, {
    "date" : "2026-01-08",
    "price" : 834.95,
    "dma50" : 849.68,
    "dma100" : 894.98,
    "dma200" : 816.37,
    "volume" : 28846.00
  }, {
    "date" : "2026-01-09",
    "price" : 797.70,
    "dma50" : 847.64,
    "dma100" : 894.90,
    "dma200" : 816.18,
    "volume" : 22153.00
  }, {
    "date" : "2026-01-12",
    "price" : 778.95,
    "dma50" : 844.95,
    "dma100" : 894.47,
    "dma200" : 815.81,
    "volume" : 19629.00
  }, {
    "date" : "2026-01-13",
    "price" : 770.95,
    "dma50" : 842.05,
    "dma100" : 894.15,
    "dma200" : 815.37,
    "volume" : 11576.00
  }, {
    "date" : "2026-01-14",
    "price" : 784.55,
    "dma50" : 839.79,
    "dma100" : 893.96,
    "dma200" : 815.06,
    "volume" : 12017.00
  }, {
    "date" : "2026-01-16",
    "price" : 762.80,
    "dma50" : 836.77,
    "dma100" : 893.76,
    "dma200" : 814.54,
    "volume" : 14105.00
  }, {
    "date" : "2026-01-19",
    "price" : 738.50,
    "dma50" : 832.92,
    "dma100" : 893.12,
    "dma200" : 813.78,
    "volume" : 27923.00
  }, {
    "date" : "2026-01-20",
    "price" : 717.80,
    "dma50" : 828.41,
    "dma100" : 892.31,
    "dma200" : 812.83,
    "volume" : 18068.00
  }, {
    "date" : "2026-01-21",
    "price" : 719.00,
    "dma50" : 824.11,
    "dma100" : 891.67,
    "dma200" : 811.90,
    "volume" : 20634.00
  }, {
    "date" : "2026-01-22",
    "price" : 736.85,
    "dma50" : 820.69,
    "dma100" : 891.32,
    "dma200" : 811.15,
    "volume" : 10401.00
  }, {
    "date" : "2026-01-23",
    "price" : 708.25,
    "dma50" : 816.28,
    "dma100" : 890.40,
    "dma200" : 810.12,
    "volume" : 26599.00
  }, {
    "date" : "2026-01-27",
    "price" : 719.10,
    "dma50" : 812.47,
    "dma100" : 889.63,
    "dma200" : 809.22,
    "volume" : 13975.00
  }, {
    "date" : "2026-01-28",
    "price" : 726.40,
    "dma50" : 809.10,
    "dma100" : 888.60,
    "dma200" : 808.39,
    "volume" : 22898.00
  }, {
    "date" : "2026-01-29",
    "price" : 720.45,
    "dma50" : 805.62,
    "dma100" : 887.34,
    "dma200" : 807.52,
    "volume" : 16310.00
  }, {
    "date" : "2026-01-30",
    "price" : 704.55,
    "dma50" : 801.66,
    "dma100" : 885.79,
    "dma200" : 806.50,
    "volume" : 64973.00
  }, {
    "date" : "2026-02-01",
    "price" : 723.00,
    "dma50" : 798.57,
    "dma100" : 884.20,
    "dma200" : 805.66,
    "volume" : 7765.00
  }, {
    "date" : "2026-02-02",
    "price" : 713.70,
    "dma50" : 795.24,
    "dma100" : 882.28,
    "dma200" : 804.75,
    "volume" : 9778.00
  }, {
    "date" : "2026-02-03",
    "price" : 734.80,
    "dma50" : 792.87,
    "dma100" : 880.33,
    "dma200" : 804.05,
    "volume" : 27679.00
  }, {
    "date" : "2026-02-04",
    "price" : 759.55,
    "dma50" : 791.57,
    "dma100" : 878.86,
    "dma200" : 803.61,
    "volume" : 17810.00
  }, {
    "date" : "2026-02-05",
    "price" : 755.10,
    "dma50" : 790.14,
    "dma100" : 877.01,
    "dma200" : 803.13,
    "volume" : 10783.00
  }, {
    "date" : "2026-02-06",
    "price" : 768.25,
    "dma50" : 789.28,
    "dma100" : 875.26,
    "dma200" : 802.78,
    "volume" : 16003.00
  }, {
    "date" : "2026-02-09",
    "price" : 778.50,
    "dma50" : 788.86,
    "dma100" : 873.77,
    "dma200" : 802.54,
    "volume" : 11606.00
  }, {
    "date" : "2026-02-10",
    "price" : 790.55,
    "dma50" : 788.92,
    "dma100" : 871.88,
    "dma200" : 802.42,
    "volume" : 14093.00
  }, {
    "date" : "2026-02-11",
    "price" : 802.15,
    "dma50" : 789.44,
    "dma100" : 869.89,
    "dma200" : 802.42,
    "volume" : 28647.00
  }, {
    "date" : "2026-02-12",
    "price" : 794.00,
    "dma50" : 789.62,
    "dma100" : 868.02,
    "dma200" : 802.33,
    "volume" : 16449.00
  }, {
    "date" : "2026-02-13",
    "price" : 776.50,
    "dma50" : 789.11,
    "dma100" : 865.89,
    "dma200" : 802.08,
    "volume" : 17206.00
  }, {
    "date" : "2026-02-16",
    "price" : 834.15,
    "dma50" : 790.87,
    "dma100" : 864.43,
    "dma200" : 802.40,
    "volume" : 817286.00
  }, {
    "date" : "2026-02-17",
    "price" : 882.90,
    "dma50" : 794.48,
    "dma100" : 863.26,
    "dma200" : 803.20,
    "volume" : 545321.00
  }, {
    "date" : "2026-02-18",
    "price" : 892.15,
    "dma50" : 798.31,
    "dma100" : 862.50,
    "dma200" : 804.08,
    "volume" : 99207.00
  }, {
    "date" : "2026-02-19",
    "price" : 898.65,
    "dma50" : 802.25,
    "dma100" : 861.97,
    "dma200" : 805.02,
    "volume" : 90871.00
  }, {
    "date" : "2026-02-20",
    "price" : 857.20,
    "dma50" : 804.40,
    "dma100" : 861.19,
    "dma200" : 805.54,
    "volume" : 67832.00
  } ],
  "latestTechnicalAttributes" : {
    "date" : "2026-02-20",
    "price" : 857.20,
    "dma50" : 804.40,
    "dma100" : 861.19,
    "dma200" : 805.54,
    "volume" : 67832.00
  },
  "quarterlyResults" : [ {
    "date" : "2005-03-31",
    "sales" : 35.38,
    "salesGrowthYoY" : null,
    "grossProfitMargin" : 36.46,
    "grossProfit" : 12.90,
    "operatingProfitMargin" : 14.41,
    "operatingProfit" : 5.10,
    "netProfitMargin" : 9.44,
    "netProfit" : 3.34
  }, {
    "date" : "2005-06-30",
    "sales" : 32.04,
    "salesGrowthYoY" : null,
    "grossProfitMargin" : 34.58,
    "grossProfit" : 11.08,
    "operatingProfitMargin" : 16.45,
    "operatingProfit" : 5.27,
    "netProfitMargin" : 11.83,
    "netProfit" : 3.79
  }, {
    "date" : "2005-09-30",
    "sales" : 35.76,
    "salesGrowthYoY" : null,
    "grossProfitMargin" : 34.06,
    "grossProfit" : 12.18,
    "operatingProfitMargin" : 15.58,
    "operatingProfit" : 5.57,
    "netProfitMargin" : 15.91,
    "netProfit" : 5.69
  }, {
    "date" : "2005-12-31",
    "sales" : 38.16,
    "salesGrowthYoY" : null,
    "grossProfitMargin" : 34.64,
    "grossProfit" : 13.22,
    "operatingProfitMargin" : 18.29,
    "operatingProfit" : 6.98,
    "netProfitMargin" : 14.96,
    "netProfit" : 5.71
  }, {
    "date" : "2006-03-31",
    "sales" : 38.23,
    "salesGrowthYoY" : 8.06,
    "grossProfitMargin" : 34.55,
    "grossProfit" : 13.21,
    "operatingProfitMargin" : 15.04,
    "operatingProfit" : 5.75,
    "netProfitMargin" : 13.24,
    "netProfit" : 5.06
  }, {
    "date" : "2006-06-30",
    "sales" : 36.43,
    "salesGrowthYoY" : 13.70,
    "grossProfitMargin" : 31.79,
    "grossProfit" : 11.58,
    "operatingProfitMargin" : 14.60,
    "operatingProfit" : 5.32,
    "netProfitMargin" : 11.50,
    "netProfit" : 4.19
  }, {
    "date" : "2006-09-30",
    "sales" : 38.42,
    "salesGrowthYoY" : 7.44,
    "grossProfitMargin" : 30.58,
    "grossProfit" : 11.75,
    "operatingProfitMargin" : 13.66,
    "operatingProfit" : 5.25,
    "netProfitMargin" : 12.29,
    "netProfit" : 4.72
  }, {
    "date" : "2006-12-31",
    "sales" : 36.93,
    "salesGrowthYoY" : -3.22,
    "grossProfitMargin" : 30.65,
    "grossProfit" : 11.32,
    "operatingProfitMargin" : 14.00,
    "operatingProfit" : 5.17,
    "netProfitMargin" : 15.06,
    "netProfit" : 5.56
  }, {
    "date" : "2007-03-31",
    "sales" : 31.40,
    "salesGrowthYoY" : -17.87,
    "grossProfitMargin" : 32.61,
    "grossProfit" : 10.24,
    "operatingProfitMargin" : 14.14,
    "operatingProfit" : 4.44,
    "netProfitMargin" : 12.68,
    "netProfit" : 3.98
  }, {
    "date" : "2007-06-30",
    "sales" : 27.62,
    "salesGrowthYoY" : -24.18,
    "grossProfitMargin" : 33.67,
    "grossProfit" : 9.30,
    "operatingProfitMargin" : 12.78,
    "operatingProfit" : 3.53,
    "netProfitMargin" : 13.29,
    "netProfit" : 3.67
  }, {
    "date" : "2007-09-30",
    "sales" : 29.58,
    "salesGrowthYoY" : -23.01,
    "grossProfitMargin" : 33.13,
    "grossProfit" : 9.80,
    "operatingProfitMargin" : 12.00,
    "operatingProfit" : 3.55,
    "netProfitMargin" : 14.16,
    "netProfit" : 4.19
  }, {
    "date" : "2007-12-31",
    "sales" : 32.87,
    "salesGrowthYoY" : -10.99,
    "grossProfitMargin" : 32.67,
    "grossProfit" : 10.74,
    "operatingProfitMargin" : 12.81,
    "operatingProfit" : 4.21,
    "netProfitMargin" : 9.80,
    "netProfit" : 3.22
  }, {
    "date" : "2008-03-31",
    "sales" : 30.48,
    "salesGrowthYoY" : -2.93,
    "grossProfitMargin" : 30.77,
    "grossProfit" : 9.38,
    "operatingProfitMargin" : 10.93,
    "operatingProfit" : 3.33,
    "netProfitMargin" : 12.93,
    "netProfit" : 3.94
  }, {
    "date" : "2008-06-30",
    "sales" : 30.97,
    "salesGrowthYoY" : 12.13,
    "grossProfitMargin" : 30.84,
    "grossProfit" : 9.55,
    "operatingProfitMargin" : 10.75,
    "operatingProfit" : 3.33,
    "netProfitMargin" : 10.88,
    "netProfit" : 3.37
  }, {
    "date" : "2008-09-30",
    "sales" : 35.11,
    "salesGrowthYoY" : 18.70,
    "grossProfitMargin" : 29.05,
    "grossProfit" : 10.20,
    "operatingProfitMargin" : 8.09,
    "operatingProfit" : 2.84,
    "netProfitMargin" : 7.66,
    "netProfit" : 2.69
  }, {
    "date" : "2008-12-31",
    "sales" : 31.65,
    "salesGrowthYoY" : -3.71,
    "grossProfitMargin" : 33.14,
    "grossProfit" : 10.49,
    "operatingProfitMargin" : 9.98,
    "operatingProfit" : 3.16,
    "netProfitMargin" : 14.57,
    "netProfit" : 4.61
  }, {
    "date" : "2009-03-31",
    "sales" : 31.25,
    "salesGrowthYoY" : 2.53,
    "grossProfitMargin" : 33.92,
    "grossProfit" : 10.60,
    "operatingProfitMargin" : 4.42,
    "operatingProfit" : 1.38,
    "netProfitMargin" : 3.46,
    "netProfit" : 1.08
  }, {
    "date" : "2009-06-30",
    "sales" : 38.76,
    "salesGrowthYoY" : 25.15,
    "grossProfitMargin" : 34.42,
    "grossProfit" : 13.34,
    "operatingProfitMargin" : 15.22,
    "operatingProfit" : 5.90,
    "netProfitMargin" : 15.04,
    "netProfit" : 5.83
  }, {
    "date" : "2009-09-30",
    "sales" : 42.09,
    "salesGrowthYoY" : 19.88,
    "grossProfitMargin" : 33.10,
    "grossProfit" : 13.93,
    "operatingProfitMargin" : 14.83,
    "operatingProfit" : 6.24,
    "netProfitMargin" : 11.43,
    "netProfit" : 4.81
  }, {
    "date" : "2009-12-31",
    "sales" : 41.55,
    "salesGrowthYoY" : 31.28,
    "grossProfitMargin" : 31.29,
    "grossProfit" : 13.00,
    "operatingProfitMargin" : 11.84,
    "operatingProfit" : 4.92,
    "netProfitMargin" : 9.72,
    "netProfit" : 4.04
  }, {
    "date" : "2010-03-31",
    "sales" : 47.04,
    "salesGrowthYoY" : 50.53,
    "grossProfitMargin" : 33.74,
    "grossProfit" : 15.87,
    "operatingProfitMargin" : 14.07,
    "operatingProfit" : 6.62,
    "netProfitMargin" : 11.14,
    "netProfit" : 5.24
  }, {
    "date" : "2010-06-30",
    "sales" : 53.19,
    "salesGrowthYoY" : 37.23,
    "grossProfitMargin" : 33.33,
    "grossProfit" : 17.73,
    "operatingProfitMargin" : 15.45,
    "operatingProfit" : 8.22,
    "netProfitMargin" : 12.07,
    "netProfit" : 6.42
  }, {
    "date" : "2010-09-30",
    "sales" : 58.71,
    "salesGrowthYoY" : 39.49,
    "grossProfitMargin" : 33.66,
    "grossProfit" : 19.76,
    "operatingProfitMargin" : 15.59,
    "operatingProfit" : 9.15,
    "netProfitMargin" : 12.54,
    "netProfit" : 7.36
  }, {
    "date" : "2010-12-31",
    "sales" : 60.23,
    "salesGrowthYoY" : 44.96,
    "grossProfitMargin" : 31.89,
    "grossProfit" : 19.21,
    "operatingProfitMargin" : 13.25,
    "operatingProfit" : 7.98,
    "netProfitMargin" : 9.93,
    "netProfit" : 5.98
  }, {
    "date" : "2011-03-31",
    "sales" : 57.29,
    "salesGrowthYoY" : 21.79,
    "grossProfitMargin" : 33.67,
    "grossProfit" : 19.29,
    "operatingProfitMargin" : 11.64,
    "operatingProfit" : 6.67,
    "netProfitMargin" : 9.90,
    "netProfit" : 5.67
  }, {
    "date" : "2011-06-30",
    "sales" : 58.94,
    "salesGrowthYoY" : 10.81,
    "grossProfitMargin" : 31.12,
    "grossProfit" : 18.34,
    "operatingProfitMargin" : 11.79,
    "operatingProfit" : 6.95,
    "netProfitMargin" : 9.38,
    "netProfit" : 5.53
  }, {
    "date" : "2011-09-30",
    "sales" : 64.61,
    "salesGrowthYoY" : 10.05,
    "grossProfitMargin" : 33.11,
    "grossProfit" : 21.39,
    "operatingProfitMargin" : 16.72,
    "operatingProfit" : 10.80,
    "netProfitMargin" : 14.10,
    "netProfit" : 9.11
  }, {
    "date" : "2011-12-31",
    "sales" : 67.34,
    "salesGrowthYoY" : 11.80,
    "grossProfitMargin" : 31.54,
    "grossProfit" : 21.24,
    "operatingProfitMargin" : 13.35,
    "operatingProfit" : 8.99,
    "netProfitMargin" : 10.72,
    "netProfit" : 7.22
  }, {
    "date" : "2012-03-31",
    "sales" : 69.84,
    "salesGrowthYoY" : 21.91,
    "grossProfitMargin" : 32.00,
    "grossProfit" : 22.35,
    "operatingProfitMargin" : 14.09,
    "operatingProfit" : 9.84,
    "netProfitMargin" : 11.86,
    "netProfit" : 8.28
  }, {
    "date" : "2012-06-30",
    "sales" : 65.38,
    "salesGrowthYoY" : 10.93,
    "grossProfitMargin" : 30.67,
    "grossProfit" : 20.05,
    "operatingProfitMargin" : 11.15,
    "operatingProfit" : 7.29,
    "netProfitMargin" : 9.51,
    "netProfit" : 6.22
  }, {
    "date" : "2012-09-30",
    "sales" : 67.47,
    "salesGrowthYoY" : 4.43,
    "grossProfitMargin" : 32.06,
    "grossProfit" : 21.63,
    "operatingProfitMargin" : 11.95,
    "operatingProfit" : 8.06,
    "netProfitMargin" : 11.31,
    "netProfit" : 7.63
  }, {
    "date" : "2012-12-31",
    "sales" : 68.80,
    "salesGrowthYoY" : 2.17,
    "grossProfitMargin" : 29.42,
    "grossProfit" : 20.24,
    "operatingProfitMargin" : 11.35,
    "operatingProfit" : 7.81,
    "netProfitMargin" : 8.87,
    "netProfit" : 6.10
  }, {
    "date" : "2013-03-31",
    "sales" : 67.36,
    "salesGrowthYoY" : -3.55,
    "grossProfitMargin" : 34.23,
    "grossProfit" : 23.06,
    "operatingProfitMargin" : 15.38,
    "operatingProfit" : 10.36,
    "netProfitMargin" : 12.50,
    "netProfit" : 8.42
  }, {
    "date" : "2013-06-30",
    "sales" : 56.02,
    "salesGrowthYoY" : -14.32,
    "grossProfitMargin" : 30.10,
    "grossProfit" : 16.86,
    "operatingProfitMargin" : 9.66,
    "operatingProfit" : 5.41,
    "netProfitMargin" : 8.93,
    "netProfit" : 5.00
  }, {
    "date" : "2013-09-30",
    "sales" : 62.25,
    "salesGrowthYoY" : -7.74,
    "grossProfitMargin" : 29.43,
    "grossProfit" : 18.32,
    "operatingProfitMargin" : 8.63,
    "operatingProfit" : 5.37,
    "netProfitMargin" : 8.02,
    "netProfit" : 4.99
  }, {
    "date" : "2013-12-31",
    "sales" : 70.75,
    "salesGrowthYoY" : 2.83,
    "grossProfitMargin" : 29.94,
    "grossProfit" : 21.18,
    "operatingProfitMargin" : 9.60,
    "operatingProfit" : 6.79,
    "netProfitMargin" : 7.00,
    "netProfit" : 4.95
  }, {
    "date" : "2014-03-31",
    "sales" : 73.65,
    "salesGrowthYoY" : 9.34,
    "grossProfitMargin" : 29.80,
    "grossProfit" : 21.95,
    "operatingProfitMargin" : 9.34,
    "operatingProfit" : 6.88,
    "netProfitMargin" : 6.41,
    "netProfit" : 4.72
  }, {
    "date" : "2014-06-30",
    "sales" : 69.43,
    "salesGrowthYoY" : 23.94,
    "grossProfitMargin" : 29.99,
    "grossProfit" : 20.82,
    "operatingProfitMargin" : 9.20,
    "operatingProfit" : 6.39,
    "netProfitMargin" : 8.21,
    "netProfit" : 5.70
  }, {
    "date" : "2014-09-30",
    "sales" : 83.72,
    "salesGrowthYoY" : 34.49,
    "grossProfitMargin" : 30.88,
    "grossProfit" : 25.85,
    "operatingProfitMargin" : 12.39,
    "operatingProfit" : 10.37,
    "netProfitMargin" : 8.82,
    "netProfit" : 7.38
  }, {
    "date" : "2014-12-31",
    "sales" : 85.87,
    "salesGrowthYoY" : 21.37,
    "grossProfitMargin" : 30.35,
    "grossProfit" : 26.06,
    "operatingProfitMargin" : 10.00,
    "operatingProfit" : 8.59,
    "netProfitMargin" : 6.13,
    "netProfit" : 5.26
  }, {
    "date" : "2015-03-31",
    "sales" : 88.71,
    "salesGrowthYoY" : 20.45,
    "grossProfitMargin" : 31.41,
    "grossProfit" : 27.86,
    "operatingProfitMargin" : 9.85,
    "operatingProfit" : 8.74,
    "netProfitMargin" : 4.87,
    "netProfit" : 4.32
  }, {
    "date" : "2015-06-30",
    "sales" : 78.33,
    "salesGrowthYoY" : 12.82,
    "grossProfitMargin" : 30.49,
    "grossProfit" : 23.88,
    "operatingProfitMargin" : 9.46,
    "operatingProfit" : 7.41,
    "netProfitMargin" : 7.80,
    "netProfit" : 6.11
  }, {
    "date" : "2015-09-30",
    "sales" : 85.76,
    "salesGrowthYoY" : 2.44,
    "grossProfitMargin" : 31.02,
    "grossProfit" : 26.60,
    "operatingProfitMargin" : 10.47,
    "operatingProfit" : 8.98,
    "netProfitMargin" : 9.91,
    "netProfit" : 8.50
  }, {
    "date" : "2015-12-31",
    "sales" : 86.66,
    "salesGrowthYoY" : 0.92,
    "grossProfitMargin" : 32.62,
    "grossProfit" : 28.27,
    "operatingProfitMargin" : 12.53,
    "operatingProfit" : 10.86,
    "netProfitMargin" : 9.76,
    "netProfit" : 8.46
  }, {
    "date" : "2016-03-31",
    "sales" : 85.13,
    "salesGrowthYoY" : -4.04,
    "grossProfitMargin" : 28.10,
    "grossProfit" : 23.92,
    "operatingProfitMargin" : 9.77,
    "operatingProfit" : 8.32,
    "netProfitMargin" : 8.82,
    "netProfit" : 7.51
  }, {
    "date" : "2016-06-30",
    "sales" : 83.17,
    "salesGrowthYoY" : 6.18,
    "grossProfitMargin" : 31.23,
    "grossProfit" : 25.97,
    "operatingProfitMargin" : 9.86,
    "operatingProfit" : 8.20,
    "netProfitMargin" : 7.36,
    "netProfit" : 6.12
  }, {
    "date" : "2016-09-30",
    "sales" : 95.57,
    "salesGrowthYoY" : 11.44,
    "grossProfitMargin" : 32.46,
    "grossProfit" : 31.02,
    "operatingProfitMargin" : 12.03,
    "operatingProfit" : 11.50,
    "netProfitMargin" : 11.19,
    "netProfit" : 10.69
  }, {
    "date" : "2016-12-31",
    "sales" : 86.98,
    "salesGrowthYoY" : 0.37,
    "grossProfitMargin" : 35.07,
    "grossProfit" : 30.50,
    "operatingProfitMargin" : 12.49,
    "operatingProfit" : 10.86,
    "netProfitMargin" : 10.89,
    "netProfit" : 9.47
  }, {
    "date" : "2017-03-31",
    "sales" : 85.37,
    "salesGrowthYoY" : 0.28,
    "grossProfitMargin" : 34.18,
    "grossProfit" : 29.18,
    "operatingProfitMargin" : 8.45,
    "operatingProfit" : 7.21,
    "netProfitMargin" : 7.16,
    "netProfit" : 6.11
  }, {
    "date" : "2017-06-30",
    "sales" : 104.40,
    "salesGrowthYoY" : 25.53,
    "grossProfitMargin" : 34.91,
    "grossProfit" : 36.45,
    "operatingProfitMargin" : 13.52,
    "operatingProfit" : 14.11,
    "netProfitMargin" : 12.73,
    "netProfit" : 13.29
  }, {
    "date" : "2017-09-30",
    "sales" : 117.48,
    "salesGrowthYoY" : 22.93,
    "grossProfitMargin" : 33.00,
    "grossProfit" : 38.77,
    "operatingProfitMargin" : 15.10,
    "operatingProfit" : 17.74,
    "netProfitMargin" : 9.51,
    "netProfit" : 11.17
  }, {
    "date" : "2017-12-31",
    "sales" : 109.54,
    "salesGrowthYoY" : 25.94,
    "grossProfitMargin" : 35.49,
    "grossProfit" : 38.88,
    "operatingProfitMargin" : 13.42,
    "operatingProfit" : 14.70,
    "netProfitMargin" : 10.65,
    "netProfit" : 11.67
  }, {
    "date" : "2018-03-31",
    "sales" : 120.96,
    "salesGrowthYoY" : 41.69,
    "grossProfitMargin" : 34.02,
    "grossProfit" : 41.15,
    "operatingProfitMargin" : 14.85,
    "operatingProfit" : 17.96,
    "netProfitMargin" : 11.55,
    "netProfit" : 13.97
  }, {
    "date" : "2018-06-30",
    "sales" : 117.88,
    "salesGrowthYoY" : 12.91,
    "grossProfitMargin" : 35.73,
    "grossProfit" : 42.12,
    "operatingProfitMargin" : 15.78,
    "operatingProfit" : 18.60,
    "netProfitMargin" : 10.48,
    "netProfit" : 12.35
  }, {
    "date" : "2018-09-30",
    "sales" : 141.19,
    "salesGrowthYoY" : 20.18,
    "grossProfitMargin" : 35.10,
    "grossProfit" : 49.56,
    "operatingProfitMargin" : 14.74,
    "operatingProfit" : 20.81,
    "netProfitMargin" : 10.58,
    "netProfit" : 14.94
  }, {
    "date" : "2018-12-31",
    "sales" : 130.12,
    "salesGrowthYoY" : 18.79,
    "grossProfitMargin" : 34.11,
    "grossProfit" : 44.38,
    "operatingProfitMargin" : 13.06,
    "operatingProfit" : 16.99,
    "netProfitMargin" : 11.29,
    "netProfit" : 14.69
  }, {
    "date" : "2019-03-31",
    "sales" : 136.03,
    "salesGrowthYoY" : 12.46,
    "grossProfitMargin" : 34.82,
    "grossProfit" : 47.37,
    "operatingProfitMargin" : 15.43,
    "operatingProfit" : 20.99,
    "netProfitMargin" : 12.89,
    "netProfit" : 17.53
  }, {
    "date" : "2019-06-30",
    "sales" : 130.41,
    "salesGrowthYoY" : 10.63,
    "grossProfitMargin" : 34.06,
    "grossProfit" : 44.42,
    "operatingProfitMargin" : 12.92,
    "operatingProfit" : 16.85,
    "netProfitMargin" : 15.90,
    "netProfit" : 20.74
  }, {
    "date" : "2019-09-30",
    "sales" : 119.79,
    "salesGrowthYoY" : -15.16,
    "grossProfitMargin" : 35.74,
    "grossProfit" : 42.81,
    "operatingProfitMargin" : 13.57,
    "operatingProfit" : 16.26,
    "netProfitMargin" : 11.76,
    "netProfit" : 14.09
  }, {
    "date" : "2019-12-31",
    "sales" : 116.35,
    "salesGrowthYoY" : -10.58,
    "grossProfitMargin" : 34.65,
    "grossProfit" : 40.32,
    "operatingProfitMargin" : 11.65,
    "operatingProfit" : 13.55,
    "netProfitMargin" : 7.61,
    "netProfit" : 8.85
  }, {
    "date" : "2020-03-31",
    "sales" : 112.26,
    "salesGrowthYoY" : -17.47,
    "grossProfitMargin" : 32.66,
    "grossProfit" : 36.66,
    "operatingProfitMargin" : 9.14,
    "operatingProfit" : 10.26,
    "netProfitMargin" : 10.26,
    "netProfit" : 11.52
  }, {
    "date" : "2020-06-30",
    "sales" : 34.54,
    "salesGrowthYoY" : -73.51,
    "grossProfitMargin" : 30.92,
    "grossProfit" : 10.68,
    "operatingProfitMargin" : -35.84,
    "operatingProfit" : -12.38,
    "netProfitMargin" : -13.20,
    "netProfit" : -4.56
  }, {
    "date" : "2020-09-30",
    "sales" : 144.02,
    "salesGrowthYoY" : 20.23,
    "grossProfitMargin" : 32.04,
    "grossProfit" : 46.14,
    "operatingProfitMargin" : 14.16,
    "operatingProfit" : 20.39,
    "netProfitMargin" : 9.46,
    "netProfit" : 13.62
  }, {
    "date" : "2020-12-31",
    "sales" : 152.61,
    "salesGrowthYoY" : 31.16,
    "grossProfitMargin" : 32.92,
    "grossProfit" : 50.24,
    "operatingProfitMargin" : 14.57,
    "operatingProfit" : 22.24,
    "netProfitMargin" : 11.92,
    "netProfit" : 18.19
  }, {
    "date" : "2021-03-31",
    "sales" : 150.06,
    "salesGrowthYoY" : 33.67,
    "grossProfitMargin" : 32.80,
    "grossProfit" : 49.22,
    "operatingProfitMargin" : 10.75,
    "operatingProfit" : 16.13,
    "netProfitMargin" : 8.96,
    "netProfit" : 13.45
  }, {
    "date" : "2021-06-30",
    "sales" : 110.49,
    "salesGrowthYoY" : 219.89,
    "grossProfitMargin" : 28.00,
    "grossProfit" : 30.94,
    "operatingProfitMargin" : 3.40,
    "operatingProfit" : 3.76,
    "netProfitMargin" : 3.28,
    "netProfit" : 3.62
  }, {
    "date" : "2021-09-30",
    "sales" : 158.52,
    "salesGrowthYoY" : 10.07,
    "grossProfitMargin" : 32.25,
    "grossProfit" : 51.12,
    "operatingProfitMargin" : 13.26,
    "operatingProfit" : 21.02,
    "netProfitMargin" : 11.39,
    "netProfit" : 18.06
  }, {
    "date" : "2021-12-31",
    "sales" : 148.04,
    "salesGrowthYoY" : -2.99,
    "grossProfitMargin" : 30.11,
    "grossProfit" : 44.57,
    "operatingProfitMargin" : 8.82,
    "operatingProfit" : 13.06,
    "netProfitMargin" : 6.55,
    "netProfit" : 9.70
  }, {
    "date" : "2022-03-31",
    "sales" : 149.23,
    "salesGrowthYoY" : -0.55,
    "grossProfitMargin" : 29.63,
    "grossProfit" : 44.22,
    "operatingProfitMargin" : 8.72,
    "operatingProfit" : 13.01,
    "netProfitMargin" : 5.96,
    "netProfit" : 8.89
  }, {
    "date" : "2022-06-30",
    "sales" : 155.70,
    "salesGrowthYoY" : 40.92,
    "grossProfitMargin" : 27.85,
    "grossProfit" : 43.36,
    "operatingProfitMargin" : 6.15,
    "operatingProfit" : 9.58,
    "netProfitMargin" : 13.78,
    "netProfit" : 21.46
  }, {
    "date" : "2022-09-30",
    "sales" : 186.39,
    "salesGrowthYoY" : 17.58,
    "grossProfitMargin" : 31.04,
    "grossProfit" : 57.86,
    "operatingProfitMargin" : 10.17,
    "operatingProfit" : 18.96,
    "netProfitMargin" : 8.92,
    "netProfit" : 16.63
  }, {
    "date" : "2022-12-31",
    "sales" : 156.19,
    "salesGrowthYoY" : 5.51,
    "grossProfitMargin" : 31.22,
    "grossProfit" : 48.76,
    "operatingProfitMargin" : 6.20,
    "operatingProfit" : 9.68,
    "netProfitMargin" : 8.60,
    "netProfit" : 13.43
  }, {
    "date" : "2023-03-31",
    "sales" : 157.97,
    "salesGrowthYoY" : 5.86,
    "grossProfitMargin" : 32.78,
    "grossProfit" : 51.78,
    "operatingProfitMargin" : 9.43,
    "operatingProfit" : 14.90,
    "netProfitMargin" : 7.96,
    "netProfit" : 12.57
  }, {
    "date" : "2023-06-30",
    "sales" : 159.84,
    "salesGrowthYoY" : 2.66,
    "grossProfitMargin" : 28.64,
    "grossProfit" : 45.78,
    "operatingProfitMargin" : 6.22,
    "operatingProfit" : 9.94,
    "netProfitMargin" : 5.80,
    "netProfit" : 9.27
  }, {
    "date" : "2023-09-30",
    "sales" : 189.70,
    "salesGrowthYoY" : 1.78,
    "grossProfitMargin" : 31.54,
    "grossProfit" : 59.83,
    "operatingProfitMargin" : 10.36,
    "operatingProfit" : 19.65,
    "netProfitMargin" : 9.16,
    "netProfit" : 17.38
  }, {
    "date" : "2023-12-31",
    "sales" : 178.86,
    "salesGrowthYoY" : 14.51,
    "grossProfitMargin" : 30.81,
    "grossProfit" : 55.11,
    "operatingProfitMargin" : 8.53,
    "operatingProfit" : 15.26,
    "netProfitMargin" : 6.79,
    "netProfit" : 12.14
  }, {
    "date" : "2024-03-31",
    "sales" : 195.68,
    "salesGrowthYoY" : 23.87,
    "grossProfitMargin" : 32.61,
    "grossProfit" : 63.81,
    "operatingProfitMargin" : 11.05,
    "operatingProfit" : 21.62,
    "netProfitMargin" : 10.48,
    "netProfit" : 20.51
  }, {
    "date" : "2024-06-30",
    "sales" : 186.55,
    "salesGrowthYoY" : 16.71,
    "grossProfitMargin" : 31.64,
    "grossProfit" : 59.02,
    "operatingProfitMargin" : 8.97,
    "operatingProfit" : 16.73,
    "netProfitMargin" : 9.71,
    "netProfit" : 18.11
  }, {
    "date" : "2024-09-30",
    "sales" : 209.85,
    "salesGrowthYoY" : 10.62,
    "grossProfitMargin" : 31.68,
    "grossProfit" : 66.48,
    "operatingProfitMargin" : 11.26,
    "operatingProfit" : 23.63,
    "netProfitMargin" : 10.07,
    "netProfit" : 21.13
  }, {
    "date" : "2024-12-31",
    "sales" : 214.67,
    "salesGrowthYoY" : 20.02,
    "grossProfitMargin" : 33.02,
    "grossProfit" : 70.88,
    "operatingProfitMargin" : 12.00,
    "operatingProfit" : 25.76,
    "netProfitMargin" : 7.40,
    "netProfit" : 15.89
  }, {
    "date" : "2025-03-31",
    "sales" : 233.76,
    "salesGrowthYoY" : 19.46,
    "grossProfitMargin" : 31.97,
    "grossProfit" : 74.73,
    "operatingProfitMargin" : 11.86,
    "operatingProfit" : 27.72,
    "netProfitMargin" : 11.51,
    "netProfit" : 26.91
  }, {
    "date" : "2025-06-30",
    "sales" : 224.70,
    "salesGrowthYoY" : 20.45,
    "grossProfitMargin" : 31.46,
    "grossProfit" : 70.69,
    "operatingProfitMargin" : 10.17,
    "operatingProfit" : 22.85,
    "netProfitMargin" : 10.37,
    "netProfit" : 23.30
  }, {
    "date" : "2025-09-30",
    "sales" : 272.56,
    "salesGrowthYoY" : 29.88,
    "grossProfitMargin" : 30.41,
    "grossProfit" : 82.89,
    "operatingProfitMargin" : 10.83,
    "operatingProfit" : 29.52,
    "netProfitMargin" : 8.51,
    "netProfit" : 23.19
  }, {
    "date" : "2025-12-31",
    "sales" : 271.76,
    "salesGrowthYoY" : 26.59,
    "grossProfitMargin" : 31.45,
    "grossProfit" : 85.47,
    "operatingProfitMargin" : 10.80,
    "operatingProfit" : 29.35,
    "netProfitMargin" : 9.17,
    "netProfit" : 24.92
  } ],
  "latestQuarterlyResult" : {
    "date" : "2025-12-31",
    "sales" : 271.76,
    "salesGrowthYoY" : 26.59,
    "grossProfitMargin" : 31.45,
    "grossProfit" : 85.47,
    "operatingProfitMargin" : 10.80,
    "operatingProfit" : 29.35,
    "netProfitMargin" : 9.17,
    "netProfit" : 24.92
  },
  "companyScore" : {
    "priceHigherThanDma50" : 5.00,
    "priceHigherThanDma100" : 0.00,
    "priceHigherThanDma200" : 5.00,
    "dma50HigherThanDma100" : 0.00,
    "dma50HigherThanDma200" : 0.00,
    "dma100HigherThanDma200" : 5.00,
    "pricePercentageAboveDma50" : 4.67,
    "pricePercentageAboveDma100" : 5.02,
    "pricePercentageAboveDma200" : 4.68,
    "weeklyVolumeHigherThanYearlyVolume" : 5.00,
    "salesGrowthPercentile" : 17.00,
    "operatingProfitMarginPercentile" : 17.23,
    "netProfitMarginPercentile" : 7.68,
    "totalTechnicalScore" : 34.37,
    "totalFundamentalScore" : 41.92,
    "totalScore" : 76.29
  }
}