{
  "metadata" : {
    "screenerCompanyId" : "1415",
    "companyCode" : "INDSWFTLAB",
    "companyName" : "Ind-Swift Labs.",
    "screenerCompanyLink" : "https://www.screener.in/company/INDSWFTLAB/consolidated/",
    "screenerTechnicalHistoryLink" : "https://www.screener.in/api/company/1415/chart/?q=Price-DMA50-DMA200-Volume&days=365",
    "screenerQuarterlyResultsLink" : "https://www.screener.in/api/company/1415/chart/?q=GPM-OPM-NPM-Quarter+Sales&days=10000",
    "attributes" : {
      "companyCode" : "INDSWFTLAB",
      "companyName" : "Ind-Swift Labs.",
      "marketCap" : 1137.00,
      "peRatio" : 24.00,
      "description" : "Incorporated in 1995, Ind-Swift Laboratories Ltd is in the business of Bulk Drugs & Pharmaceuticals[1]"
    },
    "companyScore" : {
      "priceHigherThanDma50" : 5.00,
      "priceHigherThanDma100" : 5.00,
      "priceHigherThanDma200" : 5.00,
      "dma50HigherThanDma100" : 5.00,
      "dma50HigherThanDma200" : 5.00,
      "dma100HigherThanDma200" : 0.00,
      "pricePercentageAboveDma50" : 3.40,
      "pricePercentageAboveDma100" : 3.13,
      "pricePercentageAboveDma200" : 3.16,
      "weeklyVolumeHigherThanYearlyVolume" : 5.00,
      "salesGrowthPercentile" : 15.00,
      "operatingProfitMarginPercentile" : 18.90,
      "netProfitMarginPercentile" : 8.45,
      "totalTechnicalScore" : 39.69,
      "totalFundamentalScore" : 42.35,
      "totalScore" : 82.05
    }
  },
  "attributes" : {
    "companyCode" : "INDSWFTLAB",
    "companyName" : "Ind-Swift Labs.",
    "marketCap" : 1137.00,
    "peRatio" : 24.00,
    "description" : "Incorporated in 1995, Ind-Swift Laboratories Ltd is in the business of Bulk Drugs & Pharmaceuticals[1]"
  },
  "technicalHistory" : [ {
    "date" : "2025-02-10",
    "price" : 98.14,
    "dma50" : 107.84,
    "dma100" : null,
    "dma200" : 114.35,
    "volume" : 56845.00
  }, {
    "date" : "2025-02-11",
    "price" : 95.55,
    "dma50" : 107.36,
    "dma100" : null,
    "dma200" : 114.17,
    "volume" : 96062.00
  }, {
    "date" : "2025-02-12",
    "price" : 91.00,
    "dma50" : 106.72,
    "dma100" : null,
    "dma200" : 113.93,
    "volume" : 153706.00
  }, {
    "date" : "2025-02-13",
    "price" : 91.79,
    "dma50" : 106.13,
    "dma100" : null,
    "dma200" : 113.71,
    "volume" : 90557.00
  }, {
    "date" : "2025-02-14",
    "price" : 91.92,
    "dma50" : 105.58,
    "dma100" : null,
    "dma200" : 113.50,
    "volume" : 147428.00
  }, {
    "date" : "2025-02-17",
    "price" : 95.44,
    "dma50" : 105.18,
    "dma100" : null,
    "dma200" : 113.32,
    "volume" : 201494.00
  }, {
    "date" : "2025-02-18",
    "price" : 90.76,
    "dma50" : 104.61,
    "dma100" : null,
    "dma200" : 113.09,
    "volume" : 51922.00
  }, {
    "date" : "2025-02-19",
    "price" : 88.72,
    "dma50" : 103.99,
    "dma100" : null,
    "dma200" : 112.85,
    "volume" : 136692.00
  }, {
    "date" : "2025-02-20",
    "price" : 88.92,
    "dma50" : 103.40,
    "dma100" : null,
    "dma200" : 112.61,
    "volume" : 132717.00
  }, {
    "date" : "2025-02-21",
    "price" : 93.58,
    "dma50" : 103.01,
    "dma100" : null,
    "dma200" : 112.42,
    "volume" : 193895.00
  }, {
    "date" : "2025-02-24",
    "price" : 91.20,
    "dma50" : 102.55,
    "dma100" : null,
    "dma200" : 112.21,
    "volume" : 51412.00
  }, {
    "date" : "2025-02-25",
    "price" : 91.93,
    "dma50" : 102.13,
    "dma100" : null,
    "dma200" : 112.01,
    "volume" : 77074.00
  }, {
    "date" : "2025-02-27",
    "price" : 87.25,
    "dma50" : 101.55,
    "dma100" : null,
    "dma200" : 111.76,
    "volume" : 117401.00
  }, {
    "date" : "2025-02-28",
    "price" : 85.69,
    "dma50" : 100.93,
    "dma100" : null,
    "dma200" : 111.50,
    "volume" : 104451.00
  }, {
    "date" : "2025-03-03",
    "price" : 85.45,
    "dma50" : 100.32,
    "dma100" : null,
    "dma200" : 111.25,
    "volume" : 219503.00
  }, {
    "date" : "2025-03-04",
    "price" : 86.31,
    "dma50" : 99.77,
    "dma100" : null,
    "dma200" : 111.00,
    "volume" : 129652.00
  }, {
    "date" : "2025-03-05",
    "price" : 97.75,
    "dma50" : 99.69,
    "dma100" : null,
    "dma200" : 110.87,
    "volume" : 204511.00
  }, {
    "date" : "2025-03-06",
    "price" : 103.16,
    "dma50" : 99.83,
    "dma100" : null,
    "dma200" : 110.79,
    "volume" : 161703.00
  }, {
    "date" : "2025-03-07",
    "price" : 101.98,
    "dma50" : 99.91,
    "dma100" : null,
    "dma200" : 110.70,
    "volume" : 83147.00
  }, {
    "date" : "2025-03-10",
    "price" : 95.55,
    "dma50" : 99.74,
    "dma100" : null,
    "dma200" : 110.55,
    "volume" : 64755.00
  }, {
    "date" : "2025-03-11",
    "price" : 90.58,
    "dma50" : 99.38,
    "dma100" : null,
    "dma200" : 110.35,
    "volume" : 165467.00
  }, {
    "date" : "2025-03-12",
    "price" : 88.40,
    "dma50" : 98.95,
    "dma100" : null,
    "dma200" : 110.13,
    "volume" : 179797.00
  }, {
    "date" : "2025-03-13",
    "price" : 87.62,
    "dma50" : 98.51,
    "dma100" : null,
    "dma200" : 109.91,
    "volume" : 212798.00
  }, {
    "date" : "2025-03-17",
    "price" : 89.50,
    "dma50" : 98.15,
    "dma100" : null,
    "dma200" : 109.71,
    "volume" : 189597.00
  }, {
    "date" : "2025-03-18",
    "price" : 89.92,
    "dma50" : 97.83,
    "dma100" : null,
    "dma200" : 109.51,
    "volume" : 121929.00
  }, {
    "date" : "2025-03-19",
    "price" : 93.44,
    "dma50" : 97.66,
    "dma100" : null,
    "dma200" : 109.35,
    "volume" : 187218.00
  }, {
    "date" : "2025-03-20",
    "price" : 93.23,
    "dma50" : 97.49,
    "dma100" : null,
    "dma200" : 109.19,
    "volume" : 114438.00
  }, {
    "date" : "2025-03-21",
    "price" : 93.11,
    "dma50" : 97.31,
    "dma100" : null,
    "dma200" : 109.03,
    "volume" : 414359.00
  }, {
    "date" : "2025-03-24",
    "price" : 92.66,
    "dma50" : 97.13,
    "dma100" : null,
    "dma200" : 108.87,
    "volume" : 198154.00
  }, {
    "date" : "2025-03-25",
    "price" : 88.50,
    "dma50" : 96.79,
    "dma100" : null,
    "dma200" : 108.66,
    "volume" : 309599.00
  }, {
    "date" : "2025-03-26",
    "price" : 85.61,
    "dma50" : 96.35,
    "dma100" : null,
    "dma200" : 108.43,
    "volume" : 204561.00
  }, {
    "date" : "2025-03-27",
    "price" : 85.68,
    "dma50" : 95.94,
    "dma100" : null,
    "dma200" : 108.21,
    "volume" : 169965.00
  }, {
    "date" : "2025-03-28",
    "price" : 83.96,
    "dma50" : 95.47,
    "dma100" : null,
    "dma200" : 107.97,
    "volume" : 611635.00
  }, {
    "date" : "2025-04-01",
    "price" : 90.80,
    "dma50" : 95.28,
    "dma100" : null,
    "dma200" : 107.80,
    "volume" : 309518.00
  }, {
    "date" : "2025-04-02",
    "price" : 89.43,
    "dma50" : 95.05,
    "dma100" : null,
    "dma200" : 107.61,
    "volume" : 65876.00
  }, {
    "date" : "2025-04-03",
    "price" : 91.74,
    "dma50" : 94.92,
    "dma100" : null,
    "dma200" : 107.45,
    "volume" : 68181.00
  }, {
    "date" : "2025-04-04",
    "price" : 85.94,
    "dma50" : 94.57,
    "dma100" : null,
    "dma200" : 107.24,
    "volume" : 171088.00
  }, {
    "date" : "2025-04-07",
    "price" : 83.12,
    "dma50" : 94.12,
    "dma100" : null,
    "dma200" : 107.00,
    "volume" : 168273.00
  }, {
    "date" : "2025-04-08",
    "price" : 83.36,
    "dma50" : 93.70,
    "dma100" : null,
    "dma200" : 106.77,
    "volume" : 253100.00
  }, {
    "date" : "2025-04-09",
    "price" : 82.71,
    "dma50" : 93.27,
    "dma100" : null,
    "dma200" : 106.53,
    "volume" : 54022.00
  }, {
    "date" : "2025-04-11",
    "price" : 83.83,
    "dma50" : 92.90,
    "dma100" : null,
    "dma200" : 106.30,
    "volume" : 135937.00
  }, {
    "date" : "2025-04-15",
    "price" : 86.42,
    "dma50" : 92.65,
    "dma100" : null,
    "dma200" : 106.10,
    "volume" : 67068.00
  }, {
    "date" : "2025-04-16",
    "price" : 86.25,
    "dma50" : 92.39,
    "dma100" : null,
    "dma200" : 105.91,
    "volume" : 45077.00
  }, {
    "date" : "2025-04-17",
    "price" : 87.11,
    "dma50" : 92.19,
    "dma100" : null,
    "dma200" : 105.72,
    "volume" : 43060.00
  }, {
    "date" : "2025-04-21",
    "price" : 85.58,
    "dma50" : 91.93,
    "dma100" : null,
    "dma200" : 105.52,
    "volume" : 384457.00
  }, {
    "date" : "2025-04-22",
    "price" : 84.97,
    "dma50" : 91.66,
    "dma100" : null,
    "dma200" : 105.31,
    "volume" : 171543.00
  }, {
    "date" : "2025-04-23",
    "price" : 84.69,
    "dma50" : 91.38,
    "dma100" : null,
    "dma200" : 105.11,
    "volume" : 221624.00
  }, {
    "date" : "2025-04-24",
    "price" : 85.80,
    "dma50" : 91.16,
    "dma100" : null,
    "dma200" : 104.92,
    "volume" : 138290.00
  }, {
    "date" : "2025-04-25",
    "price" : 80.51,
    "dma50" : 90.75,
    "dma100" : null,
    "dma200" : 104.67,
    "volume" : 500236.00
  }, {
    "date" : "2025-04-28",
    "price" : 75.30,
    "dma50" : 90.14,
    "dma100" : null,
    "dma200" : 104.38,
    "volume" : 308012.00
  }, {
    "date" : "2025-04-29",
    "price" : 76.20,
    "dma50" : 89.59,
    "dma100" : null,
    "dma200" : 104.10,
    "volume" : 216742.00
  }, {
    "date" : "2025-04-30",
    "price" : 71.62,
    "dma50" : 88.89,
    "dma100" : null,
    "dma200" : 103.78,
    "volume" : 1113882.00
  }, {
    "date" : "2025-05-02",
    "price" : 72.11,
    "dma50" : 88.23,
    "dma100" : null,
    "dma200" : 103.46,
    "volume" : 279670.00
  }, {
    "date" : "2025-05-05",
    "price" : 76.23,
    "dma50" : 87.76,
    "dma100" : null,
    "dma200" : 103.19,
    "volume" : 310589.00
  }, {
    "date" : "2025-05-06",
    "price" : 75.71,
    "dma50" : 87.29,
    "dma100" : null,
    "dma200" : 102.92,
    "volume" : 2243447.00
  }, {
    "date" : "2025-05-07",
    "price" : 71.67,
    "dma50" : 86.67,
    "dma100" : null,
    "dma200" : 102.61,
    "volume" : 1349112.00
  }, {
    "date" : "2025-05-08",
    "price" : 70.13,
    "dma50" : 86.03,
    "dma100" : null,
    "dma200" : 102.28,
    "volume" : 901418.00
  }, {
    "date" : "2025-05-09",
    "price" : 70.29,
    "dma50" : 85.41,
    "dma100" : null,
    "dma200" : 101.97,
    "volume" : 349102.00
  }, {
    "date" : "2025-05-12",
    "price" : 72.24,
    "dma50" : 84.89,
    "dma100" : null,
    "dma200" : 101.67,
    "volume" : 166311.00
  }, {
    "date" : "2025-05-13",
    "price" : 74.90,
    "dma50" : 84.50,
    "dma100" : null,
    "dma200" : 101.40,
    "volume" : 412716.00
  }, {
    "date" : "2025-05-14",
    "price" : 77.91,
    "dma50" : 84.24,
    "dma100" : null,
    "dma200" : 101.17,
    "volume" : 323674.00
  }, {
    "date" : "2025-05-15",
    "price" : 74.60,
    "dma50" : 83.86,
    "dma100" : null,
    "dma200" : 100.91,
    "volume" : 980134.00
  }, {
    "date" : "2025-05-16",
    "price" : 71.23,
    "dma50" : 83.37,
    "dma100" : null,
    "dma200" : 100.61,
    "volume" : 843490.00
  }, {
    "date" : "2025-05-19",
    "price" : 72.02,
    "dma50" : 82.92,
    "dma100" : null,
    "dma200" : 100.33,
    "volume" : 348152.00
  }, {
    "date" : "2025-05-20",
    "price" : 71.91,
    "dma50" : 82.49,
    "dma100" : null,
    "dma200" : 100.04,
    "volume" : 170807.00
  }, {
    "date" : "2025-05-21",
    "price" : 71.94,
    "dma50" : 82.08,
    "dma100" : null,
    "dma200" : 99.76,
    "volume" : 322923.00
  }, {
    "date" : "2025-05-22",
    "price" : 73.78,
    "dma50" : 81.75,
    "dma100" : null,
    "dma200" : 99.50,
    "volume" : 1358145.00
  }, {
    "date" : "2025-05-23",
    "price" : 72.20,
    "dma50" : 81.38,
    "dma100" : null,
    "dma200" : 99.23,
    "volume" : 481980.00
  }, {
    "date" : "2025-05-26",
    "price" : 75.84,
    "dma50" : 81.16,
    "dma100" : null,
    "dma200" : 99.00,
    "volume" : 550273.00
  }, {
    "date" : "2025-05-27",
    "price" : 76.46,
    "dma50" : 80.98,
    "dma100" : null,
    "dma200" : 98.78,
    "volume" : 276432.00
  }, {
    "date" : "2025-05-28",
    "price" : 83.56,
    "dma50" : 81.08,
    "dma100" : null,
    "dma200" : 98.62,
    "volume" : 892991.00
  }, {
    "date" : "2025-05-29",
    "price" : 79.46,
    "dma50" : 81.01,
    "dma100" : null,
    "dma200" : 98.43,
    "volume" : 625179.00
  }, {
    "date" : "2025-05-30",
    "price" : 81.18,
    "dma50" : 81.02,
    "dma100" : null,
    "dma200" : 98.26,
    "volume" : 333673.00
  }, {
    "date" : "2025-06-02",
    "price" : 82.10,
    "dma50" : 81.06,
    "dma100" : null,
    "dma200" : 98.10,
    "volume" : 489169.00
  }, {
    "date" : "2025-06-03",
    "price" : 88.19,
    "dma50" : 81.34,
    "dma100" : null,
    "dma200" : 98.00,
    "volume" : 782876.00
  }, {
    "date" : "2025-06-04",
    "price" : 94.21,
    "dma50" : 81.85,
    "dma100" : null,
    "dma200" : 97.96,
    "volume" : 2473213.00
  }, {
    "date" : "2025-06-05",
    "price" : 97.08,
    "dma50" : 82.44,
    "dma100" : null,
    "dma200" : 97.96,
    "volume" : 1189484.00
  }, {
    "date" : "2025-06-06",
    "price" : 92.67,
    "dma50" : 82.85,
    "dma100" : null,
    "dma200" : 97.90,
    "volume" : 579546.00
  }, {
    "date" : "2025-06-09",
    "price" : 94.29,
    "dma50" : 83.29,
    "dma100" : null,
    "dma200" : 97.87,
    "volume" : 675381.00
  }, {
    "date" : "2025-06-10",
    "price" : 95.94,
    "dma50" : 83.79,
    "dma100" : null,
    "dma200" : 97.85,
    "volume" : 277738.00
  }, {
    "date" : "2025-06-11",
    "price" : 110.27,
    "dma50" : 84.83,
    "dma100" : null,
    "dma200" : 97.97,
    "volume" : 3057751.00
  }, {
    "date" : "2025-06-12",
    "price" : 110.26,
    "dma50" : 85.83,
    "dma100" : null,
    "dma200" : 98.09,
    "volume" : 826775.00
  }, {
    "date" : "2025-06-13",
    "price" : 108.57,
    "dma50" : 86.72,
    "dma100" : null,
    "dma200" : 98.20,
    "volume" : 368405.00
  }, {
    "date" : "2025-06-16",
    "price" : 105.30,
    "dma50" : 87.45,
    "dma100" : null,
    "dma200" : 98.27,
    "volume" : 294437.00
  }, {
    "date" : "2025-06-17",
    "price" : 102.40,
    "dma50" : 88.03,
    "dma100" : null,
    "dma200" : 98.31,
    "volume" : 230168.00
  }, {
    "date" : "2025-06-18",
    "price" : 103.35,
    "dma50" : 88.63,
    "dma100" : null,
    "dma200" : 98.36,
    "volume" : 240803.00
  }, {
    "date" : "2025-06-19",
    "price" : 101.49,
    "dma50" : 89.14,
    "dma100" : null,
    "dma200" : 98.39,
    "volume" : 223806.00
  }, {
    "date" : "2025-06-20",
    "price" : 106.50,
    "dma50" : 89.82,
    "dma100" : null,
    "dma200" : 98.47,
    "volume" : 361071.00
  }, {
    "date" : "2025-06-23",
    "price" : 105.13,
    "dma50" : 90.42,
    "dma100" : null,
    "dma200" : 98.54,
    "volume" : 145813.00
  }, {
    "date" : "2025-06-24",
    "price" : 109.25,
    "dma50" : 91.16,
    "dma100" : null,
    "dma200" : 98.64,
    "volume" : 445386.00
  }, {
    "date" : "2025-06-25",
    "price" : 109.98,
    "dma50" : 91.90,
    "dma100" : null,
    "dma200" : 98.76,
    "volume" : 333999.00
  }, {
    "date" : "2025-06-26",
    "price" : 111.74,
    "dma50" : 92.67,
    "dma100" : null,
    "dma200" : 98.89,
    "volume" : 401431.00
  }, {
    "date" : "2025-06-27",
    "price" : 109.71,
    "dma50" : 93.34,
    "dma100" : null,
    "dma200" : 98.99,
    "volume" : 316351.00
  }, {
    "date" : "2025-06-30",
    "price" : 111.75,
    "dma50" : 94.06,
    "dma100" : null,
    "dma200" : 99.12,
    "volume" : 346909.00
  }, {
    "date" : "2025-07-01",
    "price" : 112.19,
    "dma50" : 94.77,
    "dma100" : null,
    "dma200" : 99.25,
    "volume" : 271379.00
  }, {
    "date" : "2025-07-02",
    "price" : 111.98,
    "dma50" : 95.45,
    "dma100" : null,
    "dma200" : 99.38,
    "volume" : 78631.00
  }, {
    "date" : "2025-07-03",
    "price" : 114.59,
    "dma50" : 96.20,
    "dma100" : null,
    "dma200" : 99.53,
    "volume" : 473810.00
  }, {
    "date" : "2025-07-04",
    "price" : 114.04,
    "dma50" : 96.90,
    "dma100" : null,
    "dma200" : 99.67,
    "volume" : 198417.00
  }, {
    "date" : "2025-07-07",
    "price" : 120.15,
    "dma50" : 97.81,
    "dma100" : null,
    "dma200" : 99.88,
    "volume" : 643467.00
  }, {
    "date" : "2025-07-08",
    "price" : 118.18,
    "dma50" : 98.61,
    "dma100" : null,
    "dma200" : 100.06,
    "volume" : 581946.00
  }, {
    "date" : "2025-07-09",
    "price" : 116.73,
    "dma50" : 99.32,
    "dma100" : 90.35,
    "dma200" : 100.23,
    "volume" : 230402.00
  }, {
    "date" : "2025-07-10",
    "price" : 105.64,
    "dma50" : 99.57,
    "dma100" : 90.45,
    "dma200" : 100.28,
    "volume" : 914006.00
  }, {
    "date" : "2025-07-11",
    "price" : 104.64,
    "dma50" : 99.77,
    "dma100" : 90.59,
    "dma200" : 100.32,
    "volume" : 80641.00
  }, {
    "date" : "2025-07-14",
    "price" : 106.28,
    "dma50" : 100.02,
    "dma100" : 90.73,
    "dma200" : 100.38,
    "volume" : 87930.00
  }, {
    "date" : "2025-07-15",
    "price" : 106.64,
    "dma50" : 100.28,
    "dma100" : 90.88,
    "dma200" : 100.44,
    "volume" : 128155.00
  }, {
    "date" : "2025-07-16",
    "price" : 105.48,
    "dma50" : 100.49,
    "dma100" : 90.98,
    "dma200" : 100.49,
    "volume" : 48899.00
  }, {
    "date" : "2025-07-17",
    "price" : 107.16,
    "dma50" : 100.75,
    "dma100" : 91.14,
    "dma200" : 100.56,
    "volume" : 53254.00
  }, {
    "date" : "2025-07-18",
    "price" : 106.90,
    "dma50" : 100.99,
    "dma100" : 91.33,
    "dma200" : 100.62,
    "volume" : 69656.00
  }, {
    "date" : "2025-07-21",
    "price" : 106.01,
    "dma50" : 101.19,
    "dma100" : 91.50,
    "dma200" : 100.68,
    "volume" : 55040.00
  }, {
    "date" : "2025-07-22",
    "price" : 107.10,
    "dma50" : 101.42,
    "dma100" : 91.63,
    "dma200" : 100.74,
    "volume" : 87305.00
  }, {
    "date" : "2025-07-23",
    "price" : 107.50,
    "dma50" : 101.66,
    "dma100" : 91.79,
    "dma200" : 100.81,
    "volume" : 86995.00
  }, {
    "date" : "2025-07-24",
    "price" : 104.00,
    "dma50" : 101.75,
    "dma100" : 91.91,
    "dma200" : 100.84,
    "volume" : 130277.00
  }, {
    "date" : "2025-07-25",
    "price" : 104.65,
    "dma50" : 101.86,
    "dma100" : 92.09,
    "dma200" : 100.88,
    "volume" : 83162.00
  }, {
    "date" : "2025-07-28",
    "price" : 104.69,
    "dma50" : 101.97,
    "dma100" : 92.28,
    "dma200" : 100.92,
    "volume" : 81533.00
  }, {
    "date" : "2025-07-29",
    "price" : 105.74,
    "dma50" : 102.12,
    "dma100" : 92.48,
    "dma200" : 100.96,
    "volume" : 72577.00
  }, {
    "date" : "2025-07-30",
    "price" : 105.17,
    "dma50" : 102.24,
    "dma100" : 92.67,
    "dma200" : 101.01,
    "volume" : 65060.00
  }, {
    "date" : "2025-07-31",
    "price" : 105.00,
    "dma50" : 102.35,
    "dma100" : 92.74,
    "dma200" : 101.05,
    "volume" : 49773.00
  }, {
    "date" : "2025-08-01",
    "price" : 106.67,
    "dma50" : 102.52,
    "dma100" : 92.78,
    "dma200" : 101.10,
    "volume" : 168033.00
  }, {
    "date" : "2025-08-04",
    "price" : 103.58,
    "dma50" : 102.56,
    "dma100" : 92.79,
    "dma200" : 101.13,
    "volume" : 185812.00
  }, {
    "date" : "2025-08-05",
    "price" : 102.09,
    "dma50" : 102.54,
    "dma100" : 92.86,
    "dma200" : 101.14,
    "volume" : 86425.00
  }, {
    "date" : "2025-08-06",
    "price" : 100.20,
    "dma50" : 102.45,
    "dma100" : 92.96,
    "dma200" : 101.13,
    "volume" : 52182.00
  }, {
    "date" : "2025-08-07",
    "price" : 100.37,
    "dma50" : 102.37,
    "dma100" : 93.08,
    "dma200" : 101.12,
    "volume" : 49809.00
  }, {
    "date" : "2025-08-08",
    "price" : 99.15,
    "dma50" : 102.24,
    "dma100" : 93.19,
    "dma200" : 101.10,
    "volume" : 82467.00
  }, {
    "date" : "2025-08-11",
    "price" : 103.71,
    "dma50" : 102.30,
    "dma100" : 93.33,
    "dma200" : 101.13,
    "volume" : 77373.00
  }, {
    "date" : "2025-08-12",
    "price" : 104.18,
    "dma50" : 102.37,
    "dma100" : 93.48,
    "dma200" : 101.16,
    "volume" : 24939.00
  }, {
    "date" : "2025-08-13",
    "price" : 105.59,
    "dma50" : 102.50,
    "dma100" : 93.60,
    "dma200" : 101.20,
    "volume" : 43746.00
  }, {
    "date" : "2025-08-14",
    "price" : 101.44,
    "dma50" : 102.46,
    "dma100" : 93.68,
    "dma200" : 101.20,
    "volume" : 47590.00
  }, {
    "date" : "2025-08-18",
    "price" : 100.49,
    "dma50" : 102.38,
    "dma100" : 93.75,
    "dma200" : 101.20,
    "volume" : 48013.00
  }, {
    "date" : "2025-08-19",
    "price" : 100.10,
    "dma50" : 102.29,
    "dma100" : 93.83,
    "dma200" : 101.18,
    "volume" : 42949.00
  }, {
    "date" : "2025-08-20",
    "price" : 100.06,
    "dma50" : 102.20,
    "dma100" : 93.94,
    "dma200" : 101.17,
    "volume" : 36794.00
  }, {
    "date" : "2025-08-21",
    "price" : 99.62,
    "dma50" : 102.10,
    "dma100" : 94.08,
    "dma200" : 101.16,
    "volume" : 30932.00
  }, {
    "date" : "2025-08-22",
    "price" : 97.98,
    "dma50" : 101.94,
    "dma100" : 94.21,
    "dma200" : 101.13,
    "volume" : 41726.00
  }, {
    "date" : "2025-08-25",
    "price" : 97.02,
    "dma50" : 101.75,
    "dma100" : 94.34,
    "dma200" : 101.09,
    "volume" : 42672.00
  }, {
    "date" : "2025-08-26",
    "price" : 95.69,
    "dma50" : 101.51,
    "dma100" : 94.39,
    "dma200" : 101.03,
    "volume" : 37038.00
  }, {
    "date" : "2025-08-28",
    "price" : 93.48,
    "dma50" : 101.20,
    "dma100" : 94.43,
    "dma200" : 100.96,
    "volume" : 42748.00
  }, {
    "date" : "2025-08-29",
    "price" : 96.06,
    "dma50" : 100.99,
    "dma100" : 94.47,
    "dma200" : 100.91,
    "volume" : 35617.00
  }, {
    "date" : "2025-09-01",
    "price" : 97.90,
    "dma50" : 100.87,
    "dma100" : 94.59,
    "dma200" : 100.88,
    "volume" : 34907.00
  }, {
    "date" : "2025-09-02",
    "price" : 99.05,
    "dma50" : 100.80,
    "dma100" : 94.75,
    "dma200" : 100.86,
    "volume" : 71798.00
  }, {
    "date" : "2025-09-03",
    "price" : 102.57,
    "dma50" : 100.87,
    "dma100" : 94.94,
    "dma200" : 100.88,
    "volume" : 47286.00
  }, {
    "date" : "2025-09-04",
    "price" : 102.14,
    "dma50" : 100.92,
    "dma100" : 95.13,
    "dma200" : 100.89,
    "volume" : 45900.00
  }, {
    "date" : "2025-09-05",
    "price" : 102.05,
    "dma50" : 100.96,
    "dma100" : 95.32,
    "dma200" : 100.90,
    "volume" : 32179.00
  }, {
    "date" : "2025-09-08",
    "price" : 106.41,
    "dma50" : 101.18,
    "dma100" : 95.52,
    "dma200" : 100.96,
    "volume" : 117427.00
  }, {
    "date" : "2025-09-09",
    "price" : 108.44,
    "dma50" : 101.46,
    "dma100" : 95.74,
    "dma200" : 101.03,
    "volume" : 94401.00
  }, {
    "date" : "2025-09-10",
    "price" : 110.17,
    "dma50" : 101.80,
    "dma100" : 95.97,
    "dma200" : 101.12,
    "volume" : 101103.00
  }, {
    "date" : "2025-09-11",
    "price" : 108.32,
    "dma50" : 102.06,
    "dma100" : 96.20,
    "dma200" : 101.19,
    "volume" : 55052.00
  }, {
    "date" : "2025-09-12",
    "price" : 105.67,
    "dma50" : 102.20,
    "dma100" : 96.40,
    "dma200" : 101.24,
    "volume" : 43761.00
  }, {
    "date" : "2025-09-15",
    "price" : 105.66,
    "dma50" : 102.34,
    "dma100" : 96.61,
    "dma200" : 101.28,
    "volume" : 30342.00
  }, {
    "date" : "2025-09-16",
    "price" : 105.06,
    "dma50" : 102.44,
    "dma100" : 96.81,
    "dma200" : 101.32,
    "volume" : 33001.00
  }, {
    "date" : "2025-09-17",
    "price" : 105.37,
    "dma50" : 102.56,
    "dma100" : 97.05,
    "dma200" : 101.36,
    "volume" : 43215.00
  }, {
    "date" : "2025-09-18",
    "price" : 105.81,
    "dma50" : 102.69,
    "dma100" : 97.36,
    "dma200" : 101.40,
    "volume" : 61668.00
  }, {
    "date" : "2025-09-19",
    "price" : 104.10,
    "dma50" : 102.74,
    "dma100" : 97.64,
    "dma200" : 101.43,
    "volume" : 42652.00
  }, {
    "date" : "2025-09-22",
    "price" : 104.34,
    "dma50" : 102.80,
    "dma100" : 97.97,
    "dma200" : 101.46,
    "volume" : 65950.00
  }, {
    "date" : "2025-09-23",
    "price" : 103.90,
    "dma50" : 102.85,
    "dma100" : 98.28,
    "dma200" : 101.48,
    "volume" : 25898.00
  }, {
    "date" : "2025-09-24",
    "price" : 103.64,
    "dma50" : 102.88,
    "dma100" : 98.56,
    "dma200" : 101.50,
    "volume" : 28427.00
  }, {
    "date" : "2025-09-25",
    "price" : 103.23,
    "dma50" : 102.89,
    "dma100" : 98.83,
    "dma200" : 101.52,
    "volume" : 20726.00
  }, {
    "date" : "2025-09-26",
    "price" : 99.93,
    "dma50" : 102.78,
    "dma100" : 99.12,
    "dma200" : 101.51,
    "volume" : 52271.00
  }, {
    "date" : "2025-09-29",
    "price" : 96.08,
    "dma50" : 102.51,
    "dma100" : 99.37,
    "dma200" : 101.45,
    "volume" : 55892.00
  }, {
    "date" : "2025-09-30",
    "price" : 95.23,
    "dma50" : 102.23,
    "dma100" : 99.62,
    "dma200" : 101.39,
    "volume" : 29935.00
  }, {
    "date" : "2025-10-01",
    "price" : 97.37,
    "dma50" : 102.04,
    "dma100" : 99.88,
    "dma200" : 101.35,
    "volume" : 29576.00
  }, {
    "date" : "2025-10-03",
    "price" : 97.24,
    "dma50" : 101.85,
    "dma100" : 100.10,
    "dma200" : 101.31,
    "volume" : 24168.00
  }, {
    "date" : "2025-10-06",
    "price" : 101.71,
    "dma50" : 101.84,
    "dma100" : 100.34,
    "dma200" : 101.31,
    "volume" : 52523.00
  }, {
    "date" : "2025-10-07",
    "price" : 101.12,
    "dma50" : 101.82,
    "dma100" : 100.60,
    "dma200" : 101.31,
    "volume" : 54846.00
  }, {
    "date" : "2025-10-08",
    "price" : 101.46,
    "dma50" : 101.80,
    "dma100" : 100.90,
    "dma200" : 101.31,
    "volume" : 24498.00
  }, {
    "date" : "2025-10-09",
    "price" : 102.52,
    "dma50" : 101.83,
    "dma100" : 101.21,
    "dma200" : 101.33,
    "volume" : 45481.00
  }, {
    "date" : "2025-10-10",
    "price" : 104.73,
    "dma50" : 101.94,
    "dma100" : 101.54,
    "dma200" : 101.36,
    "volume" : 91481.00
  }, {
    "date" : "2025-10-13",
    "price" : 107.69,
    "dma50" : 102.17,
    "dma100" : 101.90,
    "dma200" : 101.42,
    "volume" : 241606.00
  }, {
    "date" : "2025-10-14",
    "price" : 102.92,
    "dma50" : 102.20,
    "dma100" : 102.19,
    "dma200" : 101.44,
    "volume" : 179452.00
  }, {
    "date" : "2025-10-15",
    "price" : 104.12,
    "dma50" : 102.27,
    "dma100" : 102.51,
    "dma200" : 101.46,
    "volume" : 110262.00
  }, {
    "date" : "2025-10-16",
    "price" : 104.61,
    "dma50" : 102.37,
    "dma100" : 102.79,
    "dma200" : 101.49,
    "volume" : 57793.00
  }, {
    "date" : "2025-10-17",
    "price" : 101.35,
    "dma50" : 102.33,
    "dma100" : 103.04,
    "dma200" : 101.49,
    "volume" : 62224.00
  }, {
    "date" : "2025-10-20",
    "price" : 104.82,
    "dma50" : 102.42,
    "dma100" : 103.25,
    "dma200" : 101.53,
    "volume" : 134996.00
  }, {
    "date" : "2025-10-21",
    "price" : 104.88,
    "dma50" : 102.52,
    "dma100" : 103.51,
    "dma200" : 101.56,
    "volume" : 25189.00
  }, {
    "date" : "2025-10-23",
    "price" : 102.58,
    "dma50" : 102.52,
    "dma100" : 103.72,
    "dma200" : 101.57,
    "volume" : 53821.00
  }, {
    "date" : "2025-10-24",
    "price" : 101.94,
    "dma50" : 102.50,
    "dma100" : 103.92,
    "dma200" : 101.57,
    "volume" : 57727.00
  }, {
    "date" : "2025-10-27",
    "price" : 103.75,
    "dma50" : 102.55,
    "dma100" : 104.08,
    "dma200" : 101.60,
    "volume" : 148321.00
  }, {
    "date" : "2025-10-28",
    "price" : 103.25,
    "dma50" : 102.58,
    "dma100" : 104.17,
    "dma200" : 101.61,
    "volume" : 99725.00
  }, {
    "date" : "2025-10-29",
    "price" : 103.03,
    "dma50" : 102.59,
    "dma100" : 104.23,
    "dma200" : 101.63,
    "volume" : 170478.00
  }, {
    "date" : "2025-10-30",
    "price" : 104.25,
    "dma50" : 102.66,
    "dma100" : 104.34,
    "dma200" : 101.65,
    "volume" : 110323.00
  }, {
    "date" : "2025-10-31",
    "price" : 102.71,
    "dma50" : 102.66,
    "dma100" : 104.43,
    "dma200" : 101.66,
    "volume" : 51502.00
  }, {
    "date" : "2025-11-03",
    "price" : 102.22,
    "dma50" : 102.64,
    "dma100" : 104.49,
    "dma200" : 101.67,
    "volume" : 46667.00
  }, {
    "date" : "2025-11-04",
    "price" : 101.61,
    "dma50" : 102.60,
    "dma100" : 104.40,
    "dma200" : 101.67,
    "volume" : 49467.00
  }, {
    "date" : "2025-11-06",
    "price" : 101.08,
    "dma50" : 102.54,
    "dma100" : 104.31,
    "dma200" : 101.66,
    "volume" : 50008.00
  }, {
    "date" : "2025-11-07",
    "price" : 100.60,
    "dma50" : 102.47,
    "dma100" : 104.23,
    "dma200" : 101.65,
    "volume" : 32920.00
  }, {
    "date" : "2025-11-10",
    "price" : 104.21,
    "dma50" : 102.54,
    "dma100" : 104.22,
    "dma200" : 101.68,
    "volume" : 82258.00
  }, {
    "date" : "2025-11-11",
    "price" : 103.36,
    "dma50" : 102.57,
    "dma100" : 104.23,
    "dma200" : 101.69,
    "volume" : 99369.00
  }, {
    "date" : "2025-11-12",
    "price" : 102.57,
    "dma50" : 102.57,
    "dma100" : 104.22,
    "dma200" : 101.70,
    "volume" : 63824.00
  }, {
    "date" : "2025-11-13",
    "price" : 103.43,
    "dma50" : 102.60,
    "dma100" : 104.24,
    "dma200" : 101.72,
    "volume" : 42441.00
  }, {
    "date" : "2025-11-14",
    "price" : 103.75,
    "dma50" : 102.65,
    "dma100" : 104.21,
    "dma200" : 101.74,
    "volume" : 45168.00
  }, {
    "date" : "2025-11-17",
    "price" : 99.57,
    "dma50" : 102.53,
    "dma100" : 104.16,
    "dma200" : 101.72,
    "volume" : 201417.00
  }, {
    "date" : "2025-11-18",
    "price" : 96.60,
    "dma50" : 102.29,
    "dma100" : 104.03,
    "dma200" : 101.67,
    "volume" : 151290.00
  }, {
    "date" : "2025-11-19",
    "price" : 95.44,
    "dma50" : 102.02,
    "dma100" : 103.89,
    "dma200" : 101.60,
    "volume" : 82628.00
  }, {
    "date" : "2025-11-20",
    "price" : 95.29,
    "dma50" : 101.76,
    "dma100" : 103.72,
    "dma200" : 101.54,
    "volume" : 62846.00
  }, {
    "date" : "2025-11-21",
    "price" : 100.56,
    "dma50" : 101.71,
    "dma100" : 103.63,
    "dma200" : 101.53,
    "volume" : 307619.00
  }, {
    "date" : "2025-11-24",
    "price" : 95.72,
    "dma50" : 101.48,
    "dma100" : 103.47,
    "dma200" : 101.47,
    "volume" : 127232.00
  }, {
    "date" : "2025-11-25",
    "price" : 94.04,
    "dma50" : 101.19,
    "dma100" : 103.29,
    "dma200" : 101.40,
    "volume" : 94962.00
  }, {
    "date" : "2025-11-26",
    "price" : 96.23,
    "dma50" : 100.99,
    "dma100" : 103.13,
    "dma200" : 101.35,
    "volume" : 113839.00
  }, {
    "date" : "2025-11-27",
    "price" : 96.58,
    "dma50" : 100.82,
    "dma100" : 102.95,
    "dma200" : 101.30,
    "volume" : 85830.00
  }, {
    "date" : "2025-11-28",
    "price" : 97.48,
    "dma50" : 100.69,
    "dma100" : 102.79,
    "dma200" : 101.26,
    "volume" : 65317.00
  }, {
    "date" : "2025-12-01",
    "price" : 96.42,
    "dma50" : 100.52,
    "dma100" : 102.55,
    "dma200" : 101.22,
    "volume" : 35665.00
  }, {
    "date" : "2025-12-02",
    "price" : 95.56,
    "dma50" : 100.33,
    "dma100" : 102.32,
    "dma200" : 101.16,
    "volume" : 39946.00
  }, {
    "date" : "2025-12-03",
    "price" : 94.75,
    "dma50" : 100.11,
    "dma100" : 102.10,
    "dma200" : 101.10,
    "volume" : 65203.00
  }, {
    "date" : "2025-12-04",
    "price" : 93.18,
    "dma50" : 99.84,
    "dma100" : 101.98,
    "dma200" : 101.02,
    "volume" : 39404.00
  }, {
    "date" : "2025-12-05",
    "price" : 95.90,
    "dma50" : 99.68,
    "dma100" : 101.89,
    "dma200" : 100.97,
    "volume" : 132702.00
  }, {
    "date" : "2025-12-08",
    "price" : 91.35,
    "dma50" : 99.35,
    "dma100" : 101.74,
    "dma200" : 100.87,
    "volume" : 127727.00
  }, {
    "date" : "2025-12-09",
    "price" : 90.53,
    "dma50" : 99.01,
    "dma100" : 101.58,
    "dma200" : 100.77,
    "volume" : 71089.00
  }, {
    "date" : "2025-12-10",
    "price" : 93.64,
    "dma50" : 98.80,
    "dma100" : 101.46,
    "dma200" : 100.70,
    "volume" : 91266.00
  }, {
    "date" : "2025-12-11",
    "price" : 95.75,
    "dma50" : 98.68,
    "dma100" : 101.35,
    "dma200" : 100.65,
    "volume" : 137256.00
  }, {
    "date" : "2025-12-12",
    "price" : 97.91,
    "dma50" : 98.65,
    "dma100" : 101.26,
    "dma200" : 100.62,
    "volume" : 174340.00
  }, {
    "date" : "2025-12-15",
    "price" : 97.62,
    "dma50" : 98.61,
    "dma100" : 101.17,
    "dma200" : 100.59,
    "volume" : 108560.00
  }, {
    "date" : "2025-12-16",
    "price" : 95.42,
    "dma50" : 98.48,
    "dma100" : 101.06,
    "dma200" : 100.54,
    "volume" : 40874.00
  }, {
    "date" : "2025-12-17",
    "price" : 93.59,
    "dma50" : 98.29,
    "dma100" : 100.92,
    "dma200" : 100.47,
    "volume" : 49109.00
  }, {
    "date" : "2025-12-18",
    "price" : 94.05,
    "dma50" : 98.13,
    "dma100" : 100.82,
    "dma200" : 100.41,
    "volume" : 169492.00
  }, {
    "date" : "2025-12-19",
    "price" : 93.41,
    "dma50" : 97.94,
    "dma100" : 100.71,
    "dma200" : 100.34,
    "volume" : 51274.00
  }, {
    "date" : "2025-12-22",
    "price" : 94.25,
    "dma50" : 97.80,
    "dma100" : 100.60,
    "dma200" : 100.28,
    "volume" : 80489.00
  }, {
    "date" : "2025-12-23",
    "price" : 92.88,
    "dma50" : 97.60,
    "dma100" : 100.47,
    "dma200" : 100.20,
    "volume" : 97229.00
  }, {
    "date" : "2025-12-24",
    "price" : 91.90,
    "dma50" : 97.38,
    "dma100" : 100.34,
    "dma200" : 100.12,
    "volume" : 62465.00
  }, {
    "date" : "2025-12-26",
    "price" : 91.51,
    "dma50" : 97.15,
    "dma100" : 100.21,
    "dma200" : 100.03,
    "volume" : 96758.00
  }, {
    "date" : "2025-12-29",
    "price" : 89.63,
    "dma50" : 96.85,
    "dma100" : 100.04,
    "dma200" : 99.93,
    "volume" : 84576.00
  }, {
    "date" : "2025-12-30",
    "price" : 89.47,
    "dma50" : 96.56,
    "dma100" : 99.89,
    "dma200" : 99.83,
    "volume" : 28140.00
  }, {
    "date" : "2025-12-31",
    "price" : 88.15,
    "dma50" : 96.23,
    "dma100" : 99.75,
    "dma200" : 99.71,
    "volume" : 141052.00
  }, {
    "date" : "2026-01-01",
    "price" : 90.49,
    "dma50" : 96.01,
    "dma100" : 99.66,
    "dma200" : 99.62,
    "volume" : 52392.00
  }, {
    "date" : "2026-01-02",
    "price" : 91.55,
    "dma50" : 95.83,
    "dma100" : 99.57,
    "dma200" : 99.54,
    "volume" : 75556.00
  }, {
    "date" : "2026-01-05",
    "price" : 90.34,
    "dma50" : 95.62,
    "dma100" : 99.48,
    "dma200" : 99.45,
    "volume" : 31798.00
  }, {
    "date" : "2026-01-06",
    "price" : 89.61,
    "dma50" : 95.38,
    "dma100" : 99.34,
    "dma200" : 99.35,
    "volume" : 44113.00
  }, {
    "date" : "2026-01-07",
    "price" : 94.48,
    "dma50" : 95.35,
    "dma100" : 99.24,
    "dma200" : 99.30,
    "volume" : 199090.00
  }, {
    "date" : "2026-01-08",
    "price" : 91.25,
    "dma50" : 95.19,
    "dma100" : 99.10,
    "dma200" : 99.22,
    "volume" : 170791.00
  }, {
    "date" : "2026-01-09",
    "price" : 90.37,
    "dma50" : 95.00,
    "dma100" : 98.99,
    "dma200" : 99.13,
    "volume" : 218930.00
  }, {
    "date" : "2026-01-12",
    "price" : 90.79,
    "dma50" : 94.83,
    "dma100" : 98.89,
    "dma200" : 99.05,
    "volume" : 116842.00
  }, {
    "date" : "2026-01-13",
    "price" : 101.14,
    "dma50" : 95.08,
    "dma100" : 98.90,
    "dma200" : 99.07,
    "volume" : 1746321.00
  }, {
    "date" : "2026-01-14",
    "price" : 100.72,
    "dma50" : 95.30,
    "dma100" : 98.91,
    "dma200" : 99.09,
    "volume" : 758150.00
  }, {
    "date" : "2026-01-16",
    "price" : 110.95,
    "dma50" : 95.92,
    "dma100" : 99.02,
    "dma200" : 99.20,
    "volume" : 1525121.00
  }, {
    "date" : "2026-01-19",
    "price" : 111.44,
    "dma50" : 96.52,
    "dma100" : 99.16,
    "dma200" : 99.33,
    "volume" : 368692.00
  }, {
    "date" : "2026-01-20",
    "price" : 107.42,
    "dma50" : 96.95,
    "dma100" : 99.26,
    "dma200" : 99.41,
    "volume" : 256942.00
  }, {
    "date" : "2026-01-21",
    "price" : 106.28,
    "dma50" : 97.32,
    "dma100" : 99.37,
    "dma200" : 99.47,
    "volume" : 249210.00
  }, {
    "date" : "2026-01-22",
    "price" : 106.85,
    "dma50" : 97.69,
    "dma100" : 99.50,
    "dma200" : 99.55,
    "volume" : 141414.00
  }, {
    "date" : "2026-01-23",
    "price" : 109.63,
    "dma50" : 98.16,
    "dma100" : 99.64,
    "dma200" : 99.65,
    "volume" : 301692.00
  }, {
    "date" : "2026-01-27",
    "price" : 107.02,
    "dma50" : 98.51,
    "dma100" : 99.73,
    "dma200" : 99.72,
    "volume" : 72168.00
  }, {
    "date" : "2026-01-28",
    "price" : 108.70,
    "dma50" : 98.91,
    "dma100" : 99.82,
    "dma200" : 99.81,
    "volume" : 163793.00
  }, {
    "date" : "2026-01-29",
    "price" : 107.31,
    "dma50" : 99.24,
    "dma100" : 99.87,
    "dma200" : 99.89,
    "volume" : 204788.00
  }, {
    "date" : "2026-01-30",
    "price" : 113.41,
    "dma50" : 99.79,
    "dma100" : 99.98,
    "dma200" : 100.02,
    "volume" : 785999.00
  }, {
    "date" : "2026-02-01",
    "price" : 112.73,
    "dma50" : 100.30,
    "dma100" : 100.09,
    "dma200" : 100.15,
    "volume" : 304420.00
  }, {
    "date" : "2026-02-02",
    "price" : 108.65,
    "dma50" : 100.63,
    "dma100" : 100.11,
    "dma200" : 100.23,
    "volume" : 196596.00
  }, {
    "date" : "2026-02-03",
    "price" : 113.37,
    "dma50" : 101.13,
    "dma100" : 100.16,
    "dma200" : 100.36,
    "volume" : 241542.00
  }, {
    "date" : "2026-02-04",
    "price" : 120.59,
    "dma50" : 101.89,
    "dma100" : 100.27,
    "dma200" : 100.56,
    "volume" : 880113.00
  }, {
    "date" : "2026-02-05",
    "price" : 122.14,
    "dma50" : 102.68,
    "dma100" : 100.41,
    "dma200" : 100.78,
    "volume" : 985680.00
  }, {
    "date" : "2026-02-06",
    "price" : 132.20,
    "dma50" : 103.84,
    "dma100" : 100.67,
    "dma200" : 101.09,
    "volume" : 9526136.00
  }, {
    "date" : "2026-02-09",
    "price" : 138.79,
    "dma50" : 105.21,
    "dma100" : 101.00,
    "dma200" : 101.47,
    "volume" : 1654025.00
  } ],
  "latestTechnicalAttributes" : {
    "date" : "2026-02-09",
    "price" : 138.79,
    "dma50" : 105.21,
    "dma100" : 101.00,
    "dma200" : 101.47,
    "volume" : 1654025.00
  },
  "quarterlyResults" : [ {
    "date" : "2005-03-31",
    "sales" : 80.42,
    "salesGrowthYoY" : null,
    "grossProfitMargin" : 29.61,
    "grossProfit" : 23.81,
    "operatingProfitMargin" : 14.90,
    "operatingProfit" : 11.98,
    "netProfitMargin" : 11.27,
    "netProfit" : 9.06
  }, {
    "date" : "2005-06-30",
    "sales" : 79.97,
    "salesGrowthYoY" : null,
    "grossProfitMargin" : 33.84,
    "grossProfit" : 27.06,
    "operatingProfitMargin" : 18.46,
    "operatingProfit" : 14.76,
    "netProfitMargin" : 12.55,
    "netProfit" : 10.04
  }, {
    "date" : "2005-09-30",
    "sales" : 80.28,
    "salesGrowthYoY" : null,
    "grossProfitMargin" : 37.01,
    "grossProfit" : 29.71,
    "operatingProfitMargin" : 18.55,
    "operatingProfit" : 14.89,
    "netProfitMargin" : 10.30,
    "netProfit" : 8.27
  }, {
    "date" : "2005-12-31",
    "sales" : 82.36,
    "salesGrowthYoY" : null,
    "grossProfitMargin" : 39.56,
    "grossProfit" : 32.58,
    "operatingProfitMargin" : 20.20,
    "operatingProfit" : 16.64,
    "netProfitMargin" : 11.05,
    "netProfit" : 9.10
  }, {
    "date" : "2006-03-31",
    "sales" : 80.81,
    "salesGrowthYoY" : 0.48,
    "grossProfitMargin" : 36.25,
    "grossProfit" : 29.29,
    "operatingProfitMargin" : 17.49,
    "operatingProfit" : 14.13,
    "netProfitMargin" : 9.12,
    "netProfit" : 7.37
  }, {
    "date" : "2006-06-30",
    "sales" : 53.78,
    "salesGrowthYoY" : -32.75,
    "grossProfitMargin" : 51.47,
    "grossProfit" : 27.68,
    "operatingProfitMargin" : 23.73,
    "operatingProfit" : 12.76,
    "netProfitMargin" : 7.87,
    "netProfit" : 4.23
  }, {
    "date" : "2006-09-30",
    "sales" : 72.88,
    "salesGrowthYoY" : -9.22,
    "grossProfitMargin" : 39.30,
    "grossProfit" : 28.64,
    "operatingProfitMargin" : 16.73,
    "operatingProfit" : 12.19,
    "netProfitMargin" : 6.17,
    "netProfit" : 4.50
  }, {
    "date" : "2006-12-31",
    "sales" : 92.82,
    "salesGrowthYoY" : 12.70,
    "grossProfitMargin" : 31.23,
    "grossProfit" : 28.99,
    "operatingProfitMargin" : 16.99,
    "operatingProfit" : 15.77,
    "netProfitMargin" : 5.95,
    "netProfit" : 5.52
  }, {
    "date" : "2007-03-31",
    "sales" : 132.33,
    "salesGrowthYoY" : 63.75,
    "grossProfitMargin" : 29.86,
    "grossProfit" : 39.51,
    "operatingProfitMargin" : 15.86,
    "operatingProfit" : 20.99,
    "netProfitMargin" : 3.86,
    "netProfit" : 5.11
  }, {
    "date" : "2007-06-30",
    "sales" : 103.48,
    "salesGrowthYoY" : 92.41,
    "grossProfitMargin" : 31.34,
    "grossProfit" : 32.43,
    "operatingProfitMargin" : 17.41,
    "operatingProfit" : 18.02,
    "netProfitMargin" : 5.15,
    "netProfit" : 5.33
  }, {
    "date" : "2007-09-30",
    "sales" : 108.63,
    "salesGrowthYoY" : 49.05,
    "grossProfitMargin" : 29.98,
    "grossProfit" : 32.57,
    "operatingProfitMargin" : 15.97,
    "operatingProfit" : 17.35,
    "netProfitMargin" : 6.63,
    "netProfit" : 7.20
  }, {
    "date" : "2007-12-31",
    "sales" : 113.73,
    "salesGrowthYoY" : 22.53,
    "grossProfitMargin" : 28.30,
    "grossProfit" : 32.19,
    "operatingProfitMargin" : 14.32,
    "operatingProfit" : 16.29,
    "netProfitMargin" : 6.36,
    "netProfit" : 7.23
  }, {
    "date" : "2008-03-31",
    "sales" : 123.02,
    "salesGrowthYoY" : -7.04,
    "grossProfitMargin" : 36.65,
    "grossProfit" : 45.09,
    "operatingProfitMargin" : 20.72,
    "operatingProfit" : 25.49,
    "netProfitMargin" : 9.14,
    "netProfit" : 11.24
  }, {
    "date" : "2008-06-30",
    "sales" : 139.76,
    "salesGrowthYoY" : 35.06,
    "grossProfitMargin" : 29.58,
    "grossProfit" : 41.34,
    "operatingProfitMargin" : 17.37,
    "operatingProfit" : 24.28,
    "netProfitMargin" : 7.19,
    "netProfit" : 10.05
  }, {
    "date" : "2008-09-30",
    "sales" : 146.77,
    "salesGrowthYoY" : 35.11,
    "grossProfitMargin" : 31.91,
    "grossProfit" : 46.83,
    "operatingProfitMargin" : 19.74,
    "operatingProfit" : 28.97,
    "netProfitMargin" : 7.12,
    "netProfit" : 10.45
  }, {
    "date" : "2008-12-31",
    "sales" : 153.40,
    "salesGrowthYoY" : 34.88,
    "grossProfitMargin" : 30.77,
    "grossProfit" : 47.20,
    "operatingProfitMargin" : 17.25,
    "operatingProfit" : 26.46,
    "netProfitMargin" : 5.52,
    "netProfit" : 8.47
  }, {
    "date" : "2009-03-31",
    "sales" : 148.21,
    "salesGrowthYoY" : 20.48,
    "grossProfitMargin" : 39.81,
    "grossProfit" : 59.00,
    "operatingProfitMargin" : 29.57,
    "operatingProfit" : 43.83,
    "netProfitMargin" : 7.71,
    "netProfit" : 11.43
  }, {
    "date" : "2009-06-30",
    "sales" : 170.32,
    "salesGrowthYoY" : 21.87,
    "grossProfitMargin" : 25.76,
    "grossProfit" : 43.87,
    "operatingProfitMargin" : 16.57,
    "operatingProfit" : 28.22,
    "netProfitMargin" : 6.62,
    "netProfit" : 11.28
  }, {
    "date" : "2009-09-30",
    "sales" : 196.47,
    "salesGrowthYoY" : 33.86,
    "grossProfitMargin" : 28.77,
    "grossProfit" : 56.52,
    "operatingProfitMargin" : 18.26,
    "operatingProfit" : 35.88,
    "netProfitMargin" : 6.36,
    "netProfit" : 12.50
  }, {
    "date" : "2009-12-31",
    "sales" : 216.92,
    "salesGrowthYoY" : 41.41,
    "grossProfitMargin" : 22.28,
    "grossProfit" : 48.33,
    "operatingProfitMargin" : 12.53,
    "operatingProfit" : 27.18,
    "netProfitMargin" : 5.11,
    "netProfit" : 11.08
  }, {
    "date" : "2010-03-31",
    "sales" : 201.28,
    "salesGrowthYoY" : 35.81,
    "grossProfitMargin" : 32.99,
    "grossProfit" : 66.40,
    "operatingProfitMargin" : 20.67,
    "operatingProfit" : 41.60,
    "netProfitMargin" : 10.15,
    "netProfit" : 20.43
  }, {
    "date" : "2010-06-30",
    "sales" : 198.62,
    "salesGrowthYoY" : 16.62,
    "grossProfitMargin" : 31.31,
    "grossProfit" : 62.19,
    "operatingProfitMargin" : 20.26,
    "operatingProfit" : 40.24,
    "netProfitMargin" : 7.48,
    "netProfit" : 14.86
  }, {
    "date" : "2010-09-30",
    "sales" : 215.79,
    "salesGrowthYoY" : 9.83,
    "grossProfitMargin" : 30.53,
    "grossProfit" : 65.88,
    "operatingProfitMargin" : 19.63,
    "operatingProfit" : 42.36,
    "netProfitMargin" : 9.05,
    "netProfit" : 19.53
  }, {
    "date" : "2010-12-31",
    "sales" : 310.11,
    "salesGrowthYoY" : 42.96,
    "grossProfitMargin" : 23.93,
    "grossProfit" : 74.21,
    "operatingProfitMargin" : 16.82,
    "operatingProfit" : 52.16,
    "netProfitMargin" : 7.94,
    "netProfit" : 24.62
  }, {
    "date" : "2011-03-31",
    "sales" : 307.15,
    "salesGrowthYoY" : 52.60,
    "grossProfitMargin" : 22.31,
    "grossProfit" : 68.53,
    "operatingProfitMargin" : 14.72,
    "operatingProfit" : 45.21,
    "netProfitMargin" : 8.35,
    "netProfit" : 25.65
  }, {
    "date" : "2011-06-30",
    "sales" : 263.58,
    "salesGrowthYoY" : 32.71,
    "grossProfitMargin" : 24.03,
    "grossProfit" : 63.34,
    "operatingProfitMargin" : 14.19,
    "operatingProfit" : 37.40,
    "netProfitMargin" : 6.58,
    "netProfit" : 17.34
  }, {
    "date" : "2011-09-30",
    "sales" : 355.32,
    "salesGrowthYoY" : 64.66,
    "grossProfitMargin" : 24.14,
    "grossProfit" : 85.77,
    "operatingProfitMargin" : 17.04,
    "operatingProfit" : 60.55,
    "netProfitMargin" : 6.72,
    "netProfit" : 23.88
  }, {
    "date" : "2011-12-31",
    "sales" : 358.80,
    "salesGrowthYoY" : 15.70,
    "grossProfitMargin" : 25.58,
    "grossProfit" : 91.78,
    "operatingProfitMargin" : 19.46,
    "operatingProfit" : 69.82,
    "netProfitMargin" : 9.51,
    "netProfit" : 34.12
  }, {
    "date" : "2012-03-31",
    "sales" : 360.70,
    "salesGrowthYoY" : 17.43,
    "grossProfitMargin" : 16.02,
    "grossProfit" : 57.78,
    "operatingProfitMargin" : 8.62,
    "operatingProfit" : 31.09,
    "netProfitMargin" : 5.09,
    "netProfit" : 18.36
  }, {
    "date" : "2012-06-30",
    "sales" : 305.17,
    "salesGrowthYoY" : 15.78,
    "grossProfitMargin" : 7.96,
    "grossProfit" : 24.29,
    "operatingProfitMargin" : -3.14,
    "operatingProfit" : -9.58,
    "netProfitMargin" : -15.59,
    "netProfit" : -47.58
  }, {
    "date" : "2012-09-30",
    "sales" : 335.78,
    "salesGrowthYoY" : -5.50,
    "grossProfitMargin" : 18.21,
    "grossProfit" : 61.15,
    "operatingProfitMargin" : 8.97,
    "operatingProfit" : 30.12,
    "netProfitMargin" : -2.69,
    "netProfit" : -9.03
  }, {
    "date" : "2012-12-31",
    "sales" : 234.94,
    "salesGrowthYoY" : -34.52,
    "grossProfitMargin" : 32.42,
    "grossProfit" : 76.17,
    "operatingProfitMargin" : 13.30,
    "operatingProfit" : 31.25,
    "netProfitMargin" : -2.72,
    "netProfit" : -6.39
  }, {
    "date" : "2013-03-31",
    "sales" : 234.94,
    "salesGrowthYoY" : -34.87,
    "grossProfitMargin" : 32.42,
    "grossProfit" : 76.17,
    "operatingProfitMargin" : 13.30,
    "operatingProfit" : 31.25,
    "netProfitMargin" : -2.72,
    "netProfit" : -6.39
  }, {
    "date" : "2013-06-30",
    "sales" : 253.20,
    "salesGrowthYoY" : -17.03,
    "grossProfitMargin" : 28.21,
    "grossProfit" : 71.43,
    "operatingProfitMargin" : 13.63,
    "operatingProfit" : 34.51,
    "netProfitMargin" : -3.12,
    "netProfit" : -7.90
  }, {
    "date" : "2013-09-30",
    "sales" : 237.93,
    "salesGrowthYoY" : -29.14,
    "grossProfitMargin" : 29.19,
    "grossProfit" : 69.45,
    "operatingProfitMargin" : 16.34,
    "operatingProfit" : 38.88,
    "netProfitMargin" : -3.60,
    "netProfit" : -8.57
  }, {
    "date" : "2013-12-31",
    "sales" : 249.28,
    "salesGrowthYoY" : 6.10,
    "grossProfitMargin" : 27.74,
    "grossProfit" : 69.15,
    "operatingProfitMargin" : 13.80,
    "operatingProfit" : 34.40,
    "netProfitMargin" : -5.23,
    "netProfit" : -13.04
  }, {
    "date" : "2014-03-31",
    "sales" : 213.72,
    "salesGrowthYoY" : -9.03,
    "grossProfitMargin" : 2.96,
    "grossProfit" : 6.33,
    "operatingProfitMargin" : -17.17,
    "operatingProfit" : -36.70,
    "netProfitMargin" : -30.19,
    "netProfit" : -64.52
  }, {
    "date" : "2014-06-30",
    "sales" : 188.61,
    "salesGrowthYoY" : -25.51,
    "grossProfitMargin" : 33.81,
    "grossProfit" : 63.77,
    "operatingProfitMargin" : 15.47,
    "operatingProfit" : 29.18,
    "netProfitMargin" : -9.08,
    "netProfit" : -17.13
  }, {
    "date" : "2014-09-30",
    "sales" : 161.99,
    "salesGrowthYoY" : -31.92,
    "grossProfitMargin" : 38.77,
    "grossProfit" : 62.80,
    "operatingProfitMargin" : 17.69,
    "operatingProfit" : 28.66,
    "netProfitMargin" : -11.59,
    "netProfit" : -18.77
  }, {
    "date" : "2014-12-31",
    "sales" : 158.90,
    "salesGrowthYoY" : -36.26,
    "grossProfitMargin" : 41.33,
    "grossProfit" : 65.67,
    "operatingProfitMargin" : 18.80,
    "operatingProfit" : 29.87,
    "netProfitMargin" : -7.79,
    "netProfit" : -12.38
  }, {
    "date" : "2015-03-31",
    "sales" : 158.48,
    "salesGrowthYoY" : -25.85,
    "grossProfitMargin" : 48.74,
    "grossProfit" : 77.24,
    "operatingProfitMargin" : 12.92,
    "operatingProfit" : 20.48,
    "netProfitMargin" : -12.45,
    "netProfit" : -19.73
  }, {
    "date" : "2015-06-30",
    "sales" : 173.33,
    "salesGrowthYoY" : -8.10,
    "grossProfitMargin" : 42.15,
    "grossProfit" : 73.06,
    "operatingProfitMargin" : 15.92,
    "operatingProfit" : 27.59,
    "netProfitMargin" : -9.42,
    "netProfit" : -16.33
  }, {
    "date" : "2015-09-30",
    "sales" : 163.74,
    "salesGrowthYoY" : 1.08,
    "grossProfitMargin" : 43.29,
    "grossProfit" : 70.88,
    "operatingProfitMargin" : 17.10,
    "operatingProfit" : 28.00,
    "netProfitMargin" : -9.59,
    "netProfit" : -15.70
  }, {
    "date" : "2015-12-31",
    "sales" : 154.38,
    "salesGrowthYoY" : -2.84,
    "grossProfitMargin" : 47.48,
    "grossProfit" : 73.30,
    "operatingProfitMargin" : 18.23,
    "operatingProfit" : 28.14,
    "netProfitMargin" : -11.21,
    "netProfit" : -17.31
  }, {
    "date" : "2016-03-31",
    "sales" : 161.47,
    "salesGrowthYoY" : 1.89,
    "grossProfitMargin" : 56.61,
    "grossProfit" : 91.41,
    "operatingProfitMargin" : 23.79,
    "operatingProfit" : 38.41,
    "netProfitMargin" : 2.80,
    "netProfit" : 4.52
  }, {
    "date" : "2016-06-30",
    "sales" : 179.93,
    "salesGrowthYoY" : 3.81,
    "grossProfitMargin" : 44.56,
    "grossProfit" : 80.18,
    "operatingProfitMargin" : 14.46,
    "operatingProfit" : 26.02,
    "netProfitMargin" : -9.30,
    "netProfit" : -16.73
  }, {
    "date" : "2016-09-30",
    "sales" : 166.41,
    "salesGrowthYoY" : 1.63,
    "grossProfitMargin" : 45.05,
    "grossProfit" : 74.97,
    "operatingProfitMargin" : 16.03,
    "operatingProfit" : 26.68,
    "netProfitMargin" : -8.67,
    "netProfit" : -14.43
  }, {
    "date" : "2016-12-31",
    "sales" : 171.74,
    "salesGrowthYoY" : 11.24,
    "grossProfitMargin" : 43.01,
    "grossProfit" : 73.87,
    "operatingProfitMargin" : 15.17,
    "operatingProfit" : 26.05,
    "netProfitMargin" : -5.25,
    "netProfit" : -9.02
  }, {
    "date" : "2017-03-31",
    "sales" : 170.26,
    "salesGrowthYoY" : 5.44,
    "grossProfitMargin" : 40.46,
    "grossProfit" : 68.89,
    "operatingProfitMargin" : 12.28,
    "operatingProfit" : 20.91,
    "netProfitMargin" : 0.25,
    "netProfit" : 0.43
  }, {
    "date" : "2017-06-30",
    "sales" : 164.09,
    "salesGrowthYoY" : -8.80,
    "grossProfitMargin" : 39.19,
    "grossProfit" : 64.31,
    "operatingProfitMargin" : 9.54,
    "operatingProfit" : 15.65,
    "netProfitMargin" : -13.98,
    "netProfit" : -22.94
  }, {
    "date" : "2017-09-30",
    "sales" : 184.57,
    "salesGrowthYoY" : 10.91,
    "grossProfitMargin" : 41.46,
    "grossProfit" : 76.52,
    "operatingProfitMargin" : 16.00,
    "operatingProfit" : 29.53,
    "netProfitMargin" : -4.02,
    "netProfit" : -7.42
  }, {
    "date" : "2017-12-31",
    "sales" : 166.13,
    "salesGrowthYoY" : -3.27,
    "grossProfitMargin" : 52.93,
    "grossProfit" : 87.93,
    "operatingProfitMargin" : 20.17,
    "operatingProfit" : 33.51,
    "netProfitMargin" : 0.04,
    "netProfit" : 0.07
  }, {
    "date" : "2018-03-31",
    "sales" : 216.50,
    "salesGrowthYoY" : 27.16,
    "grossProfitMargin" : 58.87,
    "grossProfit" : 127.45,
    "operatingProfitMargin" : 22.06,
    "operatingProfit" : 47.76,
    "netProfitMargin" : 22.61,
    "netProfit" : 48.95
  }, {
    "date" : "2018-06-30",
    "sales" : 178.76,
    "salesGrowthYoY" : 8.94,
    "grossProfitMargin" : 51.05,
    "grossProfit" : 91.26,
    "operatingProfitMargin" : 16.61,
    "operatingProfit" : 29.69,
    "netProfitMargin" : 2.03,
    "netProfit" : 3.63
  }, {
    "date" : "2018-09-30",
    "sales" : 157.55,
    "salesGrowthYoY" : -14.64,
    "grossProfitMargin" : 52.80,
    "grossProfit" : 83.19,
    "operatingProfitMargin" : 18.51,
    "operatingProfit" : 29.16,
    "netProfitMargin" : -3.43,
    "netProfit" : -5.40
  }, {
    "date" : "2018-12-31",
    "sales" : 195.99,
    "salesGrowthYoY" : 17.97,
    "grossProfitMargin" : 46.19,
    "grossProfit" : 90.53,
    "operatingProfitMargin" : 18.71,
    "operatingProfit" : 36.67,
    "netProfitMargin" : -1.35,
    "netProfit" : -2.65
  }, {
    "date" : "2019-03-31",
    "sales" : 192.12,
    "salesGrowthYoY" : -11.26,
    "grossProfitMargin" : 48.65,
    "grossProfit" : 93.47,
    "operatingProfitMargin" : 22.28,
    "operatingProfit" : 42.80,
    "netProfitMargin" : -3.38,
    "netProfit" : -6.49
  }, {
    "date" : "2019-06-30",
    "sales" : 181.15,
    "salesGrowthYoY" : 1.34,
    "grossProfitMargin" : 50.78,
    "grossProfit" : 91.99,
    "operatingProfitMargin" : 20.60,
    "operatingProfit" : 37.32,
    "netProfitMargin" : -4.47,
    "netProfit" : -8.10
  }, {
    "date" : "2019-09-30",
    "sales" : 189.61,
    "salesGrowthYoY" : 20.35,
    "grossProfitMargin" : 46.03,
    "grossProfit" : 87.28,
    "operatingProfitMargin" : 15.94,
    "operatingProfit" : 30.22,
    "netProfitMargin" : -5.74,
    "netProfit" : -10.88
  }, {
    "date" : "2019-12-31",
    "sales" : 196.04,
    "salesGrowthYoY" : 0.03,
    "grossProfitMargin" : 50.14,
    "grossProfit" : 98.29,
    "operatingProfitMargin" : 19.79,
    "operatingProfit" : 38.80,
    "netProfitMargin" : -2.55,
    "netProfit" : -5.00
  }, {
    "date" : "2020-03-31",
    "sales" : 185.04,
    "salesGrowthYoY" : -3.69,
    "grossProfitMargin" : 51.58,
    "grossProfit" : 95.44,
    "operatingProfitMargin" : 19.26,
    "operatingProfit" : 35.64,
    "netProfitMargin" : 1.72,
    "netProfit" : 3.18
  }, {
    "date" : "2020-06-30",
    "sales" : 203.85,
    "salesGrowthYoY" : 12.53,
    "grossProfitMargin" : 48.05,
    "grossProfit" : 97.95,
    "operatingProfitMargin" : 21.07,
    "operatingProfit" : 42.95,
    "netProfitMargin" : 2.05,
    "netProfit" : 4.18
  }, {
    "date" : "2020-09-30",
    "sales" : 221.20,
    "salesGrowthYoY" : 16.66,
    "grossProfitMargin" : 54.18,
    "grossProfit" : 119.85,
    "operatingProfitMargin" : 21.81,
    "operatingProfit" : 48.24,
    "netProfitMargin" : 4.17,
    "netProfit" : 9.22
  }, {
    "date" : "2020-12-31",
    "sales" : 221.20,
    "salesGrowthYoY" : 12.83,
    "grossProfitMargin" : 54.18,
    "grossProfit" : 119.85,
    "operatingProfitMargin" : 21.81,
    "operatingProfit" : 48.24,
    "netProfitMargin" : 4.17,
    "netProfit" : 9.22
  }, {
    "date" : "2021-03-31",
    "sales" : 217.84,
    "salesGrowthYoY" : 17.73,
    "grossProfitMargin" : 46.89,
    "grossProfit" : 102.15,
    "operatingProfitMargin" : 18.90,
    "operatingProfit" : 41.17,
    "netProfitMargin" : -13.32,
    "netProfit" : -29.02
  }, {
    "date" : "2021-06-30",
    "sales" : 242.05,
    "salesGrowthYoY" : 18.74,
    "grossProfitMargin" : 50.92,
    "grossProfit" : 123.25,
    "operatingProfitMargin" : 21.09,
    "operatingProfit" : 51.05,
    "netProfitMargin" : 7.75,
    "netProfit" : 18.76
  }, {
    "date" : "2021-09-30",
    "sales" : 229.92,
    "salesGrowthYoY" : 3.94,
    "grossProfitMargin" : 53.50,
    "grossProfit" : 123.01,
    "operatingProfitMargin" : 23.73,
    "operatingProfit" : 54.56,
    "netProfitMargin" : 10.38,
    "netProfit" : 23.87
  }, {
    "date" : "2021-12-31",
    "sales" : 240.30,
    "salesGrowthYoY" : 8.63,
    "grossProfitMargin" : 54.60,
    "grossProfit" : 131.20,
    "operatingProfitMargin" : 22.23,
    "operatingProfit" : 53.42,
    "netProfitMargin" : 6.89,
    "netProfit" : 16.56
  }, {
    "date" : "2022-03-31",
    "sales" : 275.82,
    "salesGrowthYoY" : 26.62,
    "grossProfitMargin" : 42.04,
    "grossProfit" : 115.95,
    "operatingProfitMargin" : 12.72,
    "operatingProfit" : 35.08,
    "netProfitMargin" : -22.91,
    "netProfit" : -63.19
  }, {
    "date" : "2022-06-30",
    "sales" : 271.52,
    "salesGrowthYoY" : 12.18,
    "grossProfitMargin" : 49.32,
    "grossProfit" : 133.91,
    "operatingProfitMargin" : 19.52,
    "operatingProfit" : 53.00,
    "netProfitMargin" : 7.42,
    "netProfit" : 20.15
  }, {
    "date" : "2022-09-30",
    "sales" : 287.55,
    "salesGrowthYoY" : 25.07,
    "grossProfitMargin" : 48.33,
    "grossProfit" : 138.97,
    "operatingProfitMargin" : 19.77,
    "operatingProfit" : 56.85,
    "netProfitMargin" : 8.35,
    "netProfit" : 24.01
  }, {
    "date" : "2022-12-31",
    "sales" : 302.41,
    "salesGrowthYoY" : 25.85,
    "grossProfitMargin" : 42.90,
    "grossProfit" : 129.73,
    "operatingProfitMargin" : 18.49,
    "operatingProfit" : 55.92,
    "netProfitMargin" : 9.66,
    "netProfit" : 29.21
  }, {
    "date" : "2023-03-31",
    "sales" : 270.30,
    "salesGrowthYoY" : -2.00,
    "grossProfitMargin" : 51.82,
    "grossProfit" : 140.07,
    "operatingProfitMargin" : 23.46,
    "operatingProfit" : 63.41,
    "netProfitMargin" : 11.14,
    "netProfit" : 30.11
  }, {
    "date" : "2023-06-30",
    "sales" : 299.01,
    "salesGrowthYoY" : 10.12,
    "grossProfitMargin" : 48.61,
    "grossProfit" : 145.35,
    "operatingProfitMargin" : 20.00,
    "operatingProfit" : 59.80,
    "netProfitMargin" : 5.70,
    "netProfit" : 17.04
  }, {
    "date" : "2023-09-30",
    "sales" : 270.30,
    "salesGrowthYoY" : -6.00,
    "grossProfitMargin" : 51.82,
    "grossProfit" : 140.07,
    "operatingProfitMargin" : 23.46,
    "operatingProfit" : 63.41,
    "netProfitMargin" : 11.14,
    "netProfit" : 30.11
  }, {
    "date" : "2023-12-31",
    "sales" : 276.28,
    "salesGrowthYoY" : -8.64,
    "grossProfitMargin" : 47.27,
    "grossProfit" : 130.60,
    "operatingProfitMargin" : 19.63,
    "operatingProfit" : 54.23,
    "netProfitMargin" : 7.84,
    "netProfit" : 21.66
  }, {
    "date" : "2024-03-31",
    "sales" : 516.96,
    "salesGrowthYoY" : 91.25,
    "grossProfitMargin" : 49.41,
    "grossProfit" : 255.43,
    "operatingProfitMargin" : 16.87,
    "operatingProfit" : 87.21,
    "netProfitMargin" : 26.23,
    "netProfit" : 135.60
  }, {
    "date" : "2024-06-30",
    "sales" : 30.46,
    "salesGrowthYoY" : -89.81,
    "grossProfitMargin" : 17.33,
    "grossProfit" : 5.28,
    "operatingProfitMargin" : -14.87,
    "operatingProfit" : -4.53,
    "netProfitMargin" : 20.32,
    "netProfit" : 6.19
  }, {
    "date" : "2024-09-30",
    "sales" : 2.71,
    "salesGrowthYoY" : -99.00,
    "grossProfitMargin" : 81.55,
    "grossProfit" : 2.21,
    "operatingProfitMargin" : -442.80,
    "operatingProfit" : -12.00,
    "netProfitMargin" : 11.81,
    "netProfit" : 0.32
  }, {
    "date" : "2024-12-31",
    "sales" : 121.54,
    "salesGrowthYoY" : -56.01,
    "grossProfitMargin" : 54.07,
    "grossProfit" : 65.72,
    "operatingProfitMargin" : -0.76,
    "operatingProfit" : -0.92,
    "netProfitMargin" : -0.11,
    "netProfit" : -0.13
  }, {
    "date" : "2025-03-31",
    "sales" : 144.75,
    "salesGrowthYoY" : -72.00,
    "grossProfitMargin" : 51.70,
    "grossProfit" : 74.84,
    "operatingProfitMargin" : -9.31,
    "operatingProfit" : -13.48,
    "netProfitMargin" : 9.36,
    "netProfit" : 13.55
  }, {
    "date" : "2025-06-30",
    "sales" : 147.99,
    "salesGrowthYoY" : 385.85,
    "grossProfitMargin" : 51.85,
    "grossProfit" : 76.73,
    "operatingProfitMargin" : 2.07,
    "operatingProfit" : 3.06,
    "netProfitMargin" : 5.49,
    "netProfit" : 8.12
  }, {
    "date" : "2025-09-30",
    "sales" : 150.44,
    "salesGrowthYoY" : 5451.29,
    "grossProfitMargin" : 48.66,
    "grossProfit" : 73.20,
    "operatingProfitMargin" : 1.45,
    "operatingProfit" : 2.18,
    "netProfitMargin" : 5.82,
    "netProfit" : 8.76
  }, {
    "date" : "2025-12-31",
    "sales" : 149.48,
    "salesGrowthYoY" : 22.99,
    "grossProfitMargin" : 53.08,
    "grossProfit" : 79.34,
    "operatingProfitMargin" : 3.61,
    "operatingProfit" : 5.40,
    "netProfitMargin" : 9.57,
    "netProfit" : 14.31
  } ],
  "latestQuarterlyResult" : {
    "date" : "2025-12-31",
    "sales" : 149.48,
    "salesGrowthYoY" : 22.99,
    "grossProfitMargin" : 53.08,
    "grossProfit" : 79.34,
    "operatingProfitMargin" : 3.61,
    "operatingProfit" : 5.40,
    "netProfitMargin" : 9.57,
    "netProfit" : 14.31
  },
  "companyScore" : {
    "priceHigherThanDma50" : 5.00,
    "priceHigherThanDma100" : 5.00,
    "priceHigherThanDma200" : 5.00,
    "dma50HigherThanDma100" : 5.00,
    "dma50HigherThanDma200" : 5.00,
    "dma100HigherThanDma200" : 0.00,
    "pricePercentageAboveDma50" : 3.40,
    "pricePercentageAboveDma100" : 3.13,
    "pricePercentageAboveDma200" : 3.16,
    "weeklyVolumeHigherThanYearlyVolume" : 5.00,
    "salesGrowthPercentile" : 15.00,
    "operatingProfitMarginPercentile" : 18.90,
    "netProfitMarginPercentile" : 8.45,
    "totalTechnicalScore" : 39.69,
    "totalFundamentalScore" : 42.35,
    "totalScore" : 82.05
  }
}