{
  "metadata" : {
    "screenerCompanyId" : "1448",
    "companyCode" : "IOC",
    "companyName" : "I O C L",
    "screenerCompanyLink" : "https://www.screener.in/company/IOC/consolidated/",
    "screenerTechnicalHistoryLink" : "https://www.screener.in/api/company/1448/chart/?q=Price-DMA50-DMA200-Volume&days=365",
    "screenerQuarterlyResultsLink" : "https://www.screener.in/api/company/1448/chart/?q=GPM-OPM-NPM-Quarter+Sales&days=10000",
    "attributes" : {
      "companyCode" : "IOC",
      "companyName" : "I O C L",
      "marketCap" : 227961.00,
      "peRatio" : 9.35,
      "description" : "Indian Oil Corporation Ltd is a Maharatna Company controlled by GOI[1] that has business interests straddling the entire hydrocarbon value chain - from Refining, Pipeline transportation and marketing of Petroleum products to R&D, Exploration & production, marketing of natural gas and petrochemicals. It has the leadership position in the Oil refining & petroleum marketing sector of India.[2]"
    },
    "companyScore" : {
      "priceHigherThanDma50" : 0.00,
      "priceHigherThanDma100" : 5.00,
      "priceHigherThanDma200" : 5.00,
      "dma50HigherThanDma100" : 5.00,
      "dma50HigherThanDma200" : 5.00,
      "dma100HigherThanDma200" : 5.00,
      "pricePercentageAboveDma50" : 5.01,
      "pricePercentageAboveDma100" : 4.86,
      "pricePercentageAboveDma200" : 4.72,
      "weeklyVolumeHigherThanYearlyVolume" : 0.00,
      "salesGrowthPercentile" : 8.10,
      "operatingProfitMarginPercentile" : 15.76,
      "netProfitMarginPercentile" : 7.79,
      "totalTechnicalScore" : 39.59,
      "totalFundamentalScore" : 31.65,
      "totalScore" : 71.24
    }
  },
  "attributes" : {
    "companyCode" : "IOC",
    "companyName" : "I O C L",
    "marketCap" : 227961.00,
    "peRatio" : 9.35,
    "description" : "Indian Oil Corporation Ltd is a Maharatna Company controlled by GOI[1] that has business interests straddling the entire hydrocarbon value chain - from Refining, Pipeline transportation and marketing of Petroleum products to R&D, Exploration & production, marketing of natural gas and petrochemicals. It has the leadership position in the Oil refining & petroleum marketing sector of India.[2]"
  },
  "technicalHistory" : [ {
    "date" : "2025-01-17",
    "price" : 128.07,
    "dma50" : 138.49,
    "dma100" : null,
    "dma200" : 149.32,
    "volume" : 25417840.00
  }, {
    "date" : "2025-01-20",
    "price" : 130.50,
    "dma50" : 138.17,
    "dma100" : null,
    "dma200" : 149.13,
    "volume" : 8999232.00
  }, {
    "date" : "2025-01-21",
    "price" : 131.08,
    "dma50" : 137.89,
    "dma100" : null,
    "dma200" : 148.95,
    "volume" : 21428659.00
  }, {
    "date" : "2025-01-22",
    "price" : 130.52,
    "dma50" : 137.61,
    "dma100" : null,
    "dma200" : 148.77,
    "volume" : 9999273.00
  }, {
    "date" : "2025-01-23",
    "price" : 129.83,
    "dma50" : 137.30,
    "dma100" : null,
    "dma200" : 148.58,
    "volume" : 7324918.00
  }, {
    "date" : "2025-01-24",
    "price" : 128.26,
    "dma50" : 136.95,
    "dma100" : null,
    "dma200" : 148.37,
    "volume" : 13448940.00
  }, {
    "date" : "2025-01-27",
    "price" : 124.17,
    "dma50" : 136.44,
    "dma100" : null,
    "dma200" : 148.13,
    "volume" : 19768656.00
  }, {
    "date" : "2025-01-28",
    "price" : 122.58,
    "dma50" : 135.90,
    "dma100" : null,
    "dma200" : 147.88,
    "volume" : 21056988.00
  }, {
    "date" : "2025-01-29",
    "price" : 123.64,
    "dma50" : 135.42,
    "dma100" : null,
    "dma200" : 147.64,
    "volume" : 12668009.00
  }, {
    "date" : "2025-01-30",
    "price" : 127.12,
    "dma50" : 135.09,
    "dma100" : null,
    "dma200" : 147.43,
    "volume" : 18821275.00
  }, {
    "date" : "2025-01-31",
    "price" : 128.49,
    "dma50" : 134.84,
    "dma100" : null,
    "dma200" : 147.25,
    "volume" : 10334300.00
  }, {
    "date" : "2025-02-01",
    "price" : 125.42,
    "dma50" : 134.47,
    "dma100" : null,
    "dma200" : 147.03,
    "volume" : 11501106.00
  }, {
    "date" : "2025-02-03",
    "price" : 120.96,
    "dma50" : 133.94,
    "dma100" : null,
    "dma200" : 146.77,
    "volume" : 27495031.00
  }, {
    "date" : "2025-02-04",
    "price" : 124.46,
    "dma50" : 133.57,
    "dma100" : null,
    "dma200" : 146.55,
    "volume" : 15274987.00
  }, {
    "date" : "2025-02-05",
    "price" : 126.43,
    "dma50" : 133.29,
    "dma100" : null,
    "dma200" : 146.35,
    "volume" : 12472017.00
  }, {
    "date" : "2025-02-06",
    "price" : 126.02,
    "dma50" : 133.00,
    "dma100" : null,
    "dma200" : 146.14,
    "volume" : 10360590.00
  }, {
    "date" : "2025-02-07",
    "price" : 125.11,
    "dma50" : 132.69,
    "dma100" : null,
    "dma200" : 145.94,
    "volume" : 9223036.00
  }, {
    "date" : "2025-02-10",
    "price" : 123.18,
    "dma50" : 132.32,
    "dma100" : null,
    "dma200" : 145.71,
    "volume" : 13315090.00
  }, {
    "date" : "2025-02-11",
    "price" : 120.47,
    "dma50" : 131.85,
    "dma100" : null,
    "dma200" : 145.46,
    "volume" : 15579021.00
  }, {
    "date" : "2025-02-12",
    "price" : 120.42,
    "dma50" : 131.40,
    "dma100" : null,
    "dma200" : 145.21,
    "volume" : 16014494.00
  }, {
    "date" : "2025-02-13",
    "price" : 120.08,
    "dma50" : 130.96,
    "dma100" : null,
    "dma200" : 144.96,
    "volume" : 10737527.00
  }, {
    "date" : "2025-02-14",
    "price" : 117.25,
    "dma50" : 130.42,
    "dma100" : null,
    "dma200" : 144.68,
    "volume" : 13463593.00
  }, {
    "date" : "2025-02-17",
    "price" : 118.45,
    "dma50" : 129.95,
    "dma100" : null,
    "dma200" : 144.42,
    "volume" : 13445883.00
  }, {
    "date" : "2025-02-18",
    "price" : 119.00,
    "dma50" : 129.52,
    "dma100" : null,
    "dma200" : 144.17,
    "volume" : 9432642.00
  }, {
    "date" : "2025-02-19",
    "price" : 119.87,
    "dma50" : 129.15,
    "dma100" : null,
    "dma200" : 143.93,
    "volume" : 9459895.00
  }, {
    "date" : "2025-02-20",
    "price" : 122.79,
    "dma50" : 128.90,
    "dma100" : null,
    "dma200" : 143.72,
    "volume" : 10715381.00
  }, {
    "date" : "2025-02-21",
    "price" : 121.33,
    "dma50" : 128.60,
    "dma100" : null,
    "dma200" : 143.49,
    "volume" : 10061405.00
  }, {
    "date" : "2025-02-24",
    "price" : 120.22,
    "dma50" : 128.27,
    "dma100" : null,
    "dma200" : 143.26,
    "volume" : 8986042.00
  }, {
    "date" : "2025-02-25",
    "price" : 118.65,
    "dma50" : 127.89,
    "dma100" : null,
    "dma200" : 143.02,
    "volume" : 7853070.00
  }, {
    "date" : "2025-02-27",
    "price" : 116.42,
    "dma50" : 127.44,
    "dma100" : null,
    "dma200" : 142.75,
    "volume" : 11013506.00
  }, {
    "date" : "2025-02-28",
    "price" : 113.49,
    "dma50" : 126.90,
    "dma100" : null,
    "dma200" : 142.46,
    "volume" : 25416877.00
  }, {
    "date" : "2025-03-03",
    "price" : 114.56,
    "dma50" : 126.41,
    "dma100" : null,
    "dma200" : 142.18,
    "volume" : 20214175.00
  }, {
    "date" : "2025-03-04",
    "price" : 118.04,
    "dma50" : 126.08,
    "dma100" : null,
    "dma200" : 141.94,
    "volume" : 15418158.00
  }, {
    "date" : "2025-03-05",
    "price" : 122.25,
    "dma50" : 125.93,
    "dma100" : null,
    "dma200" : 141.75,
    "volume" : 20121400.00
  }, {
    "date" : "2025-03-06",
    "price" : 125.84,
    "dma50" : 125.93,
    "dma100" : null,
    "dma200" : 141.59,
    "volume" : 20827928.00
  }, {
    "date" : "2025-03-07",
    "price" : 124.84,
    "dma50" : 125.89,
    "dma100" : null,
    "dma200" : 141.42,
    "volume" : 15741868.00
  }, {
    "date" : "2025-03-10",
    "price" : 121.59,
    "dma50" : 125.72,
    "dma100" : null,
    "dma200" : 141.23,
    "volume" : 13312069.00
  }, {
    "date" : "2025-03-11",
    "price" : 124.82,
    "dma50" : 125.68,
    "dma100" : null,
    "dma200" : 141.06,
    "volume" : 19162524.00
  }, {
    "date" : "2025-03-12",
    "price" : 125.29,
    "dma50" : 125.67,
    "dma100" : null,
    "dma200" : 140.91,
    "volume" : 15025290.00
  }, {
    "date" : "2025-03-13",
    "price" : 125.67,
    "dma50" : 125.67,
    "dma100" : null,
    "dma200" : 140.75,
    "volume" : 11677285.00
  }, {
    "date" : "2025-03-17",
    "price" : 124.11,
    "dma50" : 125.61,
    "dma100" : null,
    "dma200" : 140.59,
    "volume" : 13585462.00
  }, {
    "date" : "2025-03-18",
    "price" : 125.15,
    "dma50" : 125.59,
    "dma100" : null,
    "dma200" : 140.43,
    "volume" : 9737429.00
  }, {
    "date" : "2025-03-19",
    "price" : 127.75,
    "dma50" : 125.67,
    "dma100" : null,
    "dma200" : 140.31,
    "volume" : 12321150.00
  }, {
    "date" : "2025-03-20",
    "price" : 129.21,
    "dma50" : 125.81,
    "dma100" : null,
    "dma200" : 140.20,
    "volume" : 15301394.00
  }, {
    "date" : "2025-03-21",
    "price" : 131.51,
    "dma50" : 126.04,
    "dma100" : null,
    "dma200" : 140.11,
    "volume" : 45750083.00
  }, {
    "date" : "2025-03-24",
    "price" : 133.67,
    "dma50" : 126.34,
    "dma100" : null,
    "dma200" : 140.05,
    "volume" : 14645760.00
  }, {
    "date" : "2025-03-25",
    "price" : 131.03,
    "dma50" : 126.52,
    "dma100" : null,
    "dma200" : 139.96,
    "volume" : 13543088.00
  }, {
    "date" : "2025-03-26",
    "price" : 129.09,
    "dma50" : 126.62,
    "dma100" : null,
    "dma200" : 139.85,
    "volume" : 17537877.00
  }, {
    "date" : "2025-03-27",
    "price" : 130.36,
    "dma50" : 126.77,
    "dma100" : null,
    "dma200" : 139.76,
    "volume" : 14670552.00
  }, {
    "date" : "2025-03-28",
    "price" : 127.70,
    "dma50" : 126.80,
    "dma100" : null,
    "dma200" : 139.64,
    "volume" : 16659600.00
  }, {
    "date" : "2025-04-01",
    "price" : 131.24,
    "dma50" : 126.98,
    "dma100" : null,
    "dma200" : 139.55,
    "volume" : 13793340.00
  }, {
    "date" : "2025-04-02",
    "price" : 131.31,
    "dma50" : 127.15,
    "dma100" : null,
    "dma200" : 139.47,
    "volume" : 9201018.00
  }, {
    "date" : "2025-04-03",
    "price" : 131.06,
    "dma50" : 127.30,
    "dma100" : null,
    "dma200" : 139.39,
    "volume" : 10843312.00
  }, {
    "date" : "2025-04-04",
    "price" : 130.14,
    "dma50" : 127.41,
    "dma100" : null,
    "dma200" : 139.29,
    "volume" : 22109109.00
  }, {
    "date" : "2025-04-07",
    "price" : 128.09,
    "dma50" : 127.44,
    "dma100" : null,
    "dma200" : 139.18,
    "volume" : 26637567.00
  }, {
    "date" : "2025-04-08",
    "price" : 130.98,
    "dma50" : 127.58,
    "dma100" : null,
    "dma200" : 139.10,
    "volume" : 13662701.00
  }, {
    "date" : "2025-04-09",
    "price" : 131.62,
    "dma50" : 127.74,
    "dma100" : null,
    "dma200" : 139.03,
    "volume" : 15662036.00
  }, {
    "date" : "2025-04-11",
    "price" : 131.83,
    "dma50" : 127.90,
    "dma100" : null,
    "dma200" : 138.95,
    "volume" : 10467130.00
  }, {
    "date" : "2025-04-15",
    "price" : 132.87,
    "dma50" : 128.09,
    "dma100" : null,
    "dma200" : 138.89,
    "volume" : 11186322.00
  }, {
    "date" : "2025-04-16",
    "price" : 133.83,
    "dma50" : 128.32,
    "dma100" : null,
    "dma200" : 138.84,
    "volume" : 9420690.00
  }, {
    "date" : "2025-04-17",
    "price" : 134.30,
    "dma50" : 128.55,
    "dma100" : null,
    "dma200" : 138.80,
    "volume" : 11685406.00
  }, {
    "date" : "2025-04-21",
    "price" : 138.68,
    "dma50" : 128.95,
    "dma100" : null,
    "dma200" : 138.80,
    "volume" : 21886944.00
  }, {
    "date" : "2025-04-22",
    "price" : 138.31,
    "dma50" : 129.32,
    "dma100" : null,
    "dma200" : 138.79,
    "volume" : 13030017.00
  }, {
    "date" : "2025-04-23",
    "price" : 137.65,
    "dma50" : 129.64,
    "dma100" : null,
    "dma200" : 138.78,
    "volume" : 13061753.00
  }, {
    "date" : "2025-04-24",
    "price" : 138.39,
    "dma50" : 129.99,
    "dma100" : null,
    "dma200" : 138.78,
    "volume" : 8891251.00
  }, {
    "date" : "2025-04-25",
    "price" : 134.65,
    "dma50" : 130.17,
    "dma100" : null,
    "dma200" : 138.74,
    "volume" : 16088800.00
  }, {
    "date" : "2025-04-28",
    "price" : 136.49,
    "dma50" : 130.42,
    "dma100" : null,
    "dma200" : 138.71,
    "volume" : 11339842.00
  }, {
    "date" : "2025-04-29",
    "price" : 135.78,
    "dma50" : 130.63,
    "dma100" : null,
    "dma200" : 138.68,
    "volume" : 16094676.00
  }, {
    "date" : "2025-04-30",
    "price" : 137.86,
    "dma50" : 130.91,
    "dma100" : null,
    "dma200" : 138.68,
    "volume" : 41130906.00
  }, {
    "date" : "2025-05-02",
    "price" : 143.28,
    "dma50" : 131.40,
    "dma100" : null,
    "dma200" : 138.72,
    "volume" : 56149895.00
  }, {
    "date" : "2025-05-05",
    "price" : 148.56,
    "dma50" : 132.07,
    "dma100" : null,
    "dma200" : 138.82,
    "volume" : 51159265.00
  }, {
    "date" : "2025-05-06",
    "price" : 144.08,
    "dma50" : 132.54,
    "dma100" : null,
    "dma200" : 138.87,
    "volume" : 20126097.00
  }, {
    "date" : "2025-05-07",
    "price" : 144.49,
    "dma50" : 133.01,
    "dma100" : null,
    "dma200" : 138.93,
    "volume" : 20074777.00
  }, {
    "date" : "2025-05-08",
    "price" : 140.99,
    "dma50" : 133.32,
    "dma100" : null,
    "dma200" : 138.95,
    "volume" : 13104147.00
  }, {
    "date" : "2025-05-09",
    "price" : 139.99,
    "dma50" : 133.58,
    "dma100" : null,
    "dma200" : 138.96,
    "volume" : 16206472.00
  }, {
    "date" : "2025-05-12",
    "price" : 142.35,
    "dma50" : 133.93,
    "dma100" : null,
    "dma200" : 138.99,
    "volume" : 14190626.00
  }, {
    "date" : "2025-05-13",
    "price" : 141.69,
    "dma50" : 134.23,
    "dma100" : null,
    "dma200" : 139.02,
    "volume" : 10129765.00
  }, {
    "date" : "2025-05-14",
    "price" : 143.47,
    "dma50" : 134.59,
    "dma100" : null,
    "dma200" : 139.06,
    "volume" : 10819637.00
  }, {
    "date" : "2025-05-15",
    "price" : 145.00,
    "dma50" : 135.00,
    "dma100" : null,
    "dma200" : 139.12,
    "volume" : 11114391.00
  }, {
    "date" : "2025-05-16",
    "price" : 144.72,
    "dma50" : 135.38,
    "dma100" : null,
    "dma200" : 139.18,
    "volume" : 14910861.00
  }, {
    "date" : "2025-05-19",
    "price" : 144.69,
    "dma50" : 135.75,
    "dma100" : null,
    "dma200" : 139.23,
    "volume" : 7461803.00
  }, {
    "date" : "2025-05-20",
    "price" : 141.92,
    "dma50" : 135.99,
    "dma100" : null,
    "dma200" : 139.26,
    "volume" : 11854224.00
  }, {
    "date" : "2025-05-21",
    "price" : 143.39,
    "dma50" : 136.28,
    "dma100" : null,
    "dma200" : 139.30,
    "volume" : 9315890.00
  }, {
    "date" : "2025-05-22",
    "price" : 143.29,
    "dma50" : 136.55,
    "dma100" : null,
    "dma200" : 139.34,
    "volume" : 7718641.00
  }, {
    "date" : "2025-05-23",
    "price" : 144.06,
    "dma50" : 136.85,
    "dma100" : null,
    "dma200" : 139.39,
    "volume" : 10431344.00
  }, {
    "date" : "2025-05-26",
    "price" : 143.58,
    "dma50" : 137.11,
    "dma100" : null,
    "dma200" : 139.43,
    "volume" : 6540773.00
  }, {
    "date" : "2025-05-27",
    "price" : 143.41,
    "dma50" : 137.36,
    "dma100" : null,
    "dma200" : 139.47,
    "volume" : 5287952.00
  }, {
    "date" : "2025-05-28",
    "price" : 144.20,
    "dma50" : 137.63,
    "dma100" : null,
    "dma200" : 139.52,
    "volume" : 6632288.00
  }, {
    "date" : "2025-05-29",
    "price" : 143.70,
    "dma50" : 137.87,
    "dma100" : null,
    "dma200" : 139.56,
    "volume" : 7509067.00
  }, {
    "date" : "2025-05-30",
    "price" : 141.97,
    "dma50" : 138.03,
    "dma100" : null,
    "dma200" : 139.58,
    "volume" : 28926684.00
  }, {
    "date" : "2025-06-02",
    "price" : 143.38,
    "dma50" : 138.24,
    "dma100" : null,
    "dma200" : 139.62,
    "volume" : 7458214.00
  }, {
    "date" : "2025-06-03",
    "price" : 141.04,
    "dma50" : 138.35,
    "dma100" : null,
    "dma200" : 139.63,
    "volume" : 7281079.00
  }, {
    "date" : "2025-06-04",
    "price" : 140.67,
    "dma50" : 138.44,
    "dma100" : null,
    "dma200" : 139.64,
    "volume" : 12599391.00
  }, {
    "date" : "2025-06-05",
    "price" : 139.24,
    "dma50" : 138.47,
    "dma100" : null,
    "dma200" : 139.64,
    "volume" : 10139441.00
  }, {
    "date" : "2025-06-06",
    "price" : 140.78,
    "dma50" : 138.56,
    "dma100" : null,
    "dma200" : 139.65,
    "volume" : 6284209.00
  }, {
    "date" : "2025-06-09",
    "price" : 143.32,
    "dma50" : 138.75,
    "dma100" : null,
    "dma200" : 139.69,
    "volume" : 10343025.00
  }, {
    "date" : "2025-06-10",
    "price" : 142.19,
    "dma50" : 138.88,
    "dma100" : null,
    "dma200" : 139.71,
    "volume" : 8383295.00
  }, {
    "date" : "2025-06-11",
    "price" : 145.15,
    "dma50" : 139.13,
    "dma100" : null,
    "dma200" : 139.77,
    "volume" : 31352160.00
  }, {
    "date" : "2025-06-12",
    "price" : 142.99,
    "dma50" : 139.28,
    "dma100" : null,
    "dma200" : 139.80,
    "volume" : 31389069.00
  }, {
    "date" : "2025-06-13",
    "price" : 140.34,
    "dma50" : 139.32,
    "dma100" : null,
    "dma200" : 139.80,
    "volume" : 25343977.00
  }, {
    "date" : "2025-06-16",
    "price" : 141.85,
    "dma50" : 139.42,
    "dma100" : 132.08,
    "dma200" : 139.83,
    "volume" : 16147202.00
  }, {
    "date" : "2025-06-17",
    "price" : 141.68,
    "dma50" : 139.51,
    "dma100" : 132.19,
    "dma200" : 139.84,
    "volume" : 10410615.00
  }, {
    "date" : "2025-06-18",
    "price" : 140.82,
    "dma50" : 139.56,
    "dma100" : 132.28,
    "dma200" : 139.85,
    "volume" : 9406904.00
  }, {
    "date" : "2025-06-19",
    "price" : 138.67,
    "dma50" : 139.53,
    "dma100" : 132.37,
    "dma200" : 139.84,
    "volume" : 6253162.00
  }, {
    "date" : "2025-06-20",
    "price" : 138.65,
    "dma50" : 139.49,
    "dma100" : 132.45,
    "dma200" : 139.83,
    "volume" : 34189997.00
  }, {
    "date" : "2025-06-23",
    "price" : 139.92,
    "dma50" : 139.51,
    "dma100" : 132.57,
    "dma200" : 139.83,
    "volume" : 14674859.00
  }, {
    "date" : "2025-06-24",
    "price" : 142.84,
    "dma50" : 139.64,
    "dma100" : 132.76,
    "dma200" : 139.86,
    "volume" : 26641680.00
  }, {
    "date" : "2025-06-25",
    "price" : 141.98,
    "dma50" : 139.73,
    "dma100" : 132.95,
    "dma200" : 139.88,
    "volume" : 15663767.00
  }, {
    "date" : "2025-06-26",
    "price" : 146.28,
    "dma50" : 139.99,
    "dma100" : 133.18,
    "dma200" : 139.95,
    "volume" : 26178280.00
  }, {
    "date" : "2025-06-27",
    "price" : 147.22,
    "dma50" : 140.27,
    "dma100" : 133.38,
    "dma200" : 140.02,
    "volume" : 19765711.00
  }, {
    "date" : "2025-06-30",
    "price" : 146.96,
    "dma50" : 140.53,
    "dma100" : 133.56,
    "dma200" : 140.09,
    "volume" : 11177730.00
  }, {
    "date" : "2025-07-01",
    "price" : 147.14,
    "dma50" : 140.79,
    "dma100" : 133.78,
    "dma200" : 140.16,
    "volume" : 10207699.00
  }, {
    "date" : "2025-07-02",
    "price" : 147.91,
    "dma50" : 141.07,
    "dma100" : 134.05,
    "dma200" : 140.23,
    "volume" : 8796418.00
  }, {
    "date" : "2025-07-03",
    "price" : 147.87,
    "dma50" : 141.34,
    "dma100" : 134.28,
    "dma200" : 140.31,
    "volume" : 8564021.00
  }, {
    "date" : "2025-07-04",
    "price" : 151.62,
    "dma50" : 141.74,
    "dma100" : 134.54,
    "dma200" : 140.42,
    "volume" : 23847352.00
  }, {
    "date" : "2025-07-07",
    "price" : 153.75,
    "dma50" : 142.21,
    "dma100" : 134.81,
    "dma200" : 140.56,
    "volume" : 26403229.00
  }, {
    "date" : "2025-07-08",
    "price" : 153.82,
    "dma50" : 142.67,
    "dma100" : 135.10,
    "dma200" : 140.69,
    "volume" : 14532470.00
  }, {
    "date" : "2025-07-09",
    "price" : 150.25,
    "dma50" : 142.96,
    "dma100" : 135.37,
    "dma200" : 140.78,
    "volume" : 13925677.00
  }, {
    "date" : "2025-07-10",
    "price" : 152.33,
    "dma50" : 143.33,
    "dma100" : 135.69,
    "dma200" : 140.90,
    "volume" : 14969259.00
  }, {
    "date" : "2025-07-11",
    "price" : 150.65,
    "dma50" : 143.62,
    "dma100" : 135.99,
    "dma200" : 140.99,
    "volume" : 13248455.00
  }, {
    "date" : "2025-07-14",
    "price" : 150.10,
    "dma50" : 143.87,
    "dma100" : 136.29,
    "dma200" : 141.08,
    "volume" : 9474694.00
  }, {
    "date" : "2025-07-15",
    "price" : 151.40,
    "dma50" : 144.17,
    "dma100" : 136.63,
    "dma200" : 141.19,
    "volume" : 5399358.00
  }, {
    "date" : "2025-07-16",
    "price" : 152.04,
    "dma50" : 144.48,
    "dma100" : 136.97,
    "dma200" : 141.30,
    "volume" : 7563871.00
  }, {
    "date" : "2025-07-17",
    "price" : 150.96,
    "dma50" : 144.73,
    "dma100" : 137.29,
    "dma200" : 141.39,
    "volume" : 7180073.00
  }, {
    "date" : "2025-07-18",
    "price" : 150.06,
    "dma50" : 144.94,
    "dma100" : 137.59,
    "dma200" : 141.48,
    "volume" : 10223563.00
  }, {
    "date" : "2025-07-21",
    "price" : 151.07,
    "dma50" : 145.18,
    "dma100" : 137.87,
    "dma200" : 141.57,
    "volume" : 5386748.00
  }, {
    "date" : "2025-07-22",
    "price" : 151.98,
    "dma50" : 145.45,
    "dma100" : 138.18,
    "dma200" : 141.68,
    "volume" : 11756919.00
  }, {
    "date" : "2025-07-23",
    "price" : 152.35,
    "dma50" : 145.72,
    "dma100" : 138.50,
    "dma200" : 141.78,
    "volume" : 8177822.00
  }, {
    "date" : "2025-07-24",
    "price" : 151.22,
    "dma50" : 145.93,
    "dma100" : 138.83,
    "dma200" : 141.88,
    "volume" : 6186758.00
  }, {
    "date" : "2025-07-25",
    "price" : 146.96,
    "dma50" : 145.97,
    "dma100" : 139.13,
    "dma200" : 141.93,
    "volume" : 12345535.00
  }, {
    "date" : "2025-07-28",
    "price" : 147.56,
    "dma50" : 146.04,
    "dma100" : 139.47,
    "dma200" : 141.98,
    "volume" : 7038704.00
  }, {
    "date" : "2025-07-29",
    "price" : 147.94,
    "dma50" : 146.11,
    "dma100" : 139.81,
    "dma200" : 142.04,
    "volume" : 4604558.00
  }, {
    "date" : "2025-07-30",
    "price" : 149.04,
    "dma50" : 146.23,
    "dma100" : 140.12,
    "dma200" : 142.11,
    "volume" : 9674723.00
  }, {
    "date" : "2025-07-31",
    "price" : 145.62,
    "dma50" : 146.20,
    "dma100" : 140.35,
    "dma200" : 142.15,
    "volume" : 12837427.00
  }, {
    "date" : "2025-08-01",
    "price" : 141.03,
    "dma50" : 146.00,
    "dma100" : 140.50,
    "dma200" : 142.14,
    "volume" : 9918515.00
  }, {
    "date" : "2025-08-04",
    "price" : 142.38,
    "dma50" : 145.86,
    "dma100" : 140.68,
    "dma200" : 142.14,
    "volume" : 8904388.00
  }, {
    "date" : "2025-08-05",
    "price" : 141.27,
    "dma50" : 145.68,
    "dma100" : 140.88,
    "dma200" : 142.13,
    "volume" : 12234800.00
  }, {
    "date" : "2025-08-06",
    "price" : 142.27,
    "dma50" : 145.54,
    "dma100" : 141.05,
    "dma200" : 142.13,
    "volume" : 8278207.00
  }, {
    "date" : "2025-08-07",
    "price" : 141.67,
    "dma50" : 145.39,
    "dma100" : 141.21,
    "dma200" : 142.13,
    "volume" : 9272705.00
  }, {
    "date" : "2025-08-08",
    "price" : 139.91,
    "dma50" : 145.18,
    "dma100" : 141.36,
    "dma200" : 142.10,
    "volume" : 10446801.00
  }, {
    "date" : "2025-08-11",
    "price" : 141.41,
    "dma50" : 145.03,
    "dma100" : 141.53,
    "dma200" : 142.10,
    "volume" : 11784345.00
  }, {
    "date" : "2025-08-12",
    "price" : 142.65,
    "dma50" : 144.94,
    "dma100" : 141.70,
    "dma200" : 142.10,
    "volume" : 13262707.00
  }, {
    "date" : "2025-08-13",
    "price" : 142.43,
    "dma50" : 144.84,
    "dma100" : 141.85,
    "dma200" : 142.11,
    "volume" : 5388746.00
  }, {
    "date" : "2025-08-14",
    "price" : 140.13,
    "dma50" : 144.65,
    "dma100" : 141.96,
    "dma200" : 142.09,
    "volume" : 11853780.00
  }, {
    "date" : "2025-08-18",
    "price" : 140.31,
    "dma50" : 144.48,
    "dma100" : 142.05,
    "dma200" : 142.07,
    "volume" : 12582604.00
  }, {
    "date" : "2025-08-19",
    "price" : 142.01,
    "dma50" : 144.39,
    "dma100" : 142.13,
    "dma200" : 142.07,
    "volume" : 9446484.00
  }, {
    "date" : "2025-08-20",
    "price" : 141.44,
    "dma50" : 144.27,
    "dma100" : 142.24,
    "dma200" : 142.06,
    "volume" : 5808263.00
  }, {
    "date" : "2025-08-21",
    "price" : 141.44,
    "dma50" : 144.16,
    "dma100" : 142.36,
    "dma200" : 142.06,
    "volume" : 9799587.00
  }, {
    "date" : "2025-08-22",
    "price" : 139.95,
    "dma50" : 143.99,
    "dma100" : 142.46,
    "dma200" : 142.04,
    "volume" : 6249504.00
  }, {
    "date" : "2025-08-25",
    "price" : 139.96,
    "dma50" : 143.84,
    "dma100" : 142.58,
    "dma200" : 142.01,
    "volume" : 8648494.00
  }, {
    "date" : "2025-08-26",
    "price" : 138.96,
    "dma50" : 143.64,
    "dma100" : 142.65,
    "dma200" : 141.98,
    "volume" : 10977066.00
  }, {
    "date" : "2025-08-28",
    "price" : 138.49,
    "dma50" : 143.44,
    "dma100" : 142.73,
    "dma200" : 141.95,
    "volume" : 8888768.00
  }, {
    "date" : "2025-08-29",
    "price" : 136.62,
    "dma50" : 143.17,
    "dma100" : 142.78,
    "dma200" : 141.90,
    "volume" : 10976705.00
  }, {
    "date" : "2025-09-01",
    "price" : 139.56,
    "dma50" : 143.03,
    "dma100" : 142.88,
    "dma200" : 141.87,
    "volume" : 6666132.00
  }, {
    "date" : "2025-09-02",
    "price" : 139.62,
    "dma50" : 142.90,
    "dma100" : 142.99,
    "dma200" : 141.85,
    "volume" : 3918875.00
  }, {
    "date" : "2025-09-03",
    "price" : 140.49,
    "dma50" : 142.80,
    "dma100" : 143.09,
    "dma200" : 141.84,
    "volume" : 5327852.00
  }, {
    "date" : "2025-09-04",
    "price" : 139.68,
    "dma50" : 142.68,
    "dma100" : 143.17,
    "dma200" : 141.82,
    "volume" : 5248003.00
  }, {
    "date" : "2025-09-05",
    "price" : 139.65,
    "dma50" : 142.56,
    "dma100" : 143.25,
    "dma200" : 141.79,
    "volume" : 4894388.00
  }, {
    "date" : "2025-09-08",
    "price" : 140.90,
    "dma50" : 142.50,
    "dma100" : 143.33,
    "dma200" : 141.79,
    "volume" : 5726376.00
  }, {
    "date" : "2025-09-09",
    "price" : 140.94,
    "dma50" : 142.44,
    "dma100" : 143.40,
    "dma200" : 141.78,
    "volume" : 3989567.00
  }, {
    "date" : "2025-09-10",
    "price" : 141.14,
    "dma50" : 142.39,
    "dma100" : 143.47,
    "dma200" : 141.77,
    "volume" : 4709376.00
  }, {
    "date" : "2025-09-11",
    "price" : 143.93,
    "dma50" : 142.45,
    "dma100" : 143.52,
    "dma200" : 141.79,
    "volume" : 16272376.00
  }, {
    "date" : "2025-09-12",
    "price" : 142.61,
    "dma50" : 142.45,
    "dma100" : 143.56,
    "dma200" : 141.80,
    "volume" : 9279726.00
  }, {
    "date" : "2025-09-15",
    "price" : 143.99,
    "dma50" : 142.51,
    "dma100" : 143.62,
    "dma200" : 141.82,
    "volume" : 8699355.00
  }, {
    "date" : "2025-09-16",
    "price" : 144.98,
    "dma50" : 142.61,
    "dma100" : 143.69,
    "dma200" : 141.85,
    "volume" : 7036992.00
  }, {
    "date" : "2025-09-17",
    "price" : 145.94,
    "dma50" : 142.74,
    "dma100" : 143.80,
    "dma200" : 141.89,
    "volume" : 10004266.00
  }, {
    "date" : "2025-09-18",
    "price" : 147.15,
    "dma50" : 142.91,
    "dma100" : 143.91,
    "dma200" : 141.95,
    "volume" : 8702921.00
  }, {
    "date" : "2025-09-19",
    "price" : 148.50,
    "dma50" : 143.13,
    "dma100" : 144.04,
    "dma200" : 142.01,
    "volume" : 15495085.00
  }, {
    "date" : "2025-09-22",
    "price" : 148.30,
    "dma50" : 143.34,
    "dma100" : 144.14,
    "dma200" : 142.07,
    "volume" : 10900759.00
  }, {
    "date" : "2025-09-23",
    "price" : 148.24,
    "dma50" : 143.53,
    "dma100" : 144.19,
    "dma200" : 142.14,
    "volume" : 8991727.00
  }, {
    "date" : "2025-09-24",
    "price" : 146.77,
    "dma50" : 143.65,
    "dma100" : 144.17,
    "dma200" : 142.18,
    "volume" : 6746156.00
  }, {
    "date" : "2025-09-25",
    "price" : 146.22,
    "dma50" : 143.76,
    "dma100" : 144.19,
    "dma200" : 142.22,
    "volume" : 8985976.00
  }, {
    "date" : "2025-09-26",
    "price" : 145.04,
    "dma50" : 143.81,
    "dma100" : 144.20,
    "dma200" : 142.25,
    "volume" : 12278062.00
  }, {
    "date" : "2025-09-29",
    "price" : 149.31,
    "dma50" : 144.02,
    "dma100" : 144.28,
    "dma200" : 142.32,
    "volume" : 18189139.00
  }, {
    "date" : "2025-09-30",
    "price" : 149.79,
    "dma50" : 144.25,
    "dma100" : 144.38,
    "dma200" : 142.39,
    "volume" : 13654572.00
  }, {
    "date" : "2025-10-01",
    "price" : 149.70,
    "dma50" : 144.46,
    "dma100" : 144.45,
    "dma200" : 142.47,
    "volume" : 8122187.00
  }, {
    "date" : "2025-10-03",
    "price" : 150.39,
    "dma50" : 144.69,
    "dma100" : 144.54,
    "dma200" : 142.55,
    "volume" : 6527332.00
  }, {
    "date" : "2025-10-06",
    "price" : 154.84,
    "dma50" : 145.09,
    "dma100" : 144.66,
    "dma200" : 142.67,
    "volume" : 20534851.00
  }, {
    "date" : "2025-10-07",
    "price" : 154.37,
    "dma50" : 145.46,
    "dma100" : 144.75,
    "dma200" : 142.78,
    "volume" : 12467446.00
  }, {
    "date" : "2025-10-08",
    "price" : 153.57,
    "dma50" : 145.77,
    "dma100" : 144.84,
    "dma200" : 142.89,
    "volume" : 10417770.00
  }, {
    "date" : "2025-10-09",
    "price" : 155.25,
    "dma50" : 146.15,
    "dma100" : 144.94,
    "dma200" : 143.01,
    "volume" : 14882187.00
  }, {
    "date" : "2025-10-10",
    "price" : 154.11,
    "dma50" : 146.46,
    "dma100" : 145.07,
    "dma200" : 143.13,
    "volume" : 9890683.00
  }, {
    "date" : "2025-10-13",
    "price" : 155.26,
    "dma50" : 146.80,
    "dma100" : 145.18,
    "dma200" : 143.25,
    "volume" : 11773811.00
  }, {
    "date" : "2025-10-14",
    "price" : 152.81,
    "dma50" : 147.04,
    "dma100" : 145.28,
    "dma200" : 143.34,
    "volume" : 6546572.00
  }, {
    "date" : "2025-10-15",
    "price" : 153.69,
    "dma50" : 147.30,
    "dma100" : 145.38,
    "dma200" : 143.44,
    "volume" : 19374085.00
  }, {
    "date" : "2025-10-16",
    "price" : 153.67,
    "dma50" : 147.55,
    "dma100" : 145.48,
    "dma200" : 143.55,
    "volume" : 7426802.00
  }, {
    "date" : "2025-10-17",
    "price" : 152.91,
    "dma50" : 147.76,
    "dma100" : 145.57,
    "dma200" : 143.64,
    "volume" : 7394986.00
  }, {
    "date" : "2025-10-20",
    "price" : 153.85,
    "dma50" : 148.00,
    "dma100" : 145.67,
    "dma200" : 143.74,
    "volume" : 5737080.00
  }, {
    "date" : "2025-10-21",
    "price" : 154.13,
    "dma50" : 148.24,
    "dma100" : 145.77,
    "dma200" : 143.84,
    "volume" : 1375275.00
  }, {
    "date" : "2025-10-23",
    "price" : 150.12,
    "dma50" : 148.31,
    "dma100" : 145.85,
    "dma200" : 143.91,
    "volume" : 14044975.00
  }, {
    "date" : "2025-10-24",
    "price" : 150.37,
    "dma50" : 148.39,
    "dma100" : 145.92,
    "dma200" : 143.97,
    "volume" : 8739026.00
  }, {
    "date" : "2025-10-27",
    "price" : 155.20,
    "dma50" : 148.66,
    "dma100" : 146.07,
    "dma200" : 144.08,
    "volume" : 17398413.00
  }, {
    "date" : "2025-10-28",
    "price" : 154.52,
    "dma50" : 148.89,
    "dma100" : 146.20,
    "dma200" : 144.19,
    "volume" : 23649922.00
  }, {
    "date" : "2025-10-29",
    "price" : 163.09,
    "dma50" : 149.45,
    "dma100" : 146.44,
    "dma200" : 144.37,
    "volume" : 61492100.00
  }, {
    "date" : "2025-10-30",
    "price" : 163.51,
    "dma50" : 150.00,
    "dma100" : 146.67,
    "dma200" : 144.56,
    "volume" : 35909756.00
  }, {
    "date" : "2025-10-31",
    "price" : 165.90,
    "dma50" : 150.62,
    "dma100" : 146.90,
    "dma200" : 144.78,
    "volume" : 26465973.00
  }, {
    "date" : "2025-11-03",
    "price" : 167.73,
    "dma50" : 151.29,
    "dma100" : 147.15,
    "dma200" : 145.01,
    "volume" : 22973141.00
  }, {
    "date" : "2025-11-04",
    "price" : 169.25,
    "dma50" : 152.00,
    "dma100" : 147.39,
    "dma200" : 145.25,
    "volume" : 28247669.00
  }, {
    "date" : "2025-11-06",
    "price" : 168.37,
    "dma50" : 152.64,
    "dma100" : 147.65,
    "dma200" : 145.48,
    "volume" : 21475324.00
  }, {
    "date" : "2025-11-07",
    "price" : 169.16,
    "dma50" : 153.29,
    "dma100" : 147.93,
    "dma200" : 145.71,
    "volume" : 13075583.00
  }, {
    "date" : "2025-11-10",
    "price" : 169.39,
    "dma50" : 153.92,
    "dma100" : 148.21,
    "dma200" : 145.95,
    "volume" : 13397387.00
  }, {
    "date" : "2025-11-11",
    "price" : 172.44,
    "dma50" : 154.64,
    "dma100" : 148.52,
    "dma200" : 146.21,
    "volume" : 20918353.00
  }, {
    "date" : "2025-11-12",
    "price" : 172.30,
    "dma50" : 155.34,
    "dma100" : 148.83,
    "dma200" : 146.47,
    "volume" : 17076265.00
  }, {
    "date" : "2025-11-13",
    "price" : 172.45,
    "dma50" : 156.01,
    "dma100" : 149.17,
    "dma200" : 146.73,
    "volume" : 12512503.00
  }, {
    "date" : "2025-11-14",
    "price" : 171.25,
    "dma50" : 156.61,
    "dma100" : 149.50,
    "dma200" : 146.97,
    "volume" : 11966785.00
  }, {
    "date" : "2025-11-17",
    "price" : 173.12,
    "dma50" : 157.25,
    "dma100" : 149.83,
    "dma200" : 147.23,
    "volume" : 13915223.00
  }, {
    "date" : "2025-11-18",
    "price" : 171.59,
    "dma50" : 157.82,
    "dma100" : 150.11,
    "dma200" : 147.48,
    "volume" : 18551081.00
  }, {
    "date" : "2025-11-19",
    "price" : 169.33,
    "dma50" : 158.27,
    "dma100" : 150.39,
    "dma200" : 147.69,
    "volume" : 10807168.00
  }, {
    "date" : "2025-11-20",
    "price" : 168.70,
    "dma50" : 158.68,
    "dma100" : 150.61,
    "dma200" : 147.90,
    "volume" : 10039087.00
  }, {
    "date" : "2025-11-21",
    "price" : 167.35,
    "dma50" : 159.02,
    "dma100" : 150.81,
    "dma200" : 148.10,
    "volume" : 10834404.00
  }, {
    "date" : "2025-11-24",
    "price" : 165.69,
    "dma50" : 159.28,
    "dma100" : 151.00,
    "dma200" : 148.27,
    "volume" : 16821013.00
  }, {
    "date" : "2025-11-25",
    "price" : 164.12,
    "dma50" : 159.47,
    "dma100" : 151.17,
    "dma200" : 148.43,
    "volume" : 10099551.00
  }, {
    "date" : "2025-11-26",
    "price" : 165.59,
    "dma50" : 159.71,
    "dma100" : 151.35,
    "dma200" : 148.60,
    "volume" : 6273881.00
  }, {
    "date" : "2025-11-27",
    "price" : 163.81,
    "dma50" : 159.87,
    "dma100" : 151.51,
    "dma200" : 148.75,
    "volume" : 5227742.00
  }, {
    "date" : "2025-11-28",
    "price" : 161.75,
    "dma50" : 159.94,
    "dma100" : 151.61,
    "dma200" : 148.88,
    "volume" : 6412305.00
  }, {
    "date" : "2025-12-01",
    "price" : 162.97,
    "dma50" : 160.06,
    "dma100" : 151.70,
    "dma200" : 149.02,
    "volume" : 10814016.00
  }, {
    "date" : "2025-12-02",
    "price" : 162.34,
    "dma50" : 160.15,
    "dma100" : 151.79,
    "dma200" : 149.15,
    "volume" : 13710133.00
  }, {
    "date" : "2025-12-03",
    "price" : 164.11,
    "dma50" : 160.31,
    "dma100" : 151.92,
    "dma200" : 149.30,
    "volume" : 11606172.00
  }, {
    "date" : "2025-12-04",
    "price" : 162.76,
    "dma50" : 160.40,
    "dma100" : 152.03,
    "dma200" : 149.44,
    "volume" : 7010699.00
  }, {
    "date" : "2025-12-05",
    "price" : 163.66,
    "dma50" : 160.53,
    "dma100" : 152.16,
    "dma200" : 149.58,
    "volume" : 6703827.00
  }, {
    "date" : "2025-12-08",
    "price" : 162.10,
    "dma50" : 160.59,
    "dma100" : 152.28,
    "dma200" : 149.70,
    "volume" : 9537661.00
  }, {
    "date" : "2025-12-09",
    "price" : 163.01,
    "dma50" : 160.69,
    "dma100" : 152.39,
    "dma200" : 149.83,
    "volume" : 11608139.00
  }, {
    "date" : "2025-12-10",
    "price" : 163.07,
    "dma50" : 160.78,
    "dma100" : 152.51,
    "dma200" : 149.97,
    "volume" : 13161049.00
  }, {
    "date" : "2025-12-11",
    "price" : 161.75,
    "dma50" : 160.82,
    "dma100" : 152.61,
    "dma200" : 150.08,
    "volume" : 9325148.00
  }, {
    "date" : "2025-12-12",
    "price" : 163.67,
    "dma50" : 160.93,
    "dma100" : 152.75,
    "dma200" : 150.22,
    "volume" : 14118396.00
  }, {
    "date" : "2025-12-15",
    "price" : 168.55,
    "dma50" : 161.23,
    "dma100" : 152.92,
    "dma200" : 150.40,
    "volume" : 35032763.00
  }, {
    "date" : "2025-12-16",
    "price" : 167.74,
    "dma50" : 161.48,
    "dma100" : 153.08,
    "dma200" : 150.57,
    "volume" : 28365313.00
  }, {
    "date" : "2025-12-17",
    "price" : 168.16,
    "dma50" : 161.75,
    "dma100" : 153.24,
    "dma200" : 150.75,
    "volume" : 18164482.00
  }, {
    "date" : "2025-12-18",
    "price" : 161.75,
    "dma50" : 161.75,
    "dma100" : 153.34,
    "dma200" : 150.86,
    "volume" : 10787799.00
  }, {
    "date" : "2025-12-19",
    "price" : 162.60,
    "dma50" : 161.78,
    "dma100" : 153.50,
    "dma200" : 150.97,
    "volume" : 15321662.00
  }, {
    "date" : "2025-12-22",
    "price" : 163.66,
    "dma50" : 161.85,
    "dma100" : 153.66,
    "dma200" : 151.10,
    "volume" : 9634944.00
  }, {
    "date" : "2025-12-23",
    "price" : 163.27,
    "dma50" : 161.91,
    "dma100" : 153.82,
    "dma200" : 151.22,
    "volume" : 9063352.00
  }, {
    "date" : "2025-12-24",
    "price" : 161.17,
    "dma50" : 161.88,
    "dma100" : 153.94,
    "dma200" : 151.32,
    "volume" : 8146648.00
  }, {
    "date" : "2025-12-26",
    "price" : 160.30,
    "dma50" : 161.82,
    "dma100" : 154.08,
    "dma200" : 151.41,
    "volume" : 8260229.00
  }, {
    "date" : "2025-12-29",
    "price" : 161.98,
    "dma50" : 161.82,
    "dma100" : 154.29,
    "dma200" : 151.52,
    "volume" : 8596574.00
  }, {
    "date" : "2025-12-30",
    "price" : 161.57,
    "dma50" : 161.81,
    "dma100" : 154.49,
    "dma200" : 151.62,
    "volume" : 9444412.00
  }, {
    "date" : "2025-12-31",
    "price" : 166.46,
    "dma50" : 162.00,
    "dma100" : 154.74,
    "dma200" : 151.76,
    "volume" : 25361471.00
  }, {
    "date" : "2026-01-01",
    "price" : 165.88,
    "dma50" : 162.15,
    "dma100" : 154.97,
    "dma200" : 151.90,
    "volume" : 10165664.00
  }, {
    "date" : "2026-01-02",
    "price" : 166.79,
    "dma50" : 162.33,
    "dma100" : 155.22,
    "dma200" : 152.05,
    "volume" : 10048415.00
  }, {
    "date" : "2026-01-05",
    "price" : 165.01,
    "dma50" : 162.44,
    "dma100" : 155.48,
    "dma200" : 152.18,
    "volume" : 11101295.00
  }, {
    "date" : "2026-01-06",
    "price" : 164.00,
    "dma50" : 162.50,
    "dma100" : 155.70,
    "dma200" : 152.30,
    "volume" : 11847476.00
  }, {
    "date" : "2026-01-07",
    "price" : 162.67,
    "dma50" : 162.50,
    "dma100" : 155.90,
    "dma200" : 152.40,
    "volume" : 11183737.00
  }, {
    "date" : "2026-01-08",
    "price" : 156.37,
    "dma50" : 162.26,
    "dma100" : 156.04,
    "dma200" : 152.44,
    "volume" : 14267376.00
  }, {
    "date" : "2026-01-09",
    "price" : 157.61,
    "dma50" : 162.08,
    "dma100" : 156.22,
    "dma200" : 152.49,
    "volume" : 11517066.00
  }, {
    "date" : "2026-01-12",
    "price" : 158.24,
    "dma50" : 161.93,
    "dma100" : 156.39,
    "dma200" : 152.55,
    "volume" : 6698235.00
  }, {
    "date" : "2026-01-13",
    "price" : 157.40,
    "dma50" : 161.75,
    "dma100" : 156.55,
    "dma200" : 152.60,
    "volume" : 8496040.00
  }, {
    "date" : "2026-01-14",
    "price" : 159.16,
    "dma50" : 161.65,
    "dma100" : 156.73,
    "dma200" : 152.66,
    "volume" : 10880793.00
  }, {
    "date" : "2026-01-16",
    "price" : 161.32,
    "dma50" : 161.64,
    "dma100" : 156.92,
    "dma200" : 152.75,
    "volume" : 15777775.00
  } ],
  "latestTechnicalAttributes" : {
    "date" : "2026-01-16",
    "price" : 161.32,
    "dma50" : 161.64,
    "dma100" : 156.92,
    "dma200" : 152.75,
    "volume" : 15777775.00
  },
  "quarterlyResults" : [ {
    "date" : "2005-03-31",
    "sales" : 38216.23,
    "salesGrowthYoY" : null,
    "grossProfitMargin" : 13.62,
    "grossProfit" : 5205.05,
    "operatingProfitMargin" : 3.83,
    "operatingProfit" : 1463.68,
    "netProfitMargin" : 2.34,
    "netProfit" : 894.26
  }, {
    "date" : "2005-06-30",
    "sales" : 38637.18,
    "salesGrowthYoY" : null,
    "grossProfitMargin" : 7.49,
    "grossProfit" : 2893.92,
    "operatingProfitMargin" : 1.23,
    "operatingProfit" : 475.24,
    "netProfitMargin" : -0.15,
    "netProfit" : -57.96
  }, {
    "date" : "2005-09-30",
    "sales" : 40074.84,
    "salesGrowthYoY" : null,
    "grossProfitMargin" : 10.84,
    "grossProfit" : 4344.11,
    "operatingProfitMargin" : 3.78,
    "operatingProfit" : 1514.83,
    "netProfitMargin" : 2.37,
    "netProfit" : 949.77
  }, {
    "date" : "2005-12-31",
    "sales" : 44312.17,
    "salesGrowthYoY" : null,
    "grossProfitMargin" : 5.70,
    "grossProfit" : 2525.79,
    "operatingProfitMargin" : 0.40,
    "operatingProfit" : 177.25,
    "netProfitMargin" : -0.01,
    "netProfit" : -4.43
  }, {
    "date" : "2006-03-31",
    "sales" : 50681.73,
    "salesGrowthYoY" : 32.62,
    "grossProfitMargin" : 16.53,
    "grossProfit" : 8377.69,
    "operatingProfitMargin" : 10.29,
    "operatingProfit" : 5215.15,
    "netProfitMargin" : 7.33,
    "netProfit" : 3714.97
  }, {
    "date" : "2006-06-30",
    "sales" : 48499.59,
    "salesGrowthYoY" : 25.53,
    "grossProfitMargin" : 3.59,
    "grossProfit" : 1741.14,
    "operatingProfitMargin" : -2.66,
    "operatingProfit" : -1290.09,
    "netProfitMargin" : -3.92,
    "netProfit" : -1901.18
  }, {
    "date" : "2006-09-30",
    "sales" : 57830.48,
    "salesGrowthYoY" : 44.31,
    "grossProfitMargin" : 11.62,
    "grossProfit" : 6719.90,
    "operatingProfitMargin" : 6.71,
    "operatingProfit" : 3880.43,
    "netProfitMargin" : 4.99,
    "netProfit" : 2885.74
  }, {
    "date" : "2006-12-31",
    "sales" : 55647.20,
    "salesGrowthYoY" : 25.58,
    "grossProfitMargin" : 9.12,
    "grossProfit" : 5075.02,
    "operatingProfitMargin" : 4.53,
    "operatingProfit" : 2520.82,
    "netProfitMargin" : 3.22,
    "netProfit" : 1791.84
  }, {
    "date" : "2007-03-31",
    "sales" : 52889.03,
    "salesGrowthYoY" : 4.36,
    "grossProfitMargin" : 16.18,
    "grossProfit" : 8557.45,
    "operatingProfitMargin" : 9.26,
    "operatingProfit" : 4897.52,
    "netProfitMargin" : 3.94,
    "netProfit" : 2083.83
  }, {
    "date" : "2007-06-30",
    "sales" : 52861.96,
    "salesGrowthYoY" : 8.99,
    "grossProfitMargin" : 8.44,
    "grossProfit" : 4461.55,
    "operatingProfitMargin" : 2.69,
    "operatingProfit" : 1421.99,
    "netProfitMargin" : 2.78,
    "netProfit" : 1469.56
  }, {
    "date" : "2007-09-30",
    "sales" : 56148.70,
    "salesGrowthYoY" : -2.91,
    "grossProfitMargin" : 14.89,
    "grossProfit" : 8360.54,
    "operatingProfitMargin" : 9.14,
    "operatingProfit" : 5131.99,
    "netProfitMargin" : 6.80,
    "netProfit" : 3818.11
  }, {
    "date" : "2007-12-31",
    "sales" : 64058.53,
    "salesGrowthYoY" : 15.12,
    "grossProfitMargin" : 9.65,
    "grossProfit" : 6181.65,
    "operatingProfitMargin" : 4.63,
    "operatingProfit" : 2965.91,
    "netProfitMargin" : 3.26,
    "netProfit" : 2088.31
  }, {
    "date" : "2008-03-31",
    "sales" : 72004.49,
    "salesGrowthYoY" : 36.14,
    "grossProfitMargin" : 7.80,
    "grossProfit" : 5616.35,
    "operatingProfitMargin" : 1.00,
    "operatingProfit" : 720.04,
    "netProfitMargin" : -0.58,
    "netProfit" : -417.63
  }, {
    "date" : "2008-06-30",
    "sales" : 88588.96,
    "salesGrowthYoY" : 67.59,
    "grossProfitMargin" : 9.06,
    "grossProfit" : 8026.16,
    "operatingProfitMargin" : 1.30,
    "operatingProfit" : 1151.66,
    "netProfitMargin" : 0.47,
    "netProfit" : 416.37
  }, {
    "date" : "2008-09-30",
    "sales" : 86466.30,
    "salesGrowthYoY" : 54.00,
    "grossProfitMargin" : -0.15,
    "grossProfit" : -129.70,
    "operatingProfitMargin" : -6.81,
    "operatingProfit" : -5888.36,
    "netProfitMargin" : -8.15,
    "netProfit" : -7047.00
  }, {
    "date" : "2008-12-31",
    "sales" : 70534.06,
    "salesGrowthYoY" : 10.11,
    "grossProfitMargin" : 10.69,
    "grossProfit" : 7540.09,
    "operatingProfitMargin" : 4.80,
    "operatingProfit" : 3385.63,
    "netProfitMargin" : 4.19,
    "netProfit" : 2955.38
  }, {
    "date" : "2009-03-31",
    "sales" : 59937.73,
    "salesGrowthYoY" : -16.76,
    "grossProfitMargin" : 25.28,
    "grossProfit" : 15152.26,
    "operatingProfitMargin" : 14.95,
    "operatingProfit" : 8960.69,
    "netProfitMargin" : 11.05,
    "netProfit" : 6623.12
  }, {
    "date" : "2009-06-30",
    "sales" : 59179.59,
    "salesGrowthYoY" : -33.20,
    "grossProfitMargin" : 15.41,
    "grossProfit" : 9119.57,
    "operatingProfitMargin" : 8.45,
    "operatingProfit" : 5000.68,
    "netProfitMargin" : 6.22,
    "netProfit" : 3680.97
  }, {
    "date" : "2009-09-30",
    "sales" : 60969.70,
    "salesGrowthYoY" : -29.49,
    "grossProfitMargin" : 8.14,
    "grossProfit" : 4962.93,
    "operatingProfitMargin" : 1.01,
    "operatingProfit" : 615.79,
    "netProfitMargin" : 0.47,
    "netProfit" : 286.56
  }, {
    "date" : "2009-12-31",
    "sales" : 70425.32,
    "salesGrowthYoY" : -0.15,
    "grossProfitMargin" : 10.18,
    "grossProfit" : 7169.30,
    "operatingProfitMargin" : 1.49,
    "operatingProfit" : 1049.34,
    "netProfitMargin" : 0.99,
    "netProfit" : 697.21
  }, {
    "date" : "2010-03-31",
    "sales" : 78493.50,
    "salesGrowthYoY" : 30.96,
    "grossProfitMargin" : 17.94,
    "grossProfit" : 14081.73,
    "operatingProfitMargin" : 10.90,
    "operatingProfit" : 8555.79,
    "netProfitMargin" : 7.08,
    "netProfit" : 5557.34
  }, {
    "date" : "2010-06-30",
    "sales" : 71909.62,
    "salesGrowthYoY" : 21.51,
    "grossProfitMargin" : 1.76,
    "grossProfit" : 1265.61,
    "operatingProfitMargin" : -3.74,
    "operatingProfit" : -2689.42,
    "netProfitMargin" : -4.71,
    "netProfit" : -3386.94
  }, {
    "date" : "2010-09-30",
    "sales" : 77348.13,
    "salesGrowthYoY" : 26.86,
    "grossProfitMargin" : 16.07,
    "grossProfit" : 12429.84,
    "operatingProfitMargin" : 8.91,
    "operatingProfit" : 6891.72,
    "netProfitMargin" : 6.84,
    "netProfit" : 5290.61
  }, {
    "date" : "2010-12-31",
    "sales" : 80872.80,
    "salesGrowthYoY" : 14.83,
    "grossProfitMargin" : 10.60,
    "grossProfit" : 8572.52,
    "operatingProfitMargin" : 4.18,
    "operatingProfit" : 3380.48,
    "netProfitMargin" : 2.02,
    "netProfit" : 1633.63
  }, {
    "date" : "2011-03-31",
    "sales" : 98482.45,
    "salesGrowthYoY" : 25.47,
    "grossProfitMargin" : 12.88,
    "grossProfit" : 12684.54,
    "operatingProfitMargin" : 5.70,
    "operatingProfit" : 5613.50,
    "netProfitMargin" : 3.97,
    "netProfit" : 3909.75
  }, {
    "date" : "2011-06-30",
    "sales" : 92224.85,
    "salesGrowthYoY" : 28.25,
    "grossProfitMargin" : 3.54,
    "grossProfit" : 3264.76,
    "operatingProfitMargin" : -2.03,
    "operatingProfit" : -1872.16,
    "netProfitMargin" : -4.03,
    "netProfit" : -3716.66
  }, {
    "date" : "2011-09-30",
    "sales" : 81458.38,
    "salesGrowthYoY" : 5.31,
    "grossProfitMargin" : 3.39,
    "grossProfit" : 2761.44,
    "operatingProfitMargin" : -6.47,
    "operatingProfit" : -5270.36,
    "netProfitMargin" : -9.19,
    "netProfit" : -7486.03
  }, {
    "date" : "2011-12-31",
    "sales" : 107512.26,
    "salesGrowthYoY" : 32.94,
    "grossProfitMargin" : 17.66,
    "grossProfit" : 18986.67,
    "operatingProfitMargin" : 10.37,
    "operatingProfit" : 11149.02,
    "netProfitMargin" : 8.05,
    "netProfit" : 8654.74
  }, {
    "date" : "2012-03-31",
    "sales" : 117281.14,
    "salesGrowthYoY" : 19.09,
    "grossProfitMargin" : 16.41,
    "grossProfit" : 19245.84,
    "operatingProfitMargin" : 12.54,
    "operatingProfit" : 14707.05,
    "netProfitMargin" : 12.02,
    "netProfit" : 14097.19
  }, {
    "date" : "2012-06-30",
    "sales" : 96860.69,
    "salesGrowthYoY" : 5.03,
    "grossProfitMargin" : -10.73,
    "grossProfit" : -10393.15,
    "operatingProfitMargin" : -20.59,
    "operatingProfit" : -19943.62,
    "netProfitMargin" : -23.18,
    "netProfit" : -22452.31
  }, {
    "date" : "2012-09-30",
    "sales" : 106001.05,
    "salesGrowthYoY" : 30.13,
    "grossProfitMargin" : 15.48,
    "grossProfit" : 16408.96,
    "operatingProfitMargin" : 10.91,
    "operatingProfit" : 11564.71,
    "netProfitMargin" : 9.07,
    "netProfit" : 9614.30
  }, {
    "date" : "2012-12-31",
    "sales" : 116699.74,
    "salesGrowthYoY" : 8.55,
    "grossProfitMargin" : 11.91,
    "grossProfit" : 13898.94,
    "operatingProfitMargin" : 4.61,
    "operatingProfit" : 5379.86,
    "netProfitMargin" : 2.86,
    "netProfit" : 3337.61
  }, {
    "date" : "2013-03-31",
    "sales" : 127534.77,
    "salesGrowthYoY" : 8.74,
    "grossProfitMargin" : 19.19,
    "grossProfit" : 24473.92,
    "operatingProfitMargin" : 13.15,
    "operatingProfit" : 16770.82,
    "netProfitMargin" : 11.38,
    "netProfit" : 14513.46
  }, {
    "date" : "2013-06-30",
    "sales" : 110466.61,
    "salesGrowthYoY" : 14.05,
    "grossProfitMargin" : 9.44,
    "grossProfit" : 10428.05,
    "operatingProfitMargin" : -1.06,
    "operatingProfit" : -1170.95,
    "netProfitMargin" : -3.20,
    "netProfit" : -3534.93
  }, {
    "date" : "2013-09-30",
    "sales" : 110204.11,
    "salesGrowthYoY" : 3.97,
    "grossProfitMargin" : 13.36,
    "grossProfit" : 14723.27,
    "operatingProfitMargin" : 3.15,
    "operatingProfit" : 3471.43,
    "netProfitMargin" : 1.20,
    "netProfit" : 1322.45
  }, {
    "date" : "2013-12-31",
    "sales" : 117671.95,
    "salesGrowthYoY" : 0.83,
    "grossProfitMargin" : 5.01,
    "grossProfit" : 5895.36,
    "operatingProfitMargin" : -0.29,
    "operatingProfit" : -341.25,
    "netProfitMargin" : -1.17,
    "netProfit" : -1376.76
  }, {
    "date" : "2014-03-31",
    "sales" : 134867.42,
    "salesGrowthYoY" : 5.75,
    "grossProfitMargin" : 15.07,
    "grossProfit" : 20324.52,
    "operatingProfitMargin" : 10.12,
    "operatingProfit" : 13648.58,
    "netProfitMargin" : 6.66,
    "netProfit" : 8982.17
  }, {
    "date" : "2014-06-30",
    "sales" : 124956.69,
    "salesGrowthYoY" : 13.12,
    "grossProfitMargin" : 9.17,
    "grossProfit" : 11458.53,
    "operatingProfitMargin" : 2.96,
    "operatingProfit" : 3698.72,
    "netProfitMargin" : 1.77,
    "netProfit" : 2211.73
  }, {
    "date" : "2014-09-30",
    "sales" : 111663.81,
    "salesGrowthYoY" : 1.32,
    "grossProfitMargin" : 8.05,
    "grossProfit" : 8988.94,
    "operatingProfitMargin" : -0.32,
    "operatingProfit" : -357.32,
    "netProfitMargin" : -1.15,
    "netProfit" : -1284.13
  }, {
    "date" : "2014-12-31",
    "sales" : 107073.60,
    "salesGrowthYoY" : -9.01,
    "grossProfitMargin" : 6.50,
    "grossProfit" : 6959.78,
    "operatingProfitMargin" : -2.31,
    "operatingProfit" : -2473.40,
    "netProfitMargin" : -2.87,
    "netProfit" : -3073.01
  }, {
    "date" : "2015-03-31",
    "sales" : 93830.13,
    "salesGrowthYoY" : -30.43,
    "grossProfitMargin" : 20.32,
    "grossProfit" : 19066.28,
    "operatingProfitMargin" : 9.89,
    "operatingProfit" : 9279.80,
    "netProfitMargin" : 6.40,
    "netProfit" : 6005.13
  }, {
    "date" : "2015-06-30",
    "sales" : 101476.11,
    "salesGrowthYoY" : -18.79,
    "grossProfitMargin" : 19.29,
    "grossProfit" : 19574.74,
    "operatingProfitMargin" : 10.14,
    "operatingProfit" : 10289.68,
    "netProfitMargin" : 6.17,
    "netProfit" : 6261.08
  }, {
    "date" : "2015-09-30",
    "sales" : 84612.23,
    "salesGrowthYoY" : -24.23,
    "grossProfitMargin" : 12.22,
    "grossProfit" : 10339.61,
    "operatingProfitMargin" : 0.79,
    "operatingProfit" : 668.44,
    "netProfitMargin" : -0.87,
    "netProfit" : -736.13
  }, {
    "date" : "2015-12-31",
    "sales" : 82675.86,
    "salesGrowthYoY" : -22.79,
    "grossProfitMargin" : 16.48,
    "grossProfit" : 13624.98,
    "operatingProfitMargin" : 6.48,
    "operatingProfit" : 5357.40,
    "netProfitMargin" : 3.36,
    "netProfit" : 2777.91
  }, {
    "date" : "2016-03-31",
    "sales" : 78415.51,
    "salesGrowthYoY" : -16.43,
    "grossProfitMargin" : 18.20,
    "grossProfit" : 14271.62,
    "operatingProfitMargin" : 6.05,
    "operatingProfit" : 4744.14,
    "netProfitMargin" : 2.56,
    "netProfit" : 2007.44
  }, {
    "date" : "2016-06-30",
    "sales" : 86077.19,
    "salesGrowthYoY" : -15.17,
    "grossProfitMargin" : 26.00,
    "grossProfit" : 22380.07,
    "operatingProfitMargin" : 15.89,
    "operatingProfit" : 13677.67,
    "netProfitMargin" : 9.61,
    "netProfit" : 8272.02
  }, {
    "date" : "2016-09-30",
    "sales" : 80356.61,
    "salesGrowthYoY" : -5.03,
    "grossProfitMargin" : 17.46,
    "grossProfit" : 14030.26,
    "operatingProfitMargin" : 7.17,
    "operatingProfit" : 5761.57,
    "netProfitMargin" : 3.89,
    "netProfit" : 3125.87
  }, {
    "date" : "2016-12-31",
    "sales" : 93101.85,
    "salesGrowthYoY" : 12.61,
    "grossProfitMargin" : 20.65,
    "grossProfit" : 19225.53,
    "operatingProfitMargin" : 8.52,
    "operatingProfit" : 7932.28,
    "netProfitMargin" : 4.29,
    "netProfit" : 3994.07
  }, {
    "date" : "2017-03-31",
    "sales" : 100374.60,
    "salesGrowthYoY" : 28.00,
    "grossProfitMargin" : 20.58,
    "grossProfit" : 20657.09,
    "operatingProfitMargin" : 4.37,
    "operatingProfit" : 4386.37,
    "netProfitMargin" : 3.71,
    "netProfit" : 3723.90
  }, {
    "date" : "2017-06-30",
    "sales" : 105426.23,
    "salesGrowthYoY" : 22.48,
    "grossProfitMargin" : 16.69,
    "grossProfit" : 17595.64,
    "operatingProfitMargin" : 7.61,
    "operatingProfit" : 8022.94,
    "netProfitMargin" : 4.31,
    "netProfit" : 4543.87
  }, {
    "date" : "2017-09-30",
    "sales" : 90582.66,
    "salesGrowthYoY" : 12.73,
    "grossProfitMargin" : 19.02,
    "grossProfit" : 17228.82,
    "operatingProfitMargin" : 8.20,
    "operatingProfit" : 7427.78,
    "netProfitMargin" : 4.08,
    "netProfit" : 3695.77
  }, {
    "date" : "2017-12-31",
    "sales" : 110677.80,
    "salesGrowthYoY" : 18.88,
    "grossProfitMargin" : 21.12,
    "grossProfit" : 23375.15,
    "operatingProfitMargin" : 12.01,
    "operatingProfit" : 13292.40,
    "netProfitMargin" : 7.12,
    "netProfit" : 7880.26
  }, {
    "date" : "2018-03-31",
    "sales" : 117368.54,
    "salesGrowthYoY" : 16.93,
    "grossProfitMargin" : 19.27,
    "grossProfit" : 22616.92,
    "operatingProfitMargin" : 9.39,
    "operatingProfit" : 11020.91,
    "netProfitMargin" : 4.45,
    "netProfit" : 5222.90
  }, {
    "date" : "2018-06-30",
    "sales" : 129475.00,
    "salesGrowthYoY" : 22.81,
    "grossProfitMargin" : 19.25,
    "grossProfit" : 24923.94,
    "operatingProfitMargin" : 9.71,
    "operatingProfit" : 12572.02,
    "netProfitMargin" : 5.28,
    "netProfit" : 6836.28
  }, {
    "date" : "2018-09-30",
    "sales" : 132034.75,
    "salesGrowthYoY" : 45.76,
    "grossProfitMargin" : 16.71,
    "grossProfit" : 22063.01,
    "operatingProfitMargin" : 5.12,
    "operatingProfit" : 6760.18,
    "netProfitMargin" : 2.46,
    "netProfit" : 3248.05
  }, {
    "date" : "2018-12-31",
    "sales" : 139968.87,
    "salesGrowthYoY" : 26.47,
    "grossProfitMargin" : 9.02,
    "grossProfit" : 12625.19,
    "operatingProfitMargin" : 2.58,
    "operatingProfit" : 3611.20,
    "netProfitMargin" : 0.51,
    "netProfit" : 713.84
  }, {
    "date" : "2019-03-31",
    "sales" : 126222.64,
    "salesGrowthYoY" : 7.54,
    "grossProfitMargin" : 17.72,
    "grossProfit" : 22366.65,
    "operatingProfitMargin" : 8.62,
    "operatingProfit" : 10880.39,
    "netProfitMargin" : 4.83,
    "netProfit" : 6096.55
  }, {
    "date" : "2019-06-30",
    "sales" : 131513.96,
    "salesGrowthYoY" : 1.57,
    "grossProfitMargin" : 14.44,
    "grossProfit" : 18990.62,
    "operatingProfitMargin" : 6.35,
    "operatingProfit" : 8351.14,
    "netProfitMargin" : 2.73,
    "netProfit" : 3590.33
  }, {
    "date" : "2019-09-30",
    "sales" : 111690.85,
    "salesGrowthYoY" : -15.41,
    "grossProfitMargin" : 13.90,
    "grossProfit" : 15525.03,
    "operatingProfitMargin" : 3.20,
    "operatingProfit" : 3574.11,
    "netProfitMargin" : 0.50,
    "netProfit" : 558.45
  }, {
    "date" : "2019-12-31",
    "sales" : 124615.23,
    "salesGrowthYoY" : -10.97,
    "grossProfitMargin" : 14.22,
    "grossProfit" : 17720.29,
    "operatingProfitMargin" : 5.34,
    "operatingProfit" : 6654.45,
    "netProfitMargin" : 1.88,
    "netProfit" : 2342.77
  }, {
    "date" : "2020-03-31",
    "sales" : 117825.70,
    "salesGrowthYoY" : -6.65,
    "grossProfitMargin" : 12.05,
    "grossProfit" : 14198.00,
    "operatingProfitMargin" : 0.18,
    "operatingProfit" : 212.09,
    "netProfitMargin" : 5.19,
    "netProfit" : 6115.15
  }, {
    "date" : "2020-06-30",
    "sales" : 62399.03,
    "salesGrowthYoY" : -52.55,
    "grossProfitMargin" : 23.66,
    "grossProfit" : 14763.61,
    "operatingProfitMargin" : 8.84,
    "operatingProfit" : 5516.07,
    "netProfitMargin" : 3.06,
    "netProfit" : 1909.41
  }, {
    "date" : "2020-09-30",
    "sales" : 85610.51,
    "salesGrowthYoY" : -23.35,
    "grossProfitMargin" : 23.70,
    "grossProfit" : 20289.69,
    "operatingProfitMargin" : 11.01,
    "operatingProfit" : 9425.72,
    "netProfitMargin" : 7.27,
    "netProfit" : 6223.88
  }, {
    "date" : "2020-12-31",
    "sales" : 106202.27,
    "salesGrowthYoY" : -14.78,
    "grossProfitMargin" : 19.84,
    "grossProfit" : 21070.53,
    "operatingProfitMargin" : 9.05,
    "operatingProfit" : 9611.31,
    "netProfitMargin" : 4.63,
    "netProfit" : 4917.17
  }, {
    "date" : "2021-03-31",
    "sales" : 123841.35,
    "salesGrowthYoY" : 5.11,
    "grossProfitMargin" : 22.22,
    "grossProfit" : 27517.55,
    "operatingProfitMargin" : 10.90,
    "operatingProfit" : 13498.71,
    "netProfitMargin" : 7.09,
    "netProfit" : 8780.35
  }, {
    "date" : "2021-06-30",
    "sales" : 118670.52,
    "salesGrowthYoY" : 90.18,
    "grossProfitMargin" : 18.63,
    "grossProfit" : 22108.32,
    "operatingProfitMargin" : 9.38,
    "operatingProfit" : 11131.29,
    "netProfitMargin" : 5.01,
    "netProfit" : 5945.39
  }, {
    "date" : "2021-09-30",
    "sales" : 135410.49,
    "salesGrowthYoY" : 58.17,
    "grossProfitMargin" : 17.02,
    "grossProfit" : 23046.87,
    "operatingProfitMargin" : 7.84,
    "operatingProfit" : 10616.18,
    "netProfitMargin" : 4.70,
    "netProfit" : 6364.29
  }, {
    "date" : "2021-12-31",
    "sales" : 166784.61,
    "salesGrowthYoY" : 57.04,
    "grossProfitMargin" : 13.58,
    "grossProfit" : 22649.35,
    "operatingProfitMargin" : 5.91,
    "operatingProfit" : 9856.97,
    "netProfitMargin" : 3.51,
    "netProfit" : 5854.14
  }, {
    "date" : "2022-03-31",
    "sales" : 177287.31,
    "salesGrowthYoY" : 43.16,
    "grossProfitMargin" : 15.17,
    "grossProfit" : 26894.48,
    "operatingProfitMargin" : 6.56,
    "operatingProfit" : 11630.05,
    "netProfitMargin" : 3.40,
    "netProfit" : 6027.77
  }, {
    "date" : "2022-06-30",
    "sales" : 224249.22,
    "salesGrowthYoY" : 88.97,
    "grossProfitMargin" : 7.87,
    "grossProfit" : 17648.41,
    "operatingProfitMargin" : 0.60,
    "operatingProfit" : 1345.50,
    "netProfitMargin" : -0.89,
    "netProfit" : -1995.82
  }, {
    "date" : "2022-09-30",
    "sales" : 207485.30,
    "salesGrowthYoY" : 53.23,
    "grossProfitMargin" : 8.88,
    "grossProfit" : 18424.69,
    "operatingProfitMargin" : 0.94,
    "operatingProfit" : 1950.36,
    "netProfitMargin" : -0.13,
    "netProfit" : -269.73
  }, {
    "date" : "2022-12-31",
    "sales" : 204740.20,
    "salesGrowthYoY" : 22.76,
    "grossProfitMargin" : 8.68,
    "grossProfit" : 17771.45,
    "operatingProfitMargin" : 1.76,
    "operatingProfit" : 3603.43,
    "netProfitMargin" : 0.22,
    "netProfit" : 450.43
  }, {
    "date" : "2023-03-31",
    "sales" : 202994.07,
    "salesGrowthYoY" : 14.50,
    "grossProfitMargin" : 13.50,
    "grossProfit" : 27404.20,
    "operatingProfitMargin" : 7.56,
    "operatingProfit" : 15346.35,
    "netProfitMargin" : 4.96,
    "netProfit" : 10068.51
  }, {
    "date" : "2023-06-30",
    "sales" : 197526.57,
    "salesGrowthYoY" : -11.92,
    "grossProfitMargin" : 18.05,
    "grossProfit" : 35653.55,
    "operatingProfitMargin" : 11.22,
    "operatingProfit" : 22162.48,
    "netProfitMargin" : 6.96,
    "netProfit" : 13747.85
  }, {
    "date" : "2023-09-30",
    "sales" : 179739.82,
    "salesGrowthYoY" : -13.37,
    "grossProfitMargin" : 19.97,
    "grossProfit" : 35894.04,
    "operatingProfitMargin" : 11.86,
    "operatingProfit" : 21317.14,
    "netProfitMargin" : 7.21,
    "netProfit" : 12959.24
  }, {
    "date" : "2023-12-31",
    "sales" : 199103.97,
    "salesGrowthYoY" : -2.75,
    "grossProfitMargin" : 14.96,
    "grossProfit" : 29785.95,
    "operatingProfitMargin" : 7.78,
    "operatingProfit" : 15490.29,
    "netProfitMargin" : 4.05,
    "netProfit" : 8063.71
  }, {
    "date" : "2024-03-31",
    "sales" : 197978.23,
    "salesGrowthYoY" : -2.47,
    "grossProfitMargin" : 13.11,
    "grossProfit" : 25954.95,
    "operatingProfitMargin" : 5.27,
    "operatingProfit" : 10433.45,
    "netProfitMargin" : 2.44,
    "netProfit" : 4830.67
  }, {
    "date" : "2024-06-30",
    "sales" : 193235.51,
    "salesGrowthYoY" : -2.17,
    "grossProfitMargin" : 12.05,
    "grossProfit" : 23284.88,
    "operatingProfitMargin" : 4.47,
    "operatingProfit" : 8637.63,
    "netProfitMargin" : 1.37,
    "netProfit" : 2647.33
  }, {
    "date" : "2024-09-30",
    "sales" : 173847.58,
    "salesGrowthYoY" : -3.28,
    "grossProfitMargin" : 10.89,
    "grossProfit" : 18932.00,
    "operatingProfitMargin" : 2.17,
    "operatingProfit" : 3772.49,
    "netProfitMargin" : -0.48,
    "netProfit" : -834.47
  }, {
    "date" : "2024-12-31",
    "sales" : 193899.50,
    "salesGrowthYoY" : -2.61,
    "grossProfitMargin" : 12.36,
    "grossProfit" : 23965.98,
    "operatingProfitMargin" : 3.67,
    "operatingProfit" : 7116.11,
    "netProfitMargin" : 1.20,
    "netProfit" : 2326.79
  }, {
    "date" : "2025-03-31",
    "sales" : 194967.02,
    "salesGrowthYoY" : -1.52,
    "grossProfitMargin" : 14.75,
    "grossProfit" : 28757.64,
    "operatingProfitMargin" : 6.96,
    "operatingProfit" : 13569.70,
    "netProfitMargin" : 3.73,
    "netProfit" : 7272.27
  }, {
    "date" : "2025-06-30",
    "sales" : 192970.59,
    "salesGrowthYoY" : -0.14,
    "grossProfitMargin" : 14.45,
    "grossProfit" : 27884.25,
    "operatingProfitMargin" : 6.53,
    "operatingProfit" : 12600.98,
    "netProfitMargin" : 2.95,
    "netProfit" : 5692.63
  }, {
    "date" : "2025-09-30",
    "sales" : 178879.66,
    "salesGrowthYoY" : 2.89,
    "grossProfitMargin" : 17.46,
    "grossProfit" : 31232.39,
    "operatingProfitMargin" : 8.15,
    "operatingProfit" : 14578.69,
    "netProfitMargin" : 4.25,
    "netProfit" : 7602.39
  } ],
  "latestQuarterlyResult" : {
    "date" : "2025-09-30",
    "sales" : 178879.66,
    "salesGrowthYoY" : 2.89,
    "grossProfitMargin" : 17.46,
    "grossProfit" : 31232.39,
    "operatingProfitMargin" : 8.15,
    "operatingProfit" : 14578.69,
    "netProfitMargin" : 4.25,
    "netProfit" : 7602.39
  },
  "companyScore" : {
    "priceHigherThanDma50" : 0.00,
    "priceHigherThanDma100" : 5.00,
    "priceHigherThanDma200" : 5.00,
    "dma50HigherThanDma100" : 5.00,
    "dma50HigherThanDma200" : 5.00,
    "dma100HigherThanDma200" : 5.00,
    "pricePercentageAboveDma50" : 5.01,
    "pricePercentageAboveDma100" : 4.86,
    "pricePercentageAboveDma200" : 4.72,
    "weeklyVolumeHigherThanYearlyVolume" : 0.00,
    "salesGrowthPercentile" : 8.10,
    "operatingProfitMarginPercentile" : 15.76,
    "netProfitMarginPercentile" : 7.79,
    "totalTechnicalScore" : 39.59,
    "totalFundamentalScore" : 31.65,
    "totalScore" : 71.24
  }
}