{
  "metadata" : {
    "screenerCompanyId" : "1537",
    "companyCode" : "IOLCP",
    "companyName" : "IOL Chemicals",
    "screenerCompanyLink" : "https://www.screener.in/company/IOLCP/",
    "screenerTechnicalHistoryLink" : "https://www.screener.in/api/company/1537/chart/?q=Price-DMA50-DMA200-Volume&days=365",
    "screenerQuarterlyResultsLink" : "https://www.screener.in/api/company/1537/chart/?q=GPM-OPM-NPM-Quarter+Sales&days=10000",
    "attributes" : {
      "companyCode" : "IOLCP",
      "companyName" : "IOL Chemicals",
      "marketCap" : 2416.00,
      "peRatio" : 20.80,
      "description" : "IOL Chemicals & Pharmaceuticals Ltd is a leading pharmaceutical (APIs) company and is a significant player in the specialty chemicals space. It serves the domestic and export market.[1] It is the largest player of Ibuprofen (pain killer) globally with a world market share of 35%.[2]"
    },
    "companyScore" : {
      "priceHigherThanDma50" : 0.00,
      "priceHigherThanDma100" : 0.00,
      "priceHigherThanDma200" : 0.00,
      "dma50HigherThanDma100" : 0.00,
      "dma50HigherThanDma200" : 5.00,
      "dma100HigherThanDma200" : 5.00,
      "pricePercentageAboveDma50" : 5.44,
      "pricePercentageAboveDma100" : 5.75,
      "pricePercentageAboveDma200" : 5.42,
      "weeklyVolumeHigherThanYearlyVolume" : 0.00,
      "salesGrowthPercentile" : 8.10,
      "operatingProfitMarginPercentile" : 9.62,
      "netProfitMarginPercentile" : 6.88,
      "totalTechnicalScore" : 26.60,
      "totalFundamentalScore" : 24.60,
      "totalScore" : 51.20
    }
  },
  "attributes" : {
    "companyCode" : "IOLCP",
    "companyName" : "IOL Chemicals",
    "marketCap" : 2416.00,
    "peRatio" : 20.80,
    "description" : "IOL Chemicals & Pharmaceuticals Ltd is a leading pharmaceutical (APIs) company and is a significant player in the specialty chemicals space. It serves the domestic and export market.[1] It is the largest player of Ibuprofen (pain killer) globally with a world market share of 35%.[2]"
  },
  "technicalHistory" : [ {
    "date" : "2024-12-23",
    "price" : 82.39,
    "dma50" : 80.60,
    "dma100" : null,
    "dma200" : 82.61,
    "volume" : 2134440.00
  }, {
    "date" : "2024-12-24",
    "price" : 81.99,
    "dma50" : 80.66,
    "dma100" : null,
    "dma200" : 82.60,
    "volume" : 1764855.00
  }, {
    "date" : "2024-12-26",
    "price" : 82.27,
    "dma50" : 80.72,
    "dma100" : null,
    "dma200" : 82.60,
    "volume" : 1063980.00
  }, {
    "date" : "2024-12-27",
    "price" : 81.98,
    "dma50" : 80.77,
    "dma100" : null,
    "dma200" : 82.59,
    "volume" : 1260265.00
  }, {
    "date" : "2024-12-30",
    "price" : 83.31,
    "dma50" : 80.87,
    "dma100" : null,
    "dma200" : 82.60,
    "volume" : 6744650.00
  }, {
    "date" : "2024-12-31",
    "price" : 81.51,
    "dma50" : 80.89,
    "dma100" : null,
    "dma200" : 82.59,
    "volume" : 1691005.00
  }, {
    "date" : "2025-01-01",
    "price" : 82.29,
    "dma50" : 80.95,
    "dma100" : null,
    "dma200" : 82.59,
    "volume" : 1055880.00
  }, {
    "date" : "2025-01-02",
    "price" : 85.43,
    "dma50" : 81.12,
    "dma100" : null,
    "dma200" : 82.61,
    "volume" : 4073400.00
  }, {
    "date" : "2025-01-03",
    "price" : 85.15,
    "dma50" : 81.28,
    "dma100" : null,
    "dma200" : 82.64,
    "volume" : 1895690.00
  }, {
    "date" : "2025-01-06",
    "price" : 85.95,
    "dma50" : 81.47,
    "dma100" : null,
    "dma200" : 82.67,
    "volume" : 7610540.00
  }, {
    "date" : "2025-01-07",
    "price" : 86.54,
    "dma50" : 81.66,
    "dma100" : null,
    "dma200" : 82.71,
    "volume" : 1899675.00
  }, {
    "date" : "2025-01-08",
    "price" : 85.56,
    "dma50" : 81.82,
    "dma100" : null,
    "dma200" : 82.74,
    "volume" : 2293585.00
  }, {
    "date" : "2025-01-09",
    "price" : 84.63,
    "dma50" : 81.93,
    "dma100" : null,
    "dma200" : 82.76,
    "volume" : 1385445.00
  }, {
    "date" : "2025-01-10",
    "price" : 81.83,
    "dma50" : 81.92,
    "dma100" : null,
    "dma200" : 82.75,
    "volume" : 1655195.00
  }, {
    "date" : "2025-01-13",
    "price" : 75.58,
    "dma50" : 81.67,
    "dma100" : null,
    "dma200" : 82.68,
    "volume" : 1860065.00
  }, {
    "date" : "2025-01-14",
    "price" : 78.98,
    "dma50" : 81.57,
    "dma100" : null,
    "dma200" : 82.64,
    "volume" : 1220570.00
  }, {
    "date" : "2025-01-15",
    "price" : 77.24,
    "dma50" : 81.40,
    "dma100" : null,
    "dma200" : 82.59,
    "volume" : 913555.00
  }, {
    "date" : "2025-01-16",
    "price" : 78.28,
    "dma50" : 81.28,
    "dma100" : null,
    "dma200" : 82.54,
    "volume" : 697835.00
  }, {
    "date" : "2025-01-17",
    "price" : 77.96,
    "dma50" : 81.15,
    "dma100" : null,
    "dma200" : 82.50,
    "volume" : 692725.00
  }, {
    "date" : "2025-01-20",
    "price" : 80.35,
    "dma50" : 81.12,
    "dma100" : null,
    "dma200" : 82.48,
    "volume" : 1312625.00
  }, {
    "date" : "2025-01-21",
    "price" : 78.89,
    "dma50" : 81.03,
    "dma100" : null,
    "dma200" : 82.44,
    "volume" : 1258815.00
  }, {
    "date" : "2025-01-22",
    "price" : 76.57,
    "dma50" : 80.85,
    "dma100" : null,
    "dma200" : 82.38,
    "volume" : 1218220.00
  }, {
    "date" : "2025-01-23",
    "price" : 77.34,
    "dma50" : 80.72,
    "dma100" : null,
    "dma200" : 82.33,
    "volume" : 807815.00
  }, {
    "date" : "2025-01-24",
    "price" : 75.81,
    "dma50" : 80.52,
    "dma100" : null,
    "dma200" : 82.27,
    "volume" : 672115.00
  }, {
    "date" : "2025-01-27",
    "price" : 72.16,
    "dma50" : 80.20,
    "dma100" : null,
    "dma200" : 82.17,
    "volume" : 1052040.00
  }, {
    "date" : "2025-01-28",
    "price" : 71.49,
    "dma50" : 79.85,
    "dma100" : null,
    "dma200" : 82.06,
    "volume" : 2988775.00
  }, {
    "date" : "2025-01-29",
    "price" : 72.33,
    "dma50" : 79.56,
    "dma100" : null,
    "dma200" : 81.96,
    "volume" : 1058010.00
  }, {
    "date" : "2025-01-30",
    "price" : 71.74,
    "dma50" : 79.25,
    "dma100" : null,
    "dma200" : 81.86,
    "volume" : 967015.00
  }, {
    "date" : "2025-01-31",
    "price" : 71.99,
    "dma50" : 78.97,
    "dma100" : null,
    "dma200" : 81.76,
    "volume" : 1307470.00
  }, {
    "date" : "2025-02-01",
    "price" : 73.38,
    "dma50" : 78.75,
    "dma100" : null,
    "dma200" : 81.68,
    "volume" : 982685.00
  }, {
    "date" : "2025-02-03",
    "price" : 72.40,
    "dma50" : 78.50,
    "dma100" : null,
    "dma200" : 81.59,
    "volume" : 772500.00
  }, {
    "date" : "2025-02-04",
    "price" : 73.61,
    "dma50" : 78.31,
    "dma100" : null,
    "dma200" : 81.51,
    "volume" : 613855.00
  }, {
    "date" : "2025-02-05",
    "price" : 75.10,
    "dma50" : 78.18,
    "dma100" : null,
    "dma200" : 81.44,
    "volume" : 1404310.00
  }, {
    "date" : "2025-02-06",
    "price" : 76.72,
    "dma50" : 78.12,
    "dma100" : null,
    "dma200" : 81.40,
    "volume" : 1701880.00
  }, {
    "date" : "2025-02-07",
    "price" : 76.84,
    "dma50" : 78.07,
    "dma100" : null,
    "dma200" : 81.35,
    "volume" : 1057955.00
  }, {
    "date" : "2025-02-10",
    "price" : 75.83,
    "dma50" : 77.99,
    "dma100" : null,
    "dma200" : 81.30,
    "volume" : 873690.00
  }, {
    "date" : "2025-02-11",
    "price" : 73.68,
    "dma50" : 77.82,
    "dma100" : null,
    "dma200" : 81.22,
    "volume" : 1194680.00
  }, {
    "date" : "2025-02-12",
    "price" : 71.34,
    "dma50" : 77.56,
    "dma100" : null,
    "dma200" : 81.12,
    "volume" : 903210.00
  }, {
    "date" : "2025-02-13",
    "price" : 70.31,
    "dma50" : 77.28,
    "dma100" : null,
    "dma200" : 81.02,
    "volume" : 853110.00
  }, {
    "date" : "2025-02-14",
    "price" : 67.28,
    "dma50" : 76.89,
    "dma100" : null,
    "dma200" : 80.88,
    "volume" : 1230260.00
  }, {
    "date" : "2025-02-17",
    "price" : 68.27,
    "dma50" : 76.55,
    "dma100" : null,
    "dma200" : 80.75,
    "volume" : 912560.00
  }, {
    "date" : "2025-02-18",
    "price" : 66.42,
    "dma50" : 76.15,
    "dma100" : null,
    "dma200" : 80.61,
    "volume" : 679600.00
  }, {
    "date" : "2025-02-19",
    "price" : 66.39,
    "dma50" : 75.77,
    "dma100" : null,
    "dma200" : 80.47,
    "volume" : 691060.00
  }, {
    "date" : "2025-02-20",
    "price" : 68.25,
    "dma50" : 75.47,
    "dma100" : null,
    "dma200" : 80.35,
    "volume" : 824840.00
  }, {
    "date" : "2025-02-21",
    "price" : 68.24,
    "dma50" : 75.19,
    "dma100" : null,
    "dma200" : 80.23,
    "volume" : 792105.00
  }, {
    "date" : "2025-02-24",
    "price" : 67.76,
    "dma50" : 74.90,
    "dma100" : null,
    "dma200" : 80.10,
    "volume" : 638935.00
  }, {
    "date" : "2025-02-25",
    "price" : 66.53,
    "dma50" : 74.57,
    "dma100" : null,
    "dma200" : 79.97,
    "volume" : 597190.00
  }, {
    "date" : "2025-02-27",
    "price" : 65.34,
    "dma50" : 74.21,
    "dma100" : null,
    "dma200" : 79.82,
    "volume" : 531245.00
  }, {
    "date" : "2025-02-28",
    "price" : 60.99,
    "dma50" : 73.69,
    "dma100" : null,
    "dma200" : 79.64,
    "volume" : 1858840.00
  }, {
    "date" : "2025-03-03",
    "price" : 60.77,
    "dma50" : 73.18,
    "dma100" : null,
    "dma200" : 79.45,
    "volume" : 1445735.00
  }, {
    "date" : "2025-03-04",
    "price" : 63.14,
    "dma50" : 72.79,
    "dma100" : null,
    "dma200" : 79.29,
    "volume" : 1882555.00
  }, {
    "date" : "2025-03-05",
    "price" : 65.49,
    "dma50" : 72.50,
    "dma100" : null,
    "dma200" : 79.15,
    "volume" : 1461575.00
  }, {
    "date" : "2025-03-06",
    "price" : 69.14,
    "dma50" : 72.37,
    "dma100" : null,
    "dma200" : 79.05,
    "volume" : 3195200.00
  }, {
    "date" : "2025-03-07",
    "price" : 69.30,
    "dma50" : 72.25,
    "dma100" : null,
    "dma200" : 78.95,
    "volume" : 1829225.00
  }, {
    "date" : "2025-03-10",
    "price" : 69.12,
    "dma50" : 72.13,
    "dma100" : null,
    "dma200" : 78.85,
    "volume" : 2066415.00
  }, {
    "date" : "2025-03-11",
    "price" : 65.35,
    "dma50" : 71.86,
    "dma100" : null,
    "dma200" : 78.72,
    "volume" : 1438428.00
  }, {
    "date" : "2025-03-12",
    "price" : 62.15,
    "dma50" : 71.48,
    "dma100" : null,
    "dma200" : 78.55,
    "volume" : 1077821.00
  }, {
    "date" : "2025-03-13",
    "price" : 60.70,
    "dma50" : 71.06,
    "dma100" : null,
    "dma200" : 78.38,
    "volume" : 880396.00
  }, {
    "date" : "2025-03-17",
    "price" : 61.65,
    "dma50" : 70.69,
    "dma100" : null,
    "dma200" : 78.21,
    "volume" : 1108184.00
  }, {
    "date" : "2025-03-18",
    "price" : 61.45,
    "dma50" : 70.33,
    "dma100" : null,
    "dma200" : 78.04,
    "volume" : 1127951.00
  }, {
    "date" : "2025-03-19",
    "price" : 63.70,
    "dma50" : 70.07,
    "dma100" : null,
    "dma200" : 77.90,
    "volume" : 1005643.00
  }, {
    "date" : "2025-03-20",
    "price" : 65.50,
    "dma50" : 69.89,
    "dma100" : null,
    "dma200" : 77.78,
    "volume" : 1547118.00
  }, {
    "date" : "2025-03-21",
    "price" : 65.05,
    "dma50" : 69.70,
    "dma100" : null,
    "dma200" : 77.65,
    "volume" : 819676.00
  }, {
    "date" : "2025-03-24",
    "price" : 64.80,
    "dma50" : 69.51,
    "dma100" : null,
    "dma200" : 77.52,
    "volume" : 1354964.00
  }, {
    "date" : "2025-03-25",
    "price" : 63.35,
    "dma50" : 69.27,
    "dma100" : null,
    "dma200" : 77.38,
    "volume" : 1255201.00
  }, {
    "date" : "2025-03-26",
    "price" : 61.65,
    "dma50" : 68.97,
    "dma100" : null,
    "dma200" : 77.23,
    "volume" : 1494063.00
  }, {
    "date" : "2025-03-27",
    "price" : 61.50,
    "dma50" : 68.67,
    "dma100" : null,
    "dma200" : 77.07,
    "volume" : 2007312.00
  }, {
    "date" : "2025-03-28",
    "price" : 61.15,
    "dma50" : 68.38,
    "dma100" : null,
    "dma200" : 76.91,
    "volume" : 1676029.00
  }, {
    "date" : "2025-04-01",
    "price" : 63.75,
    "dma50" : 68.20,
    "dma100" : null,
    "dma200" : 76.78,
    "volume" : 943638.00
  }, {
    "date" : "2025-04-02",
    "price" : 63.28,
    "dma50" : 68.00,
    "dma100" : null,
    "dma200" : 76.65,
    "volume" : 726926.00
  }, {
    "date" : "2025-04-03",
    "price" : 65.19,
    "dma50" : 67.89,
    "dma100" : null,
    "dma200" : 76.53,
    "volume" : 1068361.00
  }, {
    "date" : "2025-04-04",
    "price" : 61.91,
    "dma50" : 67.66,
    "dma100" : null,
    "dma200" : 76.39,
    "volume" : 1095726.00
  }, {
    "date" : "2025-04-07",
    "price" : 59.78,
    "dma50" : 67.35,
    "dma100" : null,
    "dma200" : 76.22,
    "volume" : 1435431.00
  }, {
    "date" : "2025-04-08",
    "price" : 60.91,
    "dma50" : 67.10,
    "dma100" : null,
    "dma200" : 76.07,
    "volume" : 588956.00
  }, {
    "date" : "2025-04-09",
    "price" : 59.35,
    "dma50" : 66.79,
    "dma100" : null,
    "dma200" : 75.90,
    "volume" : 587094.00
  }, {
    "date" : "2025-04-11",
    "price" : 61.65,
    "dma50" : 66.59,
    "dma100" : null,
    "dma200" : 75.76,
    "volume" : 613291.00
  }, {
    "date" : "2025-04-15",
    "price" : 63.49,
    "dma50" : 66.47,
    "dma100" : null,
    "dma200" : 75.64,
    "volume" : 660781.00
  }, {
    "date" : "2025-04-16",
    "price" : 64.18,
    "dma50" : 66.38,
    "dma100" : null,
    "dma200" : 75.52,
    "volume" : 604020.00
  }, {
    "date" : "2025-04-17",
    "price" : 66.73,
    "dma50" : 66.39,
    "dma100" : null,
    "dma200" : 75.44,
    "volume" : 1828332.00
  }, {
    "date" : "2025-04-21",
    "price" : 67.69,
    "dma50" : 66.45,
    "dma100" : null,
    "dma200" : 75.36,
    "volume" : 696238.00
  }, {
    "date" : "2025-04-22",
    "price" : 67.37,
    "dma50" : 66.48,
    "dma100" : null,
    "dma200" : 75.28,
    "volume" : 658107.00
  }, {
    "date" : "2025-04-23",
    "price" : 66.99,
    "dma50" : 66.50,
    "dma100" : null,
    "dma200" : 75.20,
    "volume" : 386229.00
  }, {
    "date" : "2025-04-24",
    "price" : 68.79,
    "dma50" : 66.59,
    "dma100" : null,
    "dma200" : 75.13,
    "volume" : 2358901.00
  }, {
    "date" : "2025-04-25",
    "price" : 66.08,
    "dma50" : 66.57,
    "dma100" : null,
    "dma200" : 75.04,
    "volume" : 1013711.00
  }, {
    "date" : "2025-04-28",
    "price" : 65.51,
    "dma50" : 66.53,
    "dma100" : null,
    "dma200" : 74.95,
    "volume" : 1288676.00
  }, {
    "date" : "2025-04-29",
    "price" : 66.79,
    "dma50" : 66.54,
    "dma100" : null,
    "dma200" : 74.87,
    "volume" : 2358171.00
  }, {
    "date" : "2025-04-30",
    "price" : 64.79,
    "dma50" : 66.47,
    "dma100" : null,
    "dma200" : 74.77,
    "volume" : 808907.00
  }, {
    "date" : "2025-05-02",
    "price" : 64.27,
    "dma50" : 66.38,
    "dma100" : null,
    "dma200" : 74.66,
    "volume" : 731856.00
  }, {
    "date" : "2025-05-05",
    "price" : 64.91,
    "dma50" : 66.33,
    "dma100" : null,
    "dma200" : 74.57,
    "volume" : 471203.00
  }, {
    "date" : "2025-05-06",
    "price" : 62.58,
    "dma50" : 66.18,
    "dma100" : null,
    "dma200" : 74.45,
    "volume" : 481934.00
  }, {
    "date" : "2025-05-07",
    "price" : 63.69,
    "dma50" : 66.08,
    "dma100" : null,
    "dma200" : 74.34,
    "volume" : 672418.00
  }, {
    "date" : "2025-05-08",
    "price" : 62.37,
    "dma50" : 65.94,
    "dma100" : null,
    "dma200" : 74.22,
    "volume" : 381982.00
  }, {
    "date" : "2025-05-09",
    "price" : 62.20,
    "dma50" : 65.79,
    "dma100" : null,
    "dma200" : 74.10,
    "volume" : 549558.00
  }, {
    "date" : "2025-05-12",
    "price" : 65.04,
    "dma50" : 65.76,
    "dma100" : null,
    "dma200" : 74.01,
    "volume" : 465736.00
  }, {
    "date" : "2025-05-13",
    "price" : 66.45,
    "dma50" : 65.79,
    "dma100" : null,
    "dma200" : 73.94,
    "volume" : 1134083.00
  }, {
    "date" : "2025-05-14",
    "price" : 70.32,
    "dma50" : 65.97,
    "dma100" : null,
    "dma200" : 73.90,
    "volume" : 1824848.00
  }, {
    "date" : "2025-05-15",
    "price" : 77.04,
    "dma50" : 66.40,
    "dma100" : null,
    "dma200" : 73.93,
    "volume" : 5625842.00
  }, {
    "date" : "2025-05-16",
    "price" : 80.24,
    "dma50" : 66.94,
    "dma100" : null,
    "dma200" : 73.99,
    "volume" : 4275990.00
  }, {
    "date" : "2025-05-19",
    "price" : 81.40,
    "dma50" : 67.51,
    "dma100" : null,
    "dma200" : 74.07,
    "volume" : 3705585.00
  }, {
    "date" : "2025-05-20",
    "price" : 79.15,
    "dma50" : 67.97,
    "dma100" : null,
    "dma200" : 74.12,
    "volume" : 1811410.00
  }, {
    "date" : "2025-05-21",
    "price" : 86.27,
    "dma50" : 68.68,
    "dma100" : 70.55,
    "dma200" : 74.24,
    "volume" : 6070699.00
  }, {
    "date" : "2025-05-22",
    "price" : 86.20,
    "dma50" : 69.37,
    "dma100" : 70.59,
    "dma200" : 74.36,
    "volume" : 2439133.00
  }, {
    "date" : "2025-05-23",
    "price" : 86.30,
    "dma50" : 70.03,
    "dma100" : 70.63,
    "dma200" : 74.48,
    "volume" : 1158805.00
  }, {
    "date" : "2025-05-26",
    "price" : 87.17,
    "dma50" : 70.71,
    "dma100" : 70.68,
    "dma200" : 74.60,
    "volume" : 1255462.00
  }, {
    "date" : "2025-05-27",
    "price" : 88.45,
    "dma50" : 71.40,
    "dma100" : 70.74,
    "dma200" : 74.74,
    "volume" : 1926180.00
  }, {
    "date" : "2025-05-28",
    "price" : 88.12,
    "dma50" : 72.06,
    "dma100" : 70.80,
    "dma200" : 74.87,
    "volume" : 1314266.00
  }, {
    "date" : "2025-05-29",
    "price" : 89.44,
    "dma50" : 72.74,
    "dma100" : 70.87,
    "dma200" : 75.02,
    "volume" : 1709319.00
  }, {
    "date" : "2025-05-30",
    "price" : 87.92,
    "dma50" : 73.34,
    "dma100" : 70.90,
    "dma200" : 75.15,
    "volume" : 864091.00
  }, {
    "date" : "2025-06-02",
    "price" : 89.74,
    "dma50" : 73.98,
    "dma100" : 70.94,
    "dma200" : 75.29,
    "volume" : 1348502.00
  }, {
    "date" : "2025-06-03",
    "price" : 87.66,
    "dma50" : 74.51,
    "dma100" : 70.96,
    "dma200" : 75.42,
    "volume" : 898921.00
  }, {
    "date" : "2025-06-04",
    "price" : 86.54,
    "dma50" : 74.99,
    "dma100" : 70.96,
    "dma200" : 75.53,
    "volume" : 1197799.00
  }, {
    "date" : "2025-06-05",
    "price" : 86.71,
    "dma50" : 75.45,
    "dma100" : 70.97,
    "dma200" : 75.64,
    "volume" : 749252.00
  }, {
    "date" : "2025-06-06",
    "price" : 88.74,
    "dma50" : 75.97,
    "dma100" : 71.01,
    "dma200" : 75.77,
    "volume" : 1271316.00
  }, {
    "date" : "2025-06-09",
    "price" : 88.94,
    "dma50" : 76.48,
    "dma100" : 71.08,
    "dma200" : 75.90,
    "volume" : 589158.00
  }, {
    "date" : "2025-06-10",
    "price" : 89.80,
    "dma50" : 77.00,
    "dma100" : 71.23,
    "dma200" : 76.04,
    "volume" : 1141142.00
  }, {
    "date" : "2025-06-11",
    "price" : 92.81,
    "dma50" : 77.62,
    "dma100" : 71.36,
    "dma200" : 76.20,
    "volume" : 3915921.00
  }, {
    "date" : "2025-06-12",
    "price" : 90.18,
    "dma50" : 78.11,
    "dma100" : 71.49,
    "dma200" : 76.34,
    "volume" : 1217429.00
  }, {
    "date" : "2025-06-13",
    "price" : 88.75,
    "dma50" : 78.53,
    "dma100" : 71.60,
    "dma200" : 76.47,
    "volume" : 831527.00
  }, {
    "date" : "2025-06-16",
    "price" : 88.93,
    "dma50" : 78.94,
    "dma100" : 71.71,
    "dma200" : 76.59,
    "volume" : 758791.00
  }, {
    "date" : "2025-06-17",
    "price" : 87.05,
    "dma50" : 79.25,
    "dma100" : 71.78,
    "dma200" : 76.69,
    "volume" : 721742.00
  }, {
    "date" : "2025-06-18",
    "price" : 84.87,
    "dma50" : 79.47,
    "dma100" : 71.84,
    "dma200" : 76.78,
    "volume" : 545357.00
  }, {
    "date" : "2025-06-19",
    "price" : 83.03,
    "dma50" : 79.61,
    "dma100" : 71.90,
    "dma200" : 76.84,
    "volume" : 710424.00
  }, {
    "date" : "2025-06-20",
    "price" : 86.28,
    "dma50" : 79.88,
    "dma100" : 71.99,
    "dma200" : 76.93,
    "volume" : 1006735.00
  }, {
    "date" : "2025-06-23",
    "price" : 88.55,
    "dma50" : 80.22,
    "dma100" : 72.12,
    "dma200" : 77.05,
    "volume" : 1117517.00
  }, {
    "date" : "2025-06-24",
    "price" : 92.43,
    "dma50" : 80.69,
    "dma100" : 72.32,
    "dma200" : 77.20,
    "volume" : 2715680.00
  }, {
    "date" : "2025-06-25",
    "price" : 97.14,
    "dma50" : 81.34,
    "dma100" : 72.58,
    "dma200" : 77.40,
    "volume" : 4470161.00
  }, {
    "date" : "2025-06-26",
    "price" : 94.98,
    "dma50" : 81.87,
    "dma100" : 72.80,
    "dma200" : 77.57,
    "volume" : 1645325.00
  }, {
    "date" : "2025-06-27",
    "price" : 97.49,
    "dma50" : 82.49,
    "dma100" : 73.06,
    "dma200" : 77.77,
    "volume" : 3022712.00
  }, {
    "date" : "2025-06-30",
    "price" : 97.19,
    "dma50" : 83.06,
    "dma100" : 73.31,
    "dma200" : 77.97,
    "volume" : 1336863.00
  }, {
    "date" : "2025-07-01",
    "price" : 96.76,
    "dma50" : 83.60,
    "dma100" : 73.55,
    "dma200" : 78.15,
    "volume" : 1837420.00
  }, {
    "date" : "2025-07-02",
    "price" : 95.83,
    "dma50" : 84.08,
    "dma100" : 73.78,
    "dma200" : 78.33,
    "volume" : 1325409.00
  }, {
    "date" : "2025-07-03",
    "price" : 93.41,
    "dma50" : 84.45,
    "dma100" : 73.98,
    "dma200" : 78.48,
    "volume" : 764362.00
  }, {
    "date" : "2025-07-04",
    "price" : 93.64,
    "dma50" : 84.81,
    "dma100" : 74.16,
    "dma200" : 78.63,
    "volume" : 1284757.00
  }, {
    "date" : "2025-07-07",
    "price" : 94.66,
    "dma50" : 85.19,
    "dma100" : 74.34,
    "dma200" : 78.79,
    "volume" : 1101325.00
  }, {
    "date" : "2025-07-08",
    "price" : 91.99,
    "dma50" : 85.46,
    "dma100" : 74.49,
    "dma200" : 78.92,
    "volume" : 758374.00
  }, {
    "date" : "2025-07-09",
    "price" : 90.67,
    "dma50" : 85.66,
    "dma100" : 74.64,
    "dma200" : 79.04,
    "volume" : 658143.00
  }, {
    "date" : "2025-07-10",
    "price" : 91.05,
    "dma50" : 85.88,
    "dma100" : 74.82,
    "dma200" : 79.16,
    "volume" : 916760.00
  }, {
    "date" : "2025-07-11",
    "price" : 91.18,
    "dma50" : 86.08,
    "dma100" : 75.01,
    "dma200" : 79.28,
    "volume" : 1360391.00
  }, {
    "date" : "2025-07-14",
    "price" : 92.78,
    "dma50" : 86.35,
    "dma100" : 75.24,
    "dma200" : 79.41,
    "volume" : 1047042.00
  }, {
    "date" : "2025-07-15",
    "price" : 93.57,
    "dma50" : 86.63,
    "dma100" : 75.50,
    "dma200" : 79.55,
    "volume" : 1072122.00
  }, {
    "date" : "2025-07-16",
    "price" : 93.42,
    "dma50" : 86.90,
    "dma100" : 75.75,
    "dma200" : 79.69,
    "volume" : 1427052.00
  }, {
    "date" : "2025-07-17",
    "price" : 92.46,
    "dma50" : 87.11,
    "dma100" : 76.01,
    "dma200" : 79.82,
    "volume" : 650725.00
  }, {
    "date" : "2025-07-18",
    "price" : 91.80,
    "dma50" : 87.30,
    "dma100" : 76.27,
    "dma200" : 79.94,
    "volume" : 620342.00
  }, {
    "date" : "2025-07-21",
    "price" : 97.93,
    "dma50" : 87.71,
    "dma100" : 76.57,
    "dma200" : 80.11,
    "volume" : 6158122.00
  }, {
    "date" : "2025-07-22",
    "price" : 96.40,
    "dma50" : 88.06,
    "dma100" : 76.85,
    "dma200" : 80.28,
    "volume" : 1626704.00
  }, {
    "date" : "2025-07-23",
    "price" : 98.65,
    "dma50" : 88.47,
    "dma100" : 77.16,
    "dma200" : 80.46,
    "volume" : 3803077.00
  }, {
    "date" : "2025-07-24",
    "price" : 95.83,
    "dma50" : 88.76,
    "dma100" : 77.45,
    "dma200" : 80.61,
    "volume" : 3282700.00
  }, {
    "date" : "2025-07-25",
    "price" : 94.23,
    "dma50" : 88.97,
    "dma100" : 77.74,
    "dma200" : 80.75,
    "volume" : 1355373.00
  }, {
    "date" : "2025-07-28",
    "price" : 92.38,
    "dma50" : 89.11,
    "dma100" : 78.05,
    "dma200" : 80.86,
    "volume" : 1084009.00
  }, {
    "date" : "2025-07-29",
    "price" : 93.12,
    "dma50" : 89.26,
    "dma100" : 78.38,
    "dma200" : 80.99,
    "volume" : 1470774.00
  }, {
    "date" : "2025-07-30",
    "price" : 100.29,
    "dma50" : 89.70,
    "dma100" : 78.75,
    "dma200" : 81.18,
    "volume" : 17578351.00
  }, {
    "date" : "2025-07-31",
    "price" : 103.16,
    "dma50" : 90.22,
    "dma100" : 79.12,
    "dma200" : 81.40,
    "volume" : 5833449.00
  }, {
    "date" : "2025-08-01",
    "price" : 100.17,
    "dma50" : 90.61,
    "dma100" : 79.43,
    "dma200" : 81.58,
    "volume" : 3245137.00
  }, {
    "date" : "2025-08-04",
    "price" : 101.65,
    "dma50" : 91.05,
    "dma100" : 79.76,
    "dma200" : 81.78,
    "volume" : 3012115.00
  }, {
    "date" : "2025-08-05",
    "price" : 97.66,
    "dma50" : 91.31,
    "dma100" : 80.04,
    "dma200" : 81.94,
    "volume" : 2051876.00
  }, {
    "date" : "2025-08-06",
    "price" : 95.10,
    "dma50" : 91.46,
    "dma100" : 80.34,
    "dma200" : 82.07,
    "volume" : 2463547.00
  }, {
    "date" : "2025-08-07",
    "price" : 97.99,
    "dma50" : 91.71,
    "dma100" : 80.70,
    "dma200" : 82.23,
    "volume" : 4552571.00
  }, {
    "date" : "2025-08-08",
    "price" : 92.69,
    "dma50" : 91.75,
    "dma100" : 81.02,
    "dma200" : 82.33,
    "volume" : 1999053.00
  }, {
    "date" : "2025-08-11",
    "price" : 90.24,
    "dma50" : 91.69,
    "dma100" : 81.30,
    "dma200" : 82.41,
    "volume" : 1678367.00
  }, {
    "date" : "2025-08-12",
    "price" : 90.17,
    "dma50" : 91.63,
    "dma100" : 81.59,
    "dma200" : 82.49,
    "volume" : 1021305.00
  }, {
    "date" : "2025-08-13",
    "price" : 93.23,
    "dma50" : 91.69,
    "dma100" : 81.89,
    "dma200" : 82.60,
    "volume" : 1807444.00
  }, {
    "date" : "2025-08-14",
    "price" : 92.35,
    "dma50" : 91.72,
    "dma100" : 82.16,
    "dma200" : 82.69,
    "volume" : 643451.00
  }, {
    "date" : "2025-08-18",
    "price" : 94.10,
    "dma50" : 91.81,
    "dma100" : 82.45,
    "dma200" : 82.81,
    "volume" : 1379546.00
  }, {
    "date" : "2025-08-19",
    "price" : 97.23,
    "dma50" : 92.03,
    "dma100" : 82.77,
    "dma200" : 82.95,
    "volume" : 1570338.00
  }, {
    "date" : "2025-08-20",
    "price" : 98.06,
    "dma50" : 92.26,
    "dma100" : 83.12,
    "dma200" : 83.10,
    "volume" : 1033614.00
  }, {
    "date" : "2025-08-21",
    "price" : 98.25,
    "dma50" : 92.50,
    "dma100" : 83.48,
    "dma200" : 83.25,
    "volume" : 1238669.00
  }, {
    "date" : "2025-08-22",
    "price" : 96.82,
    "dma50" : 92.67,
    "dma100" : 83.84,
    "dma200" : 83.39,
    "volume" : 873380.00
  }, {
    "date" : "2025-08-25",
    "price" : 94.70,
    "dma50" : 92.75,
    "dma100" : 84.17,
    "dma200" : 83.50,
    "volume" : 727465.00
  }, {
    "date" : "2025-08-26",
    "price" : 91.84,
    "dma50" : 92.71,
    "dma100" : 84.45,
    "dma200" : 83.58,
    "volume" : 773666.00
  }, {
    "date" : "2025-08-28",
    "price" : 90.91,
    "dma50" : 92.64,
    "dma100" : 84.73,
    "dma200" : 83.66,
    "volume" : 677105.00
  }, {
    "date" : "2025-08-29",
    "price" : 90.74,
    "dma50" : 92.57,
    "dma100" : 84.98,
    "dma200" : 83.73,
    "volume" : 557942.00
  }, {
    "date" : "2025-09-01",
    "price" : 93.14,
    "dma50" : 92.59,
    "dma100" : 85.30,
    "dma200" : 83.82,
    "volume" : 1364925.00
  }, {
    "date" : "2025-09-02",
    "price" : 95.23,
    "dma50" : 92.69,
    "dma100" : 85.65,
    "dma200" : 83.93,
    "volume" : 1409770.00
  }, {
    "date" : "2025-09-03",
    "price" : 101.35,
    "dma50" : 93.03,
    "dma100" : 86.06,
    "dma200" : 84.11,
    "volume" : 6173087.00
  }, {
    "date" : "2025-09-04",
    "price" : 98.19,
    "dma50" : 93.23,
    "dma100" : 86.44,
    "dma200" : 84.25,
    "volume" : 1589401.00
  }, {
    "date" : "2025-09-05",
    "price" : 96.91,
    "dma50" : 93.38,
    "dma100" : 86.80,
    "dma200" : 84.37,
    "volume" : 993375.00
  }, {
    "date" : "2025-09-08",
    "price" : 111.79,
    "dma50" : 94.10,
    "dma100" : 87.28,
    "dma200" : 84.65,
    "volume" : 47893118.00
  }, {
    "date" : "2025-09-09",
    "price" : 117.86,
    "dma50" : 95.03,
    "dma100" : 87.82,
    "dma200" : 84.98,
    "volume" : 77760931.00
  }, {
    "date" : "2025-09-10",
    "price" : 113.56,
    "dma50" : 95.76,
    "dma100" : 88.28,
    "dma200" : 85.26,
    "volume" : 13041556.00
  }, {
    "date" : "2025-09-11",
    "price" : 110.89,
    "dma50" : 96.35,
    "dma100" : 88.72,
    "dma200" : 85.52,
    "volume" : 5743455.00
  }, {
    "date" : "2025-09-12",
    "price" : 115.76,
    "dma50" : 97.11,
    "dma100" : 89.20,
    "dma200" : 85.82,
    "volume" : 11584771.00
  }, {
    "date" : "2025-09-15",
    "price" : 119.53,
    "dma50" : 97.99,
    "dma100" : 89.73,
    "dma200" : 86.15,
    "volume" : 13703275.00
  }, {
    "date" : "2025-09-16",
    "price" : 115.13,
    "dma50" : 98.66,
    "dma100" : 90.19,
    "dma200" : 86.44,
    "volume" : 4374833.00
  }, {
    "date" : "2025-09-17",
    "price" : 116.04,
    "dma50" : 99.35,
    "dma100" : 90.69,
    "dma200" : 86.73,
    "volume" : 3395845.00
  }, {
    "date" : "2025-09-18",
    "price" : 118.85,
    "dma50" : 100.11,
    "dma100" : 91.22,
    "dma200" : 87.05,
    "volume" : 9818587.00
  }, {
    "date" : "2025-09-19",
    "price" : 119.93,
    "dma50" : 100.89,
    "dma100" : 91.75,
    "dma200" : 87.38,
    "volume" : 17727692.00
  }, {
    "date" : "2025-09-22",
    "price" : 116.74,
    "dma50" : 101.51,
    "dma100" : 92.27,
    "dma200" : 87.67,
    "volume" : 4878793.00
  }, {
    "date" : "2025-09-23",
    "price" : 114.77,
    "dma50" : 102.03,
    "dma100" : 92.78,
    "dma200" : 87.94,
    "volume" : 2903053.00
  }, {
    "date" : "2025-09-24",
    "price" : 114.55,
    "dma50" : 102.52,
    "dma100" : 93.27,
    "dma200" : 88.21,
    "volume" : 3169921.00
  }, {
    "date" : "2025-09-25",
    "price" : 110.71,
    "dma50" : 102.84,
    "dma100" : 93.76,
    "dma200" : 88.43,
    "volume" : 3242748.00
  }, {
    "date" : "2025-09-26",
    "price" : 103.87,
    "dma50" : 102.88,
    "dma100" : 94.16,
    "dma200" : 88.59,
    "volume" : 5545396.00
  }, {
    "date" : "2025-09-29",
    "price" : 101.27,
    "dma50" : 102.82,
    "dma100" : 94.55,
    "dma200" : 88.71,
    "volume" : 3385559.00
  }, {
    "date" : "2025-09-30",
    "price" : 102.78,
    "dma50" : 102.82,
    "dma100" : 94.95,
    "dma200" : 88.85,
    "volume" : 3053020.00
  }, {
    "date" : "2025-10-01",
    "price" : 106.99,
    "dma50" : 102.98,
    "dma100" : 95.37,
    "dma200" : 89.03,
    "volume" : 3551352.00
  }, {
    "date" : "2025-10-03",
    "price" : 105.66,
    "dma50" : 103.09,
    "dma100" : 95.76,
    "dma200" : 89.20,
    "volume" : 2041515.00
  }, {
    "date" : "2025-10-06",
    "price" : 103.87,
    "dma50" : 103.12,
    "dma100" : 96.10,
    "dma200" : 89.34,
    "volume" : 1952737.00
  }, {
    "date" : "2025-10-07",
    "price" : 101.45,
    "dma50" : 103.05,
    "dma100" : 96.34,
    "dma200" : 89.46,
    "volume" : 2159531.00
  }, {
    "date" : "2025-10-08",
    "price" : 102.73,
    "dma50" : 103.04,
    "dma100" : 96.57,
    "dma200" : 89.60,
    "volume" : 2091410.00
  }, {
    "date" : "2025-10-09",
    "price" : 100.13,
    "dma50" : 102.92,
    "dma100" : 96.76,
    "dma200" : 89.70,
    "volume" : 1924623.00
  }, {
    "date" : "2025-10-10",
    "price" : 101.94,
    "dma50" : 102.89,
    "dma100" : 96.98,
    "dma200" : 89.82,
    "volume" : 2226645.00
  }, {
    "date" : "2025-10-13",
    "price" : 99.79,
    "dma50" : 102.76,
    "dma100" : 97.12,
    "dma200" : 89.92,
    "volume" : 1199023.00
  }, {
    "date" : "2025-10-14",
    "price" : 96.11,
    "dma50" : 102.50,
    "dma100" : 97.22,
    "dma200" : 89.98,
    "volume" : 2154200.00
  }, {
    "date" : "2025-10-15",
    "price" : 97.61,
    "dma50" : 102.31,
    "dma100" : 97.33,
    "dma200" : 90.06,
    "volume" : 1567131.00
  }, {
    "date" : "2025-10-16",
    "price" : 98.05,
    "dma50" : 102.14,
    "dma100" : 97.44,
    "dma200" : 90.14,
    "volume" : 1250584.00
  }, {
    "date" : "2025-10-17",
    "price" : 97.53,
    "dma50" : 101.96,
    "dma100" : 97.53,
    "dma200" : 90.21,
    "volume" : 1330387.00
  }, {
    "date" : "2025-10-20",
    "price" : 94.79,
    "dma50" : 101.68,
    "dma100" : 97.60,
    "dma200" : 90.26,
    "volume" : 2277194.00
  }, {
    "date" : "2025-10-21",
    "price" : 95.15,
    "dma50" : 101.43,
    "dma100" : 97.65,
    "dma200" : 90.31,
    "volume" : 468967.00
  }, {
    "date" : "2025-10-23",
    "price" : 95.22,
    "dma50" : 101.18,
    "dma100" : 97.73,
    "dma200" : 90.36,
    "volume" : 1050298.00
  }, {
    "date" : "2025-10-24",
    "price" : 92.90,
    "dma50" : 100.86,
    "dma100" : 97.76,
    "dma200" : 90.38,
    "volume" : 1237109.00
  }, {
    "date" : "2025-10-27",
    "price" : 93.13,
    "dma50" : 100.55,
    "dma100" : 97.81,
    "dma200" : 90.41,
    "volume" : 1091700.00
  }, {
    "date" : "2025-10-28",
    "price" : 92.69,
    "dma50" : 100.25,
    "dma100" : 97.88,
    "dma200" : 90.43,
    "volume" : 1044207.00
  }, {
    "date" : "2025-10-29",
    "price" : 94.68,
    "dma50" : 100.03,
    "dma100" : 97.96,
    "dma200" : 90.47,
    "volume" : 1383337.00
  }, {
    "date" : "2025-10-30",
    "price" : 93.33,
    "dma50" : 99.77,
    "dma100" : 98.00,
    "dma200" : 90.50,
    "volume" : 790394.00
  }, {
    "date" : "2025-10-31",
    "price" : 92.53,
    "dma50" : 99.48,
    "dma100" : 98.04,
    "dma200" : 90.52,
    "volume" : 665401.00
  }, {
    "date" : "2025-11-03",
    "price" : 94.48,
    "dma50" : 99.29,
    "dma100" : 98.08,
    "dma200" : 90.56,
    "volume" : 1437558.00
  }, {
    "date" : "2025-11-04",
    "price" : 92.79,
    "dma50" : 99.03,
    "dma100" : 98.08,
    "dma200" : 90.58,
    "volume" : 770013.00
  }, {
    "date" : "2025-11-06",
    "price" : 90.59,
    "dma50" : 98.70,
    "dma100" : 98.09,
    "dma200" : 90.58,
    "volume" : 985458.00
  }, {
    "date" : "2025-11-07",
    "price" : 90.66,
    "dma50" : 98.38,
    "dma100" : 98.11,
    "dma200" : 90.58,
    "volume" : 1071973.00
  }, {
    "date" : "2025-11-10",
    "price" : 89.23,
    "dma50" : 98.03,
    "dma100" : 98.11,
    "dma200" : 90.57,
    "volume" : 1028018.00
  }, {
    "date" : "2025-11-11",
    "price" : 88.80,
    "dma50" : 97.66,
    "dma100" : 98.13,
    "dma200" : 90.55,
    "volume" : 1136910.00
  }, {
    "date" : "2025-11-12",
    "price" : 98.51,
    "dma50" : 97.70,
    "dma100" : 98.26,
    "dma200" : 90.63,
    "volume" : 28123448.00
  }, {
    "date" : "2025-11-13",
    "price" : 98.07,
    "dma50" : 97.71,
    "dma100" : 98.41,
    "dma200" : 90.71,
    "volume" : 5017069.00
  }, {
    "date" : "2025-11-14",
    "price" : 95.67,
    "dma50" : 97.63,
    "dma100" : 98.51,
    "dma200" : 90.76,
    "volume" : 1250136.00
  }, {
    "date" : "2025-11-17",
    "price" : 95.66,
    "dma50" : 97.55,
    "dma100" : 98.58,
    "dma200" : 90.80,
    "volume" : 938333.00
  }, {
    "date" : "2025-11-18",
    "price" : 93.54,
    "dma50" : 97.40,
    "dma100" : 98.59,
    "dma200" : 90.83,
    "volume" : 771340.00
  }, {
    "date" : "2025-11-19",
    "price" : 92.34,
    "dma50" : 97.20,
    "dma100" : 98.54,
    "dma200" : 90.85,
    "volume" : 572473.00
  }, {
    "date" : "2025-11-20",
    "price" : 91.62,
    "dma50" : 96.98,
    "dma100" : 98.51,
    "dma200" : 90.85,
    "volume" : 721725.00
  }, {
    "date" : "2025-11-21",
    "price" : 90.32,
    "dma50" : 96.72,
    "dma100" : 98.44,
    "dma200" : 90.85,
    "volume" : 544114.00
  }, {
    "date" : "2025-11-24",
    "price" : 92.92,
    "dma50" : 96.57,
    "dma100" : 98.39,
    "dma200" : 90.87,
    "volume" : 2226886.00
  }, {
    "date" : "2025-11-25",
    "price" : 90.25,
    "dma50" : 96.32,
    "dma100" : 98.33,
    "dma200" : 90.86,
    "volume" : 912300.00
  }, {
    "date" : "2025-11-26",
    "price" : 91.60,
    "dma50" : 96.14,
    "dma100" : 98.29,
    "dma200" : 90.87,
    "volume" : 694508.00
  }, {
    "date" : "2025-11-27",
    "price" : 90.86,
    "dma50" : 95.93,
    "dma100" : 98.26,
    "dma200" : 90.87,
    "volume" : 433787.00
  }, {
    "date" : "2025-11-28",
    "price" : 90.04,
    "dma50" : 95.70,
    "dma100" : 98.23,
    "dma200" : 90.86,
    "volume" : 706436.00
  }, {
    "date" : "2025-12-01",
    "price" : 89.95,
    "dma50" : 95.47,
    "dma100" : 98.18,
    "dma200" : 90.85,
    "volume" : 577751.00
  }, {
    "date" : "2025-12-02",
    "price" : 89.11,
    "dma50" : 95.22,
    "dma100" : 98.15,
    "dma200" : 90.84,
    "volume" : 451377.00
  }, {
    "date" : "2025-12-03",
    "price" : 86.94,
    "dma50" : 94.90,
    "dma100" : 98.11,
    "dma200" : 90.80,
    "volume" : 601566.00
  }, {
    "date" : "2025-12-04",
    "price" : 86.85,
    "dma50" : 94.58,
    "dma100" : 98.07,
    "dma200" : 90.76,
    "volume" : 555996.00
  }, {
    "date" : "2025-12-05",
    "price" : 84.40,
    "dma50" : 94.18,
    "dma100" : 98.00,
    "dma200" : 90.69,
    "volume" : 967054.00
  }, {
    "date" : "2025-12-08",
    "price" : 82.04,
    "dma50" : 93.71,
    "dma100" : 97.90,
    "dma200" : 90.61,
    "volume" : 2042079.00
  }, {
    "date" : "2025-12-09",
    "price" : 82.55,
    "dma50" : 93.27,
    "dma100" : 97.78,
    "dma200" : 90.53,
    "volume" : 1439532.00
  }, {
    "date" : "2025-12-10",
    "price" : 82.16,
    "dma50" : 92.83,
    "dma100" : 97.67,
    "dma200" : 90.45,
    "volume" : 576233.00
  }, {
    "date" : "2025-12-11",
    "price" : 83.97,
    "dma50" : 92.49,
    "dma100" : 97.59,
    "dma200" : 90.38,
    "volume" : 916693.00
  }, {
    "date" : "2025-12-12",
    "price" : 83.08,
    "dma50" : 92.12,
    "dma100" : 97.50,
    "dma200" : 90.31,
    "volume" : 712787.00
  }, {
    "date" : "2025-12-15",
    "price" : 82.47,
    "dma50" : 91.74,
    "dma100" : 97.35,
    "dma200" : 90.23,
    "volume" : 475722.00
  }, {
    "date" : "2025-12-16",
    "price" : 81.75,
    "dma50" : 91.35,
    "dma100" : 97.20,
    "dma200" : 90.15,
    "volume" : 449072.00
  }, {
    "date" : "2025-12-17",
    "price" : 80.52,
    "dma50" : 90.92,
    "dma100" : 97.02,
    "dma200" : 90.05,
    "volume" : 518438.00
  }, {
    "date" : "2025-12-18",
    "price" : 79.94,
    "dma50" : 90.49,
    "dma100" : 96.86,
    "dma200" : 89.95,
    "volume" : 592916.00
  }, {
    "date" : "2025-12-19",
    "price" : 82.31,
    "dma50" : 90.17,
    "dma100" : 96.74,
    "dma200" : 89.87,
    "volume" : 780269.00
  } ],
  "latestTechnicalAttributes" : {
    "date" : "2025-12-19",
    "price" : 82.31,
    "dma50" : 90.17,
    "dma100" : 96.74,
    "dma200" : 89.87,
    "volume" : 780269.00
  },
  "quarterlyResults" : [ {
    "date" : "2005-03-31",
    "sales" : 27.77,
    "salesGrowthYoY" : null,
    "grossProfitMargin" : 28.52,
    "grossProfit" : 7.92,
    "operatingProfitMargin" : 10.33,
    "operatingProfit" : 2.87,
    "netProfitMargin" : 15.12,
    "netProfit" : 4.20
  }, {
    "date" : "2005-06-30",
    "sales" : 27.63,
    "salesGrowthYoY" : null,
    "grossProfitMargin" : 26.93,
    "grossProfit" : 7.44,
    "operatingProfitMargin" : 10.64,
    "operatingProfit" : 2.94,
    "netProfitMargin" : 2.39,
    "netProfit" : 0.66
  }, {
    "date" : "2005-09-30",
    "sales" : 33.26,
    "salesGrowthYoY" : null,
    "grossProfitMargin" : 31.18,
    "grossProfit" : 10.37,
    "operatingProfitMargin" : 11.00,
    "operatingProfit" : 3.66,
    "netProfitMargin" : 3.07,
    "netProfit" : 1.02
  }, {
    "date" : "2005-12-31",
    "sales" : 41.11,
    "salesGrowthYoY" : null,
    "grossProfitMargin" : 31.50,
    "grossProfit" : 12.95,
    "operatingProfitMargin" : 15.52,
    "operatingProfit" : 6.38,
    "netProfitMargin" : 8.56,
    "netProfit" : 3.52
  }, {
    "date" : "2006-03-31",
    "sales" : 50.98,
    "salesGrowthYoY" : 83.58,
    "grossProfitMargin" : 25.74,
    "grossProfit" : 13.12,
    "operatingProfitMargin" : 9.45,
    "operatingProfit" : 4.82,
    "netProfitMargin" : 4.04,
    "netProfit" : 2.06
  }, {
    "date" : "2006-06-30",
    "sales" : 42.29,
    "salesGrowthYoY" : 53.06,
    "grossProfitMargin" : 23.84,
    "grossProfit" : 10.08,
    "operatingProfitMargin" : 9.03,
    "operatingProfit" : 3.82,
    "netProfitMargin" : 2.29,
    "netProfit" : 0.97
  }, {
    "date" : "2006-09-30",
    "sales" : 42.76,
    "salesGrowthYoY" : 28.56,
    "grossProfitMargin" : 30.89,
    "grossProfit" : 13.21,
    "operatingProfitMargin" : 10.15,
    "operatingProfit" : 4.34,
    "netProfitMargin" : 2.88,
    "netProfit" : 1.23
  }, {
    "date" : "2006-12-31",
    "sales" : 57.36,
    "salesGrowthYoY" : 39.53,
    "grossProfitMargin" : 24.88,
    "grossProfit" : 14.27,
    "operatingProfitMargin" : 9.33,
    "operatingProfit" : 5.35,
    "netProfitMargin" : 3.85,
    "netProfit" : 2.21
  }, {
    "date" : "2007-03-31",
    "sales" : 60.18,
    "salesGrowthYoY" : 18.05,
    "grossProfitMargin" : 24.59,
    "grossProfit" : 14.80,
    "operatingProfitMargin" : 8.76,
    "operatingProfit" : 5.27,
    "netProfitMargin" : 5.22,
    "netProfit" : 3.14
  }, {
    "date" : "2007-06-30",
    "sales" : 68.22,
    "salesGrowthYoY" : 61.31,
    "grossProfitMargin" : 24.79,
    "grossProfit" : 16.91,
    "operatingProfitMargin" : 8.60,
    "operatingProfit" : 5.87,
    "netProfitMargin" : 1.88,
    "netProfit" : 1.28
  }, {
    "date" : "2007-09-30",
    "sales" : 80.64,
    "salesGrowthYoY" : 88.59,
    "grossProfitMargin" : 30.84,
    "grossProfit" : 24.87,
    "operatingProfitMargin" : 11.71,
    "operatingProfit" : 9.44,
    "netProfitMargin" : 4.12,
    "netProfit" : 3.32
  }, {
    "date" : "2007-12-31",
    "sales" : 85.33,
    "salesGrowthYoY" : 48.76,
    "grossProfitMargin" : 34.58,
    "grossProfit" : 29.51,
    "operatingProfitMargin" : 11.99,
    "operatingProfit" : 10.23,
    "netProfitMargin" : 3.59,
    "netProfit" : 3.06
  }, {
    "date" : "2008-03-31",
    "sales" : 83.60,
    "salesGrowthYoY" : 38.92,
    "grossProfitMargin" : 32.76,
    "grossProfit" : 27.39,
    "operatingProfitMargin" : 13.28,
    "operatingProfit" : 11.10,
    "netProfitMargin" : 5.63,
    "netProfit" : 4.71
  }, {
    "date" : "2008-06-30",
    "sales" : 82.95,
    "salesGrowthYoY" : 21.59,
    "grossProfitMargin" : 26.64,
    "grossProfit" : 22.10,
    "operatingProfitMargin" : 10.85,
    "operatingProfit" : 9.00,
    "netProfitMargin" : 2.30,
    "netProfit" : 1.91
  }, {
    "date" : "2008-09-30",
    "sales" : 80.02,
    "salesGrowthYoY" : -0.77,
    "grossProfitMargin" : 35.14,
    "grossProfit" : 28.12,
    "operatingProfitMargin" : 13.47,
    "operatingProfit" : 10.78,
    "netProfitMargin" : 5.20,
    "netProfit" : 4.16
  }, {
    "date" : "2008-12-31",
    "sales" : 67.76,
    "salesGrowthYoY" : -20.59,
    "grossProfitMargin" : 28.87,
    "grossProfit" : 19.56,
    "operatingProfitMargin" : 10.20,
    "operatingProfit" : 6.91,
    "netProfitMargin" : 1.27,
    "netProfit" : 0.86
  }, {
    "date" : "2009-03-31",
    "sales" : 73.60,
    "salesGrowthYoY" : -11.96,
    "grossProfitMargin" : 33.59,
    "grossProfit" : 24.72,
    "operatingProfitMargin" : 12.65,
    "operatingProfit" : 9.31,
    "netProfitMargin" : 7.83,
    "netProfit" : 5.76
  }, {
    "date" : "2009-06-30",
    "sales" : 88.19,
    "salesGrowthYoY" : 6.32,
    "grossProfitMargin" : 30.22,
    "grossProfit" : 26.65,
    "operatingProfitMargin" : 9.62,
    "operatingProfit" : 8.48,
    "netProfitMargin" : 1.42,
    "netProfit" : 1.25
  }, {
    "date" : "2009-09-30",
    "sales" : 89.43,
    "salesGrowthYoY" : 11.76,
    "grossProfitMargin" : 31.69,
    "grossProfit" : 28.34,
    "operatingProfitMargin" : 8.82,
    "operatingProfit" : 7.89,
    "netProfitMargin" : 1.73,
    "netProfit" : 1.55
  }, {
    "date" : "2009-12-31",
    "sales" : 86.22,
    "salesGrowthYoY" : 27.24,
    "grossProfitMargin" : 32.60,
    "grossProfit" : 28.11,
    "operatingProfitMargin" : 14.82,
    "operatingProfit" : 12.78,
    "netProfitMargin" : 5.01,
    "netProfit" : 4.32
  }, {
    "date" : "2010-03-31",
    "sales" : 86.56,
    "salesGrowthYoY" : 17.61,
    "grossProfitMargin" : 31.93,
    "grossProfit" : 27.64,
    "operatingProfitMargin" : 11.99,
    "operatingProfit" : 10.38,
    "netProfitMargin" : 3.36,
    "netProfit" : 2.91
  }, {
    "date" : "2010-06-30",
    "sales" : 91.54,
    "salesGrowthYoY" : 3.80,
    "grossProfitMargin" : 35.94,
    "grossProfit" : 32.90,
    "operatingProfitMargin" : 17.58,
    "operatingProfit" : 16.09,
    "netProfitMargin" : 1.09,
    "netProfit" : 1.00
  }, {
    "date" : "2010-09-30",
    "sales" : 89.40,
    "salesGrowthYoY" : -0.03,
    "grossProfitMargin" : 41.47,
    "grossProfit" : 37.07,
    "operatingProfitMargin" : 18.19,
    "operatingProfit" : 16.26,
    "netProfitMargin" : 1.09,
    "netProfit" : 0.97
  }, {
    "date" : "2010-12-31",
    "sales" : 102.07,
    "salesGrowthYoY" : 18.38,
    "grossProfitMargin" : 35.67,
    "grossProfit" : 36.41,
    "operatingProfitMargin" : 17.58,
    "operatingProfit" : 17.94,
    "netProfitMargin" : 1.44,
    "netProfit" : 1.47
  }, {
    "date" : "2011-03-31",
    "sales" : 108.35,
    "salesGrowthYoY" : 25.17,
    "grossProfitMargin" : 40.29,
    "grossProfit" : 43.65,
    "operatingProfitMargin" : 17.82,
    "operatingProfit" : 19.31,
    "netProfitMargin" : 2.53,
    "netProfit" : 2.74
  }, {
    "date" : "2011-06-30",
    "sales" : 113.64,
    "salesGrowthYoY" : 24.14,
    "grossProfitMargin" : 35.52,
    "grossProfit" : 40.36,
    "operatingProfitMargin" : 15.59,
    "operatingProfit" : 17.72,
    "netProfitMargin" : 0.85,
    "netProfit" : 0.97
  }, {
    "date" : "2011-09-30",
    "sales" : 106.58,
    "salesGrowthYoY" : 19.22,
    "grossProfitMargin" : 37.56,
    "grossProfit" : 40.03,
    "operatingProfitMargin" : 17.19,
    "operatingProfit" : 18.32,
    "netProfitMargin" : 1.29,
    "netProfit" : 1.37
  }, {
    "date" : "2011-12-31",
    "sales" : 130.92,
    "salesGrowthYoY" : 28.26,
    "grossProfitMargin" : 34.18,
    "grossProfit" : 44.75,
    "operatingProfitMargin" : 14.38,
    "operatingProfit" : 18.83,
    "netProfitMargin" : 0.53,
    "netProfit" : 0.69
  }, {
    "date" : "2012-03-31",
    "sales" : 121.86,
    "salesGrowthYoY" : 12.47,
    "grossProfitMargin" : 39.32,
    "grossProfit" : 47.92,
    "operatingProfitMargin" : 13.19,
    "operatingProfit" : 16.07,
    "netProfitMargin" : 1.40,
    "netProfit" : 1.71
  }, {
    "date" : "2012-06-30",
    "sales" : 126.50,
    "salesGrowthYoY" : 11.32,
    "grossProfitMargin" : 37.51,
    "grossProfit" : 47.45,
    "operatingProfitMargin" : 18.39,
    "operatingProfit" : 23.26,
    "netProfitMargin" : 0.55,
    "netProfit" : 0.70
  }, {
    "date" : "2012-09-30",
    "sales" : 104.38,
    "salesGrowthYoY" : -2.06,
    "grossProfitMargin" : 42.93,
    "grossProfit" : 44.81,
    "operatingProfitMargin" : 21.46,
    "operatingProfit" : 22.40,
    "netProfitMargin" : 0.46,
    "netProfit" : 0.48
  }, {
    "date" : "2012-12-31",
    "sales" : 117.48,
    "salesGrowthYoY" : -10.27,
    "grossProfitMargin" : 38.90,
    "grossProfit" : 45.70,
    "operatingProfitMargin" : 20.37,
    "operatingProfit" : 23.93,
    "netProfitMargin" : 0.30,
    "netProfit" : 0.35
  }, {
    "date" : "2013-03-31",
    "sales" : 135.91,
    "salesGrowthYoY" : 11.53,
    "grossProfitMargin" : 34.10,
    "grossProfit" : 46.35,
    "operatingProfitMargin" : 16.18,
    "operatingProfit" : 21.99,
    "netProfitMargin" : 0.05,
    "netProfit" : 0.07
  }, {
    "date" : "2013-06-30",
    "sales" : 140.04,
    "salesGrowthYoY" : 10.70,
    "grossProfitMargin" : 33.46,
    "grossProfit" : 46.86,
    "operatingProfitMargin" : 17.46,
    "operatingProfit" : 24.45,
    "netProfitMargin" : 0.59,
    "netProfit" : 0.83
  }, {
    "date" : "2013-09-30",
    "sales" : 155.24,
    "salesGrowthYoY" : 48.73,
    "grossProfitMargin" : 34.26,
    "grossProfit" : 53.19,
    "operatingProfitMargin" : 16.17,
    "operatingProfit" : 25.10,
    "netProfitMargin" : 0.69,
    "netProfit" : 1.07
  }, {
    "date" : "2013-12-31",
    "sales" : 139.10,
    "salesGrowthYoY" : 18.40,
    "grossProfitMargin" : 35.54,
    "grossProfit" : 49.44,
    "operatingProfitMargin" : 16.99,
    "operatingProfit" : 23.63,
    "netProfitMargin" : 0.42,
    "netProfit" : 0.58
  }, {
    "date" : "2014-03-31",
    "sales" : 130.99,
    "salesGrowthYoY" : -3.62,
    "grossProfitMargin" : 35.09,
    "grossProfit" : 45.96,
    "operatingProfitMargin" : 18.22,
    "operatingProfit" : 23.87,
    "netProfitMargin" : 0.62,
    "netProfit" : 0.81
  }, {
    "date" : "2014-06-30",
    "sales" : 121.18,
    "salesGrowthYoY" : -13.47,
    "grossProfitMargin" : 38.60,
    "grossProfit" : 46.78,
    "operatingProfitMargin" : 20.52,
    "operatingProfit" : 24.87,
    "netProfitMargin" : 1.03,
    "netProfit" : 1.25
  }, {
    "date" : "2014-09-30",
    "sales" : 121.61,
    "salesGrowthYoY" : -21.66,
    "grossProfitMargin" : 24.91,
    "grossProfit" : 30.29,
    "operatingProfitMargin" : 5.66,
    "operatingProfit" : 6.88,
    "netProfitMargin" : -8.02,
    "netProfit" : -9.75
  }, {
    "date" : "2014-12-31",
    "sales" : 67.95,
    "salesGrowthYoY" : -51.15,
    "grossProfitMargin" : 21.63,
    "grossProfit" : 14.70,
    "operatingProfitMargin" : -15.08,
    "operatingProfit" : -10.25,
    "netProfitMargin" : -44.28,
    "netProfit" : -30.09
  }, {
    "date" : "2015-03-31",
    "sales" : 75.28,
    "salesGrowthYoY" : -42.53,
    "grossProfitMargin" : 19.95,
    "grossProfit" : 15.02,
    "operatingProfitMargin" : -11.85,
    "operatingProfit" : -8.92,
    "netProfitMargin" : -37.27,
    "netProfit" : -28.06
  }, {
    "date" : "2015-06-30",
    "sales" : 137.22,
    "salesGrowthYoY" : 13.24,
    "grossProfitMargin" : 23.50,
    "grossProfit" : 32.25,
    "operatingProfitMargin" : 1.57,
    "operatingProfit" : 2.15,
    "netProfitMargin" : -13.07,
    "netProfit" : -17.93
  }, {
    "date" : "2015-09-30",
    "sales" : 158.47,
    "salesGrowthYoY" : 30.31,
    "grossProfitMargin" : 23.86,
    "grossProfit" : 37.81,
    "operatingProfitMargin" : 5.20,
    "operatingProfit" : 8.24,
    "netProfitMargin" : -8.16,
    "netProfit" : -12.93
  }, {
    "date" : "2015-12-31",
    "sales" : 143.46,
    "salesGrowthYoY" : 111.13,
    "grossProfitMargin" : 32.01,
    "grossProfit" : 45.92,
    "operatingProfitMargin" : 11.92,
    "operatingProfit" : 17.10,
    "netProfitMargin" : -4.34,
    "netProfit" : -6.23
  }, {
    "date" : "2016-03-31",
    "sales" : 142.47,
    "salesGrowthYoY" : 89.25,
    "grossProfitMargin" : 36.53,
    "grossProfit" : 52.04,
    "operatingProfitMargin" : 17.62,
    "operatingProfit" : 25.10,
    "netProfitMargin" : 0.79,
    "netProfit" : 1.13
  }, {
    "date" : "2016-06-30",
    "sales" : 161.98,
    "salesGrowthYoY" : 18.04,
    "grossProfitMargin" : 34.10,
    "grossProfit" : 55.24,
    "operatingProfitMargin" : 15.69,
    "operatingProfit" : 25.41,
    "netProfitMargin" : 0.44,
    "netProfit" : 0.71
  }, {
    "date" : "2016-09-30",
    "sales" : 172.35,
    "salesGrowthYoY" : 8.76,
    "grossProfitMargin" : 33.41,
    "grossProfit" : 57.58,
    "operatingProfitMargin" : 14.61,
    "operatingProfit" : 25.18,
    "netProfitMargin" : 0.55,
    "netProfit" : 0.95
  }, {
    "date" : "2016-12-31",
    "sales" : 183.03,
    "salesGrowthYoY" : 27.58,
    "grossProfitMargin" : 32.30,
    "grossProfit" : 59.12,
    "operatingProfitMargin" : 13.89,
    "operatingProfit" : 25.42,
    "netProfitMargin" : 0.55,
    "netProfit" : 1.01
  }, {
    "date" : "2017-03-31",
    "sales" : 193.29,
    "salesGrowthYoY" : 35.67,
    "grossProfitMargin" : 30.69,
    "grossProfit" : 59.32,
    "operatingProfitMargin" : 13.54,
    "operatingProfit" : 26.17,
    "netProfitMargin" : 1.03,
    "netProfit" : 1.99
  }, {
    "date" : "2017-06-30",
    "sales" : 215.31,
    "salesGrowthYoY" : 32.92,
    "grossProfitMargin" : 29.92,
    "grossProfit" : 64.42,
    "operatingProfitMargin" : 12.15,
    "operatingProfit" : 26.16,
    "netProfitMargin" : 1.38,
    "netProfit" : 2.97
  }, {
    "date" : "2017-09-30",
    "sales" : 217.79,
    "salesGrowthYoY" : 26.36,
    "grossProfitMargin" : 31.67,
    "grossProfit" : 68.97,
    "operatingProfitMargin" : 13.36,
    "operatingProfit" : 29.10,
    "netProfitMargin" : 2.03,
    "netProfit" : 4.42
  }, {
    "date" : "2017-12-31",
    "sales" : 262.68,
    "salesGrowthYoY" : 43.52,
    "grossProfitMargin" : 29.50,
    "grossProfit" : 77.49,
    "operatingProfitMargin" : 12.16,
    "operatingProfit" : 31.94,
    "netProfitMargin" : 3.35,
    "netProfit" : 8.80
  }, {
    "date" : "2018-03-31",
    "sales" : 287.52,
    "salesGrowthYoY" : 48.75,
    "grossProfitMargin" : 26.83,
    "grossProfit" : 77.14,
    "operatingProfitMargin" : 11.24,
    "operatingProfit" : 32.32,
    "netProfitMargin" : 4.00,
    "netProfit" : 11.50
  }, {
    "date" : "2018-06-30",
    "sales" : 361.84,
    "salesGrowthYoY" : 68.06,
    "grossProfitMargin" : 24.62,
    "grossProfit" : 89.09,
    "operatingProfitMargin" : 11.02,
    "operatingProfit" : 39.87,
    "netProfitMargin" : 3.98,
    "netProfit" : 14.40
  }, {
    "date" : "2018-09-30",
    "sales" : 422.91,
    "salesGrowthYoY" : 94.18,
    "grossProfitMargin" : 31.69,
    "grossProfit" : 134.02,
    "operatingProfitMargin" : 17.76,
    "operatingProfit" : 75.11,
    "netProfitMargin" : 9.08,
    "netProfit" : 38.40
  }, {
    "date" : "2018-12-31",
    "sales" : 478.29,
    "salesGrowthYoY" : 82.08,
    "grossProfitMargin" : 41.96,
    "grossProfit" : 200.69,
    "operatingProfitMargin" : 28.33,
    "operatingProfit" : 135.50,
    "netProfitMargin" : 17.19,
    "netProfit" : 82.22
  }, {
    "date" : "2019-03-31",
    "sales" : 422.29,
    "salesGrowthYoY" : 46.87,
    "grossProfitMargin" : 50.74,
    "grossProfit" : 214.27,
    "operatingProfitMargin" : 37.21,
    "operatingProfit" : 157.13,
    "netProfitMargin" : 24.07,
    "netProfit" : 101.65
  }, {
    "date" : "2019-06-30",
    "sales" : 492.80,
    "salesGrowthYoY" : 36.19,
    "grossProfitMargin" : 43.01,
    "grossProfit" : 211.95,
    "operatingProfitMargin" : 29.34,
    "operatingProfit" : 144.59,
    "netProfitMargin" : 17.31,
    "netProfit" : 85.30
  }, {
    "date" : "2019-09-30",
    "sales" : 448.96,
    "salesGrowthYoY" : 6.16,
    "grossProfitMargin" : 43.78,
    "grossProfit" : 196.55,
    "operatingProfitMargin" : 29.61,
    "operatingProfit" : 132.94,
    "netProfitMargin" : 19.53,
    "netProfit" : 87.68
  }, {
    "date" : "2019-12-31",
    "sales" : 511.25,
    "salesGrowthYoY" : 6.89,
    "grossProfitMargin" : 43.42,
    "grossProfit" : 221.98,
    "operatingProfitMargin" : 31.20,
    "operatingProfit" : 159.51,
    "netProfitMargin" : 19.17,
    "netProfit" : 98.01
  }, {
    "date" : "2020-03-31",
    "sales" : 441.46,
    "salesGrowthYoY" : 4.54,
    "grossProfitMargin" : 45.08,
    "grossProfit" : 199.01,
    "operatingProfitMargin" : 31.00,
    "operatingProfit" : 136.85,
    "netProfitMargin" : 20.45,
    "netProfit" : 90.28
  }, {
    "date" : "2020-06-30",
    "sales" : 460.11,
    "salesGrowthYoY" : -6.63,
    "grossProfitMargin" : 46.05,
    "grossProfit" : 211.88,
    "operatingProfitMargin" : 33.06,
    "operatingProfit" : 152.11,
    "netProfitMargin" : 27.72,
    "netProfit" : 127.54
  }, {
    "date" : "2020-09-30",
    "sales" : 533.48,
    "salesGrowthYoY" : 18.83,
    "grossProfitMargin" : 45.54,
    "grossProfit" : 242.95,
    "operatingProfitMargin" : 32.11,
    "operatingProfit" : 171.30,
    "netProfitMargin" : 23.80,
    "netProfit" : 126.97
  }, {
    "date" : "2020-12-31",
    "sales" : 513.01,
    "salesGrowthYoY" : 0.34,
    "grossProfitMargin" : 44.18,
    "grossProfit" : 226.65,
    "operatingProfitMargin" : 30.65,
    "operatingProfit" : 157.24,
    "netProfitMargin" : 22.38,
    "netProfit" : 114.81
  }, {
    "date" : "2021-03-31",
    "sales" : 460.38,
    "salesGrowthYoY" : 4.29,
    "grossProfitMargin" : 39.68,
    "grossProfit" : 182.68,
    "operatingProfitMargin" : 24.15,
    "operatingProfit" : 111.18,
    "netProfitMargin" : 16.35,
    "netProfit" : 75.27
  }, {
    "date" : "2021-06-30",
    "sales" : 518.51,
    "salesGrowthYoY" : 12.69,
    "grossProfitMargin" : 35.38,
    "grossProfit" : 183.45,
    "operatingProfitMargin" : 21.24,
    "operatingProfit" : 110.13,
    "netProfitMargin" : 14.91,
    "netProfit" : 77.31
  }, {
    "date" : "2021-09-30",
    "sales" : 537.88,
    "salesGrowthYoY" : 0.82,
    "grossProfitMargin" : 24.57,
    "grossProfit" : 132.16,
    "operatingProfitMargin" : 8.14,
    "operatingProfit" : 43.78,
    "netProfitMargin" : 5.73,
    "netProfit" : 30.82
  }, {
    "date" : "2021-12-31",
    "sales" : 555.14,
    "salesGrowthYoY" : 8.21,
    "grossProfitMargin" : 27.76,
    "grossProfit" : 154.11,
    "operatingProfitMargin" : 10.67,
    "operatingProfit" : 59.23,
    "netProfitMargin" : 7.22,
    "netProfit" : 40.08
  }, {
    "date" : "2022-03-31",
    "sales" : 572.49,
    "salesGrowthYoY" : 24.35,
    "grossProfitMargin" : 25.11,
    "grossProfit" : 143.75,
    "operatingProfitMargin" : 7.53,
    "operatingProfit" : 43.11,
    "netProfitMargin" : 4.85,
    "netProfit" : 27.77
  }, {
    "date" : "2022-06-30",
    "sales" : 565.01,
    "salesGrowthYoY" : 8.97,
    "grossProfitMargin" : 30.17,
    "grossProfit" : 170.46,
    "operatingProfitMargin" : 9.91,
    "operatingProfit" : 55.99,
    "netProfitMargin" : 6.18,
    "netProfit" : 34.92
  }, {
    "date" : "2022-09-30",
    "sales" : 541.41,
    "salesGrowthYoY" : 0.66,
    "grossProfitMargin" : 25.61,
    "grossProfit" : 138.66,
    "operatingProfitMargin" : 5.85,
    "operatingProfit" : 31.67,
    "netProfitMargin" : 2.89,
    "netProfit" : 15.65
  }, {
    "date" : "2022-12-31",
    "sales" : 523.48,
    "salesGrowthYoY" : -5.70,
    "grossProfitMargin" : 28.91,
    "grossProfit" : 151.34,
    "operatingProfitMargin" : 8.22,
    "operatingProfit" : 43.03,
    "netProfitMargin" : 4.61,
    "netProfit" : 24.13
  }, {
    "date" : "2023-03-31",
    "sales" : 587.21,
    "salesGrowthYoY" : 2.57,
    "grossProfitMargin" : 35.69,
    "grossProfit" : 209.58,
    "operatingProfitMargin" : 16.31,
    "operatingProfit" : 95.77,
    "netProfitMargin" : 11.12,
    "netProfit" : 65.30
  }, {
    "date" : "2023-06-30",
    "sales" : 563.18,
    "salesGrowthYoY" : -0.32,
    "grossProfitMargin" : 35.20,
    "grossProfit" : 198.24,
    "operatingProfitMargin" : 12.94,
    "operatingProfit" : 72.88,
    "netProfitMargin" : 8.21,
    "netProfit" : 46.24
  }, {
    "date" : "2023-09-30",
    "sales" : 545.30,
    "salesGrowthYoY" : 0.72,
    "grossProfitMargin" : 35.17,
    "grossProfit" : 191.78,
    "operatingProfitMargin" : 11.75,
    "operatingProfit" : 64.07,
    "netProfitMargin" : 6.93,
    "netProfit" : 37.79
  }, {
    "date" : "2023-12-31",
    "sales" : 520.39,
    "salesGrowthYoY" : -0.59,
    "grossProfitMargin" : 31.60,
    "grossProfit" : 164.44,
    "operatingProfitMargin" : 8.55,
    "operatingProfit" : 44.49,
    "netProfitMargin" : 4.46,
    "netProfit" : 23.21
  }, {
    "date" : "2024-03-31",
    "sales" : 503.92,
    "salesGrowthYoY" : -14.18,
    "grossProfitMargin" : 36.00,
    "grossProfit" : 181.41,
    "operatingProfitMargin" : 9.94,
    "operatingProfit" : 50.09,
    "netProfitMargin" : 5.59,
    "netProfit" : 28.17
  }, {
    "date" : "2024-06-30",
    "sales" : 502.38,
    "salesGrowthYoY" : -10.80,
    "grossProfitMargin" : 33.04,
    "grossProfit" : 165.99,
    "operatingProfitMargin" : 10.11,
    "operatingProfit" : 50.79,
    "netProfitMargin" : 5.91,
    "netProfit" : 29.69
  }, {
    "date" : "2024-09-30",
    "sales" : 525.75,
    "salesGrowthYoY" : -3.59,
    "grossProfitMargin" : 32.36,
    "grossProfit" : 170.13,
    "operatingProfitMargin" : 7.90,
    "operatingProfit" : 41.53,
    "netProfitMargin" : 3.64,
    "netProfit" : 19.14
  }, {
    "date" : "2024-12-31",
    "sales" : 523.30,
    "salesGrowthYoY" : 0.56,
    "grossProfitMargin" : 32.34,
    "grossProfit" : 169.24,
    "operatingProfitMargin" : 8.96,
    "operatingProfit" : 46.89,
    "netProfitMargin" : 3.93,
    "netProfit" : 20.57
  }, {
    "date" : "2025-03-31",
    "sales" : 527.78,
    "salesGrowthYoY" : 4.73,
    "grossProfitMargin" : 34.48,
    "grossProfit" : 181.98,
    "operatingProfitMargin" : 11.93,
    "operatingProfit" : 62.96,
    "netProfitMargin" : 5.99,
    "netProfit" : 31.61
  }, {
    "date" : "2025-06-30",
    "sales" : 551.69,
    "salesGrowthYoY" : 9.82,
    "grossProfitMargin" : 33.98,
    "grossProfit" : 187.46,
    "operatingProfitMargin" : 11.27,
    "operatingProfit" : 62.18,
    "netProfitMargin" : 6.16,
    "netProfit" : 33.98
  }, {
    "date" : "2025-09-30",
    "sales" : 567.53,
    "salesGrowthYoY" : 7.95,
    "grossProfitMargin" : 35.13,
    "grossProfit" : 199.37,
    "operatingProfitMargin" : 10.06,
    "operatingProfit" : 57.09,
    "netProfitMargin" : 5.29,
    "netProfit" : 30.02
  } ],
  "latestQuarterlyResult" : {
    "date" : "2025-09-30",
    "sales" : 567.53,
    "salesGrowthYoY" : 7.95,
    "grossProfitMargin" : 35.13,
    "grossProfit" : 199.37,
    "operatingProfitMargin" : 10.06,
    "operatingProfit" : 57.09,
    "netProfitMargin" : 5.29,
    "netProfit" : 30.02
  },
  "companyScore" : {
    "priceHigherThanDma50" : 0.00,
    "priceHigherThanDma100" : 0.00,
    "priceHigherThanDma200" : 0.00,
    "dma50HigherThanDma100" : 0.00,
    "dma50HigherThanDma200" : 5.00,
    "dma100HigherThanDma200" : 5.00,
    "pricePercentageAboveDma50" : 5.44,
    "pricePercentageAboveDma100" : 5.75,
    "pricePercentageAboveDma200" : 5.42,
    "weeklyVolumeHigherThanYearlyVolume" : 0.00,
    "salesGrowthPercentile" : 8.10,
    "operatingProfitMarginPercentile" : 9.62,
    "netProfitMarginPercentile" : 6.88,
    "totalTechnicalScore" : 26.60,
    "totalFundamentalScore" : 24.60,
    "totalScore" : 51.20
  }
}