{
  "metadata" : {
    "screenerCompanyId" : "1431",
    "companyCode" : "ITDC",
    "companyName" : "I T D C",
    "screenerCompanyLink" : "https://www.screener.in/company/ITDC/consolidated/",
    "screenerTechnicalHistoryLink" : "https://www.screener.in/api/company/1431/chart/?q=Price-DMA50-DMA200-Volume&days=365",
    "screenerQuarterlyResultsLink" : "https://www.screener.in/api/company/1431/chart/?q=GPM-OPM-NPM-Quarter+Sales&days=10000",
    "attributes" : {
      "companyCode" : "ITDC",
      "companyName" : "I T D C",
      "marketCap" : 4571.00,
      "peRatio" : 57.10,
      "description" : "India Tourism Development Corporation Ltd is a Govt. of India undertaking and was established in October 1966, the company is running hotels, restaurants, providing transport facilities, engaged in production, distribution and sale of tourist publicity literature and providing entertainment and duty free shopping facilities to tourists. It has also diversified into consultancy, tourism, engineering projects, training/education in the tourism and hospitality sectors and event management. [1]"
    },
    "companyScore" : {
      "priceHigherThanDma50" : 0.00,
      "priceHigherThanDma100" : 0.00,
      "priceHigherThanDma200" : 0.00,
      "dma50HigherThanDma100" : 0.00,
      "dma50HigherThanDma200" : 0.00,
      "dma100HigherThanDma200" : 0.00,
      "pricePercentageAboveDma50" : 5.19,
      "pricePercentageAboveDma100" : 5.39,
      "pricePercentageAboveDma200" : 5.41,
      "weeklyVolumeHigherThanYearlyVolume" : 0.00,
      "salesGrowthPercentile" : 16.75,
      "operatingProfitMarginPercentile" : 19.57,
      "netProfitMarginPercentile" : 9.05,
      "totalTechnicalScore" : 15.99,
      "totalFundamentalScore" : 45.37,
      "totalScore" : 61.35
    }
  },
  "attributes" : {
    "companyCode" : "ITDC",
    "companyName" : "I T D C",
    "marketCap" : 4571.00,
    "peRatio" : 57.10,
    "description" : "India Tourism Development Corporation Ltd is a Govt. of India undertaking and was established in October 1966, the company is running hotels, restaurants, providing transport facilities, engaged in production, distribution and sale of tourist publicity literature and providing entertainment and duty free shopping facilities to tourists. It has also diversified into consultancy, tourism, engineering projects, training/education in the tourism and hospitality sectors and event management. [1]"
  },
  "technicalHistory" : [ {
    "date" : "2025-02-17",
    "price" : 497.25,
    "dma50" : 602.92,
    "dma100" : null,
    "dma200" : 635.07,
    "volume" : 49991.00
  }, {
    "date" : "2025-02-18",
    "price" : 474.95,
    "dma50" : 597.90,
    "dma100" : null,
    "dma200" : 633.48,
    "volume" : 50660.00
  }, {
    "date" : "2025-02-19",
    "price" : 557.10,
    "dma50" : 596.30,
    "dma100" : null,
    "dma200" : 632.72,
    "volume" : 455167.00
  }, {
    "date" : "2025-02-20",
    "price" : 548.50,
    "dma50" : 594.42,
    "dma100" : null,
    "dma200" : 631.88,
    "volume" : 75949.00
  }, {
    "date" : "2025-02-21",
    "price" : 532.70,
    "dma50" : 592.00,
    "dma100" : null,
    "dma200" : 630.89,
    "volume" : 44258.00
  }, {
    "date" : "2025-02-24",
    "price" : 540.65,
    "dma50" : 589.99,
    "dma100" : null,
    "dma200" : 630.00,
    "volume" : 30704.00
  }, {
    "date" : "2025-02-25",
    "price" : 531.90,
    "dma50" : 587.71,
    "dma100" : null,
    "dma200" : 629.02,
    "volume" : 19865.00
  }, {
    "date" : "2025-02-27",
    "price" : 510.20,
    "dma50" : 584.67,
    "dma100" : null,
    "dma200" : 627.84,
    "volume" : 22241.00
  }, {
    "date" : "2025-02-28",
    "price" : 492.40,
    "dma50" : 581.05,
    "dma100" : null,
    "dma200" : 626.49,
    "volume" : 31066.00
  }, {
    "date" : "2025-03-03",
    "price" : 520.95,
    "dma50" : 578.70,
    "dma100" : null,
    "dma200" : 625.44,
    "volume" : 89812.00
  }, {
    "date" : "2025-03-04",
    "price" : 509.25,
    "dma50" : 575.97,
    "dma100" : null,
    "dma200" : 624.28,
    "volume" : 35092.00
  }, {
    "date" : "2025-03-05",
    "price" : 576.55,
    "dma50" : 576.00,
    "dma100" : null,
    "dma200" : 623.81,
    "volume" : 1279631.00
  }, {
    "date" : "2025-03-06",
    "price" : 581.00,
    "dma50" : 576.19,
    "dma100" : null,
    "dma200" : 623.38,
    "volume" : 136676.00
  }, {
    "date" : "2025-03-07",
    "price" : 572.55,
    "dma50" : 576.05,
    "dma100" : null,
    "dma200" : 622.88,
    "volume" : 40956.00
  }, {
    "date" : "2025-03-10",
    "price" : 544.30,
    "dma50" : 574.80,
    "dma100" : null,
    "dma200" : 622.10,
    "volume" : 38966.00
  }, {
    "date" : "2025-03-11",
    "price" : 537.10,
    "dma50" : 573.32,
    "dma100" : null,
    "dma200" : 621.25,
    "volume" : 39279.00
  }, {
    "date" : "2025-03-12",
    "price" : 615.40,
    "dma50" : 574.97,
    "dma100" : null,
    "dma200" : 621.19,
    "volume" : 2128948.00
  }, {
    "date" : "2025-03-13",
    "price" : 581.45,
    "dma50" : 575.23,
    "dma100" : null,
    "dma200" : 620.80,
    "volume" : 289158.00
  }, {
    "date" : "2025-03-17",
    "price" : 565.50,
    "dma50" : 574.85,
    "dma100" : null,
    "dma200" : 620.25,
    "volume" : 134768.00
  }, {
    "date" : "2025-03-18",
    "price" : 588.25,
    "dma50" : 575.37,
    "dma100" : null,
    "dma200" : 619.93,
    "volume" : 739124.00
  }, {
    "date" : "2025-03-19",
    "price" : 587.85,
    "dma50" : 575.86,
    "dma100" : null,
    "dma200" : 619.61,
    "volume" : 127063.00
  }, {
    "date" : "2025-03-20",
    "price" : 590.90,
    "dma50" : 576.45,
    "dma100" : null,
    "dma200" : 619.32,
    "volume" : 101642.00
  }, {
    "date" : "2025-03-21",
    "price" : 602.65,
    "dma50" : 577.48,
    "dma100" : null,
    "dma200" : 619.16,
    "volume" : 318121.00
  }, {
    "date" : "2025-03-24",
    "price" : 614.20,
    "dma50" : 578.92,
    "dma100" : null,
    "dma200" : 619.11,
    "volume" : 151975.00
  }, {
    "date" : "2025-03-25",
    "price" : 597.50,
    "dma50" : 579.65,
    "dma100" : null,
    "dma200" : 618.89,
    "volume" : 91706.00
  }, {
    "date" : "2025-03-26",
    "price" : 600.80,
    "dma50" : 580.48,
    "dma100" : null,
    "dma200" : 618.71,
    "volume" : 302156.00
  }, {
    "date" : "2025-03-27",
    "price" : 595.90,
    "dma50" : 581.08,
    "dma100" : null,
    "dma200" : 618.49,
    "volume" : 100789.00
  }, {
    "date" : "2025-03-28",
    "price" : 588.35,
    "dma50" : 581.37,
    "dma100" : null,
    "dma200" : 618.19,
    "volume" : 75149.00
  }, {
    "date" : "2025-04-01",
    "price" : 596.35,
    "dma50" : 581.95,
    "dma100" : null,
    "dma200" : 617.97,
    "volume" : 53282.00
  }, {
    "date" : "2025-04-02",
    "price" : 599.35,
    "dma50" : 582.64,
    "dma100" : null,
    "dma200" : 617.78,
    "volume" : 42272.00
  }, {
    "date" : "2025-04-03",
    "price" : 604.00,
    "dma50" : 583.47,
    "dma100" : null,
    "dma200" : 617.65,
    "volume" : 56290.00
  }, {
    "date" : "2025-04-04",
    "price" : 582.05,
    "dma50" : 583.42,
    "dma100" : null,
    "dma200" : 617.29,
    "volume" : 44338.00
  }, {
    "date" : "2025-04-07",
    "price" : 545.10,
    "dma50" : 581.92,
    "dma100" : null,
    "dma200" : 616.57,
    "volume" : 93663.00
  }, {
    "date" : "2025-04-08",
    "price" : 563.80,
    "dma50" : 581.21,
    "dma100" : null,
    "dma200" : 616.05,
    "volume" : 53155.00
  }, {
    "date" : "2025-04-09",
    "price" : 551.45,
    "dma50" : 580.04,
    "dma100" : null,
    "dma200" : 615.41,
    "volume" : 24250.00
  }, {
    "date" : "2025-04-11",
    "price" : 561.85,
    "dma50" : 579.33,
    "dma100" : null,
    "dma200" : 614.87,
    "volume" : 40261.00
  }, {
    "date" : "2025-04-15",
    "price" : 575.35,
    "dma50" : 579.17,
    "dma100" : null,
    "dma200" : 614.48,
    "volume" : 48222.00
  }, {
    "date" : "2025-04-16",
    "price" : 593.65,
    "dma50" : 579.74,
    "dma100" : null,
    "dma200" : 614.27,
    "volume" : 85157.00
  }, {
    "date" : "2025-04-17",
    "price" : 590.80,
    "dma50" : 580.17,
    "dma100" : null,
    "dma200" : 614.04,
    "volume" : 48956.00
  }, {
    "date" : "2025-04-21",
    "price" : 599.65,
    "dma50" : 580.94,
    "dma100" : null,
    "dma200" : 613.90,
    "volume" : 35171.00
  }, {
    "date" : "2025-04-22",
    "price" : 597.00,
    "dma50" : 581.57,
    "dma100" : null,
    "dma200" : 613.73,
    "volume" : 38632.00
  }, {
    "date" : "2025-04-23",
    "price" : 597.50,
    "dma50" : 582.19,
    "dma100" : null,
    "dma200" : 613.57,
    "volume" : 46398.00
  }, {
    "date" : "2025-04-24",
    "price" : 598.35,
    "dma50" : 582.82,
    "dma100" : null,
    "dma200" : 613.41,
    "volume" : 55077.00
  }, {
    "date" : "2025-04-25",
    "price" : 570.20,
    "dma50" : 582.33,
    "dma100" : null,
    "dma200" : 612.98,
    "volume" : 65114.00
  }, {
    "date" : "2025-04-28",
    "price" : 570.75,
    "dma50" : 581.87,
    "dma100" : null,
    "dma200" : 612.56,
    "volume" : 45595.00
  }, {
    "date" : "2025-04-29",
    "price" : 571.10,
    "dma50" : 581.45,
    "dma100" : null,
    "dma200" : 612.15,
    "volume" : 23703.00
  }, {
    "date" : "2025-04-30",
    "price" : 560.05,
    "dma50" : 580.61,
    "dma100" : null,
    "dma200" : 611.63,
    "volume" : 20992.00
  }, {
    "date" : "2025-05-02",
    "price" : 554.95,
    "dma50" : 579.61,
    "dma100" : null,
    "dma200" : 611.07,
    "volume" : 20751.00
  }, {
    "date" : "2025-05-05",
    "price" : 563.30,
    "dma50" : 578.97,
    "dma100" : null,
    "dma200" : 610.59,
    "volume" : 24895.00
  }, {
    "date" : "2025-05-06",
    "price" : 544.45,
    "dma50" : 577.61,
    "dma100" : null,
    "dma200" : 609.94,
    "volume" : 21950.00
  }, {
    "date" : "2025-05-07",
    "price" : 546.25,
    "dma50" : 576.38,
    "dma100" : null,
    "dma200" : 609.30,
    "volume" : 31758.00
  }, {
    "date" : "2025-05-08",
    "price" : 541.00,
    "dma50" : 575.00,
    "dma100" : null,
    "dma200" : 608.62,
    "volume" : 43652.00
  }, {
    "date" : "2025-05-09",
    "price" : 529.10,
    "dma50" : 573.20,
    "dma100" : null,
    "dma200" : 607.83,
    "volume" : 31510.00
  }, {
    "date" : "2025-05-12",
    "price" : 562.05,
    "dma50" : 572.76,
    "dma100" : null,
    "dma200" : 607.38,
    "volume" : 46904.00
  }, {
    "date" : "2025-05-13",
    "price" : 570.90,
    "dma50" : 572.69,
    "dma100" : null,
    "dma200" : 607.01,
    "volume" : 25420.00
  }, {
    "date" : "2025-05-14",
    "price" : 583.60,
    "dma50" : 573.11,
    "dma100" : null,
    "dma200" : 606.78,
    "volume" : 174339.00
  }, {
    "date" : "2025-05-15",
    "price" : 585.15,
    "dma50" : 573.59,
    "dma100" : null,
    "dma200" : 606.56,
    "volume" : 26391.00
  }, {
    "date" : "2025-05-16",
    "price" : 597.25,
    "dma50" : 574.51,
    "dma100" : null,
    "dma200" : 606.47,
    "volume" : 126213.00
  }, {
    "date" : "2025-05-19",
    "price" : 610.30,
    "dma50" : 575.92,
    "dma100" : null,
    "dma200" : 606.51,
    "volume" : 166276.00
  }, {
    "date" : "2025-05-20",
    "price" : 602.90,
    "dma50" : 576.98,
    "dma100" : null,
    "dma200" : 606.47,
    "volume" : 63112.00
  }, {
    "date" : "2025-05-21",
    "price" : 594.70,
    "dma50" : 577.67,
    "dma100" : null,
    "dma200" : 606.36,
    "volume" : 32909.00
  }, {
    "date" : "2025-05-22",
    "price" : 614.50,
    "dma50" : 579.11,
    "dma100" : null,
    "dma200" : 606.44,
    "volume" : 404729.00
  }, {
    "date" : "2025-05-23",
    "price" : 607.30,
    "dma50" : 580.22,
    "dma100" : null,
    "dma200" : 606.45,
    "volume" : 49580.00
  }, {
    "date" : "2025-05-26",
    "price" : 615.20,
    "dma50" : 581.59,
    "dma100" : null,
    "dma200" : 606.53,
    "volume" : 75880.00
  }, {
    "date" : "2025-05-27",
    "price" : 615.80,
    "dma50" : 582.93,
    "dma100" : null,
    "dma200" : 606.63,
    "volume" : 60265.00
  }, {
    "date" : "2025-05-28",
    "price" : 625.65,
    "dma50" : 584.61,
    "dma100" : null,
    "dma200" : 606.81,
    "volume" : 91016.00
  }, {
    "date" : "2025-05-29",
    "price" : 623.55,
    "dma50" : 586.14,
    "dma100" : null,
    "dma200" : 606.98,
    "volume" : 68484.00
  }, {
    "date" : "2025-05-30",
    "price" : 622.90,
    "dma50" : 587.58,
    "dma100" : null,
    "dma200" : 607.14,
    "volume" : 72044.00
  }, {
    "date" : "2025-06-02",
    "price" : 621.80,
    "dma50" : 588.92,
    "dma100" : null,
    "dma200" : 607.29,
    "volume" : 202763.00
  }, {
    "date" : "2025-06-03",
    "price" : 608.55,
    "dma50" : 589.69,
    "dma100" : null,
    "dma200" : 607.30,
    "volume" : 61001.00
  }, {
    "date" : "2025-06-04",
    "price" : 629.65,
    "dma50" : 591.26,
    "dma100" : null,
    "dma200" : 607.52,
    "volume" : 146837.00
  }, {
    "date" : "2025-06-05",
    "price" : 626.80,
    "dma50" : 592.65,
    "dma100" : null,
    "dma200" : 607.71,
    "volume" : 65913.00
  }, {
    "date" : "2025-06-06",
    "price" : 622.80,
    "dma50" : 593.83,
    "dma100" : null,
    "dma200" : 607.86,
    "volume" : 40212.00
  }, {
    "date" : "2025-06-09",
    "price" : 624.40,
    "dma50" : 595.03,
    "dma100" : null,
    "dma200" : 608.03,
    "volume" : 30142.00
  }, {
    "date" : "2025-06-10",
    "price" : 633.00,
    "dma50" : 596.52,
    "dma100" : null,
    "dma200" : 608.28,
    "volume" : 87613.00
  }, {
    "date" : "2025-06-11",
    "price" : 622.50,
    "dma50" : 597.54,
    "dma100" : null,
    "dma200" : 608.42,
    "volume" : 35345.00
  }, {
    "date" : "2025-06-12",
    "price" : 609.30,
    "dma50" : 598.00,
    "dma100" : null,
    "dma200" : 608.43,
    "volume" : 24433.00
  }, {
    "date" : "2025-06-13",
    "price" : 595.00,
    "dma50" : 597.88,
    "dma100" : null,
    "dma200" : 608.29,
    "volume" : 41693.00
  }, {
    "date" : "2025-06-16",
    "price" : 602.10,
    "dma50" : 598.05,
    "dma100" : null,
    "dma200" : 608.23,
    "volume" : 17701.00
  }, {
    "date" : "2025-06-17",
    "price" : 597.85,
    "dma50" : 598.04,
    "dma100" : null,
    "dma200" : 608.13,
    "volume" : 31132.00
  }, {
    "date" : "2025-06-18",
    "price" : 589.60,
    "dma50" : 597.71,
    "dma100" : null,
    "dma200" : 607.94,
    "volume" : 17807.00
  }, {
    "date" : "2025-06-19",
    "price" : 586.90,
    "dma50" : 597.29,
    "dma100" : null,
    "dma200" : 607.73,
    "volume" : 41452.00
  }, {
    "date" : "2025-06-20",
    "price" : 587.20,
    "dma50" : 596.89,
    "dma100" : null,
    "dma200" : 607.53,
    "volume" : 36408.00
  }, {
    "date" : "2025-06-23",
    "price" : 579.25,
    "dma50" : 596.20,
    "dma100" : null,
    "dma200" : 607.25,
    "volume" : 33524.00
  }, {
    "date" : "2025-06-24",
    "price" : 585.30,
    "dma50" : 595.77,
    "dma100" : null,
    "dma200" : 607.03,
    "volume" : 23027.00
  }, {
    "date" : "2025-06-25",
    "price" : 593.10,
    "dma50" : 595.67,
    "dma100" : null,
    "dma200" : 606.89,
    "volume" : 29846.00
  }, {
    "date" : "2025-06-26",
    "price" : 599.00,
    "dma50" : 595.80,
    "dma100" : null,
    "dma200" : 606.81,
    "volume" : 27758.00
  }, {
    "date" : "2025-06-27",
    "price" : 601.25,
    "dma50" : 596.01,
    "dma100" : null,
    "dma200" : 606.76,
    "volume" : 86373.00
  }, {
    "date" : "2025-06-30",
    "price" : 608.15,
    "dma50" : 596.49,
    "dma100" : null,
    "dma200" : 606.77,
    "volume" : 34077.00
  }, {
    "date" : "2025-07-01",
    "price" : 606.80,
    "dma50" : 596.89,
    "dma100" : null,
    "dma200" : 606.77,
    "volume" : 18769.00
  }, {
    "date" : "2025-07-02",
    "price" : 604.00,
    "dma50" : 597.17,
    "dma100" : null,
    "dma200" : 606.74,
    "volume" : 15196.00
  }, {
    "date" : "2025-07-03",
    "price" : 598.85,
    "dma50" : 597.24,
    "dma100" : null,
    "dma200" : 606.67,
    "volume" : 19250.00
  }, {
    "date" : "2025-07-04",
    "price" : 617.00,
    "dma50" : 598.01,
    "dma100" : null,
    "dma200" : 606.77,
    "volume" : 108712.00
  }, {
    "date" : "2025-07-07",
    "price" : 621.20,
    "dma50" : 598.92,
    "dma100" : null,
    "dma200" : 606.91,
    "volume" : 158764.00
  }, {
    "date" : "2025-07-08",
    "price" : 615.95,
    "dma50" : 599.59,
    "dma100" : null,
    "dma200" : 607.00,
    "volume" : 62936.00
  }, {
    "date" : "2025-07-09",
    "price" : 607.85,
    "dma50" : 599.91,
    "dma100" : null,
    "dma200" : 607.01,
    "volume" : 20757.00
  }, {
    "date" : "2025-07-10",
    "price" : 608.95,
    "dma50" : 600.27,
    "dma100" : null,
    "dma200" : 607.03,
    "volume" : 19293.00
  }, {
    "date" : "2025-07-11",
    "price" : 600.70,
    "dma50" : 600.28,
    "dma100" : null,
    "dma200" : 606.97,
    "volume" : 17897.00
  }, {
    "date" : "2025-07-14",
    "price" : 597.35,
    "dma50" : 600.17,
    "dma100" : null,
    "dma200" : 606.87,
    "volume" : 19333.00
  }, {
    "date" : "2025-07-15",
    "price" : 604.35,
    "dma50" : 600.33,
    "dma100" : null,
    "dma200" : 606.85,
    "volume" : 23742.00
  }, {
    "date" : "2025-07-16",
    "price" : 601.10,
    "dma50" : 600.36,
    "dma100" : 585.06,
    "dma200" : 606.79,
    "volume" : 14659.00
  }, {
    "date" : "2025-07-17",
    "price" : 606.50,
    "dma50" : 600.60,
    "dma100" : 586.37,
    "dma200" : 606.79,
    "volume" : 19592.00
  }, {
    "date" : "2025-07-18",
    "price" : 605.45,
    "dma50" : 600.79,
    "dma100" : 586.86,
    "dma200" : 606.77,
    "volume" : 16833.00
  }, {
    "date" : "2025-07-21",
    "price" : 606.10,
    "dma50" : 601.00,
    "dma100" : 587.43,
    "dma200" : 606.77,
    "volume" : 12797.00
  }, {
    "date" : "2025-07-22",
    "price" : 601.65,
    "dma50" : 601.03,
    "dma100" : 588.12,
    "dma200" : 606.71,
    "volume" : 8743.00
  }, {
    "date" : "2025-07-23",
    "price" : 603.85,
    "dma50" : 601.14,
    "dma100" : 588.75,
    "dma200" : 606.69,
    "volume" : 19667.00
  }, {
    "date" : "2025-07-24",
    "price" : 600.00,
    "dma50" : 601.09,
    "dma100" : 589.43,
    "dma200" : 606.62,
    "volume" : 6979.00
  }, {
    "date" : "2025-07-25",
    "price" : 580.90,
    "dma50" : 600.30,
    "dma100" : 590.14,
    "dma200" : 606.36,
    "volume" : 26254.00
  }, {
    "date" : "2025-07-28",
    "price" : 577.10,
    "dma50" : 599.39,
    "dma100" : 590.99,
    "dma200" : 606.07,
    "volume" : 11549.00
  }, {
    "date" : "2025-07-29",
    "price" : 583.05,
    "dma50" : 598.75,
    "dma100" : 591.61,
    "dma200" : 605.84,
    "volume" : 11543.00
  }, {
    "date" : "2025-07-30",
    "price" : 594.20,
    "dma50" : 598.57,
    "dma100" : 592.46,
    "dma200" : 605.73,
    "volume" : 16156.00
  }, {
    "date" : "2025-07-31",
    "price" : 581.60,
    "dma50" : 597.91,
    "dma100" : 592.51,
    "dma200" : 605.49,
    "volume" : 16446.00
  }, {
    "date" : "2025-08-01",
    "price" : 572.80,
    "dma50" : 596.92,
    "dma100" : 592.43,
    "dma200" : 605.16,
    "volume" : 15028.00
  }, {
    "date" : "2025-08-04",
    "price" : 576.60,
    "dma50" : 596.12,
    "dma100" : 592.47,
    "dma200" : 604.88,
    "volume" : 14184.00
  }, {
    "date" : "2025-08-05",
    "price" : 569.35,
    "dma50" : 595.07,
    "dma100" : 592.72,
    "dma200" : 604.52,
    "volume" : 9583.00
  }, {
    "date" : "2025-08-06",
    "price" : 563.20,
    "dma50" : 593.82,
    "dma100" : 592.98,
    "dma200" : 604.11,
    "volume" : 11879.00
  }, {
    "date" : "2025-08-07",
    "price" : 556.15,
    "dma50" : 592.35,
    "dma100" : 592.39,
    "dma200" : 603.64,
    "volume" : 19858.00
  }, {
    "date" : "2025-08-08",
    "price" : 554.40,
    "dma50" : 590.86,
    "dma100" : 592.12,
    "dma200" : 603.15,
    "volume" : 7418.00
  }, {
    "date" : "2025-08-11",
    "price" : 542.50,
    "dma50" : 588.96,
    "dma100" : 591.89,
    "dma200" : 602.54,
    "volume" : 13101.00
  }, {
    "date" : "2025-08-12",
    "price" : 558.15,
    "dma50" : 587.75,
    "dma100" : 591.58,
    "dma200" : 602.10,
    "volume" : 19409.00
  }, {
    "date" : "2025-08-13",
    "price" : 540.40,
    "dma50" : 585.90,
    "dma100" : 591.11,
    "dma200" : 601.49,
    "volume" : 27789.00
  }, {
    "date" : "2025-08-14",
    "price" : 537.55,
    "dma50" : 584.00,
    "dma100" : 590.58,
    "dma200" : 600.85,
    "volume" : 13975.00
  }, {
    "date" : "2025-08-18",
    "price" : 540.30,
    "dma50" : 582.29,
    "dma100" : 589.95,
    "dma200" : 600.25,
    "volume" : 15859.00
  }, {
    "date" : "2025-08-19",
    "price" : 546.60,
    "dma50" : 580.89,
    "dma100" : 589.28,
    "dma200" : 599.71,
    "volume" : 8445.00
  }, {
    "date" : "2025-08-20",
    "price" : 563.20,
    "dma50" : 580.19,
    "dma100" : 588.93,
    "dma200" : 599.35,
    "volume" : 40235.00
  }, {
    "date" : "2025-08-21",
    "price" : 557.00,
    "dma50" : 579.28,
    "dma100" : 588.50,
    "dma200" : 598.93,
    "volume" : 10391.00
  }, {
    "date" : "2025-08-22",
    "price" : 551.70,
    "dma50" : 578.20,
    "dma100" : 588.05,
    "dma200" : 598.46,
    "volume" : 12128.00
  }, {
    "date" : "2025-08-25",
    "price" : 542.55,
    "dma50" : 576.81,
    "dma100" : 587.60,
    "dma200" : 597.90,
    "volume" : 13176.00
  }, {
    "date" : "2025-08-26",
    "price" : 532.70,
    "dma50" : 575.08,
    "dma100" : 586.96,
    "dma200" : 597.25,
    "volume" : 12145.00
  }, {
    "date" : "2025-08-28",
    "price" : 528.25,
    "dma50" : 573.24,
    "dma100" : 586.25,
    "dma200" : 596.57,
    "volume" : 8731.00
  }, {
    "date" : "2025-08-29",
    "price" : 524.45,
    "dma50" : 571.33,
    "dma100" : 585.45,
    "dma200" : 595.85,
    "volume" : 19150.00
  }, {
    "date" : "2025-09-01",
    "price" : 536.25,
    "dma50" : 569.95,
    "dma100" : 585.00,
    "dma200" : 595.26,
    "volume" : 8084.00
  }, {
    "date" : "2025-09-02",
    "price" : 538.45,
    "dma50" : 568.71,
    "dma100" : 584.93,
    "dma200" : 594.69,
    "volume" : 22234.00
  }, {
    "date" : "2025-09-03",
    "price" : 556.05,
    "dma50" : 568.22,
    "dma100" : 584.85,
    "dma200" : 594.31,
    "volume" : 28530.00
  }, {
    "date" : "2025-09-04",
    "price" : 552.55,
    "dma50" : 567.60,
    "dma100" : 584.86,
    "dma200" : 593.89,
    "volume" : 8258.00
  }, {
    "date" : "2025-09-05",
    "price" : 549.15,
    "dma50" : 566.88,
    "dma100" : 584.74,
    "dma200" : 593.45,
    "volume" : 7569.00
  }, {
    "date" : "2025-09-08",
    "price" : 544.70,
    "dma50" : 566.01,
    "dma100" : 584.43,
    "dma200" : 592.96,
    "volume" : 8471.00
  }, {
    "date" : "2025-09-09",
    "price" : 653.60,
    "dma50" : 569.45,
    "dma100" : 585.03,
    "dma200" : 593.57,
    "volume" : 2906446.00
  }, {
    "date" : "2025-09-10",
    "price" : 653.00,
    "dma50" : 572.72,
    "dma100" : 585.65,
    "dma200" : 594.16,
    "volume" : 4615317.00
  }, {
    "date" : "2025-09-11",
    "price" : 668.95,
    "dma50" : 576.50,
    "dma100" : 586.34,
    "dma200" : 594.90,
    "volume" : 605821.00
  }, {
    "date" : "2025-09-12",
    "price" : 650.05,
    "dma50" : 579.38,
    "dma100" : 586.87,
    "dma200" : 595.45,
    "volume" : 134996.00
  }, {
    "date" : "2025-09-15",
    "price" : 628.45,
    "dma50" : 581.30,
    "dma100" : 587.18,
    "dma200" : 595.78,
    "volume" : 265871.00
  }, {
    "date" : "2025-09-16",
    "price" : 636.10,
    "dma50" : 583.45,
    "dma100" : 587.56,
    "dma200" : 596.18,
    "volume" : 323899.00
  }, {
    "date" : "2025-09-17",
    "price" : 628.15,
    "dma50" : 585.21,
    "dma100" : 588.14,
    "dma200" : 596.50,
    "volume" : 72859.00
  }, {
    "date" : "2025-09-18",
    "price" : 630.00,
    "dma50" : 586.96,
    "dma100" : 588.73,
    "dma200" : 596.83,
    "volume" : 66288.00
  }, {
    "date" : "2025-09-19",
    "price" : 630.00,
    "dma50" : 588.65,
    "dma100" : 589.32,
    "dma200" : 597.16,
    "volume" : 61005.00
  }, {
    "date" : "2025-09-22",
    "price" : 614.75,
    "dma50" : 589.67,
    "dma100" : 589.87,
    "dma200" : 597.34,
    "volume" : 85762.00
  }, {
    "date" : "2025-09-23",
    "price" : 620.40,
    "dma50" : 590.88,
    "dma100" : 590.52,
    "dma200" : 597.57,
    "volume" : 40548.00
  }, {
    "date" : "2025-09-24",
    "price" : 606.10,
    "dma50" : 591.48,
    "dma100" : 590.95,
    "dma200" : 597.65,
    "volume" : 28813.00
  }, {
    "date" : "2025-09-25",
    "price" : 600.20,
    "dma50" : 591.82,
    "dma100" : 591.51,
    "dma200" : 597.68,
    "volume" : 21320.00
  }, {
    "date" : "2025-09-26",
    "price" : 583.35,
    "dma50" : 591.49,
    "dma100" : 591.88,
    "dma200" : 597.53,
    "volume" : 41929.00
  }, {
    "date" : "2025-09-29",
    "price" : 576.65,
    "dma50" : 590.90,
    "dma100" : 592.24,
    "dma200" : 597.33,
    "volume" : 27512.00
  }, {
    "date" : "2025-09-30",
    "price" : 574.30,
    "dma50" : 590.25,
    "dma100" : 592.69,
    "dma200" : 597.10,
    "volume" : 16277.00
  }, {
    "date" : "2025-10-01",
    "price" : 585.50,
    "dma50" : 590.07,
    "dma100" : 592.92,
    "dma200" : 596.98,
    "volume" : 22256.00
  }, {
    "date" : "2025-10-03",
    "price" : 599.50,
    "dma50" : 590.44,
    "dma100" : 593.21,
    "dma200" : 597.01,
    "volume" : 50775.00
  }, {
    "date" : "2025-10-06",
    "price" : 672.85,
    "dma50" : 593.67,
    "dma100" : 594.10,
    "dma200" : 597.76,
    "volume" : 5566200.00
  }, {
    "date" : "2025-10-07",
    "price" : 643.70,
    "dma50" : 595.63,
    "dma100" : 594.69,
    "dma200" : 598.22,
    "volume" : 433751.00
  }, {
    "date" : "2025-10-08",
    "price" : 629.75,
    "dma50" : 596.97,
    "dma100" : 595.01,
    "dma200" : 598.53,
    "volume" : 105135.00
  }, {
    "date" : "2025-10-09",
    "price" : 638.55,
    "dma50" : 598.60,
    "dma100" : 595.29,
    "dma200" : 598.93,
    "volume" : 337969.00
  }, {
    "date" : "2025-10-10",
    "price" : 628.95,
    "dma50" : 599.79,
    "dma100" : 595.55,
    "dma200" : 599.23,
    "volume" : 69306.00
  }, {
    "date" : "2025-10-13",
    "price" : 619.25,
    "dma50" : 600.55,
    "dma100" : 595.80,
    "dma200" : 599.43,
    "volume" : 56089.00
  }, {
    "date" : "2025-10-14",
    "price" : 609.80,
    "dma50" : 600.92,
    "dma100" : 595.75,
    "dma200" : 599.53,
    "volume" : 75573.00
  }, {
    "date" : "2025-10-15",
    "price" : 615.00,
    "dma50" : 601.47,
    "dma100" : 595.83,
    "dma200" : 599.68,
    "volume" : 43743.00
  }, {
    "date" : "2025-10-16",
    "price" : 625.00,
    "dma50" : 602.39,
    "dma100" : 595.93,
    "dma200" : 599.94,
    "volume" : 158386.00
  }, {
    "date" : "2025-10-17",
    "price" : 610.70,
    "dma50" : 602.72,
    "dma100" : 595.88,
    "dma200" : 600.04,
    "volume" : 47978.00
  }, {
    "date" : "2025-10-20",
    "price" : 617.75,
    "dma50" : 603.31,
    "dma100" : 595.80,
    "dma200" : 600.22,
    "volume" : 34223.00
  }, {
    "date" : "2025-10-21",
    "price" : 619.90,
    "dma50" : 603.96,
    "dma100" : 595.76,
    "dma200" : 600.42,
    "volume" : 6769.00
  }, {
    "date" : "2025-10-23",
    "price" : 614.95,
    "dma50" : 604.39,
    "dma100" : 595.68,
    "dma200" : 600.56,
    "volume" : 17647.00
  }, {
    "date" : "2025-10-24",
    "price" : 613.25,
    "dma50" : 604.74,
    "dma100" : 595.60,
    "dma200" : 600.69,
    "volume" : 19790.00
  }, {
    "date" : "2025-10-27",
    "price" : 611.30,
    "dma50" : 604.99,
    "dma100" : 595.62,
    "dma200" : 600.79,
    "volume" : 23624.00
  }, {
    "date" : "2025-10-28",
    "price" : 614.65,
    "dma50" : 605.37,
    "dma100" : 595.47,
    "dma200" : 600.93,
    "volume" : 29976.00
  }, {
    "date" : "2025-10-29",
    "price" : 631.10,
    "dma50" : 606.38,
    "dma100" : 595.52,
    "dma200" : 601.23,
    "volume" : 122137.00
  }, {
    "date" : "2025-10-30",
    "price" : 626.80,
    "dma50" : 607.18,
    "dma100" : 595.56,
    "dma200" : 601.48,
    "volume" : 43222.00
  }, {
    "date" : "2025-10-31",
    "price" : 617.15,
    "dma50" : 607.57,
    "dma100" : 595.48,
    "dma200" : 601.64,
    "volume" : 26111.00
  }, {
    "date" : "2025-11-03",
    "price" : 620.45,
    "dma50" : 608.08,
    "dma100" : 595.36,
    "dma200" : 601.83,
    "volume" : 35873.00
  }, {
    "date" : "2025-11-04",
    "price" : 613.00,
    "dma50" : 608.27,
    "dma100" : 595.26,
    "dma200" : 601.94,
    "volume" : 44747.00
  }, {
    "date" : "2025-11-06",
    "price" : 597.10,
    "dma50" : 607.83,
    "dma100" : 595.14,
    "dma200" : 601.89,
    "volume" : 31345.00
  }, {
    "date" : "2025-11-07",
    "price" : 590.40,
    "dma50" : 607.15,
    "dma100" : 595.10,
    "dma200" : 601.78,
    "volume" : 33340.00
  }, {
    "date" : "2025-11-10",
    "price" : 585.45,
    "dma50" : 606.30,
    "dma100" : 594.93,
    "dma200" : 601.61,
    "volume" : 17298.00
  }, {
    "date" : "2025-11-11",
    "price" : 583.75,
    "dma50" : 605.41,
    "dma100" : 594.79,
    "dma200" : 601.44,
    "volume" : 25401.00
  }, {
    "date" : "2025-11-12",
    "price" : 594.70,
    "dma50" : 604.99,
    "dma100" : 594.84,
    "dma200" : 601.37,
    "volume" : 67599.00
  }, {
    "date" : "2025-11-13",
    "price" : 591.10,
    "dma50" : 604.45,
    "dma100" : 594.88,
    "dma200" : 601.27,
    "volume" : 18474.00
  }, {
    "date" : "2025-11-14",
    "price" : 594.35,
    "dma50" : 604.05,
    "dma100" : 594.95,
    "dma200" : 601.20,
    "volume" : 14260.00
  }, {
    "date" : "2025-11-17",
    "price" : 602.65,
    "dma50" : 604.00,
    "dma100" : 595.19,
    "dma200" : 601.21,
    "volume" : 28655.00
  }, {
    "date" : "2025-11-18",
    "price" : 594.60,
    "dma50" : 603.63,
    "dma100" : 595.28,
    "dma200" : 601.15,
    "volume" : 11741.00
  }, {
    "date" : "2025-11-19",
    "price" : 585.80,
    "dma50" : 602.93,
    "dma100" : 595.21,
    "dma200" : 600.99,
    "volume" : 12033.00
  }, {
    "date" : "2025-11-20",
    "price" : 588.65,
    "dma50" : 602.37,
    "dma100" : 595.10,
    "dma200" : 600.87,
    "volume" : 15735.00
  }, {
    "date" : "2025-11-21",
    "price" : 586.05,
    "dma50" : 601.73,
    "dma100" : 594.95,
    "dma200" : 600.72,
    "volume" : 7701.00
  }, {
    "date" : "2025-11-24",
    "price" : 573.95,
    "dma50" : 600.64,
    "dma100" : 594.61,
    "dma200" : 600.46,
    "volume" : 12668.00
  }, {
    "date" : "2025-11-25",
    "price" : 573.85,
    "dma50" : 599.59,
    "dma100" : 594.28,
    "dma200" : 600.19,
    "volume" : 16912.00
  }, {
    "date" : "2025-11-26",
    "price" : 577.55,
    "dma50" : 598.73,
    "dma100" : 594.02,
    "dma200" : 599.97,
    "volume" : 12976.00
  }, {
    "date" : "2025-11-27",
    "price" : 577.20,
    "dma50" : 597.88,
    "dma100" : 593.80,
    "dma200" : 599.74,
    "volume" : 12636.00
  }, {
    "date" : "2025-11-28",
    "price" : 584.85,
    "dma50" : 597.37,
    "dma100" : 593.48,
    "dma200" : 599.59,
    "volume" : 110573.00
  }, {
    "date" : "2025-12-01",
    "price" : 585.95,
    "dma50" : 596.92,
    "dma100" : 593.12,
    "dma200" : 599.46,
    "volume" : 13138.00
  }, {
    "date" : "2025-12-02",
    "price" : 573.80,
    "dma50" : 596.02,
    "dma100" : 592.70,
    "dma200" : 599.20,
    "volume" : 16592.00
  }, {
    "date" : "2025-12-03",
    "price" : 567.60,
    "dma50" : 594.90,
    "dma100" : 592.30,
    "dma200" : 598.89,
    "volume" : 13988.00
  }, {
    "date" : "2025-12-04",
    "price" : 561.95,
    "dma50" : 593.61,
    "dma100" : 591.83,
    "dma200" : 598.52,
    "volume" : 15434.00
  }, {
    "date" : "2025-12-05",
    "price" : 558.45,
    "dma50" : 592.23,
    "dma100" : 591.41,
    "dma200" : 598.12,
    "volume" : 12271.00
  }, {
    "date" : "2025-12-08",
    "price" : 541.90,
    "dma50" : 590.26,
    "dma100" : 590.85,
    "dma200" : 597.56,
    "volume" : 18585.00
  }, {
    "date" : "2025-12-09",
    "price" : 553.20,
    "dma50" : 588.80,
    "dma100" : 590.34,
    "dma200" : 597.12,
    "volume" : 26559.00
  }, {
    "date" : "2025-12-10",
    "price" : 556.85,
    "dma50" : 587.55,
    "dma100" : 589.90,
    "dma200" : 596.72,
    "volume" : 19156.00
  }, {
    "date" : "2025-12-11",
    "price" : 550.55,
    "dma50" : 586.10,
    "dma100" : 589.34,
    "dma200" : 596.26,
    "volume" : 9148.00
  }, {
    "date" : "2025-12-12",
    "price" : 551.15,
    "dma50" : 584.73,
    "dma100" : 588.80,
    "dma200" : 595.81,
    "volume" : 11368.00
  }, {
    "date" : "2025-12-15",
    "price" : 555.85,
    "dma50" : 583.60,
    "dma100" : 588.29,
    "dma200" : 595.41,
    "volume" : 10650.00
  }, {
    "date" : "2025-12-16",
    "price" : 546.40,
    "dma50" : 582.14,
    "dma100" : 587.74,
    "dma200" : 594.93,
    "volume" : 10478.00
  }, {
    "date" : "2025-12-17",
    "price" : 536.70,
    "dma50" : 580.36,
    "dma100" : 587.07,
    "dma200" : 594.35,
    "volume" : 15913.00
  }, {
    "date" : "2025-12-18",
    "price" : 536.40,
    "dma50" : 578.63,
    "dma100" : 586.43,
    "dma200" : 593.77,
    "volume" : 20525.00
  }, {
    "date" : "2025-12-19",
    "price" : 560.60,
    "dma50" : 577.92,
    "dma100" : 586.23,
    "dma200" : 593.44,
    "volume" : 32450.00
  }, {
    "date" : "2025-12-22",
    "price" : 564.65,
    "dma50" : 577.40,
    "dma100" : 586.11,
    "dma200" : 593.15,
    "volume" : 17437.00
  }, {
    "date" : "2025-12-23",
    "price" : 575.90,
    "dma50" : 577.35,
    "dma100" : 586.04,
    "dma200" : 592.98,
    "volume" : 23960.00
  }, {
    "date" : "2025-12-24",
    "price" : 568.70,
    "dma50" : 577.01,
    "dma100" : 585.78,
    "dma200" : 592.74,
    "volume" : 14233.00
  }, {
    "date" : "2025-12-26",
    "price" : 593.35,
    "dma50" : 577.65,
    "dma100" : 585.90,
    "dma200" : 592.75,
    "volume" : 442553.00
  }, {
    "date" : "2025-12-29",
    "price" : 575.90,
    "dma50" : 577.58,
    "dma100" : 585.93,
    "dma200" : 592.58,
    "volume" : 26034.00
  }, {
    "date" : "2025-12-30",
    "price" : 579.50,
    "dma50" : 577.65,
    "dma100" : 585.96,
    "dma200" : 592.45,
    "volume" : 20382.00
  }, {
    "date" : "2025-12-31",
    "price" : 585.25,
    "dma50" : 577.95,
    "dma100" : 586.12,
    "dma200" : 592.38,
    "volume" : 43131.00
  }, {
    "date" : "2026-01-01",
    "price" : 607.05,
    "dma50" : 579.09,
    "dma100" : 586.56,
    "dma200" : 592.52,
    "volume" : 331710.00
  }, {
    "date" : "2026-01-02",
    "price" : 607.65,
    "dma50" : 580.21,
    "dma100" : 587.07,
    "dma200" : 592.67,
    "volume" : 78010.00
  }, {
    "date" : "2026-01-05",
    "price" : 595.75,
    "dma50" : 580.82,
    "dma100" : 587.48,
    "dma200" : 592.70,
    "volume" : 27325.00
  }, {
    "date" : "2026-01-06",
    "price" : 584.80,
    "dma50" : 580.98,
    "dma100" : 587.91,
    "dma200" : 592.63,
    "volume" : 30065.00
  }, {
    "date" : "2026-01-07",
    "price" : 588.50,
    "dma50" : 581.27,
    "dma100" : 588.21,
    "dma200" : 592.58,
    "volume" : 16866.00
  }, {
    "date" : "2026-01-08",
    "price" : 568.75,
    "dma50" : 580.78,
    "dma100" : 588.49,
    "dma200" : 592.35,
    "volume" : 33780.00
  }, {
    "date" : "2026-01-09",
    "price" : 563.35,
    "dma50" : 580.10,
    "dma100" : 588.75,
    "dma200" : 592.06,
    "volume" : 23123.00
  }, {
    "date" : "2026-01-12",
    "price" : 564.70,
    "dma50" : 579.49,
    "dma100" : 589.00,
    "dma200" : 591.79,
    "volume" : 19890.00
  }, {
    "date" : "2026-01-13",
    "price" : 568.10,
    "dma50" : 579.05,
    "dma100" : 589.21,
    "dma200" : 591.55,
    "volume" : 18699.00
  }, {
    "date" : "2026-01-14",
    "price" : 568.80,
    "dma50" : 578.65,
    "dma100" : 589.27,
    "dma200" : 591.32,
    "volume" : 26285.00
  }, {
    "date" : "2026-01-16",
    "price" : 563.10,
    "dma50" : 578.04,
    "dma100" : 589.33,
    "dma200" : 591.04,
    "volume" : 13572.00
  }, {
    "date" : "2026-01-19",
    "price" : 551.35,
    "dma50" : 576.99,
    "dma100" : 589.32,
    "dma200" : 590.65,
    "volume" : 14413.00
  }, {
    "date" : "2026-01-20",
    "price" : 538.40,
    "dma50" : 575.48,
    "dma100" : 589.28,
    "dma200" : 590.13,
    "volume" : 17126.00
  }, {
    "date" : "2026-01-21",
    "price" : 521.00,
    "dma50" : 573.34,
    "dma100" : 589.17,
    "dma200" : 589.44,
    "volume" : 42753.00
  }, {
    "date" : "2026-01-22",
    "price" : 524.55,
    "dma50" : 571.43,
    "dma100" : 589.13,
    "dma200" : 588.80,
    "volume" : 20953.00
  }, {
    "date" : "2026-01-23",
    "price" : 501.05,
    "dma50" : 568.67,
    "dma100" : 588.90,
    "dma200" : 587.92,
    "volume" : 29538.00
  }, {
    "date" : "2026-01-27",
    "price" : 497.25,
    "dma50" : 565.87,
    "dma100" : 588.51,
    "dma200" : 587.02,
    "volume" : 29513.00
  }, {
    "date" : "2026-01-28",
    "price" : 513.70,
    "dma50" : 563.82,
    "dma100" : 588.26,
    "dma200" : 586.29,
    "volume" : 27724.00
  }, {
    "date" : "2026-01-29",
    "price" : 512.85,
    "dma50" : 561.82,
    "dma100" : 587.83,
    "dma200" : 585.56,
    "volume" : 23349.00
  }, {
    "date" : "2026-01-30",
    "price" : 525.50,
    "dma50" : 560.40,
    "dma100" : 587.56,
    "dma200" : 584.96,
    "volume" : 31749.00
  }, {
    "date" : "2026-02-01",
    "price" : 556.05,
    "dma50" : 560.23,
    "dma100" : 587.62,
    "dma200" : 584.67,
    "volume" : 4808991.00
  }, {
    "date" : "2026-02-02",
    "price" : 535.20,
    "dma50" : 559.25,
    "dma100" : 587.53,
    "dma200" : 584.18,
    "volume" : 470226.00
  }, {
    "date" : "2026-02-03",
    "price" : 536.70,
    "dma50" : 558.36,
    "dma100" : 586.36,
    "dma200" : 583.71,
    "volume" : 77054.00
  }, {
    "date" : "2026-02-04",
    "price" : 538.85,
    "dma50" : 557.60,
    "dma100" : 585.22,
    "dma200" : 583.26,
    "volume" : 46556.00
  }, {
    "date" : "2026-02-05",
    "price" : 534.05,
    "dma50" : 556.67,
    "dma100" : 583.87,
    "dma200" : 582.77,
    "volume" : 23664.00
  }, {
    "date" : "2026-02-06",
    "price" : 527.80,
    "dma50" : 555.54,
    "dma100" : 582.65,
    "dma200" : 582.23,
    "volume" : 27670.00
  }, {
    "date" : "2026-02-09",
    "price" : 542.85,
    "dma50" : 555.04,
    "dma100" : 581.79,
    "dma200" : 581.83,
    "volume" : 54528.00
  }, {
    "date" : "2026-02-10",
    "price" : 554.50,
    "dma50" : 555.02,
    "dma100" : 580.98,
    "dma200" : 581.56,
    "volume" : 567851.00
  }, {
    "date" : "2026-02-11",
    "price" : 548.65,
    "dma50" : 554.77,
    "dma100" : 580.18,
    "dma200" : 581.24,
    "volume" : 35444.00
  }, {
    "date" : "2026-02-12",
    "price" : 543.40,
    "dma50" : 554.33,
    "dma100" : 579.31,
    "dma200" : 580.86,
    "volume" : 16444.00
  }, {
    "date" : "2026-02-13",
    "price" : 532.95,
    "dma50" : 553.49,
    "dma100" : 578.34,
    "dma200" : 580.38,
    "volume" : 23258.00
  } ],
  "latestTechnicalAttributes" : {
    "date" : "2026-02-13",
    "price" : 532.95,
    "dma50" : 553.49,
    "dma100" : 578.34,
    "dma200" : 580.38,
    "volume" : 23258.00
  },
  "quarterlyResults" : [ {
    "date" : "2005-03-31",
    "sales" : 94.62,
    "salesGrowthYoY" : null,
    "grossProfitMargin" : 38.66,
    "grossProfit" : 36.58,
    "operatingProfitMargin" : -10.86,
    "operatingProfit" : -10.28,
    "netProfitMargin" : 6.69,
    "netProfit" : 6.33
  }, {
    "date" : "2005-06-30",
    "sales" : 71.98,
    "salesGrowthYoY" : null,
    "grossProfitMargin" : 47.15,
    "grossProfit" : 33.94,
    "operatingProfitMargin" : -10.07,
    "operatingProfit" : -7.25,
    "netProfitMargin" : -6.09,
    "netProfit" : -4.38
  }, {
    "date" : "2005-09-30",
    "sales" : 74.53,
    "salesGrowthYoY" : null,
    "grossProfitMargin" : 52.27,
    "grossProfit" : 38.96,
    "operatingProfitMargin" : -4.74,
    "operatingProfit" : -3.53,
    "netProfitMargin" : -0.08,
    "netProfit" : -0.06
  }, {
    "date" : "2005-12-31",
    "sales" : 102.71,
    "salesGrowthYoY" : null,
    "grossProfitMargin" : 58.56,
    "grossProfit" : 60.15,
    "operatingProfitMargin" : 11.99,
    "operatingProfit" : 12.31,
    "netProfitMargin" : 18.97,
    "netProfit" : 19.48
  }, {
    "date" : "2006-03-31",
    "sales" : 106.57,
    "salesGrowthYoY" : 12.63,
    "grossProfitMargin" : 60.53,
    "grossProfit" : 64.51,
    "operatingProfitMargin" : 16.06,
    "operatingProfit" : 17.12,
    "netProfitMargin" : 22.51,
    "netProfit" : 23.99
  }, {
    "date" : "2006-06-30",
    "sales" : 82.94,
    "salesGrowthYoY" : 15.23,
    "grossProfitMargin" : 51.92,
    "grossProfit" : 43.06,
    "operatingProfitMargin" : -2.68,
    "operatingProfit" : -2.22,
    "netProfitMargin" : 4.90,
    "netProfit" : 4.06
  }, {
    "date" : "2006-09-30",
    "sales" : 91.00,
    "salesGrowthYoY" : 22.10,
    "grossProfitMargin" : 53.95,
    "grossProfit" : 49.09,
    "operatingProfitMargin" : 1.63,
    "operatingProfit" : 1.48,
    "netProfitMargin" : 7.42,
    "netProfit" : 6.75
  }, {
    "date" : "2006-12-31",
    "sales" : 165.63,
    "salesGrowthYoY" : 61.26,
    "grossProfitMargin" : 45.28,
    "grossProfit" : 75.00,
    "operatingProfitMargin" : 16.05,
    "operatingProfit" : 26.58,
    "netProfitMargin" : 21.03,
    "netProfit" : 34.83
  }, {
    "date" : "2007-03-31",
    "sales" : 188.92,
    "salesGrowthYoY" : 77.27,
    "grossProfitMargin" : 44.75,
    "grossProfit" : 84.54,
    "operatingProfitMargin" : 7.38,
    "operatingProfit" : 13.94,
    "netProfitMargin" : 12.24,
    "netProfit" : 23.12
  }, {
    "date" : "2007-06-30",
    "sales" : 79.35,
    "salesGrowthYoY" : -4.33,
    "grossProfitMargin" : 52.59,
    "grossProfit" : 41.73,
    "operatingProfitMargin" : 3.49,
    "operatingProfit" : 2.77,
    "netProfitMargin" : 12.26,
    "netProfit" : 9.73
  }, {
    "date" : "2007-09-30",
    "sales" : 79.47,
    "salesGrowthYoY" : -12.67,
    "grossProfitMargin" : 54.05,
    "grossProfit" : 42.95,
    "operatingProfitMargin" : 5.39,
    "operatingProfit" : 4.28,
    "netProfitMargin" : 13.07,
    "netProfit" : 10.39
  }, {
    "date" : "2007-12-31",
    "sales" : 127.74,
    "salesGrowthYoY" : -22.88,
    "grossProfitMargin" : 47.70,
    "grossProfit" : 60.93,
    "operatingProfitMargin" : 14.99,
    "operatingProfit" : 19.15,
    "netProfitMargin" : 21.90,
    "netProfit" : 27.98
  }, {
    "date" : "2008-03-31",
    "sales" : 152.29,
    "salesGrowthYoY" : -19.39,
    "grossProfitMargin" : 50.31,
    "grossProfit" : 76.62,
    "operatingProfitMargin" : 3.99,
    "operatingProfit" : 6.08,
    "netProfitMargin" : 8.31,
    "netProfit" : 12.66
  }, {
    "date" : "2008-06-30",
    "sales" : 97.21,
    "salesGrowthYoY" : 22.51,
    "grossProfitMargin" : 44.08,
    "grossProfit" : 42.85,
    "operatingProfitMargin" : 0.91,
    "operatingProfit" : 0.88,
    "netProfitMargin" : 9.79,
    "netProfit" : 9.52
  }, {
    "date" : "2008-09-30",
    "sales" : 93.93,
    "salesGrowthYoY" : 18.20,
    "grossProfitMargin" : 42.48,
    "grossProfit" : 39.90,
    "operatingProfitMargin" : 1.51,
    "operatingProfit" : 1.42,
    "netProfitMargin" : 11.86,
    "netProfit" : 11.14
  }, {
    "date" : "2008-12-31",
    "sales" : 100.01,
    "salesGrowthYoY" : -21.71,
    "grossProfitMargin" : 57.32,
    "grossProfit" : 57.33,
    "operatingProfitMargin" : 18.38,
    "operatingProfit" : 18.38,
    "netProfitMargin" : 29.61,
    "netProfit" : 29.61
  }, {
    "date" : "2009-03-31",
    "sales" : 91.29,
    "salesGrowthYoY" : -40.06,
    "grossProfitMargin" : 72.00,
    "grossProfit" : 65.73,
    "operatingProfitMargin" : -20.50,
    "operatingProfit" : -18.71,
    "netProfitMargin" : -13.07,
    "netProfit" : -11.93
  }, {
    "date" : "2009-06-30",
    "sales" : 53.04,
    "salesGrowthYoY" : -45.44,
    "grossProfitMargin" : 62.95,
    "grossProfit" : 33.39,
    "operatingProfitMargin" : -8.54,
    "operatingProfit" : -4.53,
    "netProfitMargin" : 5.37,
    "netProfit" : 2.85
  }, {
    "date" : "2009-09-30",
    "sales" : 56.33,
    "salesGrowthYoY" : -40.03,
    "grossProfitMargin" : 63.82,
    "grossProfit" : 35.95,
    "operatingProfitMargin" : -33.25,
    "operatingProfit" : -18.73,
    "netProfitMargin" : -20.77,
    "netProfit" : -11.70
  }, {
    "date" : "2009-12-31",
    "sales" : 82.18,
    "salesGrowthYoY" : -17.83,
    "grossProfitMargin" : 69.15,
    "grossProfit" : 56.83,
    "operatingProfitMargin" : -6.72,
    "operatingProfit" : -5.52,
    "netProfitMargin" : 2.82,
    "netProfit" : 2.32
  }, {
    "date" : "2010-03-31",
    "sales" : 80.04,
    "salesGrowthYoY" : -12.32,
    "grossProfitMargin" : 82.05,
    "grossProfit" : 65.67,
    "operatingProfitMargin" : -19.72,
    "operatingProfit" : -15.78,
    "netProfitMargin" : -17.47,
    "netProfit" : -13.98
  }, {
    "date" : "2010-06-30",
    "sales" : 71.00,
    "salesGrowthYoY" : 33.86,
    "grossProfitMargin" : 65.07,
    "grossProfit" : 46.20,
    "operatingProfitMargin" : -3.28,
    "operatingProfit" : -2.33,
    "netProfitMargin" : 1.18,
    "netProfit" : 0.84
  }, {
    "date" : "2010-09-30",
    "sales" : 65.17,
    "salesGrowthYoY" : 15.69,
    "grossProfitMargin" : 63.45,
    "grossProfit" : 41.35,
    "operatingProfitMargin" : -27.56,
    "operatingProfit" : -17.96,
    "netProfitMargin" : -17.81,
    "netProfit" : -11.61
  }, {
    "date" : "2010-12-31",
    "sales" : 97.64,
    "salesGrowthYoY" : 18.81,
    "grossProfitMargin" : 71.23,
    "grossProfit" : 69.55,
    "operatingProfitMargin" : -21.41,
    "operatingProfit" : -20.90,
    "netProfitMargin" : -12.71,
    "netProfit" : -12.41
  }, {
    "date" : "2011-03-31",
    "sales" : 105.39,
    "salesGrowthYoY" : 31.67,
    "grossProfitMargin" : 64.97,
    "grossProfit" : 68.47,
    "operatingProfitMargin" : 0.71,
    "operatingProfit" : 0.75,
    "netProfitMargin" : 11.44,
    "netProfit" : 12.06
  }, {
    "date" : "2011-06-30",
    "sales" : 82.45,
    "salesGrowthYoY" : 16.13,
    "grossProfitMargin" : 63.35,
    "grossProfit" : 52.23,
    "operatingProfitMargin" : -0.40,
    "operatingProfit" : -0.33,
    "netProfitMargin" : 9.30,
    "netProfit" : 7.67
  }, {
    "date" : "2011-09-30",
    "sales" : 79.16,
    "salesGrowthYoY" : 21.47,
    "grossProfitMargin" : 66.56,
    "grossProfit" : 52.69,
    "operatingProfitMargin" : -10.66,
    "operatingProfit" : -8.44,
    "netProfitMargin" : -0.10,
    "netProfit" : -0.08
  }, {
    "date" : "2011-12-31",
    "sales" : 104.05,
    "salesGrowthYoY" : 6.56,
    "grossProfitMargin" : 58.91,
    "grossProfit" : 61.30,
    "operatingProfitMargin" : -5.18,
    "operatingProfit" : -5.39,
    "netProfitMargin" : 9.21,
    "netProfit" : 9.58
  }, {
    "date" : "2012-03-31",
    "sales" : 110.06,
    "salesGrowthYoY" : 4.43,
    "grossProfitMargin" : 80.27,
    "grossProfit" : 88.35,
    "operatingProfitMargin" : -5.86,
    "operatingProfit" : -6.45,
    "netProfitMargin" : 2.68,
    "netProfit" : 2.95
  }, {
    "date" : "2012-06-30",
    "sales" : 86.61,
    "salesGrowthYoY" : 5.05,
    "grossProfitMargin" : 86.53,
    "grossProfit" : 74.94,
    "operatingProfitMargin" : -3.91,
    "operatingProfit" : -3.39,
    "netProfitMargin" : 3.57,
    "netProfit" : 3.09
  }, {
    "date" : "2012-09-30",
    "sales" : 87.15,
    "salesGrowthYoY" : 10.09,
    "grossProfitMargin" : 86.21,
    "grossProfit" : 75.13,
    "operatingProfitMargin" : -10.19,
    "operatingProfit" : -8.88,
    "netProfitMargin" : 2.63,
    "netProfit" : 2.29
  }, {
    "date" : "2012-12-31",
    "sales" : 112.39,
    "salesGrowthYoY" : 8.02,
    "grossProfitMargin" : 77.19,
    "grossProfit" : 86.75,
    "operatingProfitMargin" : -8.27,
    "operatingProfit" : -9.29,
    "netProfitMargin" : 7.93,
    "netProfit" : 8.91
  }, {
    "date" : "2013-03-31",
    "sales" : 104.95,
    "salesGrowthYoY" : -4.64,
    "grossProfitMargin" : 85.06,
    "grossProfit" : 89.27,
    "operatingProfitMargin" : 6.64,
    "operatingProfit" : 6.97,
    "netProfitMargin" : 4.37,
    "netProfit" : 4.59
  }, {
    "date" : "2013-06-30",
    "sales" : 93.02,
    "salesGrowthYoY" : 7.40,
    "grossProfitMargin" : 85.85,
    "grossProfit" : 79.86,
    "operatingProfitMargin" : -7.04,
    "operatingProfit" : -6.55,
    "netProfitMargin" : 1.25,
    "netProfit" : 1.16
  }, {
    "date" : "2013-09-30",
    "sales" : 100.16,
    "salesGrowthYoY" : 14.93,
    "grossProfitMargin" : 85.65,
    "grossProfit" : 85.79,
    "operatingProfitMargin" : -14.06,
    "operatingProfit" : -14.08,
    "netProfitMargin" : -2.58,
    "netProfit" : -2.58
  }, {
    "date" : "2013-12-31",
    "sales" : 110.12,
    "salesGrowthYoY" : -2.02,
    "grossProfitMargin" : 81.51,
    "grossProfit" : 89.76,
    "operatingProfitMargin" : -10.73,
    "operatingProfit" : -11.82,
    "netProfitMargin" : 5.27,
    "netProfit" : 5.80
  }, {
    "date" : "2014-03-31",
    "sales" : 117.72,
    "salesGrowthYoY" : 12.17,
    "grossProfitMargin" : 81.70,
    "grossProfit" : 96.18,
    "operatingProfitMargin" : 5.46,
    "operatingProfit" : 6.43,
    "netProfitMargin" : 3.85,
    "netProfit" : 4.53
  }, {
    "date" : "2014-06-30",
    "sales" : 96.19,
    "salesGrowthYoY" : 3.41,
    "grossProfitMargin" : 85.78,
    "grossProfit" : 82.51,
    "operatingProfitMargin" : -5.86,
    "operatingProfit" : -5.64,
    "netProfitMargin" : 0.31,
    "netProfit" : 0.30
  }, {
    "date" : "2014-09-30",
    "sales" : 102.43,
    "salesGrowthYoY" : 2.27,
    "grossProfitMargin" : 84.06,
    "grossProfit" : 86.10,
    "operatingProfitMargin" : -8.24,
    "operatingProfit" : -8.44,
    "netProfitMargin" : 1.59,
    "netProfit" : 1.63
  }, {
    "date" : "2014-12-31",
    "sales" : 129.67,
    "salesGrowthYoY" : 17.75,
    "grossProfitMargin" : 81.57,
    "grossProfit" : 105.77,
    "operatingProfitMargin" : 4.84,
    "operatingProfit" : 6.28,
    "netProfitMargin" : 8.00,
    "netProfit" : 10.37
  }, {
    "date" : "2015-03-31",
    "sales" : 143.99,
    "salesGrowthYoY" : 22.32,
    "grossProfitMargin" : 82.96,
    "grossProfit" : 119.45,
    "operatingProfitMargin" : 16.19,
    "operatingProfit" : 23.31,
    "netProfitMargin" : 14.13,
    "netProfit" : 20.35
  }, {
    "date" : "2015-06-30",
    "sales" : 96.95,
    "salesGrowthYoY" : 0.79,
    "grossProfitMargin" : 88.40,
    "grossProfit" : 85.70,
    "operatingProfitMargin" : -3.79,
    "operatingProfit" : -3.67,
    "netProfitMargin" : 1.87,
    "netProfit" : 1.81
  }, {
    "date" : "2015-09-30",
    "sales" : 88.17,
    "salesGrowthYoY" : -13.92,
    "grossProfitMargin" : 84.09,
    "grossProfit" : 74.14,
    "operatingProfitMargin" : -9.75,
    "operatingProfit" : -8.60,
    "netProfitMargin" : 1.13,
    "netProfit" : 1.00
  }, {
    "date" : "2015-12-31",
    "sales" : 113.91,
    "salesGrowthYoY" : -12.15,
    "grossProfitMargin" : 85.61,
    "grossProfit" : 97.52,
    "operatingProfitMargin" : 6.43,
    "operatingProfit" : 7.32,
    "netProfitMargin" : 12.22,
    "netProfit" : 13.92
  }, {
    "date" : "2016-03-31",
    "sales" : 133.14,
    "salesGrowthYoY" : -7.54,
    "grossProfitMargin" : 82.07,
    "grossProfit" : 109.27,
    "operatingProfitMargin" : 16.55,
    "operatingProfit" : 22.03,
    "netProfitMargin" : 11.77,
    "netProfit" : 15.67
  }, {
    "date" : "2016-06-30",
    "sales" : 86.58,
    "salesGrowthYoY" : -10.70,
    "grossProfitMargin" : 84.25,
    "grossProfit" : 72.94,
    "operatingProfitMargin" : 12.97,
    "operatingProfit" : 11.23,
    "netProfitMargin" : 10.88,
    "netProfit" : 9.42
  }, {
    "date" : "2016-09-30",
    "sales" : 74.23,
    "salesGrowthYoY" : -15.81,
    "grossProfitMargin" : 83.25,
    "grossProfit" : 61.80,
    "operatingProfitMargin" : 7.44,
    "operatingProfit" : 5.52,
    "netProfitMargin" : 14.32,
    "netProfit" : 10.63
  }, {
    "date" : "2016-12-31",
    "sales" : 102.72,
    "salesGrowthYoY" : -9.82,
    "grossProfitMargin" : 70.73,
    "grossProfit" : 72.65,
    "operatingProfitMargin" : 10.22,
    "operatingProfit" : 10.50,
    "netProfitMargin" : 8.43,
    "netProfit" : 8.66
  }, {
    "date" : "2017-03-31",
    "sales" : 77.05,
    "salesGrowthYoY" : -42.13,
    "grossProfitMargin" : 78.62,
    "grossProfit" : 60.58,
    "operatingProfitMargin" : -22.02,
    "operatingProfit" : -16.97,
    "netProfitMargin" : -5.52,
    "netProfit" : -4.25
  }, {
    "date" : "2017-06-30",
    "sales" : 82.45,
    "salesGrowthYoY" : -4.77,
    "grossProfitMargin" : 82.78,
    "grossProfit" : 68.25,
    "operatingProfitMargin" : 7.02,
    "operatingProfit" : 5.79,
    "netProfitMargin" : 11.09,
    "netProfit" : 9.14
  }, {
    "date" : "2017-09-30",
    "sales" : 65.62,
    "salesGrowthYoY" : -11.60,
    "grossProfitMargin" : 83.05,
    "grossProfit" : 54.50,
    "operatingProfitMargin" : -22.71,
    "operatingProfit" : -14.90,
    "netProfitMargin" : -12.83,
    "netProfit" : -8.42
  }, {
    "date" : "2017-12-31",
    "sales" : 99.72,
    "salesGrowthYoY" : -2.92,
    "grossProfitMargin" : 75.19,
    "grossProfit" : 74.98,
    "operatingProfitMargin" : 6.27,
    "operatingProfit" : 6.25,
    "netProfitMargin" : 5.27,
    "netProfit" : 5.26
  }, {
    "date" : "2018-03-31",
    "sales" : 82.67,
    "salesGrowthYoY" : 7.29,
    "grossProfitMargin" : 79.23,
    "grossProfit" : 65.50,
    "operatingProfitMargin" : -24.33,
    "operatingProfit" : -20.11,
    "netProfitMargin" : -9.18,
    "netProfit" : -7.59
  }, {
    "date" : "2018-06-30",
    "sales" : 71.97,
    "salesGrowthYoY" : -12.71,
    "grossProfitMargin" : 85.80,
    "grossProfit" : 61.75,
    "operatingProfitMargin" : -0.49,
    "operatingProfit" : -0.35,
    "netProfitMargin" : 2.93,
    "netProfit" : 2.11
  }, {
    "date" : "2018-09-30",
    "sales" : 83.25,
    "salesGrowthYoY" : 26.87,
    "grossProfitMargin" : 83.36,
    "grossProfit" : 69.40,
    "operatingProfitMargin" : 8.36,
    "operatingProfit" : 6.96,
    "netProfitMargin" : 9.71,
    "netProfit" : 8.08
  }, {
    "date" : "2018-12-31",
    "sales" : 94.31,
    "salesGrowthYoY" : -5.43,
    "grossProfitMargin" : 76.26,
    "grossProfit" : 71.92,
    "operatingProfitMargin" : 7.97,
    "operatingProfit" : 7.52,
    "netProfitMargin" : 6.17,
    "netProfit" : 5.82
  }, {
    "date" : "2019-03-31",
    "sales" : 95.07,
    "salesGrowthYoY" : 15.00,
    "grossProfitMargin" : 75.32,
    "grossProfit" : 71.61,
    "operatingProfitMargin" : 9.70,
    "operatingProfit" : 9.22,
    "netProfitMargin" : 10.47,
    "netProfit" : 9.95
  }, {
    "date" : "2019-06-30",
    "sales" : 60.82,
    "salesGrowthYoY" : -15.49,
    "grossProfitMargin" : 89.71,
    "grossProfit" : 54.56,
    "operatingProfitMargin" : -1.41,
    "operatingProfit" : -0.86,
    "netProfitMargin" : 1.13,
    "netProfit" : 0.69
  }, {
    "date" : "2019-09-30",
    "sales" : 81.83,
    "salesGrowthYoY" : -1.71,
    "grossProfitMargin" : 79.70,
    "grossProfit" : 65.22,
    "operatingProfitMargin" : 5.18,
    "operatingProfit" : 4.24,
    "netProfitMargin" : 0.11,
    "netProfit" : 0.09
  }, {
    "date" : "2019-12-31",
    "sales" : 103.36,
    "salesGrowthYoY" : 9.60,
    "grossProfitMargin" : 78.84,
    "grossProfit" : 81.49,
    "operatingProfitMargin" : 19.14,
    "operatingProfit" : 19.78,
    "netProfitMargin" : 9.78,
    "netProfit" : 10.11
  }, {
    "date" : "2020-03-31",
    "sales" : 95.42,
    "salesGrowthYoY" : 0.37,
    "grossProfitMargin" : 74.42,
    "grossProfit" : 71.01,
    "operatingProfitMargin" : -1.67,
    "operatingProfit" : -1.59,
    "netProfitMargin" : 9.30,
    "netProfit" : 8.87
  }, {
    "date" : "2020-06-30",
    "sales" : 29.47,
    "salesGrowthYoY" : -51.55,
    "grossProfitMargin" : 96.78,
    "grossProfit" : 28.52,
    "operatingProfitMargin" : -54.87,
    "operatingProfit" : -16.17,
    "netProfitMargin" : -48.39,
    "netProfit" : -14.26
  }, {
    "date" : "2020-09-30",
    "sales" : 27.48,
    "salesGrowthYoY" : -66.42,
    "grossProfitMargin" : 89.70,
    "grossProfit" : 24.65,
    "operatingProfitMargin" : -71.65,
    "operatingProfit" : -19.69,
    "netProfitMargin" : -69.98,
    "netProfit" : -19.23
  }, {
    "date" : "2020-12-31",
    "sales" : 45.70,
    "salesGrowthYoY" : -55.79,
    "grossProfitMargin" : 81.79,
    "grossProfit" : 37.38,
    "operatingProfitMargin" : -22.43,
    "operatingProfit" : -10.25,
    "netProfitMargin" : -20.53,
    "netProfit" : -9.38
  }, {
    "date" : "2021-03-31",
    "sales" : 73.48,
    "salesGrowthYoY" : -22.99,
    "grossProfitMargin" : 82.05,
    "grossProfit" : 60.29,
    "operatingProfitMargin" : 3.13,
    "operatingProfit" : 2.30,
    "netProfitMargin" : 16.32,
    "netProfit" : 11.99
  }, {
    "date" : "2021-06-30",
    "sales" : 44.29,
    "salesGrowthYoY" : 50.29,
    "grossProfitMargin" : 89.93,
    "grossProfit" : 39.83,
    "operatingProfitMargin" : -2.33,
    "operatingProfit" : -1.03,
    "netProfitMargin" : -4.58,
    "netProfit" : -2.03
  }, {
    "date" : "2021-09-30",
    "sales" : 68.43,
    "salesGrowthYoY" : 149.02,
    "grossProfitMargin" : 79.45,
    "grossProfit" : 54.37,
    "operatingProfitMargin" : 0.80,
    "operatingProfit" : 0.55,
    "netProfitMargin" : 5.76,
    "netProfit" : 3.94
  }, {
    "date" : "2021-12-31",
    "sales" : 88.58,
    "salesGrowthYoY" : 93.83,
    "grossProfitMargin" : 69.33,
    "grossProfit" : 61.41,
    "operatingProfitMargin" : 6.06,
    "operatingProfit" : 5.37,
    "netProfitMargin" : 1.42,
    "netProfit" : 1.26
  }, {
    "date" : "2022-03-31",
    "sales" : 87.86,
    "salesGrowthYoY" : 19.57,
    "grossProfitMargin" : 75.77,
    "grossProfit" : 66.57,
    "operatingProfitMargin" : -4.31,
    "operatingProfit" : -3.79,
    "netProfitMargin" : 1.40,
    "netProfit" : 1.23
  }, {
    "date" : "2022-06-30",
    "sales" : 94.91,
    "salesGrowthYoY" : 114.29,
    "grossProfitMargin" : 75.79,
    "grossProfit" : 71.93,
    "operatingProfitMargin" : 17.11,
    "operatingProfit" : 16.24,
    "netProfitMargin" : 11.55,
    "netProfit" : 10.96
  }, {
    "date" : "2022-09-30",
    "sales" : 91.58,
    "salesGrowthYoY" : 33.83,
    "grossProfitMargin" : 78.64,
    "grossProfit" : 72.02,
    "operatingProfitMargin" : 13.40,
    "operatingProfit" : 12.27,
    "netProfitMargin" : 13.50,
    "netProfit" : 12.36
  }, {
    "date" : "2022-12-31",
    "sales" : 116.80,
    "salesGrowthYoY" : 31.86,
    "grossProfitMargin" : 78.08,
    "grossProfit" : 91.20,
    "operatingProfitMargin" : 20.06,
    "operatingProfit" : 23.43,
    "netProfitMargin" : 19.61,
    "netProfit" : 22.90
  }, {
    "date" : "2023-03-31",
    "sales" : 152.03,
    "salesGrowthYoY" : 73.04,
    "grossProfitMargin" : 70.48,
    "grossProfit" : 107.15,
    "operatingProfitMargin" : 12.94,
    "operatingProfit" : 19.67,
    "netProfitMargin" : 6.70,
    "netProfit" : 10.19
  }, {
    "date" : "2023-06-30",
    "sales" : 116.92,
    "salesGrowthYoY" : 23.19,
    "grossProfitMargin" : 68.16,
    "grossProfit" : 79.69,
    "operatingProfitMargin" : 19.16,
    "operatingProfit" : 22.40,
    "netProfitMargin" : 15.28,
    "netProfit" : 17.87
  }, {
    "date" : "2023-09-30",
    "sales" : 129.74,
    "salesGrowthYoY" : 41.67,
    "grossProfitMargin" : 67.27,
    "grossProfit" : 87.28,
    "operatingProfitMargin" : 18.56,
    "operatingProfit" : 24.08,
    "netProfitMargin" : 15.21,
    "netProfit" : 19.73
  }, {
    "date" : "2023-12-31",
    "sales" : 133.51,
    "salesGrowthYoY" : 14.31,
    "grossProfitMargin" : 69.84,
    "grossProfit" : 93.24,
    "operatingProfitMargin" : 16.88,
    "operatingProfit" : 22.54,
    "netProfitMargin" : 13.74,
    "netProfit" : 18.34
  }, {
    "date" : "2024-03-31",
    "sales" : 139.59,
    "salesGrowthYoY" : -8.18,
    "grossProfitMargin" : 70.96,
    "grossProfit" : 99.05,
    "operatingProfitMargin" : 17.70,
    "operatingProfit" : 24.71,
    "netProfitMargin" : 7.98,
    "netProfit" : 11.14
  }, {
    "date" : "2024-06-30",
    "sales" : 83.65,
    "salesGrowthYoY" : -28.46,
    "grossProfitMargin" : 79.88,
    "grossProfit" : 66.82,
    "operatingProfitMargin" : 9.32,
    "operatingProfit" : 7.80,
    "netProfitMargin" : 14.61,
    "netProfit" : 12.22
  }, {
    "date" : "2024-09-30",
    "sales" : 144.33,
    "salesGrowthYoY" : 11.25,
    "grossProfitMargin" : 61.66,
    "grossProfit" : 88.99,
    "operatingProfitMargin" : 13.99,
    "operatingProfit" : 20.19,
    "netProfitMargin" : 17.06,
    "netProfit" : 24.62
  }, {
    "date" : "2024-12-31",
    "sales" : 142.44,
    "salesGrowthYoY" : 6.69,
    "grossProfitMargin" : 67.87,
    "grossProfit" : 96.67,
    "operatingProfitMargin" : 17.81,
    "operatingProfit" : 25.37,
    "netProfitMargin" : 14.82,
    "netProfit" : 21.11
  }, {
    "date" : "2025-03-31",
    "sales" : 198.75,
    "salesGrowthYoY" : 42.38,
    "grossProfitMargin" : 56.77,
    "grossProfit" : 112.83,
    "operatingProfitMargin" : 16.20,
    "operatingProfit" : 32.20,
    "netProfitMargin" : 12.84,
    "netProfit" : 25.52
  }, {
    "date" : "2025-06-30",
    "sales" : 86.41,
    "salesGrowthYoY" : 3.30,
    "grossProfitMargin" : 78.12,
    "grossProfit" : 67.50,
    "operatingProfitMargin" : 10.27,
    "operatingProfit" : 8.87,
    "netProfitMargin" : 11.93,
    "netProfit" : 10.31
  }, {
    "date" : "2025-09-30",
    "sales" : 117.15,
    "salesGrowthYoY" : -18.83,
    "grossProfitMargin" : 70.04,
    "grossProfit" : 82.05,
    "operatingProfitMargin" : 16.21,
    "operatingProfit" : 18.99,
    "netProfitMargin" : 14.44,
    "netProfit" : 16.92
  }, {
    "date" : "2025-12-31",
    "sales" : 183.32,
    "salesGrowthYoY" : 28.70,
    "grossProfitMargin" : 55.53,
    "grossProfit" : 101.80,
    "operatingProfitMargin" : 18.08,
    "operatingProfit" : 33.14,
    "netProfitMargin" : 15.51,
    "netProfit" : 28.43
  } ],
  "latestQuarterlyResult" : {
    "date" : "2025-12-31",
    "sales" : 183.32,
    "salesGrowthYoY" : 28.70,
    "grossProfitMargin" : 55.53,
    "grossProfit" : 101.80,
    "operatingProfitMargin" : 18.08,
    "operatingProfit" : 33.14,
    "netProfitMargin" : 15.51,
    "netProfit" : 28.43
  },
  "companyScore" : {
    "priceHigherThanDma50" : 0.00,
    "priceHigherThanDma100" : 0.00,
    "priceHigherThanDma200" : 0.00,
    "dma50HigherThanDma100" : 0.00,
    "dma50HigherThanDma200" : 0.00,
    "dma100HigherThanDma200" : 0.00,
    "pricePercentageAboveDma50" : 5.19,
    "pricePercentageAboveDma100" : 5.39,
    "pricePercentageAboveDma200" : 5.41,
    "weeklyVolumeHigherThanYearlyVolume" : 0.00,
    "salesGrowthPercentile" : 16.75,
    "operatingProfitMarginPercentile" : 19.57,
    "netProfitMarginPercentile" : 9.05,
    "totalTechnicalScore" : 15.99,
    "totalFundamentalScore" : 45.37,
    "totalScore" : 61.35
  }
}