{
  "metadata" : {
    "screenerCompanyId" : "1589",
    "companyCode" : "JAYBARMARU",
    "companyName" : "Jay Bharat Maru.",
    "screenerCompanyLink" : "https://www.screener.in/company/JAYBARMARU/",
    "screenerTechnicalHistoryLink" : "https://www.screener.in/api/company/1589/chart/?q=Price-DMA50-DMA200-Volume&days=365",
    "screenerQuarterlyResultsLink" : "https://www.screener.in/api/company/1589/chart/?q=GPM-OPM-NPM-Quarter+Sales&days=10000",
    "attributes" : {
      "companyCode" : "JAYBARMARU",
      "companyName" : "Jay Bharat Maru.",
      "marketCap" : 1148.00,
      "peRatio" : 13.90,
      "description" : "Incorporated in 1987, Jay Bharat Maruti manufactures automobile components and assemblies[1]"
    },
    "companyScore" : {
      "priceHigherThanDma50" : 5.00,
      "priceHigherThanDma100" : 5.00,
      "priceHigherThanDma200" : 5.00,
      "dma50HigherThanDma100" : 5.00,
      "dma50HigherThanDma200" : 5.00,
      "dma100HigherThanDma200" : 5.00,
      "pricePercentageAboveDma50" : 4.37,
      "pricePercentageAboveDma100" : 4.27,
      "pricePercentageAboveDma200" : 4.04,
      "weeklyVolumeHigherThanYearlyVolume" : 5.00,
      "salesGrowthPercentile" : 11.00,
      "operatingProfitMarginPercentile" : 19.52,
      "netProfitMarginPercentile" : 9.74,
      "totalTechnicalScore" : 47.68,
      "totalFundamentalScore" : 40.26,
      "totalScore" : 87.94
    }
  },
  "attributes" : {
    "companyCode" : "JAYBARMARU",
    "companyName" : "Jay Bharat Maru.",
    "marketCap" : 1148.00,
    "peRatio" : 13.90,
    "description" : "Incorporated in 1987, Jay Bharat Maruti manufactures automobile components and assemblies[1]"
  },
  "technicalHistory" : [ {
    "date" : "2025-02-20",
    "price" : 72.09,
    "dma50" : 79.67,
    "dma100" : null,
    "dma200" : 94.14,
    "volume" : 74886.00
  }, {
    "date" : "2025-02-21",
    "price" : 70.75,
    "dma50" : 79.32,
    "dma100" : null,
    "dma200" : 93.91,
    "volume" : 58097.00
  }, {
    "date" : "2025-02-24",
    "price" : 70.33,
    "dma50" : 78.97,
    "dma100" : null,
    "dma200" : 93.67,
    "volume" : 59451.00
  }, {
    "date" : "2025-02-25",
    "price" : 68.91,
    "dma50" : 78.57,
    "dma100" : null,
    "dma200" : 93.43,
    "volume" : 29180.00
  }, {
    "date" : "2025-02-27",
    "price" : 67.69,
    "dma50" : 78.15,
    "dma100" : null,
    "dma200" : 93.17,
    "volume" : 32593.00
  }, {
    "date" : "2025-02-28",
    "price" : 65.13,
    "dma50" : 77.64,
    "dma100" : null,
    "dma200" : 92.89,
    "volume" : 77831.00
  }, {
    "date" : "2025-03-03",
    "price" : 63.14,
    "dma50" : 77.07,
    "dma100" : null,
    "dma200" : 92.60,
    "volume" : 73032.00
  }, {
    "date" : "2025-03-04",
    "price" : 63.17,
    "dma50" : 76.52,
    "dma100" : null,
    "dma200" : 92.30,
    "volume" : 80931.00
  }, {
    "date" : "2025-03-05",
    "price" : 65.40,
    "dma50" : 76.09,
    "dma100" : null,
    "dma200" : 92.04,
    "volume" : 70930.00
  }, {
    "date" : "2025-03-06",
    "price" : 66.80,
    "dma50" : 75.72,
    "dma100" : null,
    "dma200" : 91.78,
    "volume" : 72571.00
  }, {
    "date" : "2025-03-07",
    "price" : 68.13,
    "dma50" : 75.42,
    "dma100" : null,
    "dma200" : 91.55,
    "volume" : 94888.00
  }, {
    "date" : "2025-03-10",
    "price" : 66.61,
    "dma50" : 75.08,
    "dma100" : null,
    "dma200" : 91.30,
    "volume" : 337917.00
  }, {
    "date" : "2025-03-11",
    "price" : 63.21,
    "dma50" : 74.61,
    "dma100" : null,
    "dma200" : 91.02,
    "volume" : 101975.00
  }, {
    "date" : "2025-03-12",
    "price" : 63.13,
    "dma50" : 74.16,
    "dma100" : null,
    "dma200" : 90.74,
    "volume" : 58611.00
  }, {
    "date" : "2025-03-13",
    "price" : 61.83,
    "dma50" : 73.68,
    "dma100" : null,
    "dma200" : 90.46,
    "volume" : 109971.00
  }, {
    "date" : "2025-03-17",
    "price" : 59.27,
    "dma50" : 73.11,
    "dma100" : null,
    "dma200" : 90.15,
    "volume" : 113262.00
  }, {
    "date" : "2025-03-18",
    "price" : 61.01,
    "dma50" : 72.64,
    "dma100" : null,
    "dma200" : 89.86,
    "volume" : 175797.00
  }, {
    "date" : "2025-03-19",
    "price" : 63.06,
    "dma50" : 72.26,
    "dma100" : null,
    "dma200" : 89.59,
    "volume" : 149740.00
  }, {
    "date" : "2025-03-20",
    "price" : 63.34,
    "dma50" : 71.91,
    "dma100" : null,
    "dma200" : 89.33,
    "volume" : 154858.00
  }, {
    "date" : "2025-03-21",
    "price" : 64.90,
    "dma50" : 71.64,
    "dma100" : null,
    "dma200" : 89.09,
    "volume" : 131787.00
  }, {
    "date" : "2025-03-24",
    "price" : 66.43,
    "dma50" : 71.43,
    "dma100" : null,
    "dma200" : 88.86,
    "volume" : 253047.00
  }, {
    "date" : "2025-03-25",
    "price" : 63.63,
    "dma50" : 71.13,
    "dma100" : null,
    "dma200" : 88.61,
    "volume" : 180231.00
  }, {
    "date" : "2025-03-26",
    "price" : 60.67,
    "dma50" : 70.72,
    "dma100" : null,
    "dma200" : 88.33,
    "volume" : 260672.00
  }, {
    "date" : "2025-03-27",
    "price" : 58.66,
    "dma50" : 70.25,
    "dma100" : null,
    "dma200" : 88.04,
    "volume" : 401699.00
  }, {
    "date" : "2025-03-28",
    "price" : 56.61,
    "dma50" : 69.71,
    "dma100" : null,
    "dma200" : 87.72,
    "volume" : 286472.00
  }, {
    "date" : "2025-04-01",
    "price" : 60.19,
    "dma50" : 69.34,
    "dma100" : null,
    "dma200" : 87.45,
    "volume" : 246977.00
  }, {
    "date" : "2025-04-02",
    "price" : 60.66,
    "dma50" : 69.00,
    "dma100" : null,
    "dma200" : 87.18,
    "volume" : 84287.00
  }, {
    "date" : "2025-04-03",
    "price" : 61.73,
    "dma50" : 68.71,
    "dma100" : null,
    "dma200" : 86.93,
    "volume" : 63642.00
  }, {
    "date" : "2025-04-04",
    "price" : 60.03,
    "dma50" : 68.37,
    "dma100" : null,
    "dma200" : 86.66,
    "volume" : 60654.00
  }, {
    "date" : "2025-04-07",
    "price" : 57.83,
    "dma50" : 67.96,
    "dma100" : null,
    "dma200" : 86.37,
    "volume" : 121847.00
  }, {
    "date" : "2025-04-08",
    "price" : 58.36,
    "dma50" : 67.58,
    "dma100" : null,
    "dma200" : 86.10,
    "volume" : 50971.00
  }, {
    "date" : "2025-04-09",
    "price" : 58.66,
    "dma50" : 67.23,
    "dma100" : null,
    "dma200" : 85.82,
    "volume" : 29210.00
  }, {
    "date" : "2025-04-11",
    "price" : 60.46,
    "dma50" : 66.97,
    "dma100" : null,
    "dma200" : 85.57,
    "volume" : 59476.00
  }, {
    "date" : "2025-04-15",
    "price" : 61.89,
    "dma50" : 66.77,
    "dma100" : null,
    "dma200" : 85.33,
    "volume" : 62116.00
  }, {
    "date" : "2025-04-16",
    "price" : 62.63,
    "dma50" : 66.60,
    "dma100" : null,
    "dma200" : 85.11,
    "volume" : 79829.00
  }, {
    "date" : "2025-04-17",
    "price" : 63.59,
    "dma50" : 66.49,
    "dma100" : null,
    "dma200" : 84.89,
    "volume" : 76556.00
  }, {
    "date" : "2025-04-21",
    "price" : 64.72,
    "dma50" : 66.42,
    "dma100" : null,
    "dma200" : 84.69,
    "volume" : 121244.00
  }, {
    "date" : "2025-04-22",
    "price" : 66.07,
    "dma50" : 66.40,
    "dma100" : null,
    "dma200" : 84.51,
    "volume" : 106930.00
  }, {
    "date" : "2025-04-23",
    "price" : 65.40,
    "dma50" : 66.36,
    "dma100" : null,
    "dma200" : 84.32,
    "volume" : 78936.00
  }, {
    "date" : "2025-04-24",
    "price" : 66.70,
    "dma50" : 66.38,
    "dma100" : null,
    "dma200" : 84.14,
    "volume" : 81516.00
  }, {
    "date" : "2025-04-25",
    "price" : 63.66,
    "dma50" : 66.27,
    "dma100" : null,
    "dma200" : 83.94,
    "volume" : 73320.00
  }, {
    "date" : "2025-04-28",
    "price" : 63.35,
    "dma50" : 66.16,
    "dma100" : null,
    "dma200" : 83.73,
    "volume" : 38514.00
  }, {
    "date" : "2025-04-29",
    "price" : 63.99,
    "dma50" : 66.07,
    "dma100" : null,
    "dma200" : 83.54,
    "volume" : 30480.00
  }, {
    "date" : "2025-04-30",
    "price" : 62.49,
    "dma50" : 65.93,
    "dma100" : null,
    "dma200" : 83.33,
    "volume" : 44654.00
  }, {
    "date" : "2025-05-02",
    "price" : 61.55,
    "dma50" : 65.76,
    "dma100" : null,
    "dma200" : 83.11,
    "volume" : 45272.00
  }, {
    "date" : "2025-05-05",
    "price" : 62.67,
    "dma50" : 65.64,
    "dma100" : null,
    "dma200" : 82.91,
    "volume" : 40125.00
  }, {
    "date" : "2025-05-06",
    "price" : 60.09,
    "dma50" : 65.42,
    "dma100" : null,
    "dma200" : 82.68,
    "volume" : 45284.00
  }, {
    "date" : "2025-05-07",
    "price" : 60.90,
    "dma50" : 65.24,
    "dma100" : null,
    "dma200" : 82.46,
    "volume" : 57496.00
  }, {
    "date" : "2025-05-08",
    "price" : 60.21,
    "dma50" : 65.05,
    "dma100" : null,
    "dma200" : 82.24,
    "volume" : 57692.00
  }, {
    "date" : "2025-05-09",
    "price" : 59.68,
    "dma50" : 64.84,
    "dma100" : null,
    "dma200" : 82.02,
    "volume" : 50178.00
  }, {
    "date" : "2025-05-12",
    "price" : 63.38,
    "dma50" : 64.78,
    "dma100" : null,
    "dma200" : 81.83,
    "volume" : 109241.00
  }, {
    "date" : "2025-05-13",
    "price" : 66.43,
    "dma50" : 64.84,
    "dma100" : null,
    "dma200" : 81.68,
    "volume" : 135630.00
  }, {
    "date" : "2025-05-14",
    "price" : 67.00,
    "dma50" : 64.93,
    "dma100" : null,
    "dma200" : 81.53,
    "volume" : 110341.00
  }, {
    "date" : "2025-05-15",
    "price" : 68.08,
    "dma50" : 65.05,
    "dma100" : null,
    "dma200" : 81.40,
    "volume" : 73942.00
  }, {
    "date" : "2025-05-16",
    "price" : 69.14,
    "dma50" : 65.21,
    "dma100" : null,
    "dma200" : 81.28,
    "volume" : 84818.00
  }, {
    "date" : "2025-05-19",
    "price" : 71.20,
    "dma50" : 65.45,
    "dma100" : null,
    "dma200" : 81.18,
    "volume" : 167554.00
  }, {
    "date" : "2025-05-20",
    "price" : 69.63,
    "dma50" : 65.61,
    "dma100" : null,
    "dma200" : 81.06,
    "volume" : 70239.00
  }, {
    "date" : "2025-05-21",
    "price" : 70.15,
    "dma50" : 65.79,
    "dma100" : null,
    "dma200" : 80.95,
    "volume" : 74093.00
  }, {
    "date" : "2025-05-22",
    "price" : 84.18,
    "dma50" : 66.51,
    "dma100" : null,
    "dma200" : 80.99,
    "volume" : 648080.00
  }, {
    "date" : "2025-05-23",
    "price" : 78.83,
    "dma50" : 66.99,
    "dma100" : null,
    "dma200" : 80.97,
    "volume" : 1148787.00
  }, {
    "date" : "2025-05-26",
    "price" : 78.01,
    "dma50" : 67.42,
    "dma100" : null,
    "dma200" : 80.94,
    "volume" : 188511.00
  }, {
    "date" : "2025-05-27",
    "price" : 78.29,
    "dma50" : 67.85,
    "dma100" : null,
    "dma200" : 80.91,
    "volume" : 164784.00
  }, {
    "date" : "2025-05-28",
    "price" : 77.98,
    "dma50" : 68.25,
    "dma100" : null,
    "dma200" : 80.88,
    "volume" : 87467.00
  }, {
    "date" : "2025-05-29",
    "price" : 77.86,
    "dma50" : 68.63,
    "dma100" : null,
    "dma200" : 80.85,
    "volume" : 71923.00
  }, {
    "date" : "2025-05-30",
    "price" : 77.52,
    "dma50" : 68.97,
    "dma100" : null,
    "dma200" : 80.82,
    "volume" : 61898.00
  }, {
    "date" : "2025-06-02",
    "price" : 79.46,
    "dma50" : 69.39,
    "dma100" : null,
    "dma200" : 80.80,
    "volume" : 168494.00
  }, {
    "date" : "2025-06-03",
    "price" : 79.24,
    "dma50" : 69.77,
    "dma100" : null,
    "dma200" : 80.79,
    "volume" : 97040.00
  }, {
    "date" : "2025-06-04",
    "price" : 78.42,
    "dma50" : 70.11,
    "dma100" : null,
    "dma200" : 80.76,
    "volume" : 43843.00
  }, {
    "date" : "2025-06-05",
    "price" : 78.56,
    "dma50" : 70.44,
    "dma100" : null,
    "dma200" : 80.74,
    "volume" : 107154.00
  }, {
    "date" : "2025-06-06",
    "price" : 78.21,
    "dma50" : 70.75,
    "dma100" : null,
    "dma200" : 80.72,
    "volume" : 62857.00
  }, {
    "date" : "2025-06-09",
    "price" : 79.13,
    "dma50" : 71.08,
    "dma100" : null,
    "dma200" : 80.70,
    "volume" : 63006.00
  }, {
    "date" : "2025-06-10",
    "price" : 79.57,
    "dma50" : 71.41,
    "dma100" : null,
    "dma200" : 80.69,
    "volume" : 99850.00
  }, {
    "date" : "2025-06-11",
    "price" : 81.78,
    "dma50" : 71.82,
    "dma100" : null,
    "dma200" : 80.70,
    "volume" : 314942.00
  }, {
    "date" : "2025-06-12",
    "price" : 79.51,
    "dma50" : 72.12,
    "dma100" : null,
    "dma200" : 80.69,
    "volume" : 94673.00
  }, {
    "date" : "2025-06-13",
    "price" : 78.29,
    "dma50" : 72.36,
    "dma100" : null,
    "dma200" : 80.67,
    "volume" : 72823.00
  }, {
    "date" : "2025-06-16",
    "price" : 78.20,
    "dma50" : 72.59,
    "dma100" : null,
    "dma200" : 80.64,
    "volume" : 78726.00
  }, {
    "date" : "2025-06-17",
    "price" : 78.65,
    "dma50" : 72.83,
    "dma100" : null,
    "dma200" : 80.62,
    "volume" : 106317.00
  }, {
    "date" : "2025-06-18",
    "price" : 77.70,
    "dma50" : 73.02,
    "dma100" : null,
    "dma200" : 80.59,
    "volume" : 30184.00
  }, {
    "date" : "2025-06-19",
    "price" : 75.25,
    "dma50" : 73.10,
    "dma100" : null,
    "dma200" : 80.54,
    "volume" : 74225.00
  }, {
    "date" : "2025-06-20",
    "price" : 77.00,
    "dma50" : 73.26,
    "dma100" : null,
    "dma200" : 80.50,
    "volume" : 44022.00
  }, {
    "date" : "2025-06-23",
    "price" : 75.90,
    "dma50" : 73.36,
    "dma100" : null,
    "dma200" : 80.46,
    "volume" : 28571.00
  }, {
    "date" : "2025-06-24",
    "price" : 76.91,
    "dma50" : 73.50,
    "dma100" : null,
    "dma200" : 80.42,
    "volume" : 157597.00
  }, {
    "date" : "2025-06-25",
    "price" : 78.32,
    "dma50" : 73.69,
    "dma100" : null,
    "dma200" : 80.40,
    "volume" : 49283.00
  }, {
    "date" : "2025-06-26",
    "price" : 78.37,
    "dma50" : 73.87,
    "dma100" : null,
    "dma200" : 80.38,
    "volume" : 51440.00
  }, {
    "date" : "2025-06-27",
    "price" : 77.86,
    "dma50" : 74.03,
    "dma100" : null,
    "dma200" : 80.36,
    "volume" : 50718.00
  }, {
    "date" : "2025-06-30",
    "price" : 78.33,
    "dma50" : 74.20,
    "dma100" : null,
    "dma200" : 80.34,
    "volume" : 67755.00
  }, {
    "date" : "2025-07-01",
    "price" : 78.74,
    "dma50" : 74.38,
    "dma100" : null,
    "dma200" : 80.32,
    "volume" : 111002.00
  }, {
    "date" : "2025-07-02",
    "price" : 77.23,
    "dma50" : 74.49,
    "dma100" : null,
    "dma200" : 80.29,
    "volume" : 55680.00
  }, {
    "date" : "2025-07-03",
    "price" : 78.23,
    "dma50" : 74.63,
    "dma100" : null,
    "dma200" : 80.27,
    "volume" : 52850.00
  }, {
    "date" : "2025-07-04",
    "price" : 77.85,
    "dma50" : 74.76,
    "dma100" : null,
    "dma200" : 80.24,
    "volume" : 42577.00
  }, {
    "date" : "2025-07-07",
    "price" : 76.96,
    "dma50" : 74.85,
    "dma100" : null,
    "dma200" : 80.21,
    "volume" : 30849.00
  }, {
    "date" : "2025-07-08",
    "price" : 76.39,
    "dma50" : 74.91,
    "dma100" : null,
    "dma200" : 80.17,
    "volume" : 44319.00
  }, {
    "date" : "2025-07-09",
    "price" : 76.70,
    "dma50" : 74.98,
    "dma100" : null,
    "dma200" : 80.14,
    "volume" : 24618.00
  }, {
    "date" : "2025-07-10",
    "price" : 76.37,
    "dma50" : 75.03,
    "dma100" : null,
    "dma200" : 80.10,
    "volume" : 52925.00
  }, {
    "date" : "2025-07-11",
    "price" : 75.76,
    "dma50" : 75.06,
    "dma100" : null,
    "dma200" : 80.06,
    "volume" : 53434.00
  }, {
    "date" : "2025-07-14",
    "price" : 75.57,
    "dma50" : 75.08,
    "dma100" : null,
    "dma200" : 80.01,
    "volume" : 41779.00
  }, {
    "date" : "2025-07-15",
    "price" : 76.10,
    "dma50" : 75.12,
    "dma100" : null,
    "dma200" : 79.98,
    "volume" : 35034.00
  }, {
    "date" : "2025-07-16",
    "price" : 77.00,
    "dma50" : 75.19,
    "dma100" : null,
    "dma200" : 79.95,
    "volume" : 41515.00
  }, {
    "date" : "2025-07-17",
    "price" : 76.51,
    "dma50" : 75.25,
    "dma100" : null,
    "dma200" : 79.91,
    "volume" : 30411.00
  }, {
    "date" : "2025-07-18",
    "price" : 76.18,
    "dma50" : 75.28,
    "dma100" : null,
    "dma200" : 79.87,
    "volume" : 40349.00
  }, {
    "date" : "2025-07-21",
    "price" : 75.65,
    "dma50" : 75.30,
    "dma100" : 69.83,
    "dma200" : 79.83,
    "volume" : 56000.00
  }, {
    "date" : "2025-07-22",
    "price" : 74.85,
    "dma50" : 75.28,
    "dma100" : 69.87,
    "dma200" : 79.78,
    "volume" : 42421.00
  }, {
    "date" : "2025-07-23",
    "price" : 74.57,
    "dma50" : 75.25,
    "dma100" : 69.91,
    "dma200" : 79.73,
    "volume" : 37912.00
  }, {
    "date" : "2025-07-24",
    "price" : 74.11,
    "dma50" : 75.21,
    "dma100" : 69.96,
    "dma200" : 79.67,
    "volume" : 49158.00
  }, {
    "date" : "2025-07-25",
    "price" : 72.58,
    "dma50" : 75.10,
    "dma100" : 70.01,
    "dma200" : 79.60,
    "volume" : 49926.00
  }, {
    "date" : "2025-07-28",
    "price" : 72.23,
    "dma50" : 74.99,
    "dma100" : 70.08,
    "dma200" : 79.53,
    "volume" : 30512.00
  }, {
    "date" : "2025-07-29",
    "price" : 71.75,
    "dma50" : 74.86,
    "dma100" : 70.17,
    "dma200" : 79.45,
    "volume" : 39100.00
  }, {
    "date" : "2025-07-30",
    "price" : 76.06,
    "dma50" : 74.91,
    "dma100" : 70.30,
    "dma200" : 79.42,
    "volume" : 231027.00
  }, {
    "date" : "2025-07-31",
    "price" : 74.61,
    "dma50" : 74.90,
    "dma100" : 70.39,
    "dma200" : 79.37,
    "volume" : 97542.00
  }, {
    "date" : "2025-08-01",
    "price" : 84.33,
    "dma50" : 75.27,
    "dma100" : 70.57,
    "dma200" : 79.42,
    "volume" : 1176525.00
  }, {
    "date" : "2025-08-04",
    "price" : 85.65,
    "dma50" : 75.68,
    "dma100" : 70.74,
    "dma200" : 79.48,
    "volume" : 2220757.00
  }, {
    "date" : "2025-08-05",
    "price" : 88.11,
    "dma50" : 76.16,
    "dma100" : 70.96,
    "dma200" : 79.57,
    "volume" : 790690.00
  }, {
    "date" : "2025-08-06",
    "price" : 86.59,
    "dma50" : 76.57,
    "dma100" : 71.19,
    "dma200" : 79.64,
    "volume" : 355190.00
  }, {
    "date" : "2025-08-07",
    "price" : 86.92,
    "dma50" : 76.98,
    "dma100" : 71.43,
    "dma200" : 79.71,
    "volume" : 166778.00
  }, {
    "date" : "2025-08-08",
    "price" : 90.44,
    "dma50" : 77.51,
    "dma100" : 71.71,
    "dma200" : 79.82,
    "volume" : 1408624.00
  }, {
    "date" : "2025-08-11",
    "price" : 87.94,
    "dma50" : 77.92,
    "dma100" : 72.00,
    "dma200" : 79.90,
    "volume" : 200678.00
  }, {
    "date" : "2025-08-12",
    "price" : 87.04,
    "dma50" : 78.27,
    "dma100" : 72.26,
    "dma200" : 79.97,
    "volume" : 161320.00
  }, {
    "date" : "2025-08-13",
    "price" : 83.58,
    "dma50" : 78.48,
    "dma100" : 72.47,
    "dma200" : 80.01,
    "volume" : 166864.00
  }, {
    "date" : "2025-08-14",
    "price" : 81.25,
    "dma50" : 78.59,
    "dma100" : 72.65,
    "dma200" : 80.02,
    "volume" : 65641.00
  }, {
    "date" : "2025-08-18",
    "price" : 84.50,
    "dma50" : 78.82,
    "dma100" : 72.84,
    "dma200" : 80.06,
    "volume" : 57438.00
  }, {
    "date" : "2025-08-19",
    "price" : 83.24,
    "dma50" : 79.00,
    "dma100" : 73.01,
    "dma200" : 80.09,
    "volume" : 78277.00
  }, {
    "date" : "2025-08-20",
    "price" : 84.09,
    "dma50" : 79.19,
    "dma100" : 73.21,
    "dma200" : 80.13,
    "volume" : 73439.00
  }, {
    "date" : "2025-08-21",
    "price" : 84.00,
    "dma50" : 79.38,
    "dma100" : 73.45,
    "dma200" : 80.17,
    "volume" : 48367.00
  }, {
    "date" : "2025-08-22",
    "price" : 84.00,
    "dma50" : 79.56,
    "dma100" : 73.70,
    "dma200" : 80.21,
    "volume" : 29642.00
  }, {
    "date" : "2025-08-25",
    "price" : 84.25,
    "dma50" : 79.75,
    "dma100" : 73.98,
    "dma200" : 80.25,
    "volume" : 48195.00
  }, {
    "date" : "2025-08-26",
    "price" : 84.35,
    "dma50" : 79.93,
    "dma100" : 74.22,
    "dma200" : 80.29,
    "volume" : 86035.00
  }, {
    "date" : "2025-08-28",
    "price" : 85.02,
    "dma50" : 80.13,
    "dma100" : 74.46,
    "dma200" : 80.34,
    "volume" : 54859.00
  }, {
    "date" : "2025-08-29",
    "price" : 85.97,
    "dma50" : 80.36,
    "dma100" : 74.71,
    "dma200" : 80.39,
    "volume" : 80906.00
  }, {
    "date" : "2025-09-01",
    "price" : 88.11,
    "dma50" : 80.66,
    "dma100" : 74.99,
    "dma200" : 80.47,
    "volume" : 153948.00
  }, {
    "date" : "2025-09-02",
    "price" : 92.51,
    "dma50" : 81.13,
    "dma100" : 75.33,
    "dma200" : 80.59,
    "volume" : 306751.00
  }, {
    "date" : "2025-09-03",
    "price" : 97.13,
    "dma50" : 81.75,
    "dma100" : 75.72,
    "dma200" : 80.76,
    "volume" : 397597.00
  }, {
    "date" : "2025-09-04",
    "price" : 101.98,
    "dma50" : 82.55,
    "dma100" : 76.15,
    "dma200" : 80.97,
    "volume" : 465115.00
  }, {
    "date" : "2025-09-05",
    "price" : 97.52,
    "dma50" : 83.13,
    "dma100" : 76.52,
    "dma200" : 81.13,
    "volume" : 384414.00
  }, {
    "date" : "2025-09-08",
    "price" : 94.82,
    "dma50" : 83.59,
    "dma100" : 76.85,
    "dma200" : 81.27,
    "volume" : 108708.00
  }, {
    "date" : "2025-09-09",
    "price" : 97.16,
    "dma50" : 84.12,
    "dma100" : 77.20,
    "dma200" : 81.43,
    "volume" : 87922.00
  }, {
    "date" : "2025-09-10",
    "price" : 94.23,
    "dma50" : 84.52,
    "dma100" : 77.51,
    "dma200" : 81.55,
    "volume" : 120507.00
  }, {
    "date" : "2025-09-11",
    "price" : 95.08,
    "dma50" : 84.93,
    "dma100" : 77.81,
    "dma200" : 81.69,
    "volume" : 122186.00
  }, {
    "date" : "2025-09-12",
    "price" : 94.69,
    "dma50" : 85.32,
    "dma100" : 78.10,
    "dma200" : 81.82,
    "volume" : 55413.00
  }, {
    "date" : "2025-09-15",
    "price" : 95.24,
    "dma50" : 85.71,
    "dma100" : 78.39,
    "dma200" : 81.95,
    "volume" : 77546.00
  }, {
    "date" : "2025-09-16",
    "price" : 94.05,
    "dma50" : 86.03,
    "dma100" : 78.67,
    "dma200" : 82.07,
    "volume" : 43326.00
  }, {
    "date" : "2025-09-17",
    "price" : 93.20,
    "dma50" : 86.31,
    "dma100" : 78.96,
    "dma200" : 82.18,
    "volume" : 136504.00
  }, {
    "date" : "2025-09-18",
    "price" : 94.83,
    "dma50" : 86.65,
    "dma100" : 79.28,
    "dma200" : 82.31,
    "volume" : 152347.00
  }, {
    "date" : "2025-09-19",
    "price" : 99.57,
    "dma50" : 87.16,
    "dma100" : 79.63,
    "dma200" : 82.48,
    "volume" : 253841.00
  }, {
    "date" : "2025-09-22",
    "price" : 99.05,
    "dma50" : 87.62,
    "dma100" : 80.00,
    "dma200" : 82.64,
    "volume" : 127655.00
  }, {
    "date" : "2025-09-23",
    "price" : 104.00,
    "dma50" : 88.26,
    "dma100" : 80.42,
    "dma200" : 82.86,
    "volume" : 408247.00
  }, {
    "date" : "2025-09-24",
    "price" : 109.20,
    "dma50" : 89.09,
    "dma100" : 80.89,
    "dma200" : 83.12,
    "volume" : 656172.00
  }, {
    "date" : "2025-09-25",
    "price" : 105.74,
    "dma50" : 89.74,
    "dma100" : 81.35,
    "dma200" : 83.34,
    "volume" : 393339.00
  }, {
    "date" : "2025-09-26",
    "price" : 103.15,
    "dma50" : 90.26,
    "dma100" : 81.77,
    "dma200" : 83.54,
    "volume" : 202396.00
  }, {
    "date" : "2025-09-29",
    "price" : 102.97,
    "dma50" : 90.76,
    "dma100" : 82.20,
    "dma200" : 83.73,
    "volume" : 85841.00
  }, {
    "date" : "2025-09-30",
    "price" : 108.08,
    "dma50" : 91.44,
    "dma100" : 82.68,
    "dma200" : 83.98,
    "volume" : 258179.00
  }, {
    "date" : "2025-10-01",
    "price" : 107.39,
    "dma50" : 92.07,
    "dma100" : 83.12,
    "dma200" : 84.21,
    "volume" : 140071.00
  }, {
    "date" : "2025-10-03",
    "price" : 103.36,
    "dma50" : 92.51,
    "dma100" : 83.49,
    "dma200" : 84.40,
    "volume" : 158501.00
  }, {
    "date" : "2025-10-06",
    "price" : 102.44,
    "dma50" : 92.90,
    "dma100" : 83.84,
    "dma200" : 84.58,
    "volume" : 100082.00
  }, {
    "date" : "2025-10-07",
    "price" : 101.50,
    "dma50" : 93.24,
    "dma100" : 84.18,
    "dma200" : 84.75,
    "volume" : 87802.00
  }, {
    "date" : "2025-10-08",
    "price" : 100.33,
    "dma50" : 93.51,
    "dma100" : 84.49,
    "dma200" : 84.90,
    "volume" : 126662.00
  }, {
    "date" : "2025-10-09",
    "price" : 98.42,
    "dma50" : 93.71,
    "dma100" : 84.76,
    "dma200" : 85.04,
    "volume" : 115256.00
  }, {
    "date" : "2025-10-10",
    "price" : 97.25,
    "dma50" : 93.85,
    "dma100" : 85.04,
    "dma200" : 85.16,
    "volume" : 67260.00
  }, {
    "date" : "2025-10-13",
    "price" : 95.05,
    "dma50" : 93.89,
    "dma100" : 85.29,
    "dma200" : 85.26,
    "volume" : 42915.00
  }, {
    "date" : "2025-10-14",
    "price" : 94.86,
    "dma50" : 93.93,
    "dma100" : 85.39,
    "dma200" : 85.35,
    "volume" : 58706.00
  }, {
    "date" : "2025-10-15",
    "price" : 95.29,
    "dma50" : 93.98,
    "dma100" : 85.56,
    "dma200" : 85.45,
    "volume" : 32751.00
  }, {
    "date" : "2025-10-16",
    "price" : 94.67,
    "dma50" : 94.01,
    "dma100" : 85.72,
    "dma200" : 85.54,
    "volume" : 81593.00
  }, {
    "date" : "2025-10-17",
    "price" : 92.02,
    "dma50" : 93.93,
    "dma100" : 85.86,
    "dma200" : 85.61,
    "volume" : 77656.00
  }, {
    "date" : "2025-10-20",
    "price" : 90.98,
    "dma50" : 93.82,
    "dma100" : 85.99,
    "dma200" : 85.66,
    "volume" : 141843.00
  }, {
    "date" : "2025-10-21",
    "price" : 92.69,
    "dma50" : 93.77,
    "dma100" : 86.14,
    "dma200" : 85.73,
    "volume" : 22037.00
  }, {
    "date" : "2025-10-23",
    "price" : 93.44,
    "dma50" : 93.76,
    "dma100" : 86.30,
    "dma200" : 85.81,
    "volume" : 46465.00
  }, {
    "date" : "2025-10-24",
    "price" : 92.08,
    "dma50" : 93.69,
    "dma100" : 86.43,
    "dma200" : 85.87,
    "volume" : 35780.00
  }, {
    "date" : "2025-10-27",
    "price" : 91.90,
    "dma50" : 93.62,
    "dma100" : 86.55,
    "dma200" : 85.93,
    "volume" : 39646.00
  }, {
    "date" : "2025-10-28",
    "price" : 91.16,
    "dma50" : 93.53,
    "dma100" : 86.68,
    "dma200" : 85.98,
    "volume" : 123203.00
  }, {
    "date" : "2025-10-29",
    "price" : 89.85,
    "dma50" : 93.38,
    "dma100" : 86.79,
    "dma200" : 86.02,
    "volume" : 116385.00
  }, {
    "date" : "2025-10-30",
    "price" : 91.93,
    "dma50" : 93.33,
    "dma100" : 86.93,
    "dma200" : 86.08,
    "volume" : 61598.00
  }, {
    "date" : "2025-10-31",
    "price" : 90.05,
    "dma50" : 93.20,
    "dma100" : 87.04,
    "dma200" : 86.12,
    "volume" : 71135.00
  }, {
    "date" : "2025-11-03",
    "price" : 92.59,
    "dma50" : 93.17,
    "dma100" : 87.17,
    "dma200" : 86.18,
    "volume" : 73061.00
  }, {
    "date" : "2025-11-04",
    "price" : 92.78,
    "dma50" : 93.16,
    "dma100" : 87.28,
    "dma200" : 86.25,
    "volume" : 45983.00
  }, {
    "date" : "2025-11-06",
    "price" : 97.41,
    "dma50" : 93.33,
    "dma100" : 87.46,
    "dma200" : 86.36,
    "volume" : 244445.00
  }, {
    "date" : "2025-11-07",
    "price" : 93.19,
    "dma50" : 93.32,
    "dma100" : 87.61,
    "dma200" : 86.43,
    "volume" : 300334.00
  }, {
    "date" : "2025-11-10",
    "price" : 88.58,
    "dma50" : 93.13,
    "dma100" : 87.71,
    "dma200" : 86.45,
    "volume" : 271420.00
  }, {
    "date" : "2025-11-11",
    "price" : 86.62,
    "dma50" : 92.88,
    "dma100" : 87.79,
    "dma200" : 86.45,
    "volume" : 156900.00
  }, {
    "date" : "2025-11-12",
    "price" : 87.81,
    "dma50" : 92.68,
    "dma100" : 87.89,
    "dma200" : 86.47,
    "volume" : 56070.00
  }, {
    "date" : "2025-11-13",
    "price" : 88.00,
    "dma50" : 92.50,
    "dma100" : 88.02,
    "dma200" : 86.48,
    "volume" : 62470.00
  }, {
    "date" : "2025-11-14",
    "price" : 91.84,
    "dma50" : 92.47,
    "dma100" : 88.17,
    "dma200" : 86.53,
    "volume" : 131994.00
  }, {
    "date" : "2025-11-17",
    "price" : 92.29,
    "dma50" : 92.46,
    "dma100" : 88.33,
    "dma200" : 86.59,
    "volume" : 1090793.00
  }, {
    "date" : "2025-11-18",
    "price" : 93.22,
    "dma50" : 92.49,
    "dma100" : 88.49,
    "dma200" : 86.66,
    "volume" : 175897.00
  }, {
    "date" : "2025-11-19",
    "price" : 92.29,
    "dma50" : 92.49,
    "dma100" : 88.63,
    "dma200" : 86.71,
    "volume" : 94364.00
  }, {
    "date" : "2025-11-20",
    "price" : 91.55,
    "dma50" : 92.45,
    "dma100" : 88.77,
    "dma200" : 86.76,
    "volume" : 68767.00
  }, {
    "date" : "2025-11-21",
    "price" : 90.20,
    "dma50" : 92.36,
    "dma100" : 88.89,
    "dma200" : 86.80,
    "volume" : 113758.00
  }, {
    "date" : "2025-11-24",
    "price" : 87.07,
    "dma50" : 92.15,
    "dma100" : 88.98,
    "dma200" : 86.80,
    "volume" : 98366.00
  }, {
    "date" : "2025-11-25",
    "price" : 86.82,
    "dma50" : 91.94,
    "dma100" : 89.06,
    "dma200" : 86.80,
    "volume" : 55600.00
  }, {
    "date" : "2025-11-26",
    "price" : 89.05,
    "dma50" : 91.83,
    "dma100" : 89.18,
    "dma200" : 86.82,
    "volume" : 106896.00
  }, {
    "date" : "2025-11-27",
    "price" : 89.88,
    "dma50" : 91.75,
    "dma100" : 89.29,
    "dma200" : 86.85,
    "volume" : 63724.00
  }, {
    "date" : "2025-11-28",
    "price" : 89.79,
    "dma50" : 91.68,
    "dma100" : 89.41,
    "dma200" : 86.88,
    "volume" : 72055.00
  }, {
    "date" : "2025-12-01",
    "price" : 90.74,
    "dma50" : 91.64,
    "dma100" : 89.55,
    "dma200" : 86.92,
    "volume" : 162476.00
  }, {
    "date" : "2025-12-02",
    "price" : 89.51,
    "dma50" : 91.56,
    "dma100" : 89.68,
    "dma200" : 86.94,
    "volume" : 72931.00
  }, {
    "date" : "2025-12-03",
    "price" : 87.00,
    "dma50" : 91.38,
    "dma100" : 89.78,
    "dma200" : 86.95,
    "volume" : 94563.00
  }, {
    "date" : "2025-12-04",
    "price" : 86.43,
    "dma50" : 91.18,
    "dma100" : 89.88,
    "dma200" : 86.94,
    "volume" : 59239.00
  }, {
    "date" : "2025-12-05",
    "price" : 84.46,
    "dma50" : 90.92,
    "dma100" : 89.97,
    "dma200" : 86.92,
    "volume" : 84446.00
  }, {
    "date" : "2025-12-08",
    "price" : 81.60,
    "dma50" : 90.55,
    "dma100" : 90.03,
    "dma200" : 86.86,
    "volume" : 138467.00
  }, {
    "date" : "2025-12-09",
    "price" : 84.51,
    "dma50" : 90.32,
    "dma100" : 90.12,
    "dma200" : 86.84,
    "volume" : 89732.00
  }, {
    "date" : "2025-12-10",
    "price" : 82.06,
    "dma50" : 89.99,
    "dma100" : 90.17,
    "dma200" : 86.79,
    "volume" : 64940.00
  }, {
    "date" : "2025-12-11",
    "price" : 82.07,
    "dma50" : 89.68,
    "dma100" : 90.22,
    "dma200" : 86.74,
    "volume" : 62647.00
  }, {
    "date" : "2025-12-12",
    "price" : 88.51,
    "dma50" : 89.64,
    "dma100" : 90.35,
    "dma200" : 86.76,
    "volume" : 194748.00
  }, {
    "date" : "2025-12-15",
    "price" : 88.03,
    "dma50" : 89.57,
    "dma100" : 90.47,
    "dma200" : 86.77,
    "volume" : 37766.00
  }, {
    "date" : "2025-12-16",
    "price" : 85.36,
    "dma50" : 89.41,
    "dma100" : 90.57,
    "dma200" : 86.76,
    "volume" : 29666.00
  }, {
    "date" : "2025-12-17",
    "price" : 85.67,
    "dma50" : 89.26,
    "dma100" : 90.69,
    "dma200" : 86.75,
    "volume" : 43711.00
  }, {
    "date" : "2025-12-18",
    "price" : 84.46,
    "dma50" : 89.07,
    "dma100" : 90.79,
    "dma200" : 86.73,
    "volume" : 37456.00
  }, {
    "date" : "2025-12-19",
    "price" : 86.79,
    "dma50" : 88.98,
    "dma100" : 90.93,
    "dma200" : 86.73,
    "volume" : 70374.00
  }, {
    "date" : "2025-12-22",
    "price" : 87.26,
    "dma50" : 88.92,
    "dma100" : 91.08,
    "dma200" : 86.73,
    "volume" : 62288.00
  }, {
    "date" : "2025-12-23",
    "price" : 93.70,
    "dma50" : 89.10,
    "dma100" : 91.30,
    "dma200" : 86.80,
    "volume" : 802878.00
  }, {
    "date" : "2025-12-24",
    "price" : 91.37,
    "dma50" : 89.19,
    "dma100" : 91.45,
    "dma200" : 86.85,
    "volume" : 99715.00
  }, {
    "date" : "2025-12-26",
    "price" : 90.84,
    "dma50" : 89.26,
    "dma100" : 91.62,
    "dma200" : 86.89,
    "volume" : 216554.00
  }, {
    "date" : "2025-12-29",
    "price" : 90.68,
    "dma50" : 89.31,
    "dma100" : 91.68,
    "dma200" : 86.93,
    "volume" : 91314.00
  }, {
    "date" : "2025-12-30",
    "price" : 91.27,
    "dma50" : 89.39,
    "dma100" : 91.74,
    "dma200" : 86.97,
    "volume" : 84914.00
  }, {
    "date" : "2025-12-31",
    "price" : 90.71,
    "dma50" : 89.44,
    "dma100" : 91.76,
    "dma200" : 87.01,
    "volume" : 133622.00
  }, {
    "date" : "2026-01-01",
    "price" : 91.02,
    "dma50" : 89.50,
    "dma100" : 91.81,
    "dma200" : 87.05,
    "volume" : 67955.00
  }, {
    "date" : "2026-01-02",
    "price" : 100.42,
    "dma50" : 89.93,
    "dma100" : 91.94,
    "dma200" : 87.18,
    "volume" : 3856685.00
  }, {
    "date" : "2026-01-05",
    "price" : 104.31,
    "dma50" : 90.50,
    "dma100" : 92.08,
    "dma200" : 87.35,
    "volume" : 3014624.00
  }, {
    "date" : "2026-01-06",
    "price" : 102.55,
    "dma50" : 90.97,
    "dma100" : 92.23,
    "dma200" : 87.50,
    "volume" : 427699.00
  }, {
    "date" : "2026-01-07",
    "price" : 102.34,
    "dma50" : 91.41,
    "dma100" : 92.38,
    "dma200" : 87.65,
    "volume" : 774137.00
  }, {
    "date" : "2026-01-08",
    "price" : 98.75,
    "dma50" : 91.70,
    "dma100" : 92.53,
    "dma200" : 87.76,
    "volume" : 387801.00
  }, {
    "date" : "2026-01-09",
    "price" : 96.51,
    "dma50" : 91.89,
    "dma100" : 92.68,
    "dma200" : 87.85,
    "volume" : 324453.00
  }, {
    "date" : "2026-01-12",
    "price" : 96.10,
    "dma50" : 92.06,
    "dma100" : 92.80,
    "dma200" : 87.93,
    "volume" : 199761.00
  }, {
    "date" : "2026-01-13",
    "price" : 95.76,
    "dma50" : 92.20,
    "dma100" : 92.92,
    "dma200" : 88.01,
    "volume" : 138499.00
  }, {
    "date" : "2026-01-14",
    "price" : 93.87,
    "dma50" : 92.27,
    "dma100" : 93.02,
    "dma200" : 88.06,
    "volume" : 93214.00
  }, {
    "date" : "2026-01-16",
    "price" : 93.05,
    "dma50" : 92.30,
    "dma100" : 93.11,
    "dma200" : 88.11,
    "volume" : 179676.00
  }, {
    "date" : "2026-01-19",
    "price" : 91.07,
    "dma50" : 92.25,
    "dma100" : 93.18,
    "dma200" : 88.14,
    "volume" : 152431.00
  }, {
    "date" : "2026-01-20",
    "price" : 87.74,
    "dma50" : 92.07,
    "dma100" : 93.22,
    "dma200" : 88.14,
    "volume" : 119500.00
  }, {
    "date" : "2026-01-21",
    "price" : 84.81,
    "dma50" : 91.79,
    "dma100" : 93.22,
    "dma200" : 88.11,
    "volume" : 172230.00
  }, {
    "date" : "2026-01-22",
    "price" : 86.51,
    "dma50" : 91.58,
    "dma100" : 93.24,
    "dma200" : 88.09,
    "volume" : 134924.00
  }, {
    "date" : "2026-01-23",
    "price" : 83.00,
    "dma50" : 91.24,
    "dma100" : 93.21,
    "dma200" : 88.04,
    "volume" : 111489.00
  }, {
    "date" : "2026-01-27",
    "price" : 82.49,
    "dma50" : 90.90,
    "dma100" : 93.15,
    "dma200" : 87.98,
    "volume" : 168827.00
  }, {
    "date" : "2026-01-28",
    "price" : 85.08,
    "dma50" : 90.67,
    "dma100" : 93.08,
    "dma200" : 87.96,
    "volume" : 146534.00
  }, {
    "date" : "2026-01-29",
    "price" : 83.63,
    "dma50" : 90.40,
    "dma100" : 92.94,
    "dma200" : 87.91,
    "volume" : 111459.00
  }, {
    "date" : "2026-01-30",
    "price" : 83.61,
    "dma50" : 90.13,
    "dma100" : 92.76,
    "dma200" : 87.87,
    "volume" : 220435.00
  }, {
    "date" : "2026-02-01",
    "price" : 85.77,
    "dma50" : 89.96,
    "dma100" : 92.64,
    "dma200" : 87.85,
    "volume" : 86206.00
  }, {
    "date" : "2026-02-02",
    "price" : 84.79,
    "dma50" : 89.76,
    "dma100" : 92.54,
    "dma200" : 87.82,
    "volume" : 101752.00
  }, {
    "date" : "2026-02-03",
    "price" : 87.81,
    "dma50" : 89.68,
    "dma100" : 92.45,
    "dma200" : 87.82,
    "volume" : 90580.00
  }, {
    "date" : "2026-02-04",
    "price" : 90.95,
    "dma50" : 89.73,
    "dma100" : 92.41,
    "dma200" : 87.85,
    "volume" : 212542.00
  }, {
    "date" : "2026-02-05",
    "price" : 89.21,
    "dma50" : 89.71,
    "dma100" : 92.36,
    "dma200" : 87.86,
    "volume" : 103479.00
  }, {
    "date" : "2026-02-06",
    "price" : 84.35,
    "dma50" : 89.50,
    "dma100" : 92.25,
    "dma200" : 87.83,
    "volume" : 527520.00
  }, {
    "date" : "2026-02-09",
    "price" : 101.22,
    "dma50" : 89.96,
    "dma100" : 92.31,
    "dma200" : 87.96,
    "volume" : 3434541.00
  }, {
    "date" : "2026-02-10",
    "price" : 105.54,
    "dma50" : 90.57,
    "dma100" : 92.43,
    "dma200" : 88.14,
    "volume" : 4803029.00
  }, {
    "date" : "2026-02-11",
    "price" : 105.68,
    "dma50" : 91.16,
    "dma100" : 92.55,
    "dma200" : 88.31,
    "volume" : 1064707.00
  }, {
    "date" : "2026-02-12",
    "price" : 107.18,
    "dma50" : 91.79,
    "dma100" : 92.68,
    "dma200" : 88.50,
    "volume" : 2474349.00
  }, {
    "date" : "2026-02-13",
    "price" : 102.76,
    "dma50" : 92.22,
    "dma100" : 92.71,
    "dma200" : 88.64,
    "volume" : 517830.00
  }, {
    "date" : "2026-02-16",
    "price" : 109.29,
    "dma50" : 92.89,
    "dma100" : 92.81,
    "dma200" : 88.85,
    "volume" : 2111506.00
  }, {
    "date" : "2026-02-17",
    "price" : 110.34,
    "dma50" : 93.57,
    "dma100" : 92.87,
    "dma200" : 89.06,
    "volume" : 1255555.00
  }, {
    "date" : "2026-02-18",
    "price" : 107.33,
    "dma50" : 94.11,
    "dma100" : 92.85,
    "dma200" : 89.24,
    "volume" : 488467.00
  }, {
    "date" : "2026-02-19",
    "price" : 106.50,
    "dma50" : 94.60,
    "dma100" : 92.86,
    "dma200" : 89.41,
    "volume" : 919412.00
  } ],
  "latestTechnicalAttributes" : {
    "date" : "2026-02-19",
    "price" : 106.50,
    "dma50" : 94.60,
    "dma100" : 92.86,
    "dma200" : 89.41,
    "volume" : 919412.00
  },
  "quarterlyResults" : [ {
    "date" : "2005-03-31",
    "sales" : 115.94,
    "salesGrowthYoY" : null,
    "grossProfitMargin" : 24.24,
    "grossProfit" : 28.10,
    "operatingProfitMargin" : 7.69,
    "operatingProfit" : 8.92,
    "netProfitMargin" : 3.74,
    "netProfit" : 4.34
  }, {
    "date" : "2005-06-30",
    "sales" : 98.06,
    "salesGrowthYoY" : null,
    "grossProfitMargin" : 22.55,
    "grossProfit" : 22.11,
    "operatingProfitMargin" : 9.98,
    "operatingProfit" : 9.79,
    "netProfitMargin" : 2.21,
    "netProfit" : 2.17
  }, {
    "date" : "2005-09-30",
    "sales" : 105.69,
    "salesGrowthYoY" : null,
    "grossProfitMargin" : 21.53,
    "grossProfit" : 22.76,
    "operatingProfitMargin" : 9.73,
    "operatingProfit" : 10.28,
    "netProfitMargin" : 2.26,
    "netProfit" : 2.39
  }, {
    "date" : "2005-12-31",
    "sales" : 111.04,
    "salesGrowthYoY" : null,
    "grossProfitMargin" : 20.51,
    "grossProfit" : 22.77,
    "operatingProfitMargin" : 9.76,
    "operatingProfit" : 10.84,
    "netProfitMargin" : 2.22,
    "netProfit" : 2.47
  }, {
    "date" : "2006-03-31",
    "sales" : 114.08,
    "salesGrowthYoY" : -1.60,
    "grossProfitMargin" : 20.75,
    "grossProfit" : 23.67,
    "operatingProfitMargin" : 8.84,
    "operatingProfit" : 10.08,
    "netProfitMargin" : 2.21,
    "netProfit" : 2.52
  }, {
    "date" : "2006-06-30",
    "sales" : 110.17,
    "salesGrowthYoY" : 12.35,
    "grossProfitMargin" : 20.83,
    "grossProfit" : 22.95,
    "operatingProfitMargin" : 9.47,
    "operatingProfit" : 10.43,
    "netProfitMargin" : 2.11,
    "netProfit" : 2.32
  }, {
    "date" : "2006-09-30",
    "sales" : 124.05,
    "salesGrowthYoY" : 17.37,
    "grossProfitMargin" : 19.79,
    "grossProfit" : 24.55,
    "operatingProfitMargin" : 8.68,
    "operatingProfit" : 10.77,
    "netProfitMargin" : 2.39,
    "netProfit" : 2.96
  }, {
    "date" : "2006-12-31",
    "sales" : 125.28,
    "salesGrowthYoY" : 12.82,
    "grossProfitMargin" : 19.04,
    "grossProfit" : 23.85,
    "operatingProfitMargin" : 8.00,
    "operatingProfit" : 10.02,
    "netProfitMargin" : 2.42,
    "netProfit" : 3.03
  }, {
    "date" : "2007-03-31",
    "sales" : 160.05,
    "salesGrowthYoY" : 40.30,
    "grossProfitMargin" : 17.94,
    "grossProfit" : 28.71,
    "operatingProfitMargin" : 7.12,
    "operatingProfit" : 11.40,
    "netProfitMargin" : 2.29,
    "netProfit" : 3.67
  }, {
    "date" : "2007-06-30",
    "sales" : 145.27,
    "salesGrowthYoY" : 31.86,
    "grossProfitMargin" : 18.52,
    "grossProfit" : 26.90,
    "operatingProfitMargin" : 7.15,
    "operatingProfit" : 10.39,
    "netProfitMargin" : 2.28,
    "netProfit" : 3.31
  }, {
    "date" : "2007-09-30",
    "sales" : 167.01,
    "salesGrowthYoY" : 34.63,
    "grossProfitMargin" : 18.53,
    "grossProfit" : 30.95,
    "operatingProfitMargin" : 8.96,
    "operatingProfit" : 14.96,
    "netProfitMargin" : 2.45,
    "netProfit" : 4.09
  }, {
    "date" : "2007-12-31",
    "sales" : 157.82,
    "salesGrowthYoY" : 25.97,
    "grossProfitMargin" : 19.57,
    "grossProfit" : 30.89,
    "operatingProfitMargin" : 7.94,
    "operatingProfit" : 12.53,
    "netProfitMargin" : 2.44,
    "netProfit" : 3.85
  }, {
    "date" : "2008-03-31",
    "sales" : 186.95,
    "salesGrowthYoY" : 16.81,
    "grossProfitMargin" : 17.74,
    "grossProfit" : 33.16,
    "operatingProfitMargin" : 7.22,
    "operatingProfit" : 13.50,
    "netProfitMargin" : 2.74,
    "netProfit" : 5.12
  }, {
    "date" : "2008-06-30",
    "sales" : 176.20,
    "salesGrowthYoY" : 21.29,
    "grossProfitMargin" : 20.67,
    "grossProfit" : 36.42,
    "operatingProfitMargin" : 9.74,
    "operatingProfit" : 17.16,
    "netProfitMargin" : 2.09,
    "netProfit" : 3.68
  }, {
    "date" : "2008-09-30",
    "sales" : 180.05,
    "salesGrowthYoY" : 7.81,
    "grossProfitMargin" : 18.33,
    "grossProfit" : 33.00,
    "operatingProfitMargin" : 7.00,
    "operatingProfit" : 12.60,
    "netProfitMargin" : 1.38,
    "netProfit" : 2.48
  }, {
    "date" : "2008-12-31",
    "sales" : 154.81,
    "salesGrowthYoY" : -1.91,
    "grossProfitMargin" : 17.03,
    "grossProfit" : 26.36,
    "operatingProfitMargin" : 5.56,
    "operatingProfit" : 8.61,
    "netProfitMargin" : 0.70,
    "netProfit" : 1.08
  }, {
    "date" : "2009-03-31",
    "sales" : 180.67,
    "salesGrowthYoY" : -3.36,
    "grossProfitMargin" : 21.68,
    "grossProfit" : 39.17,
    "operatingProfitMargin" : 10.53,
    "operatingProfit" : 19.02,
    "netProfitMargin" : 1.69,
    "netProfit" : 3.05
  }, {
    "date" : "2009-06-30",
    "sales" : 175.84,
    "salesGrowthYoY" : -0.20,
    "grossProfitMargin" : 22.20,
    "grossProfit" : 39.04,
    "operatingProfitMargin" : 10.58,
    "operatingProfit" : 18.60,
    "netProfitMargin" : 1.89,
    "netProfit" : 3.32
  }, {
    "date" : "2009-09-30",
    "sales" : 187.25,
    "salesGrowthYoY" : 4.00,
    "grossProfitMargin" : 20.45,
    "grossProfit" : 38.29,
    "operatingProfitMargin" : 8.52,
    "operatingProfit" : 15.95,
    "netProfitMargin" : 2.36,
    "netProfit" : 4.42
  }, {
    "date" : "2009-12-31",
    "sales" : 203.76,
    "salesGrowthYoY" : 31.62,
    "grossProfitMargin" : 21.51,
    "grossProfit" : 43.83,
    "operatingProfitMargin" : 9.92,
    "operatingProfit" : 20.21,
    "netProfitMargin" : 2.66,
    "netProfit" : 5.42
  }, {
    "date" : "2010-03-31",
    "sales" : 236.36,
    "salesGrowthYoY" : 30.82,
    "grossProfitMargin" : 21.64,
    "grossProfit" : 51.15,
    "operatingProfitMargin" : 11.03,
    "operatingProfit" : 26.07,
    "netProfitMargin" : 3.32,
    "netProfit" : 7.85
  }, {
    "date" : "2010-06-30",
    "sales" : 224.79,
    "salesGrowthYoY" : 27.84,
    "grossProfitMargin" : 21.47,
    "grossProfit" : 48.26,
    "operatingProfitMargin" : 9.18,
    "operatingProfit" : 20.64,
    "netProfitMargin" : 2.46,
    "netProfit" : 5.53
  }, {
    "date" : "2010-09-30",
    "sales" : 260.77,
    "salesGrowthYoY" : 39.26,
    "grossProfitMargin" : 20.93,
    "grossProfit" : 54.58,
    "operatingProfitMargin" : 10.15,
    "operatingProfit" : 26.47,
    "netProfitMargin" : 3.95,
    "netProfit" : 10.30
  }, {
    "date" : "2010-12-31",
    "sales" : 271.23,
    "salesGrowthYoY" : 33.11,
    "grossProfitMargin" : 20.50,
    "grossProfit" : 55.60,
    "operatingProfitMargin" : 10.01,
    "operatingProfit" : 27.15,
    "netProfitMargin" : 3.86,
    "netProfit" : 10.47
  }, {
    "date" : "2011-03-31",
    "sales" : 303.51,
    "salesGrowthYoY" : 28.41,
    "grossProfitMargin" : 19.12,
    "grossProfit" : 58.03,
    "operatingProfitMargin" : 8.65,
    "operatingProfit" : 26.25,
    "netProfitMargin" : 3.96,
    "netProfit" : 12.02
  }, {
    "date" : "2011-06-30",
    "sales" : 259.99,
    "salesGrowthYoY" : 15.66,
    "grossProfitMargin" : 18.96,
    "grossProfit" : 49.29,
    "operatingProfitMargin" : 7.93,
    "operatingProfit" : 20.62,
    "netProfitMargin" : 2.13,
    "netProfit" : 5.54
  }, {
    "date" : "2011-09-30",
    "sales" : 241.16,
    "salesGrowthYoY" : -7.52,
    "grossProfitMargin" : 18.80,
    "grossProfit" : 45.34,
    "operatingProfitMargin" : 6.90,
    "operatingProfit" : 16.64,
    "netProfitMargin" : 0.63,
    "netProfit" : 1.52
  }, {
    "date" : "2011-12-31",
    "sales" : 240.07,
    "salesGrowthYoY" : -11.49,
    "grossProfitMargin" : 20.12,
    "grossProfit" : 48.30,
    "operatingProfitMargin" : 7.46,
    "operatingProfit" : 17.91,
    "netProfitMargin" : 0.62,
    "netProfit" : 1.49
  }, {
    "date" : "2012-03-31",
    "sales" : 326.76,
    "salesGrowthYoY" : 7.66,
    "grossProfitMargin" : 20.68,
    "grossProfit" : 67.57,
    "operatingProfitMargin" : 9.50,
    "operatingProfit" : 31.04,
    "netProfitMargin" : 3.39,
    "netProfit" : 11.08
  }, {
    "date" : "2012-06-30",
    "sales" : 306.26,
    "salesGrowthYoY" : 17.80,
    "grossProfitMargin" : 20.81,
    "grossProfit" : 63.73,
    "operatingProfitMargin" : 8.91,
    "operatingProfit" : 27.29,
    "netProfitMargin" : 2.17,
    "netProfit" : 6.65
  }, {
    "date" : "2012-09-30",
    "sales" : 243.05,
    "salesGrowthYoY" : 0.78,
    "grossProfitMargin" : 19.89,
    "grossProfit" : 48.34,
    "operatingProfitMargin" : 6.23,
    "operatingProfit" : 15.14,
    "netProfitMargin" : 0.23,
    "netProfit" : 0.56
  }, {
    "date" : "2012-12-31",
    "sales" : 301.88,
    "salesGrowthYoY" : 25.75,
    "grossProfitMargin" : 19.49,
    "grossProfit" : 58.84,
    "operatingProfitMargin" : 7.66,
    "operatingProfit" : 23.12,
    "netProfitMargin" : 1.53,
    "netProfit" : 4.62
  }, {
    "date" : "2013-03-31",
    "sales" : 329.03,
    "salesGrowthYoY" : 0.69,
    "grossProfitMargin" : 20.45,
    "grossProfit" : 67.29,
    "operatingProfitMargin" : 8.54,
    "operatingProfit" : 28.10,
    "netProfitMargin" : 2.94,
    "netProfit" : 9.67
  }, {
    "date" : "2013-06-30",
    "sales" : 282.00,
    "salesGrowthYoY" : -7.92,
    "grossProfitMargin" : 21.59,
    "grossProfit" : 60.88,
    "operatingProfitMargin" : 8.17,
    "operatingProfit" : 23.04,
    "netProfitMargin" : 1.80,
    "netProfit" : 5.08
  }, {
    "date" : "2013-09-30",
    "sales" : 296.07,
    "salesGrowthYoY" : 21.81,
    "grossProfitMargin" : 21.97,
    "grossProfit" : 65.05,
    "operatingProfitMargin" : 9.47,
    "operatingProfit" : 28.04,
    "netProfitMargin" : 2.55,
    "netProfit" : 7.55
  }, {
    "date" : "2013-12-31",
    "sales" : 303.86,
    "salesGrowthYoY" : 0.66,
    "grossProfitMargin" : 21.40,
    "grossProfit" : 65.03,
    "operatingProfitMargin" : 8.95,
    "operatingProfit" : 27.20,
    "netProfitMargin" : 2.49,
    "netProfit" : 7.57
  }, {
    "date" : "2014-03-31",
    "sales" : 329.64,
    "salesGrowthYoY" : 0.19,
    "grossProfitMargin" : 20.86,
    "grossProfit" : 68.76,
    "operatingProfitMargin" : 8.48,
    "operatingProfit" : 27.95,
    "netProfitMargin" : 3.12,
    "netProfit" : 10.28
  }, {
    "date" : "2014-06-30",
    "sales" : 309.96,
    "salesGrowthYoY" : 9.91,
    "grossProfitMargin" : 21.44,
    "grossProfit" : 66.46,
    "operatingProfitMargin" : 8.28,
    "operatingProfit" : 25.66,
    "netProfitMargin" : 2.18,
    "netProfit" : 6.76
  }, {
    "date" : "2014-09-30",
    "sales" : 345.48,
    "salesGrowthYoY" : 16.69,
    "grossProfitMargin" : 21.70,
    "grossProfit" : 74.97,
    "operatingProfitMargin" : 9.22,
    "operatingProfit" : 31.85,
    "netProfitMargin" : 3.55,
    "netProfit" : 12.26
  }, {
    "date" : "2014-12-31",
    "sales" : 303.49,
    "salesGrowthYoY" : -0.12,
    "grossProfitMargin" : 20.82,
    "grossProfit" : 63.19,
    "operatingProfitMargin" : 8.19,
    "operatingProfit" : 24.86,
    "netProfitMargin" : 3.61,
    "netProfit" : 10.96
  }, {
    "date" : "2015-03-31",
    "sales" : 335.20,
    "salesGrowthYoY" : 1.69,
    "grossProfitMargin" : 20.22,
    "grossProfit" : 67.78,
    "operatingProfitMargin" : 6.86,
    "operatingProfit" : 22.99,
    "netProfitMargin" : 2.99,
    "netProfit" : 10.02
  }, {
    "date" : "2015-06-30",
    "sales" : 321.34,
    "salesGrowthYoY" : 3.67,
    "grossProfitMargin" : 21.59,
    "grossProfit" : 69.38,
    "operatingProfitMargin" : 8.14,
    "operatingProfit" : 26.16,
    "netProfitMargin" : 2.48,
    "netProfit" : 7.97
  }, {
    "date" : "2015-09-30",
    "sales" : 329.46,
    "salesGrowthYoY" : -4.64,
    "grossProfitMargin" : 22.92,
    "grossProfit" : 75.51,
    "operatingProfitMargin" : 9.32,
    "operatingProfit" : 30.71,
    "netProfitMargin" : 3.10,
    "netProfit" : 10.21
  }, {
    "date" : "2015-12-31",
    "sales" : 311.83,
    "salesGrowthYoY" : 2.75,
    "grossProfitMargin" : 24.86,
    "grossProfit" : 77.52,
    "operatingProfitMargin" : 9.12,
    "operatingProfit" : 28.44,
    "netProfitMargin" : 3.14,
    "netProfit" : 9.79
  }, {
    "date" : "2016-03-31",
    "sales" : 339.29,
    "salesGrowthYoY" : 1.22,
    "grossProfitMargin" : 23.57,
    "grossProfit" : 79.97,
    "operatingProfitMargin" : 9.48,
    "operatingProfit" : 32.16,
    "netProfitMargin" : 3.55,
    "netProfit" : 12.04
  }, {
    "date" : "2016-06-30",
    "sales" : 294.36,
    "salesGrowthYoY" : -8.40,
    "grossProfitMargin" : 23.34,
    "grossProfit" : 68.70,
    "operatingProfitMargin" : 8.10,
    "operatingProfit" : 23.84,
    "netProfitMargin" : 2.39,
    "netProfit" : 7.04
  }, {
    "date" : "2016-09-30",
    "sales" : 362.36,
    "salesGrowthYoY" : 9.99,
    "grossProfitMargin" : 23.02,
    "grossProfit" : 83.42,
    "operatingProfitMargin" : 9.43,
    "operatingProfit" : 34.17,
    "netProfitMargin" : 3.67,
    "netProfit" : 13.30
  }, {
    "date" : "2016-12-31",
    "sales" : 386.24,
    "salesGrowthYoY" : 23.86,
    "grossProfitMargin" : 21.06,
    "grossProfit" : 81.34,
    "operatingProfitMargin" : 8.59,
    "operatingProfit" : 33.18,
    "netProfitMargin" : 3.28,
    "netProfit" : 12.67
  }, {
    "date" : "2017-03-31",
    "sales" : 483.67,
    "salesGrowthYoY" : 42.55,
    "grossProfitMargin" : 19.57,
    "grossProfit" : 94.65,
    "operatingProfitMargin" : 8.67,
    "operatingProfit" : 41.93,
    "netProfitMargin" : 4.29,
    "netProfit" : 20.75
  }, {
    "date" : "2017-06-30",
    "sales" : 377.29,
    "salesGrowthYoY" : 28.17,
    "grossProfitMargin" : 22.30,
    "grossProfit" : 84.14,
    "operatingProfitMargin" : 7.66,
    "operatingProfit" : 28.90,
    "netProfitMargin" : 2.68,
    "netProfit" : 10.11
  }, {
    "date" : "2017-09-30",
    "sales" : 437.60,
    "salesGrowthYoY" : 20.76,
    "grossProfitMargin" : 23.07,
    "grossProfit" : 100.95,
    "operatingProfitMargin" : 9.51,
    "operatingProfit" : 41.62,
    "netProfitMargin" : 3.80,
    "netProfit" : 16.63
  }, {
    "date" : "2017-12-31",
    "sales" : 435.13,
    "salesGrowthYoY" : 12.66,
    "grossProfitMargin" : 22.09,
    "grossProfit" : 96.12,
    "operatingProfitMargin" : 8.50,
    "operatingProfit" : 36.99,
    "netProfitMargin" : 3.22,
    "netProfit" : 14.01
  }, {
    "date" : "2018-03-31",
    "sales" : 480.39,
    "salesGrowthYoY" : -0.68,
    "grossProfitMargin" : 25.25,
    "grossProfit" : 121.30,
    "operatingProfitMargin" : 10.02,
    "operatingProfit" : 48.14,
    "netProfitMargin" : 3.78,
    "netProfit" : 18.16
  }, {
    "date" : "2018-06-30",
    "sales" : 505.93,
    "salesGrowthYoY" : 34.10,
    "grossProfitMargin" : 22.62,
    "grossProfit" : 114.44,
    "operatingProfitMargin" : 8.40,
    "operatingProfit" : 42.50,
    "netProfitMargin" : 2.66,
    "netProfit" : 13.46
  }, {
    "date" : "2018-09-30",
    "sales" : 549.75,
    "salesGrowthYoY" : 25.63,
    "grossProfitMargin" : 22.54,
    "grossProfit" : 123.91,
    "operatingProfitMargin" : 8.78,
    "operatingProfit" : 48.27,
    "netProfitMargin" : 2.98,
    "netProfit" : 16.38
  }, {
    "date" : "2018-12-31",
    "sales" : 458.01,
    "salesGrowthYoY" : 5.26,
    "grossProfitMargin" : 23.59,
    "grossProfit" : 108.04,
    "operatingProfitMargin" : 8.57,
    "operatingProfit" : 39.25,
    "netProfitMargin" : 2.45,
    "netProfit" : 11.22
  }, {
    "date" : "2019-03-31",
    "sales" : 480.31,
    "salesGrowthYoY" : -0.02,
    "grossProfitMargin" : 23.52,
    "grossProfit" : 112.97,
    "operatingProfitMargin" : 9.27,
    "operatingProfit" : 44.52,
    "netProfitMargin" : 2.31,
    "netProfit" : 11.10
  }, {
    "date" : "2019-06-30",
    "sales" : 442.93,
    "salesGrowthYoY" : -12.45,
    "grossProfitMargin" : 23.59,
    "grossProfit" : 104.49,
    "operatingProfitMargin" : 8.79,
    "operatingProfit" : 38.93,
    "netProfitMargin" : 1.77,
    "netProfit" : 7.84
  }, {
    "date" : "2019-09-30",
    "sales" : 410.97,
    "salesGrowthYoY" : -25.24,
    "grossProfitMargin" : 22.19,
    "grossProfit" : 91.19,
    "operatingProfitMargin" : 7.30,
    "operatingProfit" : 30.00,
    "netProfitMargin" : 0.82,
    "netProfit" : 3.37
  }, {
    "date" : "2019-12-31",
    "sales" : 402.74,
    "salesGrowthYoY" : -12.07,
    "grossProfitMargin" : 23.80,
    "grossProfit" : 95.85,
    "operatingProfitMargin" : 8.58,
    "operatingProfit" : 34.56,
    "netProfitMargin" : 1.67,
    "netProfit" : 6.73
  }, {
    "date" : "2020-03-31",
    "sales" : 401.08,
    "salesGrowthYoY" : -16.50,
    "grossProfitMargin" : 24.47,
    "grossProfit" : 98.14,
    "operatingProfitMargin" : 9.35,
    "operatingProfit" : 37.50,
    "netProfitMargin" : 2.51,
    "netProfit" : 10.07
  }, {
    "date" : "2020-06-30",
    "sales" : 70.22,
    "salesGrowthYoY" : -84.15,
    "grossProfitMargin" : 24.14,
    "grossProfit" : 16.95,
    "operatingProfitMargin" : -14.53,
    "operatingProfit" : -10.20,
    "netProfitMargin" : -29.35,
    "netProfit" : -20.61
  }, {
    "date" : "2020-09-30",
    "sales" : 391.83,
    "salesGrowthYoY" : -4.66,
    "grossProfitMargin" : 24.76,
    "grossProfit" : 97.02,
    "operatingProfitMargin" : 9.57,
    "operatingProfit" : 37.50,
    "netProfitMargin" : 2.31,
    "netProfit" : 9.05
  }, {
    "date" : "2020-12-31",
    "sales" : 496.03,
    "salesGrowthYoY" : 23.16,
    "grossProfitMargin" : 24.19,
    "grossProfit" : 119.99,
    "operatingProfitMargin" : 10.17,
    "operatingProfit" : 50.45,
    "netProfitMargin" : 3.56,
    "netProfit" : 17.66
  }, {
    "date" : "2021-03-31",
    "sales" : 540.98,
    "salesGrowthYoY" : 34.88,
    "grossProfitMargin" : 24.40,
    "grossProfit" : 132.00,
    "operatingProfitMargin" : 10.75,
    "operatingProfit" : 58.16,
    "netProfitMargin" : 3.69,
    "netProfit" : 19.96
  }, {
    "date" : "2021-06-30",
    "sales" : 411.55,
    "salesGrowthYoY" : 486.09,
    "grossProfitMargin" : 22.97,
    "grossProfit" : 94.53,
    "operatingProfitMargin" : 7.47,
    "operatingProfit" : 30.74,
    "netProfitMargin" : 0.72,
    "netProfit" : 2.96
  }, {
    "date" : "2021-09-30",
    "sales" : 467.55,
    "salesGrowthYoY" : 19.32,
    "grossProfitMargin" : 21.19,
    "grossProfit" : 99.07,
    "operatingProfitMargin" : 6.82,
    "operatingProfit" : 31.89,
    "netProfitMargin" : 0.74,
    "netProfit" : 3.46
  }, {
    "date" : "2021-12-31",
    "sales" : 505.72,
    "salesGrowthYoY" : 1.95,
    "grossProfitMargin" : 21.73,
    "grossProfit" : 109.89,
    "operatingProfitMargin" : 7.83,
    "operatingProfit" : 39.60,
    "netProfitMargin" : 1.43,
    "netProfit" : 7.23
  }, {
    "date" : "2022-03-31",
    "sales" : 694.57,
    "salesGrowthYoY" : 28.39,
    "grossProfitMargin" : 18.51,
    "grossProfit" : 128.56,
    "operatingProfitMargin" : 6.87,
    "operatingProfit" : 47.72,
    "netProfitMargin" : 1.99,
    "netProfit" : 13.82
  }, {
    "date" : "2022-06-30",
    "sales" : 554.24,
    "salesGrowthYoY" : 34.67,
    "grossProfitMargin" : 20.82,
    "grossProfit" : 115.39,
    "operatingProfitMargin" : 7.05,
    "operatingProfit" : 39.07,
    "netProfitMargin" : 1.39,
    "netProfit" : 7.70
  }, {
    "date" : "2022-09-30",
    "sales" : 580.64,
    "salesGrowthYoY" : 24.19,
    "grossProfitMargin" : 21.21,
    "grossProfit" : 123.15,
    "operatingProfitMargin" : 7.44,
    "operatingProfit" : 43.20,
    "netProfitMargin" : 1.53,
    "netProfit" : 8.88
  }, {
    "date" : "2022-12-31",
    "sales" : 535.97,
    "salesGrowthYoY" : 5.98,
    "grossProfitMargin" : 21.69,
    "grossProfit" : 116.25,
    "operatingProfitMargin" : 7.40,
    "operatingProfit" : 39.66,
    "netProfitMargin" : 1.24,
    "netProfit" : 6.65
  }, {
    "date" : "2023-03-31",
    "sales" : 673.36,
    "salesGrowthYoY" : -3.05,
    "grossProfitMargin" : 20.12,
    "grossProfit" : 135.48,
    "operatingProfitMargin" : 7.63,
    "operatingProfit" : 51.38,
    "netProfitMargin" : 2.10,
    "netProfit" : 14.14
  }, {
    "date" : "2023-06-30",
    "sales" : 533.17,
    "salesGrowthYoY" : -3.80,
    "grossProfitMargin" : 22.20,
    "grossProfit" : 118.36,
    "operatingProfitMargin" : 7.02,
    "operatingProfit" : 37.43,
    "netProfitMargin" : 0.95,
    "netProfit" : 5.07
  }, {
    "date" : "2023-09-30",
    "sales" : 613.33,
    "salesGrowthYoY" : 5.63,
    "grossProfitMargin" : 21.96,
    "grossProfit" : 134.69,
    "operatingProfitMargin" : 7.38,
    "operatingProfit" : 45.26,
    "netProfitMargin" : 1.42,
    "netProfit" : 8.71
  }, {
    "date" : "2023-12-31",
    "sales" : 547.51,
    "salesGrowthYoY" : 2.15,
    "grossProfitMargin" : 22.62,
    "grossProfit" : 123.85,
    "operatingProfitMargin" : 7.41,
    "operatingProfit" : 40.57,
    "netProfitMargin" : 1.19,
    "netProfit" : 6.52
  }, {
    "date" : "2024-03-31",
    "sales" : 598.10,
    "salesGrowthYoY" : -11.18,
    "grossProfitMargin" : 22.02,
    "grossProfit" : 131.70,
    "operatingProfitMargin" : 7.23,
    "operatingProfit" : 43.24,
    "netProfitMargin" : 1.86,
    "netProfit" : 11.12
  }, {
    "date" : "2024-06-30",
    "sales" : 533.37,
    "salesGrowthYoY" : 0.04,
    "grossProfitMargin" : 23.25,
    "grossProfit" : 124.01,
    "operatingProfitMargin" : 7.07,
    "operatingProfit" : 37.71,
    "netProfitMargin" : 1.00,
    "netProfit" : 5.33
  }, {
    "date" : "2024-09-30",
    "sales" : 555.43,
    "salesGrowthYoY" : -9.44,
    "grossProfitMargin" : 21.72,
    "grossProfit" : 120.64,
    "operatingProfitMargin" : 6.14,
    "operatingProfit" : 34.10,
    "netProfitMargin" : 0.54,
    "netProfit" : 3.00
  }, {
    "date" : "2024-12-31",
    "sales" : 590.66,
    "salesGrowthYoY" : 7.88,
    "grossProfitMargin" : 20.45,
    "grossProfit" : 120.79,
    "operatingProfitMargin" : 5.95,
    "operatingProfit" : 35.14,
    "netProfitMargin" : 0.65,
    "netProfit" : 3.84
  }, {
    "date" : "2025-03-31",
    "sales" : 610.66,
    "salesGrowthYoY" : 2.10,
    "grossProfitMargin" : 23.65,
    "grossProfit" : 144.42,
    "operatingProfitMargin" : 9.45,
    "operatingProfit" : 57.71,
    "netProfitMargin" : 3.21,
    "netProfit" : 19.60
  }, {
    "date" : "2025-06-30",
    "sales" : 556.83,
    "salesGrowthYoY" : 4.40,
    "grossProfitMargin" : 27.56,
    "grossProfit" : 153.46,
    "operatingProfitMargin" : 11.82,
    "operatingProfit" : 65.82,
    "netProfitMargin" : 4.14,
    "netProfit" : 23.05
  }, {
    "date" : "2025-09-30",
    "sales" : 582.65,
    "salesGrowthYoY" : 4.90,
    "grossProfitMargin" : 26.31,
    "grossProfit" : 153.30,
    "operatingProfitMargin" : 10.54,
    "operatingProfit" : 61.41,
    "netProfitMargin" : 3.09,
    "netProfit" : 18.00
  }, {
    "date" : "2025-12-31",
    "sales" : 645.49,
    "salesGrowthYoY" : 9.28,
    "grossProfitMargin" : 26.09,
    "grossProfit" : 168.41,
    "operatingProfitMargin" : 10.98,
    "operatingProfit" : 70.87,
    "netProfitMargin" : 3.41,
    "netProfit" : 22.01
  } ],
  "latestQuarterlyResult" : {
    "date" : "2025-12-31",
    "sales" : 645.49,
    "salesGrowthYoY" : 9.28,
    "grossProfitMargin" : 26.09,
    "grossProfit" : 168.41,
    "operatingProfitMargin" : 10.98,
    "operatingProfit" : 70.87,
    "netProfitMargin" : 3.41,
    "netProfit" : 22.01
  },
  "companyScore" : {
    "priceHigherThanDma50" : 5.00,
    "priceHigherThanDma100" : 5.00,
    "priceHigherThanDma200" : 5.00,
    "dma50HigherThanDma100" : 5.00,
    "dma50HigherThanDma200" : 5.00,
    "dma100HigherThanDma200" : 5.00,
    "pricePercentageAboveDma50" : 4.37,
    "pricePercentageAboveDma100" : 4.27,
    "pricePercentageAboveDma200" : 4.04,
    "weeklyVolumeHigherThanYearlyVolume" : 5.00,
    "salesGrowthPercentile" : 11.00,
    "operatingProfitMarginPercentile" : 19.52,
    "netProfitMarginPercentile" : 9.74,
    "totalTechnicalScore" : 47.68,
    "totalFundamentalScore" : 40.26,
    "totalScore" : 87.94
  }
}