{
  "metadata" : {
    "screenerCompanyId" : "1633",
    "companyCode" : "JKLAKSHMI",
    "companyName" : "JK Lakshmi Cem.",
    "screenerCompanyLink" : "https://www.screener.in/company/JKLAKSHMI/consolidated/",
    "screenerTechnicalHistoryLink" : "https://www.screener.in/api/company/1633/chart/?q=Price-DMA50-DMA200-Volume&days=365",
    "screenerQuarterlyResultsLink" : "https://www.screener.in/api/company/1633/chart/?q=GPM-OPM-NPM-Quarter+Sales&days=10000",
    "attributes" : {
      "companyCode" : "JKLAKSHMI",
      "companyName" : "JK Lakshmi Cem.",
      "marketCap" : 9754.00,
      "peRatio" : 20.90,
      "description" : "JK Lakshmi Cement Ltd, a part of the JK group , is a manufacturer and supplier of Cement and related products like RMC & AAC Blocks in different states in India.[1]"
    },
    "companyScore" : {
      "priceHigherThanDma50" : 0.00,
      "priceHigherThanDma100" : 0.00,
      "priceHigherThanDma200" : 0.00,
      "dma50HigherThanDma100" : 0.00,
      "dma50HigherThanDma200" : 0.00,
      "dma100HigherThanDma200" : 0.00,
      "pricePercentageAboveDma50" : 5.02,
      "pricePercentageAboveDma100" : 5.22,
      "pricePercentageAboveDma200" : 5.25,
      "weeklyVolumeHigherThanYearlyVolume" : 0.00,
      "salesGrowthPercentile" : 13.92,
      "operatingProfitMarginPercentile" : 7.23,
      "netProfitMarginPercentile" : 4.22,
      "totalTechnicalScore" : 15.49,
      "totalFundamentalScore" : 25.37,
      "totalScore" : 40.86
    }
  },
  "attributes" : {
    "companyCode" : "JKLAKSHMI",
    "companyName" : "JK Lakshmi Cem.",
    "marketCap" : 9754.00,
    "peRatio" : 20.90,
    "description" : "JK Lakshmi Cement Ltd, a part of the JK group , is a manufacturer and supplier of Cement and related products like RMC & AAC Blocks in different states in India.[1]"
  },
  "technicalHistory" : [ {
    "date" : "2025-01-30",
    "price" : 801.05,
    "dma50" : 808.04,
    "dma100" : null,
    "dma200" : 807.23,
    "volume" : 66525.00
  }, {
    "date" : "2025-01-31",
    "price" : 804.10,
    "dma50" : 807.89,
    "dma100" : null,
    "dma200" : 807.20,
    "volume" : 59690.00
  }, {
    "date" : "2025-02-01",
    "price" : 812.05,
    "dma50" : 808.05,
    "dma100" : null,
    "dma200" : 807.25,
    "volume" : 85619.00
  }, {
    "date" : "2025-02-03",
    "price" : 800.60,
    "dma50" : 807.76,
    "dma100" : null,
    "dma200" : 807.18,
    "volume" : 69257.00
  }, {
    "date" : "2025-02-04",
    "price" : 794.60,
    "dma50" : 807.24,
    "dma100" : null,
    "dma200" : 807.05,
    "volume" : 56493.00
  }, {
    "date" : "2025-02-05",
    "price" : 783.70,
    "dma50" : 806.32,
    "dma100" : null,
    "dma200" : 806.82,
    "volume" : 71362.00
  }, {
    "date" : "2025-02-06",
    "price" : 839.45,
    "dma50" : 807.62,
    "dma100" : null,
    "dma200" : 807.15,
    "volume" : 440548.00
  }, {
    "date" : "2025-02-07",
    "price" : 843.60,
    "dma50" : 809.03,
    "dma100" : null,
    "dma200" : 807.51,
    "volume" : 730970.00
  }, {
    "date" : "2025-02-10",
    "price" : 803.60,
    "dma50" : 808.82,
    "dma100" : null,
    "dma200" : 807.47,
    "volume" : 349042.00
  }, {
    "date" : "2025-02-11",
    "price" : 797.05,
    "dma50" : 808.35,
    "dma100" : null,
    "dma200" : 807.37,
    "volume" : 104123.00
  }, {
    "date" : "2025-02-12",
    "price" : 790.05,
    "dma50" : 807.64,
    "dma100" : null,
    "dma200" : 807.19,
    "volume" : 130178.00
  }, {
    "date" : "2025-02-13",
    "price" : 756.15,
    "dma50" : 805.62,
    "dma100" : null,
    "dma200" : 806.69,
    "volume" : 102564.00
  }, {
    "date" : "2025-02-14",
    "price" : 744.90,
    "dma50" : 803.24,
    "dma100" : null,
    "dma200" : 806.07,
    "volume" : 68427.00
  }, {
    "date" : "2025-02-17",
    "price" : 728.95,
    "dma50" : 800.32,
    "dma100" : null,
    "dma200" : 805.30,
    "volume" : 98272.00
  }, {
    "date" : "2025-02-18",
    "price" : 702.75,
    "dma50" : 796.50,
    "dma100" : null,
    "dma200" : 804.28,
    "volume" : 130648.00
  }, {
    "date" : "2025-02-19",
    "price" : 710.60,
    "dma50" : 793.13,
    "dma100" : null,
    "dma200" : 803.35,
    "volume" : 115254.00
  }, {
    "date" : "2025-02-20",
    "price" : 708.10,
    "dma50" : 789.79,
    "dma100" : null,
    "dma200" : 802.40,
    "volume" : 113725.00
  }, {
    "date" : "2025-02-21",
    "price" : 709.85,
    "dma50" : 786.66,
    "dma100" : null,
    "dma200" : 801.48,
    "volume" : 103258.00
  }, {
    "date" : "2025-02-24",
    "price" : 703.40,
    "dma50" : 783.39,
    "dma100" : null,
    "dma200" : 800.51,
    "volume" : 58291.00
  }, {
    "date" : "2025-02-25",
    "price" : 703.75,
    "dma50" : 780.27,
    "dma100" : null,
    "dma200" : 799.54,
    "volume" : 44266.00
  }, {
    "date" : "2025-02-27",
    "price" : 693.00,
    "dma50" : 776.85,
    "dma100" : null,
    "dma200" : 798.48,
    "volume" : 53120.00
  }, {
    "date" : "2025-02-28",
    "price" : 671.60,
    "dma50" : 772.72,
    "dma100" : null,
    "dma200" : 797.22,
    "volume" : 1231665.00
  }, {
    "date" : "2025-03-03",
    "price" : 677.10,
    "dma50" : 768.97,
    "dma100" : null,
    "dma200" : 796.03,
    "volume" : 77426.00
  }, {
    "date" : "2025-03-04",
    "price" : 682.20,
    "dma50" : 765.57,
    "dma100" : null,
    "dma200" : 794.89,
    "volume" : 63803.00
  }, {
    "date" : "2025-03-05",
    "price" : 703.45,
    "dma50" : 763.13,
    "dma100" : null,
    "dma200" : 793.98,
    "volume" : 179914.00
  }, {
    "date" : "2025-03-06",
    "price" : 721.80,
    "dma50" : 761.51,
    "dma100" : null,
    "dma200" : 793.27,
    "volume" : 82890.00
  }, {
    "date" : "2025-03-07",
    "price" : 728.80,
    "dma50" : 760.23,
    "dma100" : null,
    "dma200" : 792.62,
    "volume" : 91803.00
  }, {
    "date" : "2025-03-10",
    "price" : 720.35,
    "dma50" : 758.66,
    "dma100" : null,
    "dma200" : 791.91,
    "volume" : 89873.00
  }, {
    "date" : "2025-03-11",
    "price" : 717.40,
    "dma50" : 757.05,
    "dma100" : null,
    "dma200" : 791.16,
    "volume" : 96568.00
  }, {
    "date" : "2025-03-12",
    "price" : 730.85,
    "dma50" : 756.02,
    "dma100" : null,
    "dma200" : 790.56,
    "volume" : 140960.00
  }, {
    "date" : "2025-03-13",
    "price" : 708.20,
    "dma50" : 754.14,
    "dma100" : null,
    "dma200" : 789.74,
    "volume" : 76479.00
  }, {
    "date" : "2025-03-17",
    "price" : 741.55,
    "dma50" : 753.65,
    "dma100" : null,
    "dma200" : 789.26,
    "volume" : 372856.00
  }, {
    "date" : "2025-03-18",
    "price" : 750.05,
    "dma50" : 753.51,
    "dma100" : null,
    "dma200" : 788.87,
    "volume" : 168235.00
  }, {
    "date" : "2025-03-19",
    "price" : 760.50,
    "dma50" : 753.78,
    "dma100" : null,
    "dma200" : 788.59,
    "volume" : 137754.00
  }, {
    "date" : "2025-03-20",
    "price" : 763.50,
    "dma50" : 754.16,
    "dma100" : null,
    "dma200" : 788.34,
    "volume" : 66021.00
  }, {
    "date" : "2025-03-21",
    "price" : 772.70,
    "dma50" : 754.89,
    "dma100" : null,
    "dma200" : 788.19,
    "volume" : 61675.00
  }, {
    "date" : "2025-03-24",
    "price" : 774.95,
    "dma50" : 755.68,
    "dma100" : null,
    "dma200" : 788.06,
    "volume" : 70515.00
  }, {
    "date" : "2025-03-25",
    "price" : 793.10,
    "dma50" : 757.15,
    "dma100" : null,
    "dma200" : 788.11,
    "volume" : 477834.00
  }, {
    "date" : "2025-03-26",
    "price" : 786.10,
    "dma50" : 758.28,
    "dma100" : null,
    "dma200" : 788.09,
    "volume" : 73462.00
  }, {
    "date" : "2025-03-27",
    "price" : 791.05,
    "dma50" : 759.57,
    "dma100" : null,
    "dma200" : 788.11,
    "volume" : 558511.00
  }, {
    "date" : "2025-03-28",
    "price" : 774.10,
    "dma50" : 760.14,
    "dma100" : null,
    "dma200" : 787.98,
    "volume" : 798246.00
  }, {
    "date" : "2025-04-01",
    "price" : 796.55,
    "dma50" : 761.56,
    "dma100" : null,
    "dma200" : 788.06,
    "volume" : 142118.00
  }, {
    "date" : "2025-04-02",
    "price" : 793.50,
    "dma50" : 762.82,
    "dma100" : null,
    "dma200" : 788.11,
    "volume" : 57302.00
  }, {
    "date" : "2025-04-03",
    "price" : 806.70,
    "dma50" : 764.54,
    "dma100" : null,
    "dma200" : 788.30,
    "volume" : 440162.00
  }, {
    "date" : "2025-04-04",
    "price" : 791.65,
    "dma50" : 765.60,
    "dma100" : null,
    "dma200" : 788.33,
    "volume" : 91164.00
  }, {
    "date" : "2025-04-07",
    "price" : 785.15,
    "dma50" : 766.37,
    "dma100" : null,
    "dma200" : 788.30,
    "volume" : 69332.00
  }, {
    "date" : "2025-04-08",
    "price" : 790.35,
    "dma50" : 767.31,
    "dma100" : null,
    "dma200" : 788.32,
    "volume" : 83434.00
  }, {
    "date" : "2025-04-09",
    "price" : 795.90,
    "dma50" : 768.43,
    "dma100" : null,
    "dma200" : 788.40,
    "volume" : 171964.00
  }, {
    "date" : "2025-04-11",
    "price" : 788.95,
    "dma50" : 769.23,
    "dma100" : null,
    "dma200" : 788.40,
    "volume" : 60997.00
  }, {
    "date" : "2025-04-15",
    "price" : 828.70,
    "dma50" : 771.57,
    "dma100" : null,
    "dma200" : 788.80,
    "volume" : 481922.00
  }, {
    "date" : "2025-04-16",
    "price" : 813.60,
    "dma50" : 773.21,
    "dma100" : null,
    "dma200" : 789.05,
    "volume" : 80466.00
  }, {
    "date" : "2025-04-17",
    "price" : 814.40,
    "dma50" : 774.83,
    "dma100" : null,
    "dma200" : 789.30,
    "volume" : 100471.00
  }, {
    "date" : "2025-04-21",
    "price" : 816.60,
    "dma50" : 776.47,
    "dma100" : null,
    "dma200" : 789.57,
    "volume" : 134308.00
  }, {
    "date" : "2025-04-22",
    "price" : 821.05,
    "dma50" : 778.22,
    "dma100" : null,
    "dma200" : 789.89,
    "volume" : 59613.00
  }, {
    "date" : "2025-04-23",
    "price" : 799.80,
    "dma50" : 779.06,
    "dma100" : null,
    "dma200" : 789.99,
    "volume" : 162678.00
  }, {
    "date" : "2025-04-24",
    "price" : 813.35,
    "dma50" : 780.41,
    "dma100" : null,
    "dma200" : 790.22,
    "volume" : 115861.00
  }, {
    "date" : "2025-04-25",
    "price" : 799.25,
    "dma50" : 781.15,
    "dma100" : null,
    "dma200" : 790.31,
    "volume" : 333836.00
  }, {
    "date" : "2025-04-28",
    "price" : 799.50,
    "dma50" : 781.87,
    "dma100" : null,
    "dma200" : 790.40,
    "volume" : 68378.00
  }, {
    "date" : "2025-04-29",
    "price" : 800.50,
    "dma50" : 782.60,
    "dma100" : null,
    "dma200" : 790.50,
    "volume" : 57930.00
  }, {
    "date" : "2025-04-30",
    "price" : 776.95,
    "dma50" : 782.37,
    "dma100" : null,
    "dma200" : 790.37,
    "volume" : 86041.00
  }, {
    "date" : "2025-05-02",
    "price" : 765.85,
    "dma50" : 781.73,
    "dma100" : null,
    "dma200" : 790.12,
    "volume" : 51908.00
  }, {
    "date" : "2025-05-05",
    "price" : 780.10,
    "dma50" : 781.66,
    "dma100" : null,
    "dma200" : 790.02,
    "volume" : 77659.00
  }, {
    "date" : "2025-05-06",
    "price" : 776.50,
    "dma50" : 781.46,
    "dma100" : null,
    "dma200" : 789.89,
    "volume" : 98389.00
  }, {
    "date" : "2025-05-07",
    "price" : 780.30,
    "dma50" : 781.41,
    "dma100" : null,
    "dma200" : 789.79,
    "volume" : 56442.00
  }, {
    "date" : "2025-05-08",
    "price" : 770.10,
    "dma50" : 780.97,
    "dma100" : null,
    "dma200" : 789.60,
    "volume" : 48231.00
  }, {
    "date" : "2025-05-09",
    "price" : 770.85,
    "dma50" : 780.57,
    "dma100" : null,
    "dma200" : 789.41,
    "volume" : 41891.00
  }, {
    "date" : "2025-05-12",
    "price" : 802.70,
    "dma50" : 781.44,
    "dma100" : null,
    "dma200" : 789.54,
    "volume" : 125694.00
  }, {
    "date" : "2025-05-13",
    "price" : 812.75,
    "dma50" : 782.67,
    "dma100" : null,
    "dma200" : 789.77,
    "volume" : 198350.00
  }, {
    "date" : "2025-05-14",
    "price" : 861.95,
    "dma50" : 785.78,
    "dma100" : null,
    "dma200" : 790.49,
    "volume" : 393523.00
  }, {
    "date" : "2025-05-15",
    "price" : 860.50,
    "dma50" : 788.71,
    "dma100" : null,
    "dma200" : 791.19,
    "volume" : 185139.00
  }, {
    "date" : "2025-05-16",
    "price" : 860.90,
    "dma50" : 791.54,
    "dma100" : null,
    "dma200" : 791.88,
    "volume" : 95644.00
  }, {
    "date" : "2025-05-19",
    "price" : 865.35,
    "dma50" : 794.43,
    "dma100" : null,
    "dma200" : 792.61,
    "volume" : 104033.00
  }, {
    "date" : "2025-05-20",
    "price" : 873.35,
    "dma50" : 797.53,
    "dma100" : null,
    "dma200" : 793.42,
    "volume" : 277198.00
  }, {
    "date" : "2025-05-21",
    "price" : 852.70,
    "dma50" : 799.69,
    "dma100" : null,
    "dma200" : 794.01,
    "volume" : 145054.00
  }, {
    "date" : "2025-05-22",
    "price" : 852.20,
    "dma50" : 801.75,
    "dma100" : null,
    "dma200" : 794.58,
    "volume" : 93871.00
  }, {
    "date" : "2025-05-23",
    "price" : 887.00,
    "dma50" : 805.09,
    "dma100" : null,
    "dma200" : 795.50,
    "volume" : 841433.00
  }, {
    "date" : "2025-05-26",
    "price" : 874.65,
    "dma50" : 807.82,
    "dma100" : null,
    "dma200" : 796.29,
    "volume" : 199988.00
  }, {
    "date" : "2025-05-27",
    "price" : 865.50,
    "dma50" : 810.08,
    "dma100" : null,
    "dma200" : 796.98,
    "volume" : 241604.00
  }, {
    "date" : "2025-05-28",
    "price" : 848.60,
    "dma50" : 811.59,
    "dma100" : null,
    "dma200" : 797.49,
    "volume" : 365856.00
  }, {
    "date" : "2025-05-29",
    "price" : 840.30,
    "dma50" : 812.72,
    "dma100" : null,
    "dma200" : 797.92,
    "volume" : 148623.00
  }, {
    "date" : "2025-05-30",
    "price" : 846.85,
    "dma50" : 814.06,
    "dma100" : null,
    "dma200" : 798.41,
    "volume" : 117179.00
  }, {
    "date" : "2025-06-02",
    "price" : 835.85,
    "dma50" : 814.91,
    "dma100" : null,
    "dma200" : 798.78,
    "volume" : 118403.00
  }, {
    "date" : "2025-06-03",
    "price" : 813.15,
    "dma50" : 814.84,
    "dma100" : null,
    "dma200" : 798.92,
    "volume" : 391056.00
  }, {
    "date" : "2025-06-04",
    "price" : 805.45,
    "dma50" : 814.48,
    "dma100" : null,
    "dma200" : 798.99,
    "volume" : 122454.00
  }, {
    "date" : "2025-06-05",
    "price" : 805.10,
    "dma50" : 814.11,
    "dma100" : null,
    "dma200" : 799.05,
    "volume" : 153009.00
  }, {
    "date" : "2025-06-06",
    "price" : 815.45,
    "dma50" : 814.16,
    "dma100" : null,
    "dma200" : 799.21,
    "volume" : 95991.00
  }, {
    "date" : "2025-06-09",
    "price" : 828.70,
    "dma50" : 814.73,
    "dma100" : null,
    "dma200" : 799.50,
    "volume" : 332151.00
  }, {
    "date" : "2025-06-10",
    "price" : 837.65,
    "dma50" : 815.63,
    "dma100" : null,
    "dma200" : 799.88,
    "volume" : 241959.00
  }, {
    "date" : "2025-06-11",
    "price" : 843.50,
    "dma50" : 816.72,
    "dma100" : null,
    "dma200" : 800.32,
    "volume" : 131653.00
  }, {
    "date" : "2025-06-12",
    "price" : 829.40,
    "dma50" : 817.22,
    "dma100" : null,
    "dma200" : 800.61,
    "volume" : 161703.00
  }, {
    "date" : "2025-06-13",
    "price" : 831.90,
    "dma50" : 817.80,
    "dma100" : null,
    "dma200" : 800.92,
    "volume" : 82077.00
  }, {
    "date" : "2025-06-16",
    "price" : 821.00,
    "dma50" : 817.92,
    "dma100" : null,
    "dma200" : 801.12,
    "volume" : 115594.00
  }, {
    "date" : "2025-06-17",
    "price" : 822.20,
    "dma50" : 818.09,
    "dma100" : null,
    "dma200" : 801.33,
    "volume" : 99404.00
  }, {
    "date" : "2025-06-18",
    "price" : 812.85,
    "dma50" : 817.88,
    "dma100" : null,
    "dma200" : 801.44,
    "volume" : 115710.00
  }, {
    "date" : "2025-06-19",
    "price" : 810.55,
    "dma50" : 817.60,
    "dma100" : null,
    "dma200" : 801.53,
    "volume" : 117564.00
  }, {
    "date" : "2025-06-20",
    "price" : 818.00,
    "dma50" : 817.61,
    "dma100" : null,
    "dma200" : 801.70,
    "volume" : 110951.00
  }, {
    "date" : "2025-06-23",
    "price" : 815.45,
    "dma50" : 817.53,
    "dma100" : null,
    "dma200" : 801.83,
    "volume" : 140722.00
  }, {
    "date" : "2025-06-24",
    "price" : 824.85,
    "dma50" : 817.81,
    "dma100" : null,
    "dma200" : 802.06,
    "volume" : 452819.00
  }, {
    "date" : "2025-06-25",
    "price" : 835.35,
    "dma50" : 818.50,
    "dma100" : null,
    "dma200" : 802.39,
    "volume" : 149525.00
  }, {
    "date" : "2025-06-26",
    "price" : 838.55,
    "dma50" : 819.29,
    "dma100" : null,
    "dma200" : 802.75,
    "volume" : 142714.00
  }, {
    "date" : "2025-06-27",
    "price" : 886.25,
    "dma50" : 821.91,
    "dma100" : 792.12,
    "dma200" : 803.59,
    "volume" : 737922.00
  }, {
    "date" : "2025-06-30",
    "price" : 899.45,
    "dma50" : 824.95,
    "dma100" : 793.08,
    "dma200" : 804.54,
    "volume" : 434034.00
  }, {
    "date" : "2025-07-01",
    "price" : 952.15,
    "dma50" : 829.94,
    "dma100" : 794.48,
    "dma200" : 806.01,
    "volume" : 1718071.00
  }, {
    "date" : "2025-07-02",
    "price" : 986.00,
    "dma50" : 836.06,
    "dma100" : 796.33,
    "dma200" : 807.80,
    "volume" : 1633745.00
  }, {
    "date" : "2025-07-03",
    "price" : 990.00,
    "dma50" : 842.10,
    "dma100" : 798.28,
    "dma200" : 809.61,
    "volume" : 807725.00
  }, {
    "date" : "2025-07-04",
    "price" : 982.10,
    "dma50" : 847.59,
    "dma100" : 800.27,
    "dma200" : 811.33,
    "volume" : 312929.00
  }, {
    "date" : "2025-07-07",
    "price" : 978.30,
    "dma50" : 852.72,
    "dma100" : 801.66,
    "dma200" : 812.99,
    "volume" : 976127.00
  }, {
    "date" : "2025-07-08",
    "price" : 980.25,
    "dma50" : 857.72,
    "dma100" : 803.02,
    "dma200" : 814.65,
    "volume" : 445473.00
  }, {
    "date" : "2025-07-09",
    "price" : 979.30,
    "dma50" : 862.48,
    "dma100" : 804.78,
    "dma200" : 816.29,
    "volume" : 172626.00
  }, {
    "date" : "2025-07-10",
    "price" : 978.00,
    "dma50" : 867.01,
    "dma100" : 806.59,
    "dma200" : 817.90,
    "volume" : 101101.00
  }, {
    "date" : "2025-07-11",
    "price" : 978.85,
    "dma50" : 871.40,
    "dma100" : 808.48,
    "dma200" : 819.50,
    "volume" : 344823.00
  }, {
    "date" : "2025-07-14",
    "price" : 971.80,
    "dma50" : 875.34,
    "dma100" : 810.63,
    "dma200" : 821.02,
    "volume" : 154201.00
  }, {
    "date" : "2025-07-15",
    "price" : 979.05,
    "dma50" : 879.40,
    "dma100" : 812.98,
    "dma200" : 822.59,
    "volume" : 335620.00
  }, {
    "date" : "2025-07-16",
    "price" : 971.15,
    "dma50" : 883.00,
    "dma100" : 815.40,
    "dma200" : 824.07,
    "volume" : 172299.00
  }, {
    "date" : "2025-07-17",
    "price" : 1001.00,
    "dma50" : 887.63,
    "dma100" : 818.38,
    "dma200" : 825.83,
    "volume" : 506136.00
  }, {
    "date" : "2025-07-18",
    "price" : 991.05,
    "dma50" : 891.69,
    "dma100" : 821.19,
    "dma200" : 827.47,
    "volume" : 175188.00
  }, {
    "date" : "2025-07-21",
    "price" : 994.90,
    "dma50" : 895.73,
    "dma100" : 824.05,
    "dma200" : 829.14,
    "volume" : 248094.00
  }, {
    "date" : "2025-07-22",
    "price" : 1008.35,
    "dma50" : 900.15,
    "dma100" : 827.04,
    "dma200" : 830.92,
    "volume" : 888122.00
  }, {
    "date" : "2025-07-23",
    "price" : 996.60,
    "dma50" : 903.93,
    "dma100" : 829.97,
    "dma200" : 832.57,
    "volume" : 277052.00
  }, {
    "date" : "2025-07-24",
    "price" : 983.75,
    "dma50" : 907.06,
    "dma100" : 832.77,
    "dma200" : 834.08,
    "volume" : 244729.00
  }, {
    "date" : "2025-07-25",
    "price" : 945.05,
    "dma50" : 908.55,
    "dma100" : 835.29,
    "dma200" : 835.18,
    "volume" : 236350.00
  }, {
    "date" : "2025-07-28",
    "price" : 934.00,
    "dma50" : 909.55,
    "dma100" : 837.91,
    "dma200" : 836.16,
    "volume" : 88723.00
  }, {
    "date" : "2025-07-29",
    "price" : 952.45,
    "dma50" : 911.23,
    "dma100" : 840.67,
    "dma200" : 837.32,
    "volume" : 258144.00
  }, {
    "date" : "2025-07-30",
    "price" : 964.40,
    "dma50" : 913.32,
    "dma100" : 843.49,
    "dma200" : 838.58,
    "volume" : 103949.00
  }, {
    "date" : "2025-07-31",
    "price" : 971.35,
    "dma50" : 915.59,
    "dma100" : 846.17,
    "dma200" : 839.91,
    "volume" : 104264.00
  }, {
    "date" : "2025-08-01",
    "price" : 973.95,
    "dma50" : 917.88,
    "dma100" : 848.69,
    "dma200" : 841.24,
    "volume" : 273717.00
  }, {
    "date" : "2025-08-04",
    "price" : 950.80,
    "dma50" : 919.17,
    "dma100" : 850.91,
    "dma200" : 842.33,
    "volume" : 476407.00
  }, {
    "date" : "2025-08-05",
    "price" : 930.30,
    "dma50" : 919.61,
    "dma100" : 853.01,
    "dma200" : 843.20,
    "volume" : 120589.00
  }, {
    "date" : "2025-08-06",
    "price" : 919.20,
    "dma50" : 919.59,
    "dma100" : 855.03,
    "dma200" : 843.96,
    "volume" : 443319.00
  }, {
    "date" : "2025-08-07",
    "price" : 917.80,
    "dma50" : 919.52,
    "dma100" : 856.90,
    "dma200" : 844.70,
    "volume" : 305330.00
  }, {
    "date" : "2025-08-08",
    "price" : 903.80,
    "dma50" : 918.91,
    "dma100" : 858.85,
    "dma200" : 845.28,
    "volume" : 59672.00
  }, {
    "date" : "2025-08-11",
    "price" : 904.35,
    "dma50" : 918.34,
    "dma100" : 860.48,
    "dma200" : 845.87,
    "volume" : 84094.00
  }, {
    "date" : "2025-08-12",
    "price" : 914.55,
    "dma50" : 918.19,
    "dma100" : 862.13,
    "dma200" : 846.55,
    "volume" : 125957.00
  }, {
    "date" : "2025-08-13",
    "price" : 908.95,
    "dma50" : 917.82,
    "dma100" : 863.61,
    "dma200" : 847.18,
    "volume" : 81466.00
  }, {
    "date" : "2025-08-14",
    "price" : 896.85,
    "dma50" : 917.00,
    "dma100" : 864.94,
    "dma200" : 847.67,
    "volume" : 67001.00
  }, {
    "date" : "2025-08-18",
    "price" : 946.00,
    "dma50" : 918.14,
    "dma100" : 866.68,
    "dma200" : 848.65,
    "volume" : 355027.00
  }, {
    "date" : "2025-08-19",
    "price" : 939.80,
    "dma50" : 918.99,
    "dma100" : 868.33,
    "dma200" : 849.56,
    "volume" : 170178.00
  }, {
    "date" : "2025-08-20",
    "price" : 939.55,
    "dma50" : 919.79,
    "dma100" : 869.79,
    "dma200" : 850.45,
    "volume" : 117527.00
  }, {
    "date" : "2025-08-21",
    "price" : 940.05,
    "dma50" : 920.59,
    "dma100" : 871.33,
    "dma200" : 851.34,
    "volume" : 102899.00
  }, {
    "date" : "2025-08-22",
    "price" : 925.05,
    "dma50" : 920.76,
    "dma100" : 872.67,
    "dma200" : 852.08,
    "volume" : 172532.00
  }, {
    "date" : "2025-08-25",
    "price" : 930.10,
    "dma50" : 921.13,
    "dma100" : 874.23,
    "dma200" : 852.85,
    "volume" : 67711.00
  }, {
    "date" : "2025-08-26",
    "price" : 925.70,
    "dma50" : 921.31,
    "dma100" : 875.52,
    "dma200" : 853.58,
    "volume" : 80941.00
  }, {
    "date" : "2025-08-28",
    "price" : 918.05,
    "dma50" : 921.18,
    "dma100" : 876.77,
    "dma200" : 854.22,
    "volume" : 155443.00
  }, {
    "date" : "2025-08-29",
    "price" : 921.15,
    "dma50" : 921.18,
    "dma100" : 877.91,
    "dma200" : 854.88,
    "volume" : 58425.00
  }, {
    "date" : "2025-09-01",
    "price" : 947.15,
    "dma50" : 922.20,
    "dma100" : 879.47,
    "dma200" : 855.80,
    "volume" : 146747.00
  }, {
    "date" : "2025-09-02",
    "price" : 948.95,
    "dma50" : 923.25,
    "dma100" : 881.10,
    "dma200" : 856.73,
    "volume" : 173782.00
  }, {
    "date" : "2025-09-03",
    "price" : 961.15,
    "dma50" : 924.73,
    "dma100" : 882.81,
    "dma200" : 857.77,
    "volume" : 81975.00
  }, {
    "date" : "2025-09-04",
    "price" : 934.15,
    "dma50" : 925.10,
    "dma100" : 884.20,
    "dma200" : 858.53,
    "volume" : 248862.00
  }, {
    "date" : "2025-09-05",
    "price" : 927.85,
    "dma50" : 925.21,
    "dma100" : 885.58,
    "dma200" : 859.22,
    "volume" : 104406.00
  }, {
    "date" : "2025-09-08",
    "price" : 923.85,
    "dma50" : 925.16,
    "dma100" : 886.54,
    "dma200" : 859.86,
    "volume" : 54075.00
  }, {
    "date" : "2025-09-09",
    "price" : 910.40,
    "dma50" : 924.58,
    "dma100" : 887.50,
    "dma200" : 860.36,
    "volume" : 68511.00
  }, {
    "date" : "2025-09-10",
    "price" : 906.85,
    "dma50" : 923.88,
    "dma100" : 888.43,
    "dma200" : 860.83,
    "volume" : 171092.00
  }, {
    "date" : "2025-09-11",
    "price" : 906.55,
    "dma50" : 923.20,
    "dma100" : 889.33,
    "dma200" : 861.28,
    "volume" : 43695.00
  }, {
    "date" : "2025-09-12",
    "price" : 902.20,
    "dma50" : 922.38,
    "dma100" : 890.14,
    "dma200" : 861.69,
    "volume" : 132970.00
  }, {
    "date" : "2025-09-15",
    "price" : 908.80,
    "dma50" : 921.85,
    "dma100" : 891.23,
    "dma200" : 862.16,
    "volume" : 73063.00
  }, {
    "date" : "2025-09-16",
    "price" : 913.90,
    "dma50" : 921.54,
    "dma100" : 892.23,
    "dma200" : 862.67,
    "volume" : 92527.00
  }, {
    "date" : "2025-09-17",
    "price" : 913.05,
    "dma50" : 921.20,
    "dma100" : 893.37,
    "dma200" : 863.17,
    "volume" : 76583.00
  }, {
    "date" : "2025-09-18",
    "price" : 896.30,
    "dma50" : 920.23,
    "dma100" : 894.34,
    "dma200" : 863.50,
    "volume" : 109537.00
  }, {
    "date" : "2025-09-19",
    "price" : 895.25,
    "dma50" : 919.25,
    "dma100" : 895.29,
    "dma200" : 863.82,
    "volume" : 99678.00
  }, {
    "date" : "2025-09-22",
    "price" : 888.45,
    "dma50" : 918.04,
    "dma100" : 896.40,
    "dma200" : 864.06,
    "volume" : 112703.00
  }, {
    "date" : "2025-09-23",
    "price" : 879.75,
    "dma50" : 916.54,
    "dma100" : 897.54,
    "dma200" : 864.22,
    "volume" : 214029.00
  }, {
    "date" : "2025-09-24",
    "price" : 862.85,
    "dma50" : 914.43,
    "dma100" : 898.37,
    "dma200" : 864.21,
    "volume" : 105263.00
  }, {
    "date" : "2025-09-25",
    "price" : 860.95,
    "dma50" : 912.34,
    "dma100" : 899.21,
    "dma200" : 864.17,
    "volume" : 110319.00
  }, {
    "date" : "2025-09-26",
    "price" : 849.45,
    "dma50" : 909.87,
    "dma100" : 899.91,
    "dma200" : 864.03,
    "volume" : 130037.00
  }, {
    "date" : "2025-09-29",
    "price" : 841.30,
    "dma50" : 907.18,
    "dma100" : 900.62,
    "dma200" : 863.80,
    "volume" : 344293.00
  }, {
    "date" : "2025-09-30",
    "price" : 857.40,
    "dma50" : 905.23,
    "dma100" : 901.48,
    "dma200" : 863.74,
    "volume" : 111550.00
  }, {
    "date" : "2025-10-01",
    "price" : 867.80,
    "dma50" : 903.76,
    "dma100" : 902.13,
    "dma200" : 863.78,
    "volume" : 119405.00
  }, {
    "date" : "2025-10-03",
    "price" : 862.90,
    "dma50" : 902.16,
    "dma100" : 902.64,
    "dma200" : 863.77,
    "volume" : 178140.00
  }, {
    "date" : "2025-10-06",
    "price" : 860.00,
    "dma50" : 900.50,
    "dma100" : 902.62,
    "dma200" : 863.73,
    "volume" : 56136.00
  }, {
    "date" : "2025-10-07",
    "price" : 852.30,
    "dma50" : 898.61,
    "dma100" : 902.53,
    "dma200" : 863.62,
    "volume" : 62658.00
  }, {
    "date" : "2025-10-08",
    "price" : 845.45,
    "dma50" : 896.53,
    "dma100" : 902.38,
    "dma200" : 863.44,
    "volume" : 74831.00
  }, {
    "date" : "2025-10-09",
    "price" : 847.65,
    "dma50" : 894.61,
    "dma100" : 902.20,
    "dma200" : 863.28,
    "volume" : 91555.00
  }, {
    "date" : "2025-10-10",
    "price" : 851.50,
    "dma50" : 892.92,
    "dma100" : 901.98,
    "dma200" : 863.16,
    "volume" : 49488.00
  }, {
    "date" : "2025-10-13",
    "price" : 842.50,
    "dma50" : 890.94,
    "dma100" : 901.88,
    "dma200" : 862.96,
    "volume" : 56793.00
  }, {
    "date" : "2025-10-14",
    "price" : 825.20,
    "dma50" : 888.37,
    "dma100" : 901.61,
    "dma200" : 862.58,
    "volume" : 128016.00
  }, {
    "date" : "2025-10-15",
    "price" : 850.25,
    "dma50" : 886.87,
    "dma100" : 901.24,
    "dma200" : 862.46,
    "volume" : 105598.00
  }, {
    "date" : "2025-10-16",
    "price" : 847.80,
    "dma50" : 885.34,
    "dma100" : 900.98,
    "dma200" : 862.31,
    "volume" : 66790.00
  }, {
    "date" : "2025-10-17",
    "price" : 831.75,
    "dma50" : 883.24,
    "dma100" : 900.64,
    "dma200" : 862.01,
    "volume" : 48088.00
  }, {
    "date" : "2025-10-20",
    "price" : 828.65,
    "dma50" : 881.10,
    "dma100" : 900.44,
    "dma200" : 861.68,
    "volume" : 146401.00
  }, {
    "date" : "2025-10-21",
    "price" : 842.30,
    "dma50" : 879.58,
    "dma100" : 900.46,
    "dma200" : 861.48,
    "volume" : 22270.00
  }, {
    "date" : "2025-10-23",
    "price" : 839.25,
    "dma50" : 877.99,
    "dma100" : 900.38,
    "dma200" : 861.26,
    "volume" : 67320.00
  }, {
    "date" : "2025-10-24",
    "price" : 832.95,
    "dma50" : 876.23,
    "dma100" : 900.35,
    "dma200" : 860.98,
    "volume" : 110260.00
  }, {
    "date" : "2025-10-27",
    "price" : 849.80,
    "dma50" : 875.19,
    "dma100" : 900.72,
    "dma200" : 860.87,
    "volume" : 99358.00
  }, {
    "date" : "2025-10-28",
    "price" : 839.45,
    "dma50" : 873.79,
    "dma100" : 901.06,
    "dma200" : 860.66,
    "volume" : 99700.00
  }, {
    "date" : "2025-10-29",
    "price" : 849.10,
    "dma50" : 872.82,
    "dma100" : 901.50,
    "dma200" : 860.54,
    "volume" : 66533.00
  }, {
    "date" : "2025-10-30",
    "price" : 871.75,
    "dma50" : 872.78,
    "dma100" : 902.06,
    "dma200" : 860.65,
    "volume" : 232685.00
  }, {
    "date" : "2025-10-31",
    "price" : 869.90,
    "dma50" : 872.67,
    "dma100" : 902.48,
    "dma200" : 860.75,
    "volume" : 113317.00
  }, {
    "date" : "2025-11-03",
    "price" : 872.75,
    "dma50" : 872.67,
    "dma100" : 902.83,
    "dma200" : 860.86,
    "volume" : 88243.00
  }, {
    "date" : "2025-11-04",
    "price" : 851.90,
    "dma50" : 871.86,
    "dma100" : 902.91,
    "dma200" : 860.78,
    "volume" : 975992.00
  }, {
    "date" : "2025-11-06",
    "price" : 870.95,
    "dma50" : 871.82,
    "dma100" : 903.33,
    "dma200" : 860.88,
    "volume" : 378774.00
  }, {
    "date" : "2025-11-07",
    "price" : 844.65,
    "dma50" : 870.75,
    "dma100" : 903.45,
    "dma200" : 860.72,
    "volume" : 446035.00
  }, {
    "date" : "2025-11-10",
    "price" : 838.75,
    "dma50" : 869.50,
    "dma100" : 903.63,
    "dma200" : 860.50,
    "volume" : 80681.00
  }, {
    "date" : "2025-11-11",
    "price" : 839.05,
    "dma50" : 868.31,
    "dma100" : 903.80,
    "dma200" : 860.28,
    "volume" : 78250.00
  }, {
    "date" : "2025-11-12",
    "price" : 839.20,
    "dma50" : 867.16,
    "dma100" : 904.06,
    "dma200" : 860.07,
    "volume" : 62333.00
  }, {
    "date" : "2025-11-13",
    "price" : 826.45,
    "dma50" : 865.57,
    "dma100" : 904.22,
    "dma200" : 859.74,
    "volume" : 119278.00
  }, {
    "date" : "2025-11-14",
    "price" : 820.50,
    "dma50" : 863.80,
    "dma100" : 904.25,
    "dma200" : 859.35,
    "volume" : 95410.00
  }, {
    "date" : "2025-11-17",
    "price" : 836.45,
    "dma50" : 862.73,
    "dma100" : 904.46,
    "dma200" : 859.12,
    "volume" : 101632.00
  }, {
    "date" : "2025-11-18",
    "price" : 823.50,
    "dma50" : 861.19,
    "dma100" : 904.44,
    "dma200" : 858.77,
    "volume" : 93627.00
  }, {
    "date" : "2025-11-19",
    "price" : 818.85,
    "dma50" : 859.53,
    "dma100" : 904.28,
    "dma200" : 858.37,
    "volume" : 68748.00
  }, {
    "date" : "2025-11-20",
    "price" : 816.90,
    "dma50" : 857.86,
    "dma100" : 904.06,
    "dma200" : 857.96,
    "volume" : 54625.00
  }, {
    "date" : "2025-11-21",
    "price" : 794.80,
    "dma50" : 855.38,
    "dma100" : 903.15,
    "dma200" : 857.33,
    "volume" : 90587.00
  }, {
    "date" : "2025-11-24",
    "price" : 779.40,
    "dma50" : 852.40,
    "dma100" : 901.95,
    "dma200" : 856.55,
    "volume" : 143122.00
  }, {
    "date" : "2025-11-25",
    "price" : 781.65,
    "dma50" : 849.63,
    "dma100" : 900.24,
    "dma200" : 855.81,
    "volume" : 56684.00
  }, {
    "date" : "2025-11-26",
    "price" : 764.60,
    "dma50" : 846.30,
    "dma100" : 898.03,
    "dma200" : 854.90,
    "volume" : 190104.00
  }, {
    "date" : "2025-11-27",
    "price" : 760.25,
    "dma50" : 842.92,
    "dma100" : 895.73,
    "dma200" : 853.96,
    "volume" : 116750.00
  }, {
    "date" : "2025-11-28",
    "price" : 758.85,
    "dma50" : 839.62,
    "dma100" : 893.50,
    "dma200" : 853.01,
    "volume" : 200119.00
  }, {
    "date" : "2025-12-01",
    "price" : 770.05,
    "dma50" : 836.90,
    "dma100" : 891.42,
    "dma200" : 852.19,
    "volume" : 84285.00
  }, {
    "date" : "2025-12-02",
    "price" : 757.85,
    "dma50" : 833.80,
    "dma100" : 889.19,
    "dma200" : 851.25,
    "volume" : 124689.00
  }, {
    "date" : "2025-12-03",
    "price" : 759.60,
    "dma50" : 830.89,
    "dma100" : 886.99,
    "dma200" : 850.34,
    "volume" : 79146.00
  }, {
    "date" : "2025-12-04",
    "price" : 748.55,
    "dma50" : 827.66,
    "dma100" : 884.70,
    "dma200" : 849.32,
    "volume" : 133607.00
  }, {
    "date" : "2025-12-05",
    "price" : 750.25,
    "dma50" : 824.62,
    "dma100" : 882.41,
    "dma200" : 848.34,
    "volume" : 260209.00
  }, {
    "date" : "2025-12-08",
    "price" : 756.10,
    "dma50" : 821.93,
    "dma100" : 880.26,
    "dma200" : 847.42,
    "volume" : 170620.00
  }, {
    "date" : "2025-12-09",
    "price" : 784.50,
    "dma50" : 820.47,
    "dma100" : 878.31,
    "dma200" : 846.79,
    "volume" : 191553.00
  }, {
    "date" : "2025-12-10",
    "price" : 767.75,
    "dma50" : 818.40,
    "dma100" : 876.28,
    "dma200" : 846.01,
    "volume" : 59502.00
  }, {
    "date" : "2025-12-11",
    "price" : 777.80,
    "dma50" : 816.81,
    "dma100" : 874.05,
    "dma200" : 845.33,
    "volume" : 56840.00
  }, {
    "date" : "2025-12-12",
    "price" : 780.00,
    "dma50" : 815.36,
    "dma100" : 871.94,
    "dma200" : 844.68,
    "volume" : 349284.00
  }, {
    "date" : "2025-12-15",
    "price" : 790.30,
    "dma50" : 814.38,
    "dma100" : 869.89,
    "dma200" : 844.14,
    "volume" : 127947.00
  }, {
    "date" : "2025-12-16",
    "price" : 781.40,
    "dma50" : 813.09,
    "dma100" : 867.62,
    "dma200" : 843.51,
    "volume" : 49719.00
  }, {
    "date" : "2025-12-17",
    "price" : 766.40,
    "dma50" : 811.26,
    "dma100" : 865.32,
    "dma200" : 842.75,
    "volume" : 45045.00
  }, {
    "date" : "2025-12-18",
    "price" : 762.40,
    "dma50" : 809.34,
    "dma100" : 863.10,
    "dma200" : 841.95,
    "volume" : 54414.00
  }, {
    "date" : "2025-12-19",
    "price" : 783.95,
    "dma50" : 808.34,
    "dma100" : 861.49,
    "dma200" : 841.37,
    "volume" : 291309.00
  }, {
    "date" : "2025-12-22",
    "price" : 775.10,
    "dma50" : 807.04,
    "dma100" : 859.90,
    "dma200" : 840.71,
    "volume" : 78057.00
  }, {
    "date" : "2025-12-23",
    "price" : 786.00,
    "dma50" : 806.22,
    "dma100" : 858.24,
    "dma200" : 840.17,
    "volume" : 132329.00
  }, {
    "date" : "2025-12-24",
    "price" : 792.10,
    "dma50" : 805.66,
    "dma100" : 856.52,
    "dma200" : 839.69,
    "volume" : 195916.00
  }, {
    "date" : "2025-12-26",
    "price" : 775.90,
    "dma50" : 804.50,
    "dma100" : 854.56,
    "dma200" : 839.05,
    "volume" : 81758.00
  }, {
    "date" : "2025-12-29",
    "price" : 769.90,
    "dma50" : 803.14,
    "dma100" : 852.52,
    "dma200" : 838.36,
    "volume" : 70151.00
  }, {
    "date" : "2025-12-30",
    "price" : 770.30,
    "dma50" : 801.85,
    "dma100" : 850.72,
    "dma200" : 837.69,
    "volume" : 159072.00
  }, {
    "date" : "2025-12-31",
    "price" : 778.10,
    "dma50" : 800.92,
    "dma100" : 849.19,
    "dma200" : 837.09,
    "volume" : 58526.00
  }, {
    "date" : "2026-01-01",
    "price" : 793.50,
    "dma50" : 800.63,
    "dma100" : 847.94,
    "dma200" : 836.66,
    "volume" : 164562.00
  }, {
    "date" : "2026-01-02",
    "price" : 798.30,
    "dma50" : 800.54,
    "dma100" : 846.74,
    "dma200" : 836.28,
    "volume" : 303269.00
  }, {
    "date" : "2026-01-05",
    "price" : 797.95,
    "dma50" : 800.44,
    "dma100" : 845.68,
    "dma200" : 835.90,
    "volume" : 69092.00
  }, {
    "date" : "2026-01-06",
    "price" : 789.90,
    "dma50" : 800.02,
    "dma100" : 844.54,
    "dma200" : 835.44,
    "volume" : 116517.00
  }, {
    "date" : "2026-01-07",
    "price" : 775.30,
    "dma50" : 799.05,
    "dma100" : 843.15,
    "dma200" : 834.84,
    "volume" : 78456.00
  }, {
    "date" : "2026-01-08",
    "price" : 755.35,
    "dma50" : 797.34,
    "dma100" : 841.61,
    "dma200" : 834.05,
    "volume" : 99561.00
  }, {
    "date" : "2026-01-09",
    "price" : 738.50,
    "dma50" : 795.03,
    "dma100" : 840.03,
    "dma200" : 833.10,
    "volume" : 109366.00
  }, {
    "date" : "2026-01-12",
    "price" : 744.20,
    "dma50" : 793.04,
    "dma100" : 838.01,
    "dma200" : 832.21,
    "volume" : 128355.00
  }, {
    "date" : "2026-01-13",
    "price" : 761.05,
    "dma50" : 791.78,
    "dma100" : 836.22,
    "dma200" : 831.51,
    "volume" : 163322.00
  }, {
    "date" : "2026-01-14",
    "price" : 775.30,
    "dma50" : 791.14,
    "dma100" : 834.58,
    "dma200" : 830.95,
    "volume" : 114321.00
  }, {
    "date" : "2026-01-16",
    "price" : 801.70,
    "dma50" : 791.55,
    "dma100" : 833.20,
    "dma200" : 830.66,
    "volume" : 245242.00
  }, {
    "date" : "2026-01-19",
    "price" : 783.80,
    "dma50" : 791.25,
    "dma100" : 831.78,
    "dma200" : 830.19,
    "volume" : 98406.00
  }, {
    "date" : "2026-01-20",
    "price" : 792.80,
    "dma50" : 791.31,
    "dma100" : 830.41,
    "dma200" : 829.82,
    "volume" : 492387.00
  }, {
    "date" : "2026-01-21",
    "price" : 769.20,
    "dma50" : 790.44,
    "dma100" : 828.85,
    "dma200" : 829.21,
    "volume" : 100511.00
  }, {
    "date" : "2026-01-22",
    "price" : 793.05,
    "dma50" : 790.54,
    "dma100" : 827.60,
    "dma200" : 828.86,
    "volume" : 387607.00
  }, {
    "date" : "2026-01-23",
    "price" : 794.35,
    "dma50" : 790.69,
    "dma100" : 826.33,
    "dma200" : 828.51,
    "volume" : 180314.00
  }, {
    "date" : "2026-01-27",
    "price" : 774.60,
    "dma50" : 790.06,
    "dma100" : 824.60,
    "dma200" : 827.98,
    "volume" : 119594.00
  }, {
    "date" : "2026-01-28",
    "price" : 777.95,
    "dma50" : 789.59,
    "dma100" : 822.89,
    "dma200" : 827.48,
    "volume" : 68513.00
  }, {
    "date" : "2026-01-29",
    "price" : 785.75,
    "dma50" : 789.44,
    "dma100" : 821.14,
    "dma200" : 827.06,
    "volume" : 98647.00
  } ],
  "latestTechnicalAttributes" : {
    "date" : "2026-01-29",
    "price" : 785.75,
    "dma50" : 789.44,
    "dma100" : 821.14,
    "dma200" : 827.06,
    "volume" : 98647.00
  },
  "quarterlyResults" : [ {
    "date" : "2005-03-31",
    "sales" : 125.89,
    "salesGrowthYoY" : null,
    "grossProfitMargin" : 52.58,
    "grossProfit" : 66.19,
    "operatingProfitMargin" : 13.62,
    "operatingProfit" : 17.15,
    "netProfitMargin" : 7.94,
    "netProfit" : 10.00
  }, {
    "date" : "2005-06-30",
    "sales" : 124.01,
    "salesGrowthYoY" : null,
    "grossProfitMargin" : 54.17,
    "grossProfit" : 67.18,
    "operatingProfitMargin" : 16.22,
    "operatingProfit" : 20.11,
    "netProfitMargin" : 9.59,
    "netProfit" : 11.89
  }, {
    "date" : "2005-09-30",
    "sales" : 125.83,
    "salesGrowthYoY" : null,
    "grossProfitMargin" : 55.13,
    "grossProfit" : 69.37,
    "operatingProfitMargin" : 16.60,
    "operatingProfit" : 20.89,
    "netProfitMargin" : 6.78,
    "netProfit" : 8.53
  }, {
    "date" : "2005-12-31",
    "sales" : 152.86,
    "salesGrowthYoY" : null,
    "grossProfitMargin" : 56.50,
    "grossProfit" : 86.37,
    "operatingProfitMargin" : 19.59,
    "operatingProfit" : 29.95,
    "netProfitMargin" : 7.41,
    "netProfit" : 11.33
  }, {
    "date" : "2006-03-31",
    "sales" : 179.78,
    "salesGrowthYoY" : 42.81,
    "grossProfitMargin" : 61.41,
    "grossProfit" : 110.40,
    "operatingProfitMargin" : 27.79,
    "operatingProfit" : 49.96,
    "netProfitMargin" : 13.18,
    "netProfit" : 23.70
  }, {
    "date" : "2006-06-30",
    "sales" : 188.74,
    "salesGrowthYoY" : 52.20,
    "grossProfitMargin" : 65.88,
    "grossProfit" : 124.34,
    "operatingProfitMargin" : 31.50,
    "operatingProfit" : 59.45,
    "netProfitMargin" : 20.58,
    "netProfit" : 38.84
  }, {
    "date" : "2006-09-30",
    "sales" : 163.21,
    "salesGrowthYoY" : 29.71,
    "grossProfitMargin" : 57.04,
    "grossProfit" : 93.09,
    "operatingProfitMargin" : 24.24,
    "operatingProfit" : 39.56,
    "netProfitMargin" : 14.32,
    "netProfit" : 23.37
  }, {
    "date" : "2006-12-31",
    "sales" : 228.64,
    "salesGrowthYoY" : 49.57,
    "grossProfitMargin" : 62.24,
    "grossProfit" : 142.31,
    "operatingProfitMargin" : 31.55,
    "operatingProfit" : 72.14,
    "netProfitMargin" : 24.08,
    "netProfit" : 55.06
  }, {
    "date" : "2007-03-31",
    "sales" : 263.24,
    "salesGrowthYoY" : 46.42,
    "grossProfitMargin" : 65.14,
    "grossProfit" : 171.47,
    "operatingProfitMargin" : 32.23,
    "operatingProfit" : 84.84,
    "netProfitMargin" : 23.11,
    "netProfit" : 60.83
  }, {
    "date" : "2007-06-30",
    "sales" : 266.42,
    "salesGrowthYoY" : 41.16,
    "grossProfitMargin" : 64.09,
    "grossProfit" : 170.75,
    "operatingProfitMargin" : 32.26,
    "operatingProfit" : 85.95,
    "netProfitMargin" : 25.70,
    "netProfit" : 68.47
  }, {
    "date" : "2007-09-30",
    "sales" : 267.54,
    "salesGrowthYoY" : 63.92,
    "grossProfitMargin" : 66.70,
    "grossProfit" : 178.45,
    "operatingProfitMargin" : 34.27,
    "operatingProfit" : 91.69,
    "netProfitMargin" : 27.47,
    "netProfit" : 73.49
  }, {
    "date" : "2007-12-31",
    "sales" : 282.35,
    "salesGrowthYoY" : 23.49,
    "grossProfitMargin" : 65.81,
    "grossProfit" : 185.81,
    "operatingProfitMargin" : 30.64,
    "operatingProfit" : 86.51,
    "netProfitMargin" : 21.64,
    "netProfit" : 61.10
  }, {
    "date" : "2008-03-31",
    "sales" : 292.65,
    "salesGrowthYoY" : 11.17,
    "grossProfitMargin" : 65.74,
    "grossProfit" : 192.39,
    "operatingProfitMargin" : 30.21,
    "operatingProfit" : 88.41,
    "netProfitMargin" : 23.11,
    "netProfit" : 67.63
  }, {
    "date" : "2008-06-30",
    "sales" : 269.75,
    "salesGrowthYoY" : 1.25,
    "grossProfitMargin" : 60.08,
    "grossProfit" : 162.07,
    "operatingProfitMargin" : 24.01,
    "operatingProfit" : 64.77,
    "netProfitMargin" : 14.34,
    "netProfit" : 38.68
  }, {
    "date" : "2008-09-30",
    "sales" : 293.75,
    "salesGrowthYoY" : 9.80,
    "grossProfitMargin" : 55.90,
    "grossProfit" : 164.21,
    "operatingProfitMargin" : 19.19,
    "operatingProfit" : 56.37,
    "netProfitMargin" : 9.15,
    "netProfit" : 26.88
  }, {
    "date" : "2008-12-31",
    "sales" : 297.73,
    "salesGrowthYoY" : 5.45,
    "grossProfitMargin" : 61.03,
    "grossProfit" : 181.70,
    "operatingProfitMargin" : 26.39,
    "operatingProfit" : 78.57,
    "netProfitMargin" : 18.82,
    "netProfit" : 56.03
  }, {
    "date" : "2009-03-31",
    "sales" : 364.55,
    "salesGrowthYoY" : 24.57,
    "grossProfitMargin" : 62.84,
    "grossProfit" : 229.08,
    "operatingProfitMargin" : 30.75,
    "operatingProfit" : 112.10,
    "netProfitMargin" : 28.55,
    "netProfit" : 104.08
  }, {
    "date" : "2009-06-30",
    "sales" : 350.92,
    "salesGrowthYoY" : 30.09,
    "grossProfitMargin" : 66.42,
    "grossProfit" : 233.08,
    "operatingProfitMargin" : 34.03,
    "operatingProfit" : 119.42,
    "netProfitMargin" : 22.37,
    "netProfit" : 78.50
  }, {
    "date" : "2009-09-30",
    "sales" : 345.35,
    "salesGrowthYoY" : 17.57,
    "grossProfitMargin" : 68.90,
    "grossProfit" : 237.95,
    "operatingProfitMargin" : 33.08,
    "operatingProfit" : 114.24,
    "netProfitMargin" : 13.66,
    "netProfit" : 47.17
  }, {
    "date" : "2009-12-31",
    "sales" : 353.31,
    "salesGrowthYoY" : 18.67,
    "grossProfitMargin" : 64.42,
    "grossProfit" : 227.60,
    "operatingProfitMargin" : 25.20,
    "operatingProfit" : 89.03,
    "netProfitMargin" : 12.84,
    "netProfit" : 45.37
  }, {
    "date" : "2010-03-31",
    "sales" : 441.32,
    "salesGrowthYoY" : 21.06,
    "grossProfitMargin" : 60.79,
    "grossProfit" : 268.28,
    "operatingProfitMargin" : 23.19,
    "operatingProfit" : 102.34,
    "netProfitMargin" : 15.89,
    "netProfit" : 70.13
  }, {
    "date" : "2010-06-30",
    "sales" : 323.65,
    "salesGrowthYoY" : -7.77,
    "grossProfitMargin" : 57.87,
    "grossProfit" : 187.30,
    "operatingProfitMargin" : 17.40,
    "operatingProfit" : 56.32,
    "netProfitMargin" : 5.19,
    "netProfit" : 16.80
  }, {
    "date" : "2010-09-30",
    "sales" : 266.03,
    "salesGrowthYoY" : -22.97,
    "grossProfitMargin" : 52.35,
    "grossProfit" : 139.27,
    "operatingProfitMargin" : 10.42,
    "operatingProfit" : 27.72,
    "netProfitMargin" : 2.17,
    "netProfit" : 5.77
  }, {
    "date" : "2010-12-31",
    "sales" : 315.40,
    "salesGrowthYoY" : -10.73,
    "grossProfitMargin" : 51.48,
    "grossProfit" : 162.37,
    "operatingProfitMargin" : 7.88,
    "operatingProfit" : 24.85,
    "netProfitMargin" : 1.46,
    "netProfit" : 4.60
  }, {
    "date" : "2011-03-31",
    "sales" : 417.16,
    "salesGrowthYoY" : -5.47,
    "grossProfitMargin" : 53.10,
    "grossProfit" : 221.51,
    "operatingProfitMargin" : 19.64,
    "operatingProfit" : 81.93,
    "netProfitMargin" : 7.66,
    "netProfit" : 31.95
  }, {
    "date" : "2011-06-30",
    "sales" : 397.11,
    "salesGrowthYoY" : 22.70,
    "grossProfitMargin" : 55.78,
    "grossProfit" : 221.51,
    "operatingProfitMargin" : 19.93,
    "operatingProfit" : 79.14,
    "netProfitMargin" : 5.73,
    "netProfit" : 22.75
  }, {
    "date" : "2011-09-30",
    "sales" : 354.14,
    "salesGrowthYoY" : 33.12,
    "grossProfitMargin" : 49.51,
    "grossProfit" : 175.33,
    "operatingProfitMargin" : 11.63,
    "operatingProfit" : 41.19,
    "netProfitMargin" : 1.83,
    "netProfit" : 6.48
  }, {
    "date" : "2011-12-31",
    "sales" : 440.12,
    "salesGrowthYoY" : 39.54,
    "grossProfitMargin" : 56.64,
    "grossProfit" : 249.28,
    "operatingProfitMargin" : 21.40,
    "operatingProfit" : 94.19,
    "netProfitMargin" : 11.19,
    "netProfit" : 49.25
  }, {
    "date" : "2012-03-31",
    "sales" : 526.73,
    "salesGrowthYoY" : 26.27,
    "grossProfitMargin" : 55.22,
    "grossProfit" : 290.86,
    "operatingProfitMargin" : 23.02,
    "operatingProfit" : 121.25,
    "netProfitMargin" : 9.88,
    "netProfit" : 52.04
  }, {
    "date" : "2012-06-30",
    "sales" : 534.09,
    "salesGrowthYoY" : 34.49,
    "grossProfitMargin" : 57.03,
    "grossProfit" : 304.59,
    "operatingProfitMargin" : 22.93,
    "operatingProfit" : 122.47,
    "netProfitMargin" : 9.41,
    "netProfit" : 50.26
  }, {
    "date" : "2012-09-30",
    "sales" : 491.41,
    "salesGrowthYoY" : 38.76,
    "grossProfitMargin" : 58.51,
    "grossProfit" : 287.52,
    "operatingProfitMargin" : 22.96,
    "operatingProfit" : 112.83,
    "netProfitMargin" : 10.35,
    "netProfit" : 50.86
  }, {
    "date" : "2012-12-31",
    "sales" : 493.68,
    "salesGrowthYoY" : 12.17,
    "grossProfitMargin" : 56.44,
    "grossProfit" : 278.63,
    "operatingProfitMargin" : 19.88,
    "operatingProfit" : 98.14,
    "netProfitMargin" : 8.35,
    "netProfit" : 41.22
  }, {
    "date" : "2013-03-31",
    "sales" : 535.77,
    "salesGrowthYoY" : 1.72,
    "grossProfitMargin" : 54.42,
    "grossProfit" : 291.57,
    "operatingProfitMargin" : 17.78,
    "operatingProfit" : 95.26,
    "netProfitMargin" : 8.38,
    "netProfit" : 44.90
  }, {
    "date" : "2013-06-30",
    "sales" : 456.92,
    "salesGrowthYoY" : -14.45,
    "grossProfitMargin" : 55.19,
    "grossProfit" : 252.17,
    "operatingProfitMargin" : 15.37,
    "operatingProfit" : 70.23,
    "netProfitMargin" : 3.44,
    "netProfit" : 15.72
  }, {
    "date" : "2013-09-30",
    "sales" : 448.87,
    "salesGrowthYoY" : -8.66,
    "grossProfitMargin" : 51.91,
    "grossProfit" : 233.01,
    "operatingProfitMargin" : 12.53,
    "operatingProfit" : 56.24,
    "netProfitMargin" : 2.29,
    "netProfit" : 10.28
  }, {
    "date" : "2013-12-31",
    "sales" : 502.58,
    "salesGrowthYoY" : 1.80,
    "grossProfitMargin" : 51.38,
    "grossProfit" : 258.23,
    "operatingProfitMargin" : 12.62,
    "operatingProfit" : 63.43,
    "netProfitMargin" : 2.80,
    "netProfit" : 14.07
  }, {
    "date" : "2014-03-31",
    "sales" : 648.23,
    "salesGrowthYoY" : 20.99,
    "grossProfitMargin" : 52.45,
    "grossProfit" : 340.00,
    "operatingProfitMargin" : 17.29,
    "operatingProfit" : 112.08,
    "netProfitMargin" : 10.38,
    "netProfit" : 67.29
  }, {
    "date" : "2014-06-30",
    "sales" : 600.42,
    "salesGrowthYoY" : 31.41,
    "grossProfitMargin" : 55.24,
    "grossProfit" : 331.67,
    "operatingProfitMargin" : 18.90,
    "operatingProfit" : 113.48,
    "netProfitMargin" : 8.15,
    "netProfit" : 48.93
  }, {
    "date" : "2014-09-30",
    "sales" : 572.58,
    "salesGrowthYoY" : 27.56,
    "grossProfitMargin" : 52.60,
    "grossProfit" : 301.18,
    "operatingProfitMargin" : 15.57,
    "operatingProfit" : 89.15,
    "netProfitMargin" : 6.11,
    "netProfit" : 34.98
  }, {
    "date" : "2014-12-31",
    "sales" : 555.91,
    "salesGrowthYoY" : 10.61,
    "grossProfitMargin" : 51.20,
    "grossProfit" : 284.63,
    "operatingProfitMargin" : 13.56,
    "operatingProfit" : 75.38,
    "netProfitMargin" : 4.82,
    "netProfit" : 26.79
  }, {
    "date" : "2015-03-31",
    "sales" : 578.15,
    "salesGrowthYoY" : -10.81,
    "grossProfitMargin" : 53.58,
    "grossProfit" : 309.77,
    "operatingProfitMargin" : 12.36,
    "operatingProfit" : 71.46,
    "netProfitMargin" : 5.03,
    "netProfit" : 29.08
  }, {
    "date" : "2015-06-30",
    "sales" : 590.75,
    "salesGrowthYoY" : -1.61,
    "grossProfitMargin" : 51.19,
    "grossProfit" : 302.40,
    "operatingProfitMargin" : 8.55,
    "operatingProfit" : 50.51,
    "netProfitMargin" : -3.05,
    "netProfit" : -18.02
  }, {
    "date" : "2015-09-30",
    "sales" : 645.73,
    "salesGrowthYoY" : 12.78,
    "grossProfitMargin" : 50.64,
    "grossProfit" : 327.00,
    "operatingProfitMargin" : 10.60,
    "operatingProfit" : 68.45,
    "netProfitMargin" : -0.48,
    "netProfit" : -3.10
  }, {
    "date" : "2015-12-31",
    "sales" : 648.28,
    "salesGrowthYoY" : 16.62,
    "grossProfitMargin" : 53.40,
    "grossProfit" : 346.18,
    "operatingProfitMargin" : 10.46,
    "operatingProfit" : 67.81,
    "netProfitMargin" : -0.09,
    "netProfit" : -0.58
  }, {
    "date" : "2016-03-31",
    "sales" : 735.09,
    "salesGrowthYoY" : 27.15,
    "grossProfitMargin" : 55.08,
    "grossProfit" : 404.89,
    "operatingProfitMargin" : 11.60,
    "operatingProfit" : 85.27,
    "netProfitMargin" : 3.52,
    "netProfit" : 25.88
  }, {
    "date" : "2016-06-30",
    "sales" : 777.23,
    "salesGrowthYoY" : 31.57,
    "grossProfitMargin" : 55.67,
    "grossProfit" : 432.68,
    "operatingProfitMargin" : 15.12,
    "operatingProfit" : 117.52,
    "netProfitMargin" : 3.68,
    "netProfit" : 28.60
  }, {
    "date" : "2016-09-30",
    "sales" : 655.57,
    "salesGrowthYoY" : 1.52,
    "grossProfitMargin" : 56.64,
    "grossProfit" : 371.31,
    "operatingProfitMargin" : 14.29,
    "operatingProfit" : 93.68,
    "netProfitMargin" : 3.80,
    "netProfit" : 24.91
  }, {
    "date" : "2016-12-31",
    "sales" : 670.89,
    "salesGrowthYoY" : 3.49,
    "grossProfitMargin" : 54.70,
    "grossProfit" : 366.98,
    "operatingProfitMargin" : 12.32,
    "operatingProfit" : 82.65,
    "netProfitMargin" : 1.13,
    "netProfit" : 7.58
  }, {
    "date" : "2017-03-31",
    "sales" : 806.72,
    "salesGrowthYoY" : 9.74,
    "grossProfitMargin" : 50.89,
    "grossProfit" : 410.54,
    "operatingProfitMargin" : 8.87,
    "operatingProfit" : 71.56,
    "netProfitMargin" : 2.58,
    "netProfit" : 20.81
  }, {
    "date" : "2017-06-30",
    "sales" : 901.14,
    "salesGrowthYoY" : 15.94,
    "grossProfitMargin" : 52.90,
    "grossProfit" : 476.70,
    "operatingProfitMargin" : 13.35,
    "operatingProfit" : 120.30,
    "netProfitMargin" : 3.14,
    "netProfit" : 28.30
  }, {
    "date" : "2017-09-30",
    "sales" : 776.65,
    "salesGrowthYoY" : 18.47,
    "grossProfitMargin" : 55.64,
    "grossProfit" : 432.13,
    "operatingProfitMargin" : 12.29,
    "operatingProfit" : 95.45,
    "netProfitMargin" : 1.70,
    "netProfit" : 13.20
  }, {
    "date" : "2017-12-31",
    "sales" : 837.41,
    "salesGrowthYoY" : 24.82,
    "grossProfitMargin" : 53.35,
    "grossProfit" : 446.76,
    "operatingProfitMargin" : 11.26,
    "operatingProfit" : 94.29,
    "netProfitMargin" : 1.03,
    "netProfit" : 8.63
  }, {
    "date" : "2018-03-31",
    "sales" : 896.95,
    "salesGrowthYoY" : 11.18,
    "grossProfitMargin" : 53.78,
    "grossProfit" : 482.38,
    "operatingProfitMargin" : 11.29,
    "operatingProfit" : 101.27,
    "netProfitMargin" : 3.77,
    "netProfit" : 33.82
  }, {
    "date" : "2018-06-30",
    "sales" : 923.44,
    "salesGrowthYoY" : 2.47,
    "grossProfitMargin" : 52.82,
    "grossProfit" : 487.76,
    "operatingProfitMargin" : 10.17,
    "operatingProfit" : 93.91,
    "netProfitMargin" : 1.49,
    "netProfit" : 13.76
  }, {
    "date" : "2018-09-30",
    "sales" : 851.44,
    "salesGrowthYoY" : 9.63,
    "grossProfitMargin" : 51.43,
    "grossProfit" : 437.90,
    "operatingProfitMargin" : 10.76,
    "operatingProfit" : 91.61,
    "netProfitMargin" : 0.92,
    "netProfit" : 7.83
  }, {
    "date" : "2018-12-31",
    "sales" : 935.00,
    "salesGrowthYoY" : 11.65,
    "grossProfitMargin" : 52.53,
    "grossProfit" : 491.16,
    "operatingProfitMargin" : 10.51,
    "operatingProfit" : 98.27,
    "netProfitMargin" : 1.58,
    "netProfit" : 14.77
  }, {
    "date" : "2019-03-31",
    "sales" : 1172.46,
    "salesGrowthYoY" : 30.72,
    "grossProfitMargin" : 49.21,
    "grossProfit" : 576.97,
    "operatingProfitMargin" : 11.19,
    "operatingProfit" : 131.20,
    "netProfitMargin" : 3.69,
    "netProfit" : 43.26
  }, {
    "date" : "2019-06-30",
    "sales" : 1041.80,
    "salesGrowthYoY" : 12.82,
    "grossProfitMargin" : 55.85,
    "grossProfit" : 581.85,
    "operatingProfitMargin" : 16.30,
    "operatingProfit" : 169.81,
    "netProfitMargin" : 5.68,
    "netProfit" : 59.17
  }, {
    "date" : "2019-09-30",
    "sales" : 935.48,
    "salesGrowthYoY" : 9.87,
    "grossProfitMargin" : 57.35,
    "grossProfit" : 536.50,
    "operatingProfitMargin" : 15.89,
    "operatingProfit" : 148.65,
    "netProfitMargin" : 4.91,
    "netProfit" : 45.93
  }, {
    "date" : "2019-12-31",
    "sales" : 1004.95,
    "salesGrowthYoY" : 7.48,
    "grossProfitMargin" : 56.58,
    "grossProfit" : 568.60,
    "operatingProfitMargin" : 15.12,
    "operatingProfit" : 151.95,
    "netProfitMargin" : 4.89,
    "netProfit" : 49.14
  }, {
    "date" : "2020-03-31",
    "sales" : 1061.19,
    "salesGrowthYoY" : -9.49,
    "grossProfitMargin" : 58.86,
    "grossProfit" : 624.62,
    "operatingProfitMargin" : 19.04,
    "operatingProfit" : 202.05,
    "netProfitMargin" : 9.49,
    "netProfit" : 100.71
  }, {
    "date" : "2020-06-30",
    "sales" : 825.15,
    "salesGrowthYoY" : -20.80,
    "grossProfitMargin" : 58.18,
    "grossProfit" : 480.07,
    "operatingProfitMargin" : 17.37,
    "operatingProfit" : 143.33,
    "netProfitMargin" : 5.38,
    "netProfit" : 44.39
  }, {
    "date" : "2020-09-30",
    "sales" : 1044.77,
    "salesGrowthYoY" : 11.68,
    "grossProfitMargin" : 56.33,
    "grossProfit" : 588.52,
    "operatingProfitMargin" : 17.87,
    "operatingProfit" : 186.70,
    "netProfitMargin" : 7.71,
    "netProfit" : 80.55
  }, {
    "date" : "2020-12-31",
    "sales" : 1192.80,
    "salesGrowthYoY" : 18.69,
    "grossProfitMargin" : 56.64,
    "grossProfit" : 675.60,
    "operatingProfitMargin" : 16.08,
    "operatingProfit" : 191.80,
    "netProfitMargin" : 8.58,
    "netProfit" : 102.34
  }, {
    "date" : "2021-03-31",
    "sales" : 1321.99,
    "salesGrowthYoY" : 24.58,
    "grossProfitMargin" : 58.77,
    "grossProfit" : 776.93,
    "operatingProfitMargin" : 20.26,
    "operatingProfit" : 267.84,
    "netProfitMargin" : 12.04,
    "netProfit" : 159.17
  }, {
    "date" : "2021-06-30",
    "sales" : 1231.51,
    "salesGrowthYoY" : 49.25,
    "grossProfitMargin" : 56.85,
    "grossProfit" : 700.11,
    "operatingProfitMargin" : 17.54,
    "operatingProfit" : 216.01,
    "netProfitMargin" : 9.64,
    "netProfit" : 118.72
  }, {
    "date" : "2021-09-30",
    "sales" : 1118.22,
    "salesGrowthYoY" : 7.03,
    "grossProfitMargin" : 54.93,
    "grossProfit" : 614.24,
    "operatingProfitMargin" : 14.54,
    "operatingProfit" : 162.59,
    "netProfitMargin" : 6.84,
    "netProfit" : 76.49
  }, {
    "date" : "2021-12-31",
    "sales" : 1193.41,
    "salesGrowthYoY" : 0.05,
    "grossProfitMargin" : 52.76,
    "grossProfit" : 629.64,
    "operatingProfitMargin" : 12.27,
    "operatingProfit" : 146.43,
    "netProfitMargin" : 4.96,
    "netProfit" : 59.19
  }, {
    "date" : "2022-03-31",
    "sales" : 1497.64,
    "salesGrowthYoY" : 13.29,
    "grossProfitMargin" : 52.94,
    "grossProfit" : 792.85,
    "operatingProfitMargin" : 18.44,
    "operatingProfit" : 276.16,
    "netProfitMargin" : 12.50,
    "netProfit" : 187.21
  }, {
    "date" : "2022-06-30",
    "sales" : 1551.00,
    "salesGrowthYoY" : 25.94,
    "grossProfitMargin" : 51.74,
    "grossProfit" : 802.49,
    "operatingProfitMargin" : 13.99,
    "operatingProfit" : 216.98,
    "netProfitMargin" : 6.51,
    "netProfit" : 100.97
  }, {
    "date" : "2022-09-30",
    "sales" : 1302.65,
    "salesGrowthYoY" : 16.49,
    "grossProfitMargin" : 47.32,
    "grossProfit" : 616.41,
    "operatingProfitMargin" : 10.64,
    "operatingProfit" : 138.60,
    "netProfitMargin" : 4.53,
    "netProfit" : 59.01
  }, {
    "date" : "2022-12-31",
    "sales" : 1488.53,
    "salesGrowthYoY" : 24.73,
    "grossProfitMargin" : 48.49,
    "grossProfit" : 721.79,
    "operatingProfitMargin" : 10.72,
    "operatingProfit" : 159.57,
    "netProfitMargin" : 4.94,
    "netProfit" : 73.53
  }, {
    "date" : "2023-03-31",
    "sales" : 1728.87,
    "salesGrowthYoY" : 15.44,
    "grossProfitMargin" : 46.55,
    "grossProfit" : 804.79,
    "operatingProfitMargin" : 10.94,
    "operatingProfit" : 189.14,
    "netProfitMargin" : 5.63,
    "netProfit" : 97.34
  }, {
    "date" : "2023-06-30",
    "sales" : 1633.31,
    "salesGrowthYoY" : 5.31,
    "grossProfitMargin" : 47.60,
    "grossProfit" : 777.46,
    "operatingProfitMargin" : 10.26,
    "operatingProfit" : 167.58,
    "netProfitMargin" : 4.58,
    "netProfit" : 74.81
  }, {
    "date" : "2023-09-30",
    "sales" : 1452.62,
    "salesGrowthYoY" : 11.51,
    "grossProfitMargin" : 49.25,
    "grossProfit" : 715.42,
    "operatingProfitMargin" : 12.29,
    "operatingProfit" : 178.53,
    "netProfitMargin" : 5.72,
    "netProfit" : 83.09
  }, {
    "date" : "2023-12-31",
    "sales" : 1586.06,
    "salesGrowthYoY" : 6.55,
    "grossProfitMargin" : 51.81,
    "grossProfit" : 821.74,
    "operatingProfitMargin" : 15.27,
    "operatingProfit" : 242.19,
    "netProfitMargin" : 7.82,
    "netProfit" : 124.03
  }, {
    "date" : "2024-03-31",
    "sales" : 1647.78,
    "salesGrowthYoY" : -4.69,
    "grossProfitMargin" : 52.92,
    "grossProfit" : 872.01,
    "operatingProfitMargin" : 16.72,
    "operatingProfit" : 275.51,
    "netProfitMargin" : 8.64,
    "netProfit" : 142.37
  }, {
    "date" : "2024-06-30",
    "sales" : 1563.88,
    "salesGrowthYoY" : -4.25,
    "grossProfitMargin" : 54.70,
    "grossProfit" : 855.44,
    "operatingProfitMargin" : 14.30,
    "operatingProfit" : 223.63,
    "netProfitMargin" : 5.15,
    "netProfit" : 80.54
  }, {
    "date" : "2024-09-30",
    "sales" : 1234.29,
    "salesGrowthYoY" : -15.03,
    "grossProfitMargin" : 54.21,
    "grossProfit" : 669.11,
    "operatingProfitMargin" : 7.21,
    "operatingProfit" : 88.99,
    "netProfitMargin" : -1.77,
    "netProfit" : -21.85
  }, {
    "date" : "2024-12-31",
    "sales" : 1373.29,
    "salesGrowthYoY" : -13.42,
    "grossProfitMargin" : 51.16,
    "grossProfit" : 702.58,
    "operatingProfitMargin" : 10.38,
    "operatingProfit" : 142.55,
    "netProfitMargin" : 4.34,
    "netProfit" : 59.60
  }, {
    "date" : "2025-03-31",
    "sales" : 1897.62,
    "salesGrowthYoY" : 15.16,
    "grossProfitMargin" : 61.00,
    "grossProfit" : 1157.55,
    "operatingProfitMargin" : 18.48,
    "operatingProfit" : 350.68,
    "netProfitMargin" : 8.95,
    "netProfit" : 169.84
  }, {
    "date" : "2025-06-30",
    "sales" : 1740.93,
    "salesGrowthYoY" : 11.32,
    "grossProfitMargin" : 60.68,
    "grossProfit" : 1056.40,
    "operatingProfitMargin" : 17.88,
    "operatingProfit" : 311.28,
    "netProfitMargin" : 8.71,
    "netProfit" : 151.64
  }, {
    "date" : "2025-09-30",
    "sales" : 1531.77,
    "salesGrowthYoY" : 24.10,
    "grossProfitMargin" : 58.47,
    "grossProfit" : 895.63,
    "operatingProfitMargin" : 13.59,
    "operatingProfit" : 208.17,
    "netProfitMargin" : 5.37,
    "netProfit" : 82.26
  } ],
  "latestQuarterlyResult" : {
    "date" : "2025-09-30",
    "sales" : 1531.77,
    "salesGrowthYoY" : 24.10,
    "grossProfitMargin" : 58.47,
    "grossProfit" : 895.63,
    "operatingProfitMargin" : 13.59,
    "operatingProfit" : 208.17,
    "netProfitMargin" : 5.37,
    "netProfit" : 82.26
  },
  "companyScore" : {
    "priceHigherThanDma50" : 0.00,
    "priceHigherThanDma100" : 0.00,
    "priceHigherThanDma200" : 0.00,
    "dma50HigherThanDma100" : 0.00,
    "dma50HigherThanDma200" : 0.00,
    "dma100HigherThanDma200" : 0.00,
    "pricePercentageAboveDma50" : 5.02,
    "pricePercentageAboveDma100" : 5.22,
    "pricePercentageAboveDma200" : 5.25,
    "weeklyVolumeHigherThanYearlyVolume" : 0.00,
    "salesGrowthPercentile" : 13.92,
    "operatingProfitMarginPercentile" : 7.23,
    "netProfitMarginPercentile" : 4.22,
    "totalTechnicalScore" : 15.49,
    "totalFundamentalScore" : 25.37,
    "totalScore" : 40.86
  }
}