{
  "metadata" : {
    "screenerCompanyId" : "1655",
    "companyCode" : "JSWENERGY",
    "companyName" : "JSW Energy",
    "screenerCompanyLink" : "https://www.screener.in/company/JSWENERGY/consolidated/",
    "screenerTechnicalHistoryLink" : "https://www.screener.in/api/company/1655/chart/?q=Price-DMA50-DMA200-Volume&days=365",
    "screenerQuarterlyResultsLink" : "https://www.screener.in/api/company/1655/chart/?q=GPM-OPM-NPM-Quarter+Sales&days=10000",
    "attributes" : {
      "companyCode" : "JSWENERGY",
      "companyName" : "JSW Energy",
      "marketCap" : 80862.00,
      "peRatio" : 34.90,
      "description" : "JSW Energy Ltd and its subsidiaries are primarily engaged in the business of generation of power from its power assets located at Karnataka, Maharashtra, Nandyal and Salboni. It is the holding company for the JSW group's power business. The company also has a JV company engaged in mining activities and an associate engaged in manufacturing of turbines.[1]"
    },
    "companyScore" : {
      "priceHigherThanDma50" : 0.00,
      "priceHigherThanDma100" : 0.00,
      "priceHigherThanDma200" : 0.00,
      "dma50HigherThanDma100" : 0.00,
      "dma50HigherThanDma200" : 0.00,
      "dma100HigherThanDma200" : 0.00,
      "pricePercentageAboveDma50" : 5.28,
      "pricePercentageAboveDma100" : 5.46,
      "pricePercentageAboveDma200" : 5.53,
      "weeklyVolumeHigherThanYearlyVolume" : 5.00,
      "salesGrowthPercentile" : 2.46,
      "operatingProfitMarginPercentile" : 13.91,
      "netProfitMarginPercentile" : 3.77,
      "totalTechnicalScore" : 21.27,
      "totalFundamentalScore" : 20.14,
      "totalScore" : 41.41
    }
  },
  "attributes" : {
    "companyCode" : "JSWENERGY",
    "companyName" : "JSW Energy",
    "marketCap" : 80862.00,
    "peRatio" : 34.90,
    "description" : "JSW Energy Ltd and its subsidiaries are primarily engaged in the business of generation of power from its power assets located at Karnataka, Maharashtra, Nandyal and Salboni. It is the holding company for the JSW group's power business. The company also has a JV company engaged in mining activities and an associate engaged in manufacturing of turbines.[1]"
  },
  "technicalHistory" : [ {
    "date" : "2025-01-31",
    "price" : 508.60,
    "dma50" : 599.95,
    "dma100" : null,
    "dma200" : 625.93,
    "volume" : 3454263.00
  }, {
    "date" : "2025-02-01",
    "price" : 472.00,
    "dma50" : 594.93,
    "dma100" : null,
    "dma200" : 624.40,
    "volume" : 6114740.00
  }, {
    "date" : "2025-02-03",
    "price" : 445.65,
    "dma50" : 589.08,
    "dma100" : null,
    "dma200" : 622.62,
    "volume" : 12948826.00
  }, {
    "date" : "2025-02-04",
    "price" : 469.70,
    "dma50" : 584.40,
    "dma100" : null,
    "dma200" : 621.10,
    "volume" : 7450060.00
  }, {
    "date" : "2025-02-05",
    "price" : 493.80,
    "dma50" : 580.84,
    "dma100" : null,
    "dma200" : 619.83,
    "volume" : 14910918.00
  }, {
    "date" : "2025-02-06",
    "price" : 494.20,
    "dma50" : 577.45,
    "dma100" : null,
    "dma200" : 618.58,
    "volume" : 3638035.00
  }, {
    "date" : "2025-02-07",
    "price" : 484.65,
    "dma50" : 573.81,
    "dma100" : null,
    "dma200" : 617.25,
    "volume" : 2500907.00
  }, {
    "date" : "2025-02-10",
    "price" : 476.90,
    "dma50" : 570.01,
    "dma100" : null,
    "dma200" : 615.85,
    "volume" : 6743525.00
  }, {
    "date" : "2025-02-11",
    "price" : 466.90,
    "dma50" : 565.96,
    "dma100" : null,
    "dma200" : 614.37,
    "volume" : 3260849.00
  }, {
    "date" : "2025-02-12",
    "price" : 467.60,
    "dma50" : 562.11,
    "dma100" : null,
    "dma200" : 612.91,
    "volume" : 2848198.00
  }, {
    "date" : "2025-02-13",
    "price" : 467.65,
    "dma50" : 558.40,
    "dma100" : null,
    "dma200" : 611.46,
    "volume" : 1618054.00
  }, {
    "date" : "2025-02-14",
    "price" : 437.10,
    "dma50" : 553.64,
    "dma100" : null,
    "dma200" : 609.73,
    "volume" : 4157883.00
  }, {
    "date" : "2025-02-17",
    "price" : 431.50,
    "dma50" : 548.85,
    "dma100" : null,
    "dma200" : 607.95,
    "volume" : 7018786.00
  }, {
    "date" : "2025-02-18",
    "price" : 440.40,
    "dma50" : 544.60,
    "dma100" : null,
    "dma200" : 606.29,
    "volume" : 4425703.00
  }, {
    "date" : "2025-02-19",
    "price" : 454.85,
    "dma50" : 541.08,
    "dma100" : null,
    "dma200" : 604.78,
    "volume" : 4227551.00
  }, {
    "date" : "2025-02-20",
    "price" : 468.55,
    "dma50" : 538.24,
    "dma100" : null,
    "dma200" : 603.43,
    "volume" : 8019100.00
  }, {
    "date" : "2025-02-21",
    "price" : 496.60,
    "dma50" : 536.60,
    "dma100" : null,
    "dma200" : 602.36,
    "volume" : 26531473.00
  }, {
    "date" : "2025-02-24",
    "price" : 479.70,
    "dma50" : 534.37,
    "dma100" : null,
    "dma200" : 601.14,
    "volume" : 4793660.00
  }, {
    "date" : "2025-02-25",
    "price" : 467.25,
    "dma50" : 531.74,
    "dma100" : null,
    "dma200" : 599.81,
    "volume" : 3510816.00
  }, {
    "date" : "2025-02-27",
    "price" : 458.80,
    "dma50" : 528.88,
    "dma100" : null,
    "dma200" : 598.41,
    "volume" : 3301771.00
  }, {
    "date" : "2025-02-28",
    "price" : 464.10,
    "dma50" : 526.34,
    "dma100" : null,
    "dma200" : 597.07,
    "volume" : 7096358.00
  }, {
    "date" : "2025-03-03",
    "price" : 473.85,
    "dma50" : 524.28,
    "dma100" : null,
    "dma200" : 595.84,
    "volume" : 5862726.00
  }, {
    "date" : "2025-03-04",
    "price" : 481.25,
    "dma50" : 522.59,
    "dma100" : null,
    "dma200" : 594.70,
    "volume" : 4805070.00
  }, {
    "date" : "2025-03-05",
    "price" : 509.10,
    "dma50" : 522.06,
    "dma100" : null,
    "dma200" : 593.85,
    "volume" : 7766168.00
  }, {
    "date" : "2025-03-06",
    "price" : 499.60,
    "dma50" : 521.18,
    "dma100" : null,
    "dma200" : 592.91,
    "volume" : 5214683.00
  }, {
    "date" : "2025-03-07",
    "price" : 491.70,
    "dma50" : 520.03,
    "dma100" : null,
    "dma200" : 591.91,
    "volume" : 4436311.00
  }, {
    "date" : "2025-03-10",
    "price" : 505.35,
    "dma50" : 519.45,
    "dma100" : null,
    "dma200" : 591.05,
    "volume" : 10151486.00
  }, {
    "date" : "2025-03-11",
    "price" : 513.75,
    "dma50" : 519.23,
    "dma100" : null,
    "dma200" : 590.28,
    "volume" : 6535512.00
  }, {
    "date" : "2025-03-12",
    "price" : 515.20,
    "dma50" : 519.07,
    "dma100" : null,
    "dma200" : 589.53,
    "volume" : 5236335.00
  }, {
    "date" : "2025-03-13",
    "price" : 514.10,
    "dma50" : 518.88,
    "dma100" : null,
    "dma200" : 588.78,
    "volume" : 4602681.00
  }, {
    "date" : "2025-03-17",
    "price" : 527.90,
    "dma50" : 519.23,
    "dma100" : null,
    "dma200" : 588.17,
    "volume" : 4122828.00
  }, {
    "date" : "2025-03-18",
    "price" : 548.35,
    "dma50" : 520.37,
    "dma100" : null,
    "dma200" : 587.78,
    "volume" : 6146157.00
  }, {
    "date" : "2025-03-19",
    "price" : 570.75,
    "dma50" : 522.35,
    "dma100" : null,
    "dma200" : 587.61,
    "volume" : 7823526.00
  }, {
    "date" : "2025-03-20",
    "price" : 562.90,
    "dma50" : 523.94,
    "dma100" : null,
    "dma200" : 587.36,
    "volume" : 4250559.00
  }, {
    "date" : "2025-03-21",
    "price" : 559.70,
    "dma50" : 525.34,
    "dma100" : null,
    "dma200" : 587.09,
    "volume" : 3229717.00
  }, {
    "date" : "2025-03-24",
    "price" : 575.25,
    "dma50" : 527.30,
    "dma100" : null,
    "dma200" : 586.97,
    "volume" : 4410071.00
  }, {
    "date" : "2025-03-25",
    "price" : 555.35,
    "dma50" : 528.40,
    "dma100" : null,
    "dma200" : 586.65,
    "volume" : 3147116.00
  }, {
    "date" : "2025-03-26",
    "price" : 553.05,
    "dma50" : 529.36,
    "dma100" : null,
    "dma200" : 586.32,
    "volume" : 2626860.00
  }, {
    "date" : "2025-03-27",
    "price" : 548.35,
    "dma50" : 530.11,
    "dma100" : null,
    "dma200" : 585.94,
    "volume" : 7602917.00
  }, {
    "date" : "2025-03-28",
    "price" : 537.90,
    "dma50" : 530.41,
    "dma100" : null,
    "dma200" : 585.46,
    "volume" : 4275737.00
  }, {
    "date" : "2025-04-01",
    "price" : 522.50,
    "dma50" : 530.10,
    "dma100" : null,
    "dma200" : 584.84,
    "volume" : 3529808.00
  }, {
    "date" : "2025-04-02",
    "price" : 526.25,
    "dma50" : 529.95,
    "dma100" : null,
    "dma200" : 584.25,
    "volume" : 4724388.00
  }, {
    "date" : "2025-04-03",
    "price" : 527.15,
    "dma50" : 529.84,
    "dma100" : null,
    "dma200" : 583.69,
    "volume" : 4813847.00
  }, {
    "date" : "2025-04-04",
    "price" : 506.40,
    "dma50" : 528.92,
    "dma100" : null,
    "dma200" : 582.92,
    "volume" : 4640315.00
  }, {
    "date" : "2025-04-07",
    "price" : 488.40,
    "dma50" : 527.33,
    "dma100" : null,
    "dma200" : 581.98,
    "volume" : 3187768.00
  }, {
    "date" : "2025-04-08",
    "price" : 490.25,
    "dma50" : 525.88,
    "dma100" : null,
    "dma200" : 581.06,
    "volume" : 1974338.00
  }, {
    "date" : "2025-04-09",
    "price" : 482.30,
    "dma50" : 524.17,
    "dma100" : null,
    "dma200" : 580.08,
    "volume" : 1814851.00
  }, {
    "date" : "2025-04-11",
    "price" : 493.95,
    "dma50" : 522.99,
    "dma100" : null,
    "dma200" : 579.22,
    "volume" : 3322657.00
  }, {
    "date" : "2025-04-15",
    "price" : 512.60,
    "dma50" : 522.58,
    "dma100" : null,
    "dma200" : 578.56,
    "volume" : 3178013.00
  }, {
    "date" : "2025-04-16",
    "price" : 509.70,
    "dma50" : 522.07,
    "dma100" : null,
    "dma200" : 577.88,
    "volume" : 2690767.00
  }, {
    "date" : "2025-04-17",
    "price" : 507.90,
    "dma50" : 521.52,
    "dma100" : null,
    "dma200" : 577.18,
    "volume" : 2461873.00
  }, {
    "date" : "2025-04-21",
    "price" : 521.35,
    "dma50" : 521.51,
    "dma100" : null,
    "dma200" : 576.62,
    "volume" : 4664361.00
  }, {
    "date" : "2025-04-22",
    "price" : 509.20,
    "dma50" : 521.03,
    "dma100" : null,
    "dma200" : 575.95,
    "volume" : 4373636.00
  }, {
    "date" : "2025-04-23",
    "price" : 508.85,
    "dma50" : 520.55,
    "dma100" : null,
    "dma200" : 575.29,
    "volume" : 5983668.00
  }, {
    "date" : "2025-04-24",
    "price" : 503.80,
    "dma50" : 519.89,
    "dma100" : null,
    "dma200" : 574.57,
    "volume" : 2198786.00
  }, {
    "date" : "2025-04-25",
    "price" : 482.70,
    "dma50" : 518.44,
    "dma100" : null,
    "dma200" : 573.66,
    "volume" : 3358042.00
  }, {
    "date" : "2025-04-28",
    "price" : 476.20,
    "dma50" : 516.78,
    "dma100" : null,
    "dma200" : 572.69,
    "volume" : 6850194.00
  }, {
    "date" : "2025-04-29",
    "price" : 464.60,
    "dma50" : 514.73,
    "dma100" : null,
    "dma200" : 571.61,
    "volume" : 5584122.00
  }, {
    "date" : "2025-04-30",
    "price" : 479.20,
    "dma50" : 513.34,
    "dma100" : null,
    "dma200" : 570.70,
    "volume" : 5987734.00
  }, {
    "date" : "2025-05-02",
    "price" : 469.60,
    "dma50" : 511.62,
    "dma100" : null,
    "dma200" : 569.69,
    "volume" : 2941256.00
  }, {
    "date" : "2025-05-05",
    "price" : 481.20,
    "dma50" : 510.43,
    "dma100" : null,
    "dma200" : 568.81,
    "volume" : 4928791.00
  }, {
    "date" : "2025-05-06",
    "price" : 466.20,
    "dma50" : 508.70,
    "dma100" : null,
    "dma200" : 567.79,
    "volume" : 2016046.00
  }, {
    "date" : "2025-05-07",
    "price" : 468.50,
    "dma50" : 507.12,
    "dma100" : null,
    "dma200" : 566.80,
    "volume" : 1850229.00
  }, {
    "date" : "2025-05-08",
    "price" : 463.35,
    "dma50" : 505.40,
    "dma100" : null,
    "dma200" : 565.77,
    "volume" : 2452270.00
  }, {
    "date" : "2025-05-09",
    "price" : 459.85,
    "dma50" : 503.62,
    "dma100" : null,
    "dma200" : 564.72,
    "volume" : 2248259.00
  }, {
    "date" : "2025-05-12",
    "price" : 481.10,
    "dma50" : 502.73,
    "dma100" : null,
    "dma200" : 563.88,
    "volume" : 2138368.00
  }, {
    "date" : "2025-05-13",
    "price" : 474.25,
    "dma50" : 501.62,
    "dma100" : null,
    "dma200" : 562.99,
    "volume" : 2730505.00
  }, {
    "date" : "2025-05-14",
    "price" : 474.95,
    "dma50" : 500.57,
    "dma100" : null,
    "dma200" : 562.12,
    "volume" : 3855015.00
  }, {
    "date" : "2025-05-15",
    "price" : 487.40,
    "dma50" : 500.05,
    "dma100" : null,
    "dma200" : 561.37,
    "volume" : 5516332.00
  }, {
    "date" : "2025-05-16",
    "price" : 503.85,
    "dma50" : 500.20,
    "dma100" : null,
    "dma200" : 560.80,
    "volume" : 10377718.00
  }, {
    "date" : "2025-05-19",
    "price" : 515.35,
    "dma50" : 500.80,
    "dma100" : null,
    "dma200" : 560.35,
    "volume" : 6617163.00
  }, {
    "date" : "2025-05-20",
    "price" : 504.70,
    "dma50" : 500.95,
    "dma100" : null,
    "dma200" : 559.80,
    "volume" : 3299534.00
  }, {
    "date" : "2025-05-21",
    "price" : 504.80,
    "dma50" : 501.10,
    "dma100" : null,
    "dma200" : 559.25,
    "volume" : 2682051.00
  }, {
    "date" : "2025-05-22",
    "price" : 499.95,
    "dma50" : 501.06,
    "dma100" : null,
    "dma200" : 558.66,
    "volume" : 4203565.00
  }, {
    "date" : "2025-05-23",
    "price" : 496.60,
    "dma50" : 500.88,
    "dma100" : null,
    "dma200" : 558.04,
    "volume" : 2195869.00
  }, {
    "date" : "2025-05-26",
    "price" : 504.90,
    "dma50" : 501.04,
    "dma100" : null,
    "dma200" : 557.51,
    "volume" : 2065442.00
  }, {
    "date" : "2025-05-27",
    "price" : 497.35,
    "dma50" : 500.89,
    "dma100" : null,
    "dma200" : 556.91,
    "volume" : 2578939.00
  }, {
    "date" : "2025-05-28",
    "price" : 496.30,
    "dma50" : 500.71,
    "dma100" : null,
    "dma200" : 556.31,
    "volume" : 1919500.00
  }, {
    "date" : "2025-05-29",
    "price" : 500.90,
    "dma50" : 500.72,
    "dma100" : null,
    "dma200" : 555.76,
    "volume" : 3109493.00
  }, {
    "date" : "2025-05-30",
    "price" : 487.95,
    "dma50" : 500.22,
    "dma100" : null,
    "dma200" : 555.08,
    "volume" : 3824489.00
  }, {
    "date" : "2025-06-02",
    "price" : 497.55,
    "dma50" : 500.12,
    "dma100" : null,
    "dma200" : 554.51,
    "volume" : 2031708.00
  }, {
    "date" : "2025-06-03",
    "price" : 499.05,
    "dma50" : 500.07,
    "dma100" : null,
    "dma200" : 553.96,
    "volume" : 2602200.00
  }, {
    "date" : "2025-06-04",
    "price" : 509.05,
    "dma50" : 500.43,
    "dma100" : null,
    "dma200" : 553.51,
    "volume" : 3287335.00
  }, {
    "date" : "2025-06-05",
    "price" : 508.10,
    "dma50" : 500.73,
    "dma100" : null,
    "dma200" : 553.06,
    "volume" : 1812718.00
  }, {
    "date" : "2025-06-06",
    "price" : 522.85,
    "dma50" : 501.59,
    "dma100" : null,
    "dma200" : 552.76,
    "volume" : 6051960.00
  }, {
    "date" : "2025-06-09",
    "price" : 534.90,
    "dma50" : 502.90,
    "dma100" : null,
    "dma200" : 552.58,
    "volume" : 6772396.00
  }, {
    "date" : "2025-06-10",
    "price" : 533.20,
    "dma50" : 504.09,
    "dma100" : null,
    "dma200" : 552.39,
    "volume" : 3024798.00
  }, {
    "date" : "2025-06-11",
    "price" : 535.50,
    "dma50" : 505.32,
    "dma100" : null,
    "dma200" : 552.22,
    "volume" : 4648648.00
  }, {
    "date" : "2025-06-12",
    "price" : 516.80,
    "dma50" : 505.77,
    "dma100" : null,
    "dma200" : 551.87,
    "volume" : 2276564.00
  }, {
    "date" : "2025-06-13",
    "price" : 506.85,
    "dma50" : 505.81,
    "dma100" : null,
    "dma200" : 551.42,
    "volume" : 2428018.00
  }, {
    "date" : "2025-06-16",
    "price" : 512.85,
    "dma50" : 506.09,
    "dma100" : null,
    "dma200" : 551.04,
    "volume" : 1784396.00
  }, {
    "date" : "2025-06-17",
    "price" : 503.35,
    "dma50" : 505.98,
    "dma100" : null,
    "dma200" : 550.56,
    "volume" : 2399735.00
  }, {
    "date" : "2025-06-18",
    "price" : 504.05,
    "dma50" : 505.91,
    "dma100" : null,
    "dma200" : 550.10,
    "volume" : 2310315.00
  }, {
    "date" : "2025-06-19",
    "price" : 480.55,
    "dma50" : 504.91,
    "dma100" : null,
    "dma200" : 549.41,
    "volume" : 5605050.00
  }, {
    "date" : "2025-06-20",
    "price" : 499.30,
    "dma50" : 504.69,
    "dma100" : null,
    "dma200" : 548.91,
    "volume" : 6014912.00
  }, {
    "date" : "2025-06-23",
    "price" : 500.55,
    "dma50" : 504.53,
    "dma100" : null,
    "dma200" : 548.43,
    "volume" : 3370050.00
  }, {
    "date" : "2025-06-24",
    "price" : 504.90,
    "dma50" : 504.54,
    "dma100" : null,
    "dma200" : 548.00,
    "volume" : 3673172.00
  }, {
    "date" : "2025-06-25",
    "price" : 507.70,
    "dma50" : 504.67,
    "dma100" : null,
    "dma200" : 547.59,
    "volume" : 4501062.00
  }, {
    "date" : "2025-06-26",
    "price" : 516.95,
    "dma50" : 505.15,
    "dma100" : null,
    "dma200" : 547.29,
    "volume" : 7996797.00
  }, {
    "date" : "2025-06-27",
    "price" : 522.50,
    "dma50" : 505.83,
    "dma100" : null,
    "dma200" : 547.04,
    "volume" : 4103235.00
  }, {
    "date" : "2025-06-30",
    "price" : 522.10,
    "dma50" : 506.47,
    "dma100" : 498.72,
    "dma200" : 546.79,
    "volume" : 2250507.00
  }, {
    "date" : "2025-07-01",
    "price" : 527.15,
    "dma50" : 507.28,
    "dma100" : 499.27,
    "dma200" : 546.60,
    "volume" : 2661630.00
  }, {
    "date" : "2025-07-02",
    "price" : 518.05,
    "dma50" : 507.70,
    "dma100" : 500.00,
    "dma200" : 546.31,
    "volume" : 3672054.00
  }, {
    "date" : "2025-07-03",
    "price" : 510.35,
    "dma50" : 507.81,
    "dma100" : 500.41,
    "dma200" : 545.96,
    "volume" : 3357720.00
  }, {
    "date" : "2025-07-04",
    "price" : 512.00,
    "dma50" : 507.97,
    "dma100" : 500.59,
    "dma200" : 545.62,
    "volume" : 3586505.00
  }, {
    "date" : "2025-07-07",
    "price" : 509.65,
    "dma50" : 508.04,
    "dma100" : 500.74,
    "dma200" : 545.26,
    "volume" : 3605122.00
  }, {
    "date" : "2025-07-08",
    "price" : 513.55,
    "dma50" : 508.25,
    "dma100" : 501.03,
    "dma200" : 544.95,
    "volume" : 4076621.00
  }, {
    "date" : "2025-07-09",
    "price" : 514.90,
    "dma50" : 508.51,
    "dma100" : 501.41,
    "dma200" : 544.65,
    "volume" : 3726179.00
  }, {
    "date" : "2025-07-10",
    "price" : 530.55,
    "dma50" : 509.38,
    "dma100" : 502.05,
    "dma200" : 544.51,
    "volume" : 7360171.00
  }, {
    "date" : "2025-07-11",
    "price" : 523.70,
    "dma50" : 509.94,
    "dma100" : 502.61,
    "dma200" : 544.30,
    "volume" : 4519562.00
  }, {
    "date" : "2025-07-14",
    "price" : 530.50,
    "dma50" : 510.74,
    "dma100" : 503.24,
    "dma200" : 544.16,
    "volume" : 3486988.00
  }, {
    "date" : "2025-07-15",
    "price" : 528.95,
    "dma50" : 511.46,
    "dma100" : 504.16,
    "dma200" : 544.01,
    "volume" : 2527050.00
  }, {
    "date" : "2025-07-16",
    "price" : 531.75,
    "dma50" : 512.25,
    "dma100" : 505.16,
    "dma200" : 543.89,
    "volume" : 2533914.00
  }, {
    "date" : "2025-07-17",
    "price" : 531.60,
    "dma50" : 513.01,
    "dma100" : 506.07,
    "dma200" : 543.77,
    "volume" : 4324500.00
  }, {
    "date" : "2025-07-18",
    "price" : 530.40,
    "dma50" : 513.69,
    "dma100" : 506.83,
    "dma200" : 543.63,
    "volume" : 6020820.00
  }, {
    "date" : "2025-07-21",
    "price" : 531.70,
    "dma50" : 514.40,
    "dma100" : 507.46,
    "dma200" : 543.51,
    "volume" : 3044085.00
  }, {
    "date" : "2025-07-22",
    "price" : 531.55,
    "dma50" : 515.07,
    "dma100" : 507.81,
    "dma200" : 543.40,
    "volume" : 2884793.00
  }, {
    "date" : "2025-07-23",
    "price" : 533.85,
    "dma50" : 515.81,
    "dma100" : 508.35,
    "dma200" : 543.30,
    "volume" : 1483710.00
  }, {
    "date" : "2025-07-24",
    "price" : 532.55,
    "dma50" : 516.47,
    "dma100" : 509.00,
    "dma200" : 543.19,
    "volume" : 3796481.00
  }, {
    "date" : "2025-07-25",
    "price" : 518.10,
    "dma50" : 516.53,
    "dma100" : 509.59,
    "dma200" : 542.94,
    "volume" : 3804091.00
  }, {
    "date" : "2025-07-28",
    "price" : 520.10,
    "dma50" : 516.67,
    "dma100" : 510.15,
    "dma200" : 542.72,
    "volume" : 2309078.00
  }, {
    "date" : "2025-07-29",
    "price" : 524.80,
    "dma50" : 516.99,
    "dma100" : 510.66,
    "dma200" : 542.54,
    "volume" : 1574648.00
  }, {
    "date" : "2025-07-30",
    "price" : 526.50,
    "dma50" : 517.36,
    "dma100" : 511.12,
    "dma200" : 542.38,
    "volume" : 1689742.00
  }, {
    "date" : "2025-07-31",
    "price" : 515.05,
    "dma50" : 517.27,
    "dma100" : 511.18,
    "dma200" : 542.11,
    "volume" : 2045649.00
  }, {
    "date" : "2025-08-01",
    "price" : 511.65,
    "dma50" : 517.05,
    "dma100" : 511.30,
    "dma200" : 541.80,
    "volume" : 12982494.00
  }, {
    "date" : "2025-08-04",
    "price" : 537.80,
    "dma50" : 517.86,
    "dma100" : 511.76,
    "dma200" : 541.76,
    "volume" : 9439940.00
  }, {
    "date" : "2025-08-05",
    "price" : 537.70,
    "dma50" : 518.64,
    "dma100" : 512.08,
    "dma200" : 541.72,
    "volume" : 8999525.00
  }, {
    "date" : "2025-08-06",
    "price" : 534.05,
    "dma50" : 519.25,
    "dma100" : 512.28,
    "dma200" : 541.65,
    "volume" : 4648754.00
  }, {
    "date" : "2025-08-07",
    "price" : 532.90,
    "dma50" : 519.78,
    "dma100" : 512.46,
    "dma200" : 541.56,
    "volume" : 3143564.00
  }, {
    "date" : "2025-08-08",
    "price" : 518.30,
    "dma50" : 519.72,
    "dma100" : 512.50,
    "dma200" : 541.33,
    "volume" : 1829436.00
  }, {
    "date" : "2025-08-11",
    "price" : 535.10,
    "dma50" : 520.33,
    "dma100" : 512.57,
    "dma200" : 541.27,
    "volume" : 2759850.00
  }, {
    "date" : "2025-08-12",
    "price" : 533.15,
    "dma50" : 520.83,
    "dma100" : 512.42,
    "dma200" : 541.19,
    "volume" : 1664371.00
  }, {
    "date" : "2025-08-13",
    "price" : 535.00,
    "dma50" : 521.39,
    "dma100" : 512.06,
    "dma200" : 541.12,
    "volume" : 1302534.00
  }, {
    "date" : "2025-08-14",
    "price" : 529.15,
    "dma50" : 521.69,
    "dma100" : 511.73,
    "dma200" : 541.01,
    "volume" : 1116561.00
  }, {
    "date" : "2025-08-18",
    "price" : 533.60,
    "dma50" : 522.16,
    "dma100" : 511.47,
    "dma200" : 540.93,
    "volume" : 2499358.00
  }, {
    "date" : "2025-08-19",
    "price" : 533.30,
    "dma50" : 522.59,
    "dma100" : 511.05,
    "dma200" : 540.86,
    "volume" : 1452163.00
  }, {
    "date" : "2025-08-20",
    "price" : 531.75,
    "dma50" : 522.95,
    "dma100" : 510.81,
    "dma200" : 540.77,
    "volume" : 2617386.00
  }, {
    "date" : "2025-08-21",
    "price" : 521.30,
    "dma50" : 522.89,
    "dma100" : 510.49,
    "dma200" : 540.57,
    "volume" : 2712794.00
  }, {
    "date" : "2025-08-22",
    "price" : 517.90,
    "dma50" : 522.69,
    "dma100" : 510.19,
    "dma200" : 540.35,
    "volume" : 2156727.00
  }, {
    "date" : "2025-08-25",
    "price" : 521.45,
    "dma50" : 522.64,
    "dma100" : 510.02,
    "dma200" : 540.16,
    "volume" : 3295699.00
  }, {
    "date" : "2025-08-26",
    "price" : 513.10,
    "dma50" : 522.27,
    "dma100" : 509.93,
    "dma200" : 539.89,
    "volume" : 2100736.00
  }, {
    "date" : "2025-08-28",
    "price" : 497.65,
    "dma50" : 521.30,
    "dma100" : 509.64,
    "dma200" : 539.47,
    "volume" : 2218397.00
  }, {
    "date" : "2025-08-29",
    "price" : 488.45,
    "dma50" : 520.02,
    "dma100" : 509.26,
    "dma200" : 538.96,
    "volume" : 2170202.00
  }, {
    "date" : "2025-09-01",
    "price" : 501.10,
    "dma50" : 519.27,
    "dma100" : 509.20,
    "dma200" : 538.58,
    "volume" : 1377029.00
  }, {
    "date" : "2025-09-02",
    "price" : 511.30,
    "dma50" : 518.96,
    "dma100" : 509.43,
    "dma200" : 538.31,
    "volume" : 2155403.00
  }, {
    "date" : "2025-09-03",
    "price" : 509.05,
    "dma50" : 518.57,
    "dma100" : 509.62,
    "dma200" : 538.02,
    "volume" : 1644952.00
  }, {
    "date" : "2025-09-04",
    "price" : 502.50,
    "dma50" : 517.94,
    "dma100" : 509.82,
    "dma200" : 537.67,
    "volume" : 1735391.00
  }, {
    "date" : "2025-09-05",
    "price" : 504.10,
    "dma50" : 517.40,
    "dma100" : 509.92,
    "dma200" : 537.33,
    "volume" : 1104010.00
  }, {
    "date" : "2025-09-08",
    "price" : 510.20,
    "dma50" : 517.12,
    "dma100" : 509.90,
    "dma200" : 537.06,
    "volume" : 1695883.00
  }, {
    "date" : "2025-09-09",
    "price" : 506.10,
    "dma50" : 516.69,
    "dma100" : 509.86,
    "dma200" : 536.76,
    "volume" : 1228094.00
  }, {
    "date" : "2025-09-10",
    "price" : 519.00,
    "dma50" : 516.78,
    "dma100" : 509.98,
    "dma200" : 536.58,
    "volume" : 2577450.00
  }, {
    "date" : "2025-09-11",
    "price" : 521.55,
    "dma50" : 516.96,
    "dma100" : 509.98,
    "dma200" : 536.43,
    "volume" : 2157479.00
  }, {
    "date" : "2025-09-12",
    "price" : 525.75,
    "dma50" : 517.31,
    "dma100" : 510.14,
    "dma200" : 536.32,
    "volume" : 1909716.00
  }, {
    "date" : "2025-09-15",
    "price" : 532.00,
    "dma50" : 517.88,
    "dma100" : 510.37,
    "dma200" : 536.28,
    "volume" : 2047543.00
  }, {
    "date" : "2025-09-16",
    "price" : 540.05,
    "dma50" : 518.75,
    "dma100" : 510.74,
    "dma200" : 536.32,
    "volume" : 6044678.00
  }, {
    "date" : "2025-09-17",
    "price" : 535.00,
    "dma50" : 519.39,
    "dma100" : 511.26,
    "dma200" : 536.30,
    "volume" : 1490082.00
  }, {
    "date" : "2025-09-18",
    "price" : 537.80,
    "dma50" : 520.11,
    "dma100" : 511.88,
    "dma200" : 536.32,
    "volume" : 1217097.00
  }, {
    "date" : "2025-09-19",
    "price" : 545.50,
    "dma50" : 521.11,
    "dma100" : 512.69,
    "dma200" : 536.41,
    "volume" : 4617825.00
  }, {
    "date" : "2025-09-22",
    "price" : 542.95,
    "dma50" : 521.96,
    "dma100" : 513.32,
    "dma200" : 536.48,
    "volume" : 1957886.00
  }, {
    "date" : "2025-09-23",
    "price" : 543.85,
    "dma50" : 522.82,
    "dma100" : 514.07,
    "dma200" : 536.55,
    "volume" : 3601538.00
  }, {
    "date" : "2025-09-24",
    "price" : 535.15,
    "dma50" : 523.31,
    "dma100" : 514.60,
    "dma200" : 536.54,
    "volume" : 2600423.00
  }, {
    "date" : "2025-09-25",
    "price" : 528.60,
    "dma50" : 523.51,
    "dma100" : 515.23,
    "dma200" : 536.46,
    "volume" : 2143391.00
  }, {
    "date" : "2025-09-26",
    "price" : 520.10,
    "dma50" : 523.38,
    "dma100" : 515.74,
    "dma200" : 536.29,
    "volume" : 1540390.00
  }, {
    "date" : "2025-09-29",
    "price" : 528.55,
    "dma50" : 523.58,
    "dma100" : 516.40,
    "dma200" : 536.22,
    "volume" : 1563976.00
  }, {
    "date" : "2025-09-30",
    "price" : 530.85,
    "dma50" : 523.87,
    "dma100" : 517.11,
    "dma200" : 536.16,
    "volume" : 1592520.00
  }, {
    "date" : "2025-10-01",
    "price" : 536.45,
    "dma50" : 524.36,
    "dma100" : 517.66,
    "dma200" : 536.17,
    "volume" : 905755.00
  }, {
    "date" : "2025-10-03",
    "price" : 539.90,
    "dma50" : 524.97,
    "dma100" : 518.32,
    "dma200" : 536.20,
    "volume" : 1936763.00
  }, {
    "date" : "2025-10-06",
    "price" : 541.00,
    "dma50" : 525.60,
    "dma100" : 518.98,
    "dma200" : 536.25,
    "volume" : 1975789.00
  }, {
    "date" : "2025-10-07",
    "price" : 548.05,
    "dma50" : 526.48,
    "dma100" : 519.58,
    "dma200" : 536.37,
    "volume" : 4444129.00
  }, {
    "date" : "2025-10-08",
    "price" : 534.45,
    "dma50" : 526.79,
    "dma100" : 519.89,
    "dma200" : 536.35,
    "volume" : 3409335.00
  }, {
    "date" : "2025-10-09",
    "price" : 542.80,
    "dma50" : 527.42,
    "dma100" : 520.16,
    "dma200" : 536.41,
    "volume" : 1527875.00
  }, {
    "date" : "2025-10-10",
    "price" : 546.00,
    "dma50" : 528.15,
    "dma100" : 520.58,
    "dma200" : 536.51,
    "volume" : 1735748.00
  }, {
    "date" : "2025-10-13",
    "price" : 544.45,
    "dma50" : 528.79,
    "dma100" : 520.97,
    "dma200" : 536.59,
    "volume" : 1423905.00
  }, {
    "date" : "2025-10-14",
    "price" : 541.05,
    "dma50" : 529.27,
    "dma100" : 521.38,
    "dma200" : 536.63,
    "volume" : 2866140.00
  }, {
    "date" : "2025-10-15",
    "price" : 545.75,
    "dma50" : 529.91,
    "dma100" : 521.88,
    "dma200" : 536.72,
    "volume" : 1788199.00
  }, {
    "date" : "2025-10-16",
    "price" : 548.60,
    "dma50" : 530.65,
    "dma100" : 522.31,
    "dma200" : 536.84,
    "volume" : 2558099.00
  }, {
    "date" : "2025-10-17",
    "price" : 540.80,
    "dma50" : 531.05,
    "dma100" : 522.75,
    "dma200" : 536.88,
    "volume" : 3642103.00
  }, {
    "date" : "2025-10-20",
    "price" : 525.20,
    "dma50" : 530.82,
    "dma100" : 523.04,
    "dma200" : 536.76,
    "volume" : 5294481.00
  }, {
    "date" : "2025-10-21",
    "price" : 528.10,
    "dma50" : 530.71,
    "dma100" : 523.31,
    "dma200" : 536.68,
    "volume" : 538913.00
  }, {
    "date" : "2025-10-23",
    "price" : 533.30,
    "dma50" : 530.81,
    "dma100" : 523.76,
    "dma200" : 536.64,
    "volume" : 2844523.00
  }, {
    "date" : "2025-10-24",
    "price" : 531.15,
    "dma50" : 530.82,
    "dma100" : 524.10,
    "dma200" : 536.59,
    "volume" : 2430805.00
  }, {
    "date" : "2025-10-27",
    "price" : 529.35,
    "dma50" : 530.77,
    "dma100" : 524.40,
    "dma200" : 536.52,
    "volume" : 6090198.00
  }, {
    "date" : "2025-10-28",
    "price" : 536.35,
    "dma50" : 530.99,
    "dma100" : 524.67,
    "dma200" : 536.52,
    "volume" : 2803471.00
  }, {
    "date" : "2025-10-29",
    "price" : 534.45,
    "dma50" : 531.12,
    "dma100" : 524.94,
    "dma200" : 536.50,
    "volume" : 2776242.00
  }, {
    "date" : "2025-10-30",
    "price" : 538.15,
    "dma50" : 531.40,
    "dma100" : 525.09,
    "dma200" : 536.51,
    "volume" : 1829089.00
  }, {
    "date" : "2025-10-31",
    "price" : 527.45,
    "dma50" : 531.24,
    "dma100" : 525.02,
    "dma200" : 536.42,
    "volume" : 3046909.00
  }, {
    "date" : "2025-11-03",
    "price" : 532.90,
    "dma50" : 531.31,
    "dma100" : 525.01,
    "dma200" : 536.39,
    "volume" : 1877235.00
  }, {
    "date" : "2025-11-04",
    "price" : 528.10,
    "dma50" : 531.18,
    "dma100" : 524.94,
    "dma200" : 536.30,
    "volume" : 1749419.00
  }, {
    "date" : "2025-11-06",
    "price" : 517.35,
    "dma50" : 530.64,
    "dma100" : 524.94,
    "dma200" : 536.12,
    "volume" : 2068783.00
  }, {
    "date" : "2025-11-07",
    "price" : 519.15,
    "dma50" : 530.19,
    "dma100" : 525.07,
    "dma200" : 535.95,
    "volume" : 1593786.00
  }, {
    "date" : "2025-11-10",
    "price" : 522.50,
    "dma50" : 529.89,
    "dma100" : 525.16,
    "dma200" : 535.81,
    "volume" : 925693.00
  }, {
    "date" : "2025-11-11",
    "price" : 526.85,
    "dma50" : 529.77,
    "dma100" : 525.40,
    "dma200" : 535.72,
    "volume" : 1478245.00
  }, {
    "date" : "2025-11-12",
    "price" : 528.05,
    "dma50" : 529.70,
    "dma100" : 525.64,
    "dma200" : 535.65,
    "volume" : 1800683.00
  }, {
    "date" : "2025-11-13",
    "price" : 528.30,
    "dma50" : 529.65,
    "dma100" : 526.12,
    "dma200" : 535.57,
    "volume" : 1840444.00
  }, {
    "date" : "2025-11-14",
    "price" : 528.80,
    "dma50" : 529.61,
    "dma100" : 526.41,
    "dma200" : 535.51,
    "volume" : 2013316.00
  }, {
    "date" : "2025-11-17",
    "price" : 527.65,
    "dma50" : 529.54,
    "dma100" : 526.68,
    "dma200" : 535.43,
    "volume" : 1298975.00
  }, {
    "date" : "2025-11-18",
    "price" : 526.95,
    "dma50" : 529.43,
    "dma100" : 526.90,
    "dma200" : 535.34,
    "volume" : 2344046.00
  }, {
    "date" : "2025-11-19",
    "price" : 513.65,
    "dma50" : 528.82,
    "dma100" : 526.96,
    "dma200" : 535.13,
    "volume" : 2981520.00
  }, {
    "date" : "2025-11-20",
    "price" : 504.85,
    "dma50" : 527.88,
    "dma100" : 526.84,
    "dma200" : 534.83,
    "volume" : 3590708.00
  }, {
    "date" : "2025-11-21",
    "price" : 484.55,
    "dma50" : 526.18,
    "dma100" : 526.46,
    "dma200" : 534.33,
    "volume" : 6505542.00
  }, {
    "date" : "2025-11-24",
    "price" : 481.00,
    "dma50" : 524.40,
    "dma100" : 526.05,
    "dma200" : 533.80,
    "volume" : 3753761.00
  }, {
    "date" : "2025-11-25",
    "price" : 476.60,
    "dma50" : 522.53,
    "dma100" : 525.55,
    "dma200" : 533.23,
    "volume" : 3147997.00
  }, {
    "date" : "2025-11-26",
    "price" : 487.25,
    "dma50" : 521.15,
    "dma100" : 525.24,
    "dma200" : 532.77,
    "volume" : 1666531.00
  }, {
    "date" : "2025-11-27",
    "price" : 488.00,
    "dma50" : 519.85,
    "dma100" : 525.01,
    "dma200" : 532.32,
    "volume" : 2463803.00
  }, {
    "date" : "2025-11-28",
    "price" : 488.65,
    "dma50" : 518.62,
    "dma100" : 524.78,
    "dma200" : 531.89,
    "volume" : 1314636.00
  }, {
    "date" : "2025-12-01",
    "price" : 491.80,
    "dma50" : 517.57,
    "dma100" : 524.60,
    "dma200" : 531.49,
    "volume" : 1977830.00
  }, {
    "date" : "2025-12-02",
    "price" : 484.15,
    "dma50" : 516.26,
    "dma100" : 524.31,
    "dma200" : 531.02,
    "volume" : 2383656.00
  }, {
    "date" : "2025-12-03",
    "price" : 470.20,
    "dma50" : 514.45,
    "dma100" : 523.86,
    "dma200" : 530.41,
    "volume" : 3218926.00
  }, {
    "date" : "2025-12-04",
    "price" : 459.85,
    "dma50" : 512.31,
    "dma100" : 523.15,
    "dma200" : 529.71,
    "volume" : 6163733.00
  }, {
    "date" : "2025-12-05",
    "price" : 461.95,
    "dma50" : 510.34,
    "dma100" : 522.54,
    "dma200" : 529.04,
    "volume" : 5200475.00
  }, {
    "date" : "2025-12-08",
    "price" : 453.85,
    "dma50" : 508.12,
    "dma100" : 521.77,
    "dma200" : 528.29,
    "volume" : 3142904.00
  }, {
    "date" : "2025-12-09",
    "price" : 451.20,
    "dma50" : 505.89,
    "dma100" : 520.99,
    "dma200" : 527.52,
    "volume" : 37179802.00
  }, {
    "date" : "2025-12-10",
    "price" : 451.15,
    "dma50" : 503.74,
    "dma100" : 520.19,
    "dma200" : 526.76,
    "volume" : 5631077.00
  }, {
    "date" : "2025-12-11",
    "price" : 457.80,
    "dma50" : 501.94,
    "dma100" : 519.45,
    "dma200" : 526.08,
    "volume" : 2161603.00
  }, {
    "date" : "2025-12-12",
    "price" : 482.20,
    "dma50" : 501.17,
    "dma100" : 518.97,
    "dma200" : 525.64,
    "volume" : 6107636.00
  }, {
    "date" : "2025-12-15",
    "price" : 486.45,
    "dma50" : 500.59,
    "dma100" : 518.51,
    "dma200" : 525.25,
    "volume" : 3911013.00
  }, {
    "date" : "2025-12-16",
    "price" : 478.50,
    "dma50" : 499.72,
    "dma100" : 517.98,
    "dma200" : 524.79,
    "volume" : 2116527.00
  }, {
    "date" : "2025-12-17",
    "price" : 475.25,
    "dma50" : 498.76,
    "dma100" : 517.40,
    "dma200" : 524.29,
    "volume" : 1917031.00
  }, {
    "date" : "2025-12-18",
    "price" : 472.00,
    "dma50" : 497.72,
    "dma100" : 516.79,
    "dma200" : 523.77,
    "volume" : 2086209.00
  }, {
    "date" : "2025-12-19",
    "price" : 478.25,
    "dma50" : 496.95,
    "dma100" : 516.39,
    "dma200" : 523.32,
    "volume" : 1677679.00
  }, {
    "date" : "2025-12-22",
    "price" : 478.95,
    "dma50" : 496.25,
    "dma100" : 515.98,
    "dma200" : 522.88,
    "volume" : 888825.00
  }, {
    "date" : "2025-12-23",
    "price" : 485.65,
    "dma50" : 495.83,
    "dma100" : 515.59,
    "dma200" : 522.51,
    "volume" : 1243183.00
  }, {
    "date" : "2025-12-24",
    "price" : 484.35,
    "dma50" : 495.38,
    "dma100" : 515.17,
    "dma200" : 522.13,
    "volume" : 1958377.00
  }, {
    "date" : "2025-12-26",
    "price" : 479.40,
    "dma50" : 494.75,
    "dma100" : 514.81,
    "dma200" : 521.70,
    "volume" : 751969.00
  }, {
    "date" : "2025-12-29",
    "price" : 471.15,
    "dma50" : 493.83,
    "dma100" : 514.41,
    "dma200" : 521.20,
    "volume" : 835813.00
  }, {
    "date" : "2025-12-30",
    "price" : 469.75,
    "dma50" : 492.88,
    "dma100" : 513.73,
    "dma200" : 520.69,
    "volume" : 698609.00
  }, {
    "date" : "2025-12-31",
    "price" : 482.45,
    "dma50" : 492.47,
    "dma100" : 513.17,
    "dma200" : 520.31,
    "volume" : 2390297.00
  }, {
    "date" : "2026-01-01",
    "price" : 502.00,
    "dma50" : 492.85,
    "dma100" : 512.85,
    "dma200" : 520.12,
    "volume" : 6368983.00
  }, {
    "date" : "2026-01-02",
    "price" : 510.65,
    "dma50" : 493.55,
    "dma100" : 512.63,
    "dma200" : 520.03,
    "volume" : 5687742.00
  }, {
    "date" : "2026-01-05",
    "price" : 516.90,
    "dma50" : 494.46,
    "dma100" : 512.62,
    "dma200" : 520.00,
    "volume" : 4080139.00
  }, {
    "date" : "2026-01-06",
    "price" : 514.85,
    "dma50" : 495.26,
    "dma100" : 512.42,
    "dma200" : 519.95,
    "volume" : 1675883.00
  }, {
    "date" : "2026-01-07",
    "price" : 512.60,
    "dma50" : 495.94,
    "dma100" : 512.21,
    "dma200" : 519.88,
    "volume" : 1325355.00
  }, {
    "date" : "2026-01-08",
    "price" : 499.70,
    "dma50" : 496.09,
    "dma100" : 511.86,
    "dma200" : 519.67,
    "volume" : 1278080.00
  }, {
    "date" : "2026-01-09",
    "price" : 490.25,
    "dma50" : 495.86,
    "dma100" : 511.47,
    "dma200" : 519.38,
    "volume" : 1324937.00
  }, {
    "date" : "2026-01-12",
    "price" : 498.80,
    "dma50" : 495.98,
    "dma100" : 511.12,
    "dma200" : 519.18,
    "volume" : 2434287.00
  }, {
    "date" : "2026-01-13",
    "price" : 494.15,
    "dma50" : 495.90,
    "dma100" : 510.73,
    "dma200" : 518.93,
    "volume" : 1546966.00
  }, {
    "date" : "2026-01-14",
    "price" : 494.65,
    "dma50" : 495.85,
    "dma100" : 510.36,
    "dma200" : 518.69,
    "volume" : 972866.00
  }, {
    "date" : "2026-01-16",
    "price" : 492.80,
    "dma50" : 495.73,
    "dma100" : 510.07,
    "dma200" : 518.43,
    "volume" : 2582654.00
  }, {
    "date" : "2026-01-19",
    "price" : 486.35,
    "dma50" : 495.37,
    "dma100" : 509.76,
    "dma200" : 518.11,
    "volume" : 988572.00
  }, {
    "date" : "2026-01-20",
    "price" : 479.10,
    "dma50" : 494.73,
    "dma100" : 509.33,
    "dma200" : 517.72,
    "volume" : 1476381.00
  }, {
    "date" : "2026-01-21",
    "price" : 477.80,
    "dma50" : 494.06,
    "dma100" : 508.98,
    "dma200" : 517.32,
    "volume" : 1672664.00
  }, {
    "date" : "2026-01-22",
    "price" : 492.35,
    "dma50" : 494.00,
    "dma100" : 508.93,
    "dma200" : 517.08,
    "volume" : 1352008.00
  }, {
    "date" : "2026-01-23",
    "price" : 477.65,
    "dma50" : 493.36,
    "dma100" : 508.82,
    "dma200" : 516.68,
    "volume" : 1828122.00
  }, {
    "date" : "2026-01-27",
    "price" : 440.05,
    "dma50" : 491.27,
    "dma100" : 508.21,
    "dma200" : 515.92,
    "volume" : 25172613.00
  }, {
    "date" : "2026-01-28",
    "price" : 446.25,
    "dma50" : 489.50,
    "dma100" : 507.56,
    "dma200" : 515.23,
    "volume" : 10225512.00
  }, {
    "date" : "2026-01-29",
    "price" : 459.00,
    "dma50" : 488.30,
    "dma100" : 507.06,
    "dma200" : 514.67,
    "volume" : 3465792.00
  }, {
    "date" : "2026-01-30",
    "price" : 459.80,
    "dma50" : 487.19,
    "dma100" : 506.63,
    "dma200" : 514.12,
    "volume" : 3096848.00
  } ],
  "latestTechnicalAttributes" : {
    "date" : "2026-01-30",
    "price" : 459.80,
    "dma50" : 487.19,
    "dma100" : 506.63,
    "dma200" : 514.12,
    "volume" : 3096848.00
  },
  "quarterlyResults" : [ {
    "date" : "2008-12-31",
    "sales" : 407.92,
    "salesGrowthYoY" : null,
    "grossProfitMargin" : 60.09,
    "grossProfit" : 245.12,
    "operatingProfitMargin" : 54.38,
    "operatingProfit" : 221.83,
    "netProfitMargin" : 37.70,
    "netProfit" : 153.79
  }, {
    "date" : "2009-03-31",
    "sales" : 372.40,
    "salesGrowthYoY" : null,
    "grossProfitMargin" : 58.83,
    "grossProfit" : 219.08,
    "operatingProfitMargin" : 49.37,
    "operatingProfit" : 183.85,
    "netProfitMargin" : 30.17,
    "netProfit" : 112.35
  }, {
    "date" : "2009-06-30",
    "sales" : 348.82,
    "salesGrowthYoY" : null,
    "grossProfitMargin" : 69.26,
    "grossProfit" : 241.59,
    "operatingProfitMargin" : 61.86,
    "operatingProfit" : 215.78,
    "netProfitMargin" : 38.05,
    "netProfit" : 132.73
  }, {
    "date" : "2009-09-30",
    "sales" : 568.09,
    "salesGrowthYoY" : null,
    "grossProfitMargin" : 61.77,
    "grossProfit" : 350.91,
    "operatingProfitMargin" : 53.10,
    "operatingProfit" : 301.66,
    "netProfitMargin" : 28.50,
    "netProfit" : 161.91
  }, {
    "date" : "2009-12-31",
    "sales" : 704.12,
    "salesGrowthYoY" : 72.61,
    "grossProfitMargin" : 62.50,
    "grossProfit" : 440.07,
    "operatingProfitMargin" : 58.50,
    "operatingProfit" : 411.91,
    "netProfitMargin" : 33.67,
    "netProfit" : 237.08
  }, {
    "date" : "2010-03-31",
    "sales" : 751.84,
    "salesGrowthYoY" : 101.89,
    "grossProfitMargin" : 55.00,
    "grossProfit" : 413.51,
    "operatingProfitMargin" : 47.68,
    "operatingProfit" : 358.48,
    "netProfitMargin" : 41.90,
    "netProfit" : 315.02
  }, {
    "date" : "2010-06-30",
    "sales" : 899.02,
    "salesGrowthYoY" : 157.73,
    "grossProfitMargin" : 56.77,
    "grossProfit" : 510.37,
    "operatingProfitMargin" : 52.53,
    "operatingProfit" : 472.26,
    "netProfitMargin" : 36.40,
    "netProfit" : 327.24
  }, {
    "date" : "2010-09-30",
    "sales" : 802.59,
    "salesGrowthYoY" : 41.28,
    "grossProfitMargin" : 48.86,
    "grossProfit" : 392.15,
    "operatingProfitMargin" : 39.39,
    "operatingProfit" : 316.14,
    "netProfitMargin" : 26.88,
    "netProfit" : 215.74
  }, {
    "date" : "2010-12-31",
    "sales" : 956.91,
    "salesGrowthYoY" : 35.90,
    "grossProfitMargin" : 42.29,
    "grossProfit" : 404.68,
    "operatingProfitMargin" : 34.82,
    "operatingProfit" : 333.20,
    "netProfitMargin" : 12.84,
    "netProfit" : 122.87
  }, {
    "date" : "2011-03-31",
    "sales" : 1205.66,
    "salesGrowthYoY" : 60.36,
    "grossProfitMargin" : 39.72,
    "grossProfit" : 478.89,
    "operatingProfitMargin" : 33.25,
    "operatingProfit" : 400.88,
    "netProfitMargin" : 18.23,
    "netProfit" : 219.79
  }, {
    "date" : "2011-06-30",
    "sales" : 1180.76,
    "salesGrowthYoY" : 31.34,
    "grossProfitMargin" : 41.72,
    "grossProfit" : 492.61,
    "operatingProfitMargin" : 34.57,
    "operatingProfit" : 408.19,
    "netProfitMargin" : 16.11,
    "netProfit" : 190.22
  }, {
    "date" : "2011-09-30",
    "sales" : 843.60,
    "salesGrowthYoY" : 5.11,
    "grossProfitMargin" : 24.12,
    "grossProfit" : 203.48,
    "operatingProfitMargin" : 15.53,
    "operatingProfit" : 131.01,
    "netProfitMargin" : -4.00,
    "netProfit" : -33.74
  }, {
    "date" : "2011-12-31",
    "sales" : 1455.20,
    "salesGrowthYoY" : 52.07,
    "grossProfitMargin" : 24.89,
    "grossProfit" : 362.20,
    "operatingProfitMargin" : 18.47,
    "operatingProfit" : 268.78,
    "netProfitMargin" : 4.14,
    "netProfit" : 60.25
  }, {
    "date" : "2012-03-31",
    "sales" : 1536.86,
    "salesGrowthYoY" : 27.47,
    "grossProfitMargin" : 32.39,
    "grossProfit" : 497.79,
    "operatingProfitMargin" : 26.43,
    "operatingProfit" : 406.19,
    "netProfitMargin" : 11.83,
    "netProfit" : 181.81
  }, {
    "date" : "2012-06-30",
    "sales" : 1606.04,
    "salesGrowthYoY" : 36.02,
    "grossProfitMargin" : 34.35,
    "grossProfit" : 551.67,
    "operatingProfitMargin" : 28.18,
    "operatingProfit" : 452.58,
    "netProfitMargin" : 16.21,
    "netProfit" : 260.34
  }, {
    "date" : "2012-09-30",
    "sales" : 1514.01,
    "salesGrowthYoY" : 79.47,
    "grossProfitMargin" : 38.18,
    "grossProfit" : 578.05,
    "operatingProfitMargin" : 30.42,
    "operatingProfit" : 460.56,
    "netProfitMargin" : 14.98,
    "netProfit" : 226.80
  }, {
    "date" : "2012-12-31",
    "sales" : 1727.34,
    "salesGrowthYoY" : 18.70,
    "grossProfitMargin" : 42.84,
    "grossProfit" : 739.99,
    "operatingProfitMargin" : 37.15,
    "operatingProfit" : 641.71,
    "netProfitMargin" : 19.38,
    "netProfit" : 334.76
  }, {
    "date" : "2013-03-31",
    "sales" : 1549.06,
    "salesGrowthYoY" : 0.79,
    "grossProfitMargin" : 41.05,
    "grossProfit" : 635.89,
    "operatingProfitMargin" : 35.56,
    "operatingProfit" : 550.85,
    "netProfitMargin" : 20.95,
    "netProfit" : 324.53
  }, {
    "date" : "2013-06-30",
    "sales" : 1499.31,
    "salesGrowthYoY" : -6.65,
    "grossProfitMargin" : 44.26,
    "grossProfit" : 663.59,
    "operatingProfitMargin" : 38.88,
    "operatingProfit" : 582.93,
    "netProfitMargin" : 19.81,
    "netProfit" : 297.01
  }, {
    "date" : "2013-09-30",
    "sales" : 1229.92,
    "salesGrowthYoY" : -18.76,
    "grossProfitMargin" : 45.02,
    "grossProfit" : 553.71,
    "operatingProfitMargin" : 37.71,
    "operatingProfit" : 463.80,
    "netProfitMargin" : 16.14,
    "netProfit" : 198.51
  }, {
    "date" : "2013-12-31",
    "sales" : 1548.09,
    "salesGrowthYoY" : -10.38,
    "grossProfitMargin" : 35.73,
    "grossProfit" : 553.13,
    "operatingProfitMargin" : 30.35,
    "operatingProfit" : 469.85,
    "netProfitMargin" : 10.53,
    "netProfit" : 163.01
  }, {
    "date" : "2014-03-31",
    "sales" : 1525.29,
    "salesGrowthYoY" : -1.53,
    "grossProfitMargin" : 37.91,
    "grossProfit" : 578.24,
    "operatingProfitMargin" : 32.52,
    "operatingProfit" : 496.02,
    "netProfitMargin" : 14.34,
    "netProfit" : 218.73
  }, {
    "date" : "2014-06-30",
    "sales" : 1726.04,
    "salesGrowthYoY" : 15.12,
    "grossProfitMargin" : 35.28,
    "grossProfit" : 608.95,
    "operatingProfitMargin" : 30.01,
    "operatingProfit" : 517.98,
    "netProfitMargin" : 13.83,
    "netProfit" : 238.71
  }, {
    "date" : "2014-09-30",
    "sales" : 1526.96,
    "salesGrowthYoY" : 24.15,
    "grossProfitMargin" : 36.33,
    "grossProfit" : 554.74,
    "operatingProfitMargin" : 31.36,
    "operatingProfit" : 478.85,
    "netProfitMargin" : 16.79,
    "netProfit" : 256.38
  }, {
    "date" : "2014-12-31",
    "sales" : 1658.91,
    "salesGrowthYoY" : 7.16,
    "grossProfitMargin" : 39.62,
    "grossProfit" : 657.26,
    "operatingProfitMargin" : 35.37,
    "operatingProfit" : 586.76,
    "netProfitMargin" : 17.45,
    "netProfit" : 289.48
  }, {
    "date" : "2015-03-31",
    "sales" : 1420.04,
    "salesGrowthYoY" : -6.90,
    "grossProfitMargin" : 44.09,
    "grossProfit" : 626.10,
    "operatingProfitMargin" : 36.55,
    "operatingProfit" : 519.02,
    "netProfitMargin" : 16.50,
    "netProfit" : 234.31
  }, {
    "date" : "2015-06-30",
    "sales" : 1275.33,
    "salesGrowthYoY" : -26.11,
    "grossProfitMargin" : 41.11,
    "grossProfit" : 524.29,
    "operatingProfitMargin" : 34.02,
    "operatingProfit" : 433.87,
    "netProfitMargin" : 15.42,
    "netProfit" : 196.66
  }, {
    "date" : "2015-09-30",
    "sales" : 1423.77,
    "salesGrowthYoY" : -6.76,
    "grossProfitMargin" : 40.36,
    "grossProfit" : 574.63,
    "operatingProfitMargin" : 33.03,
    "operatingProfit" : 470.27,
    "netProfitMargin" : 17.11,
    "netProfit" : 243.61
  }, {
    "date" : "2015-12-31",
    "sales" : 1564.33,
    "salesGrowthYoY" : -5.70,
    "grossProfitMargin" : 45.58,
    "grossProfit" : 713.02,
    "operatingProfitMargin" : 39.72,
    "operatingProfit" : 621.35,
    "netProfitMargin" : 23.16,
    "netProfit" : 362.30
  }, {
    "date" : "2016-03-31",
    "sales" : 1599.20,
    "salesGrowthYoY" : 12.62,
    "grossProfitMargin" : 46.20,
    "grossProfit" : 738.83,
    "operatingProfitMargin" : 39.84,
    "operatingProfit" : 637.12,
    "netProfitMargin" : 23.73,
    "netProfit" : 379.49
  }, {
    "date" : "2016-06-30",
    "sales" : 1298.81,
    "salesGrowthYoY" : 1.84,
    "grossProfitMargin" : 41.79,
    "grossProfit" : 542.77,
    "operatingProfitMargin" : 34.49,
    "operatingProfit" : 447.96,
    "netProfitMargin" : 17.33,
    "netProfit" : 225.08
  }, {
    "date" : "2016-09-30",
    "sales" : 815.39,
    "salesGrowthYoY" : -42.73,
    "grossProfitMargin" : 30.84,
    "grossProfit" : 251.47,
    "operatingProfitMargin" : 20.26,
    "operatingProfit" : 165.20,
    "netProfitMargin" : -1.02,
    "netProfit" : -8.32
  }, {
    "date" : "2016-12-31",
    "sales" : 913.79,
    "salesGrowthYoY" : -41.59,
    "grossProfitMargin" : 26.60,
    "grossProfit" : 243.07,
    "operatingProfitMargin" : 15.34,
    "operatingProfit" : 140.18,
    "netProfitMargin" : -2.68,
    "netProfit" : -24.49
  }, {
    "date" : "2017-03-31",
    "sales" : 1012.98,
    "salesGrowthYoY" : -36.66,
    "grossProfitMargin" : 24.55,
    "grossProfit" : 248.69,
    "operatingProfitMargin" : 15.00,
    "operatingProfit" : 151.95,
    "netProfitMargin" : 0.24,
    "netProfit" : 2.43
  }, {
    "date" : "2017-06-30",
    "sales" : 1122.11,
    "salesGrowthYoY" : -13.60,
    "grossProfitMargin" : 25.31,
    "grossProfit" : 284.01,
    "operatingProfitMargin" : 17.19,
    "operatingProfit" : 192.89,
    "netProfitMargin" : 4.60,
    "netProfit" : 51.62
  }, {
    "date" : "2017-09-30",
    "sales" : 938.79,
    "salesGrowthYoY" : 15.13,
    "grossProfitMargin" : 30.01,
    "grossProfit" : 281.73,
    "operatingProfitMargin" : 21.60,
    "operatingProfit" : 202.78,
    "netProfitMargin" : 7.63,
    "netProfit" : 71.63
  }, {
    "date" : "2017-12-31",
    "sales" : 1134.62,
    "salesGrowthYoY" : 24.17,
    "grossProfitMargin" : 24.01,
    "grossProfit" : 272.42,
    "operatingProfitMargin" : 16.02,
    "operatingProfit" : 181.77,
    "netProfitMargin" : 4.54,
    "netProfit" : 51.51
  }, {
    "date" : "2018-03-31",
    "sales" : 1016.53,
    "salesGrowthYoY" : 0.35,
    "grossProfitMargin" : 22.10,
    "grossProfit" : 224.65,
    "operatingProfitMargin" : 13.28,
    "operatingProfit" : 135.00,
    "netProfitMargin" : 0.02,
    "netProfit" : 0.20
  }, {
    "date" : "2018-06-30",
    "sales" : 1311.07,
    "salesGrowthYoY" : 16.84,
    "grossProfitMargin" : 19.92,
    "grossProfit" : 261.17,
    "operatingProfitMargin" : 13.86,
    "operatingProfit" : 181.71,
    "netProfitMargin" : 2.97,
    "netProfit" : 38.94
  }, {
    "date" : "2018-09-30",
    "sales" : 1199.10,
    "salesGrowthYoY" : 27.73,
    "grossProfitMargin" : 20.92,
    "grossProfit" : 250.85,
    "operatingProfitMargin" : 14.09,
    "operatingProfit" : 168.95,
    "netProfitMargin" : 5.92,
    "netProfit" : 70.99
  }, {
    "date" : "2018-12-31",
    "sales" : 1497.03,
    "salesGrowthYoY" : 31.94,
    "grossProfitMargin" : 25.62,
    "grossProfit" : 383.54,
    "operatingProfitMargin" : 20.78,
    "operatingProfit" : 311.08,
    "netProfitMargin" : 7.62,
    "netProfit" : 114.07
  }, {
    "date" : "2019-03-31",
    "sales" : 1111.13,
    "salesGrowthYoY" : 9.31,
    "grossProfitMargin" : 22.41,
    "grossProfit" : 249.00,
    "operatingProfitMargin" : 12.83,
    "operatingProfit" : 142.56,
    "netProfitMargin" : 2.48,
    "netProfit" : 27.56
  }, {
    "date" : "2019-06-30",
    "sales" : 1142.75,
    "salesGrowthYoY" : -12.84,
    "grossProfitMargin" : 28.19,
    "grossProfit" : 322.14,
    "operatingProfitMargin" : 21.51,
    "operatingProfit" : 245.81,
    "netProfitMargin" : 6.56,
    "netProfit" : 74.96
  }, {
    "date" : "2019-09-30",
    "sales" : 1063.50,
    "salesGrowthYoY" : -11.31,
    "grossProfitMargin" : 27.17,
    "grossProfit" : 288.95,
    "operatingProfitMargin" : 18.57,
    "operatingProfit" : 197.49,
    "netProfitMargin" : 6.08,
    "netProfit" : 64.66
  }, {
    "date" : "2019-12-31",
    "sales" : 1091.74,
    "salesGrowthYoY" : -27.07,
    "grossProfitMargin" : 26.09,
    "grossProfit" : 284.83,
    "operatingProfitMargin" : 19.31,
    "operatingProfit" : 210.81,
    "netProfitMargin" : 22.00,
    "netProfit" : 240.18
  }, {
    "date" : "2020-03-31",
    "sales" : 1016.00,
    "salesGrowthYoY" : -8.56,
    "grossProfitMargin" : 33.83,
    "grossProfit" : 343.71,
    "operatingProfitMargin" : 23.62,
    "operatingProfit" : 239.98,
    "netProfitMargin" : 9.36,
    "netProfit" : 95.10
  }, {
    "date" : "2020-06-30",
    "sales" : 804.35,
    "salesGrowthYoY" : -29.61,
    "grossProfitMargin" : 30.56,
    "grossProfit" : 245.81,
    "operatingProfitMargin" : 23.15,
    "operatingProfit" : 186.21,
    "netProfitMargin" : 3.51,
    "netProfit" : 28.23
  }, {
    "date" : "2020-09-30",
    "sales" : 672.03,
    "salesGrowthYoY" : -36.81,
    "grossProfitMargin" : 36.77,
    "grossProfit" : 247.11,
    "operatingProfitMargin" : 27.06,
    "operatingProfit" : 181.85,
    "netProfitMargin" : 5.26,
    "netProfit" : 35.35
  }, {
    "date" : "2020-12-31",
    "sales" : 691.75,
    "salesGrowthYoY" : -36.64,
    "grossProfitMargin" : 37.33,
    "grossProfit" : 258.23,
    "operatingProfitMargin" : 26.77,
    "operatingProfit" : 185.18,
    "netProfitMargin" : 5.08,
    "netProfit" : 35.14
  }, {
    "date" : "2021-03-31",
    "sales" : 729.40,
    "salesGrowthYoY" : -28.21,
    "grossProfitMargin" : 50.49,
    "grossProfit" : 368.27,
    "operatingProfitMargin" : 35.68,
    "operatingProfit" : 260.25,
    "netProfitMargin" : 11.99,
    "netProfit" : 87.46
  }, {
    "date" : "2021-06-30",
    "sales" : 757.98,
    "salesGrowthYoY" : -5.76,
    "grossProfitMargin" : 37.47,
    "grossProfit" : 284.02,
    "operatingProfitMargin" : 26.30,
    "operatingProfit" : 199.35,
    "netProfitMargin" : 11.73,
    "netProfit" : 88.91
  }, {
    "date" : "2021-09-30",
    "sales" : 802.17,
    "salesGrowthYoY" : 19.37,
    "grossProfitMargin" : 40.41,
    "grossProfit" : 324.16,
    "operatingProfitMargin" : 25.88,
    "operatingProfit" : 207.60,
    "netProfitMargin" : 16.56,
    "netProfit" : 132.84
  }, {
    "date" : "2021-12-31",
    "sales" : 1001.57,
    "salesGrowthYoY" : 44.79,
    "grossProfitMargin" : 51.72,
    "grossProfit" : 518.01,
    "operatingProfitMargin" : 36.92,
    "operatingProfit" : 369.78,
    "netProfitMargin" : 19.09,
    "netProfit" : 191.20
  }, {
    "date" : "2022-03-31",
    "sales" : 1081.02,
    "salesGrowthYoY" : 48.21,
    "grossProfitMargin" : 41.57,
    "grossProfit" : 449.38,
    "operatingProfitMargin" : 24.78,
    "operatingProfit" : 267.88,
    "netProfitMargin" : 14.51,
    "netProfit" : 156.86
  }, {
    "date" : "2022-06-30",
    "sales" : 1997.35,
    "salesGrowthYoY" : 163.51,
    "grossProfitMargin" : 29.50,
    "grossProfit" : 589.22,
    "operatingProfitMargin" : 23.79,
    "operatingProfit" : 475.17,
    "netProfitMargin" : 13.13,
    "netProfit" : 262.25
  }, {
    "date" : "2022-09-30",
    "sales" : 1140.55,
    "salesGrowthYoY" : 42.18,
    "grossProfitMargin" : 28.57,
    "grossProfit" : 325.86,
    "operatingProfitMargin" : 16.82,
    "operatingProfit" : 191.84,
    "netProfitMargin" : 13.68,
    "netProfit" : 156.03
  }, {
    "date" : "2022-12-31",
    "sales" : 954.69,
    "salesGrowthYoY" : -4.68,
    "grossProfitMargin" : 34.73,
    "grossProfit" : 331.56,
    "operatingProfitMargin" : 20.90,
    "operatingProfit" : 199.53,
    "netProfitMargin" : 8.28,
    "netProfit" : 79.05
  }, {
    "date" : "2023-03-31",
    "sales" : 1646.64,
    "salesGrowthYoY" : 52.32,
    "grossProfitMargin" : 30.04,
    "grossProfit" : 494.65,
    "operatingProfitMargin" : 20.68,
    "operatingProfit" : 340.53,
    "netProfitMargin" : 7.99,
    "netProfit" : 131.57
  }, {
    "date" : "2023-06-30",
    "sales" : 1484.60,
    "salesGrowthYoY" : -25.67,
    "grossProfitMargin" : 33.50,
    "grossProfit" : 497.34,
    "operatingProfitMargin" : 23.47,
    "operatingProfit" : 348.44,
    "netProfitMargin" : 11.18,
    "netProfit" : 165.98
  }, {
    "date" : "2023-09-30",
    "sales" : 1132.79,
    "salesGrowthYoY" : -0.68,
    "grossProfitMargin" : 46.72,
    "grossProfit" : 529.24,
    "operatingProfitMargin" : 34.76,
    "operatingProfit" : 393.76,
    "netProfitMargin" : 16.86,
    "netProfit" : 190.99
  }, {
    "date" : "2023-12-31",
    "sales" : 1275.73,
    "salesGrowthYoY" : 33.63,
    "grossProfitMargin" : 50.38,
    "grossProfit" : 642.71,
    "operatingProfitMargin" : 39.77,
    "operatingProfit" : 507.36,
    "netProfitMargin" : 19.67,
    "netProfit" : 250.94
  }, {
    "date" : "2024-03-31",
    "sales" : 1235.97,
    "salesGrowthYoY" : -24.94,
    "grossProfitMargin" : 49.50,
    "grossProfit" : 611.81,
    "operatingProfitMargin" : 37.92,
    "operatingProfit" : 468.68,
    "netProfitMargin" : 27.69,
    "netProfit" : 342.24
  }, {
    "date" : "2024-06-30",
    "sales" : 1049.61,
    "salesGrowthYoY" : -29.30,
    "grossProfitMargin" : 49.27,
    "grossProfit" : 517.14,
    "operatingProfitMargin" : 35.68,
    "operatingProfit" : 374.50,
    "netProfitMargin" : 24.17,
    "netProfit" : 253.69
  }, {
    "date" : "2024-09-30",
    "sales" : 967.40,
    "salesGrowthYoY" : -14.60,
    "grossProfitMargin" : 42.11,
    "grossProfit" : 407.37,
    "operatingProfitMargin" : 25.80,
    "operatingProfit" : 249.59,
    "netProfitMargin" : 29.54,
    "netProfit" : 285.77
  }, {
    "date" : "2024-12-31",
    "sales" : 976.55,
    "salesGrowthYoY" : -23.45,
    "grossProfitMargin" : 48.83,
    "grossProfit" : 476.85,
    "operatingProfitMargin" : 31.26,
    "operatingProfit" : 305.27,
    "netProfitMargin" : 22.24,
    "netProfit" : 217.18
  }, {
    "date" : "2025-03-31",
    "sales" : 945.75,
    "salesGrowthYoY" : -23.48,
    "grossProfitMargin" : 55.16,
    "grossProfit" : 521.68,
    "operatingProfitMargin" : 29.32,
    "operatingProfit" : 277.29,
    "netProfitMargin" : 49.10,
    "netProfit" : 464.36
  }, {
    "date" : "2025-06-30",
    "sales" : 915.69,
    "salesGrowthYoY" : -12.76,
    "grossProfitMargin" : 52.79,
    "grossProfit" : 483.39,
    "operatingProfitMargin" : 33.12,
    "operatingProfit" : 303.28,
    "netProfitMargin" : 17.68,
    "netProfit" : 161.89
  }, {
    "date" : "2025-09-30",
    "sales" : 779.86,
    "salesGrowthYoY" : -19.39,
    "grossProfitMargin" : 58.33,
    "grossProfit" : 454.89,
    "operatingProfitMargin" : 33.19,
    "operatingProfit" : 258.84,
    "netProfitMargin" : 24.39,
    "netProfit" : 190.21
  }, {
    "date" : "2025-12-31",
    "sales" : 694.85,
    "salesGrowthYoY" : -28.85,
    "grossProfitMargin" : 62.70,
    "grossProfit" : 435.67,
    "operatingProfitMargin" : 35.08,
    "operatingProfit" : 243.75,
    "netProfitMargin" : 11.90,
    "netProfit" : 82.69
  } ],
  "latestQuarterlyResult" : {
    "date" : "2025-12-31",
    "sales" : 694.85,
    "salesGrowthYoY" : -28.85,
    "grossProfitMargin" : 62.70,
    "grossProfit" : 435.67,
    "operatingProfitMargin" : 35.08,
    "operatingProfit" : 243.75,
    "netProfitMargin" : 11.90,
    "netProfit" : 82.69
  },
  "companyScore" : {
    "priceHigherThanDma50" : 0.00,
    "priceHigherThanDma100" : 0.00,
    "priceHigherThanDma200" : 0.00,
    "dma50HigherThanDma100" : 0.00,
    "dma50HigherThanDma200" : 0.00,
    "dma100HigherThanDma200" : 0.00,
    "pricePercentageAboveDma50" : 5.28,
    "pricePercentageAboveDma100" : 5.46,
    "pricePercentageAboveDma200" : 5.53,
    "weeklyVolumeHigherThanYearlyVolume" : 5.00,
    "salesGrowthPercentile" : 2.46,
    "operatingProfitMarginPercentile" : 13.91,
    "netProfitMarginPercentile" : 3.77,
    "totalTechnicalScore" : 21.27,
    "totalFundamentalScore" : 20.14,
    "totalScore" : 41.41
  }
}