{
  "metadata" : {
    "screenerCompanyId" : "1625",
    "companyCode" : "JSWHL",
    "companyName" : "JSW Holdings",
    "screenerCompanyLink" : "https://www.screener.in/company/JSWHL/consolidated/",
    "screenerTechnicalHistoryLink" : "https://www.screener.in/api/company/1625/chart/?q=Price-DMA50-DMA200-Volume&days=365",
    "screenerQuarterlyResultsLink" : "https://www.screener.in/api/company/1625/chart/?q=GPM-OPM-NPM-Quarter+Sales&days=10000",
    "attributes" : {
      "companyCode" : "JSWHL",
      "companyName" : "JSW Holdings",
      "marketCap" : 19687.00,
      "peRatio" : 136.00,
      "description" : "JSW Holdings Ltd is a core investment company (CIC) and is primarily engaged in the business of investing and financing.[1]"
    },
    "companyScore" : {
      "priceHigherThanDma50" : 0.00,
      "priceHigherThanDma100" : 0.00,
      "priceHigherThanDma200" : 0.00,
      "dma50HigherThanDma100" : 0.00,
      "dma50HigherThanDma200" : 0.00,
      "dma100HigherThanDma200" : 0.00,
      "pricePercentageAboveDma50" : 5.12,
      "pricePercentageAboveDma100" : 5.13,
      "pricePercentageAboveDma200" : 5.19,
      "weeklyVolumeHigherThanYearlyVolume" : 5.00,
      "salesGrowthPercentile" : 9.00,
      "operatingProfitMarginPercentile" : 19.75,
      "netProfitMarginPercentile" : 8.09,
      "totalTechnicalScore" : 20.44,
      "totalFundamentalScore" : 36.84,
      "totalScore" : 57.27
    }
  },
  "attributes" : {
    "companyCode" : "JSWHL",
    "companyName" : "JSW Holdings",
    "marketCap" : 19687.00,
    "peRatio" : 136.00,
    "description" : "JSW Holdings Ltd is a core investment company (CIC) and is primarily engaged in the business of investing and financing.[1]"
  },
  "technicalHistory" : [ {
    "date" : "2025-02-17",
    "price" : 14625.70,
    "dma50" : 16144.68,
    "dma100" : null,
    "dma200" : 11910.23,
    "volume" : 1236.00
  }, {
    "date" : "2025-02-18",
    "price" : 15040.55,
    "dma50" : 16101.38,
    "dma100" : null,
    "dma200" : 11941.37,
    "volume" : 1001.00
  }, {
    "date" : "2025-02-19",
    "price" : 15209.05,
    "dma50" : 16066.39,
    "dma100" : null,
    "dma200" : 11973.89,
    "volume" : 614.00
  }, {
    "date" : "2025-02-20",
    "price" : 15580.45,
    "dma50" : 16047.33,
    "dma100" : null,
    "dma200" : 12009.77,
    "volume" : 492.00
  }, {
    "date" : "2025-02-21",
    "price" : 15276.00,
    "dma50" : 16017.08,
    "dma100" : null,
    "dma200" : 12042.27,
    "volume" : 879.00
  }, {
    "date" : "2025-02-24",
    "price" : 16039.80,
    "dma50" : 16017.97,
    "dma100" : null,
    "dma200" : 12082.05,
    "volume" : 1979.00
  }, {
    "date" : "2025-02-25",
    "price" : 16791.10,
    "dma50" : 16048.29,
    "dma100" : null,
    "dma200" : 12128.91,
    "volume" : 3605.00
  }, {
    "date" : "2025-02-27",
    "price" : 17224.80,
    "dma50" : 16094.43,
    "dma100" : null,
    "dma200" : 12179.61,
    "volume" : 5939.00
  }, {
    "date" : "2025-02-28",
    "price" : 16363.60,
    "dma50" : 16104.99,
    "dma100" : null,
    "dma200" : 12221.24,
    "volume" : 3208.00
  }, {
    "date" : "2025-03-03",
    "price" : 16745.40,
    "dma50" : 16130.10,
    "dma100" : null,
    "dma200" : 12266.26,
    "volume" : 3789.00
  }, {
    "date" : "2025-03-04",
    "price" : 17367.90,
    "dma50" : 16178.64,
    "dma100" : null,
    "dma200" : 12317.02,
    "volume" : 3707.00
  }, {
    "date" : "2025-03-05",
    "price" : 18236.25,
    "dma50" : 16259.33,
    "dma100" : null,
    "dma200" : 12375.92,
    "volume" : 3557.00
  }, {
    "date" : "2025-03-06",
    "price" : 19148.05,
    "dma50" : 16372.62,
    "dma100" : null,
    "dma200" : 12443.31,
    "volume" : 5705.00
  }, {
    "date" : "2025-03-07",
    "price" : 18903.50,
    "dma50" : 16471.87,
    "dma100" : null,
    "dma200" : 12507.59,
    "volume" : 7769.00
  }, {
    "date" : "2025-03-10",
    "price" : 19829.95,
    "dma50" : 16603.56,
    "dma100" : null,
    "dma200" : 12580.45,
    "volume" : 5645.00
  }, {
    "date" : "2025-03-11",
    "price" : 19273.15,
    "dma50" : 16708.25,
    "dma100" : null,
    "dma200" : 12647.04,
    "volume" : 10345.00
  }, {
    "date" : "2025-03-12",
    "price" : 18738.05,
    "dma50" : 16787.85,
    "dma100" : null,
    "dma200" : 12707.65,
    "volume" : 16796.00
  }, {
    "date" : "2025-03-13",
    "price" : 19381.80,
    "dma50" : 16889.57,
    "dma100" : null,
    "dma200" : 12774.06,
    "volume" : 8181.00
  }, {
    "date" : "2025-03-17",
    "price" : 20350.85,
    "dma50" : 17025.31,
    "dma100" : null,
    "dma200" : 12849.45,
    "volume" : 8606.00
  }, {
    "date" : "2025-03-18",
    "price" : 21068.20,
    "dma50" : 17183.85,
    "dma100" : null,
    "dma200" : 12931.23,
    "volume" : 20463.00
  }, {
    "date" : "2025-03-19",
    "price" : 21430.05,
    "dma50" : 17350.37,
    "dma100" : null,
    "dma200" : 13015.79,
    "volume" : 32832.00
  }, {
    "date" : "2025-03-20",
    "price" : 21898.95,
    "dma50" : 17528.74,
    "dma100" : null,
    "dma200" : 13104.18,
    "volume" : 17321.00
  }, {
    "date" : "2025-03-21",
    "price" : 22954.65,
    "dma50" : 17741.52,
    "dma100" : null,
    "dma200" : 13202.20,
    "volume" : 86069.00
  }, {
    "date" : "2025-03-24",
    "price" : 23641.85,
    "dma50" : 17972.91,
    "dma100" : null,
    "dma200" : 13306.07,
    "volume" : 11106.00
  }, {
    "date" : "2025-03-25",
    "price" : 22459.75,
    "dma50" : 18148.86,
    "dma100" : null,
    "dma200" : 13397.15,
    "volume" : 14188.00
  }, {
    "date" : "2025-03-26",
    "price" : 21336.80,
    "dma50" : 18273.88,
    "dma100" : null,
    "dma200" : 13476.16,
    "volume" : 6185.00
  }, {
    "date" : "2025-03-27",
    "price" : 21895.10,
    "dma50" : 18415.89,
    "dma100" : null,
    "dma200" : 13559.93,
    "volume" : 21621.00
  }, {
    "date" : "2025-03-28",
    "price" : 22985.85,
    "dma50" : 18595.10,
    "dma100" : null,
    "dma200" : 13653.72,
    "volume" : 11310.00
  }, {
    "date" : "2025-04-01",
    "price" : 23376.25,
    "dma50" : 18782.60,
    "dma100" : null,
    "dma200" : 13750.46,
    "volume" : 13553.00
  }, {
    "date" : "2025-04-02",
    "price" : 24545.05,
    "dma50" : 19008.58,
    "dma100" : null,
    "dma200" : 13857.87,
    "volume" : 5265.00
  }, {
    "date" : "2025-04-03",
    "price" : 25772.30,
    "dma50" : 19273.82,
    "dma100" : null,
    "dma200" : 13976.42,
    "volume" : 12079.00
  }, {
    "date" : "2025-04-04",
    "price" : 25979.75,
    "dma50" : 19536.80,
    "dma100" : null,
    "dma200" : 14095.85,
    "volume" : 17965.00
  }, {
    "date" : "2025-04-07",
    "price" : 24680.80,
    "dma50" : 19738.53,
    "dma100" : null,
    "dma200" : 14201.18,
    "volume" : 8958.00
  }, {
    "date" : "2025-04-08",
    "price" : 23862.80,
    "dma50" : 19900.26,
    "dma100" : null,
    "dma200" : 14297.31,
    "volume" : 25474.00
  }, {
    "date" : "2025-04-09",
    "price" : 23167.55,
    "dma50" : 20028.39,
    "dma100" : null,
    "dma200" : 14385.57,
    "volume" : 4381.00
  }, {
    "date" : "2025-04-11",
    "price" : 23401.70,
    "dma50" : 20160.68,
    "dma100" : null,
    "dma200" : 14475.29,
    "volume" : 6355.00
  }, {
    "date" : "2025-04-15",
    "price" : 24180.00,
    "dma50" : 20318.30,
    "dma100" : null,
    "dma200" : 14571.85,
    "volume" : 4371.00
  }, {
    "date" : "2025-04-16",
    "price" : 25165.00,
    "dma50" : 20508.36,
    "dma100" : null,
    "dma200" : 14677.26,
    "volume" : 2565.00
  }, {
    "date" : "2025-04-17",
    "price" : 26420.00,
    "dma50" : 20740.19,
    "dma100" : null,
    "dma200" : 14794.10,
    "volume" : 3362.00
  }, {
    "date" : "2025-04-21",
    "price" : 26155.00,
    "dma50" : 20952.54,
    "dma100" : null,
    "dma200" : 14907.14,
    "volume" : 11097.00
  }, {
    "date" : "2025-04-22",
    "price" : 26255.00,
    "dma50" : 21160.48,
    "dma100" : null,
    "dma200" : 15020.06,
    "volume" : 2474.00
  }, {
    "date" : "2025-04-23",
    "price" : 25985.00,
    "dma50" : 21349.68,
    "dma100" : null,
    "dma200" : 15129.16,
    "volume" : 3805.00
  }, {
    "date" : "2025-04-24",
    "price" : 25965.00,
    "dma50" : 21530.67,
    "dma100" : null,
    "dma200" : 15236.98,
    "volume" : 2152.00
  }, {
    "date" : "2025-04-25",
    "price" : 25960.00,
    "dma50" : 21704.37,
    "dma100" : null,
    "dma200" : 15343.68,
    "volume" : 3549.00
  }, {
    "date" : "2025-04-28",
    "price" : 25365.00,
    "dma50" : 21847.92,
    "dma100" : null,
    "dma200" : 15443.39,
    "volume" : 1334.00
  }, {
    "date" : "2025-04-29",
    "price" : 24445.00,
    "dma50" : 21949.77,
    "dma100" : null,
    "dma200" : 15532.96,
    "volume" : 1426.00
  }, {
    "date" : "2025-04-30",
    "price" : 23280.00,
    "dma50" : 22001.93,
    "dma100" : null,
    "dma200" : 15610.04,
    "volume" : 2081.00
  }, {
    "date" : "2025-05-02",
    "price" : 23360.00,
    "dma50" : 22055.19,
    "dma100" : null,
    "dma200" : 15687.16,
    "volume" : 3522.00
  }, {
    "date" : "2025-05-05",
    "price" : 24250.00,
    "dma50" : 22141.26,
    "dma100" : null,
    "dma200" : 15772.36,
    "volume" : 2072.00
  }, {
    "date" : "2025-05-06",
    "price" : 23805.00,
    "dma50" : 22206.51,
    "dma100" : null,
    "dma200" : 15852.29,
    "volume" : 2109.00
  }, {
    "date" : "2025-05-07",
    "price" : 23185.00,
    "dma50" : 22244.88,
    "dma100" : null,
    "dma200" : 15925.25,
    "volume" : 1049.00
  }, {
    "date" : "2025-05-08",
    "price" : 22650.00,
    "dma50" : 22260.77,
    "dma100" : null,
    "dma200" : 15992.16,
    "volume" : 878.00
  }, {
    "date" : "2025-05-09",
    "price" : 21810.00,
    "dma50" : 22243.09,
    "dma100" : null,
    "dma200" : 16050.05,
    "volume" : 2009.00
  }, {
    "date" : "2025-05-12",
    "price" : 22900.00,
    "dma50" : 22268.85,
    "dma100" : null,
    "dma200" : 16118.21,
    "volume" : 1384.00
  }, {
    "date" : "2025-05-13",
    "price" : 24035.00,
    "dma50" : 22338.11,
    "dma100" : null,
    "dma200" : 16196.98,
    "volume" : 1804.00
  }, {
    "date" : "2025-05-14",
    "price" : 24370.00,
    "dma50" : 22417.79,
    "dma100" : null,
    "dma200" : 16278.31,
    "volume" : 1994.00
  }, {
    "date" : "2025-05-15",
    "price" : 24340.00,
    "dma50" : 22493.17,
    "dma100" : null,
    "dma200" : 16358.52,
    "volume" : 960.00
  }, {
    "date" : "2025-05-16",
    "price" : 23930.00,
    "dma50" : 22549.52,
    "dma100" : null,
    "dma200" : 16433.86,
    "volume" : 1343.00
  }, {
    "date" : "2025-05-19",
    "price" : 24155.00,
    "dma50" : 22612.48,
    "dma100" : null,
    "dma200" : 16510.69,
    "volume" : 1116.00
  }, {
    "date" : "2025-05-20",
    "price" : 23600.00,
    "dma50" : 22651.21,
    "dma100" : null,
    "dma200" : 16581.23,
    "volume" : 909.00
  }, {
    "date" : "2025-05-21",
    "price" : 23250.00,
    "dma50" : 22674.69,
    "dma100" : null,
    "dma200" : 16647.59,
    "volume" : 901.00
  }, {
    "date" : "2025-05-22",
    "price" : 24025.00,
    "dma50" : 22727.64,
    "dma100" : null,
    "dma200" : 16720.99,
    "volume" : 1425.00
  }, {
    "date" : "2025-05-23",
    "price" : 23705.00,
    "dma50" : 22765.97,
    "dma100" : null,
    "dma200" : 16790.48,
    "volume" : 717.00
  }, {
    "date" : "2025-05-26",
    "price" : 23725.00,
    "dma50" : 22803.58,
    "dma100" : null,
    "dma200" : 16859.49,
    "volume" : 672.00
  }, {
    "date" : "2025-05-27",
    "price" : 23490.00,
    "dma50" : 22830.50,
    "dma100" : null,
    "dma200" : 16925.46,
    "volume" : 665.00
  }, {
    "date" : "2025-05-28",
    "price" : 23335.00,
    "dma50" : 22850.28,
    "dma100" : null,
    "dma200" : 16989.24,
    "volume" : 1825.00
  }, {
    "date" : "2025-05-29",
    "price" : 22435.00,
    "dma50" : 22834.00,
    "dma100" : null,
    "dma200" : 17043.42,
    "volume" : 6643.00
  }, {
    "date" : "2025-05-30",
    "price" : 23035.00,
    "dma50" : 22841.88,
    "dma100" : null,
    "dma200" : 17103.04,
    "volume" : 17172.00
  }, {
    "date" : "2025-06-02",
    "price" : 22430.00,
    "dma50" : 22825.73,
    "dma100" : null,
    "dma200" : 17156.05,
    "volume" : 2584.00
  }, {
    "date" : "2025-06-03",
    "price" : 22320.00,
    "dma50" : 22805.89,
    "dma100" : null,
    "dma200" : 17207.43,
    "volume" : 5995.00
  }, {
    "date" : "2025-06-04",
    "price" : 22525.00,
    "dma50" : 22794.88,
    "dma100" : null,
    "dma200" : 17260.34,
    "volume" : 3130.00
  }, {
    "date" : "2025-06-05",
    "price" : 23200.00,
    "dma50" : 22810.77,
    "dma100" : null,
    "dma200" : 17319.44,
    "volume" : 4379.00
  }, {
    "date" : "2025-06-06",
    "price" : 23540.00,
    "dma50" : 22839.36,
    "dma100" : null,
    "dma200" : 17381.34,
    "volume" : 3995.00
  }, {
    "date" : "2025-06-09",
    "price" : 23100.00,
    "dma50" : 22849.58,
    "dma100" : null,
    "dma200" : 17438.24,
    "volume" : 789.00
  }, {
    "date" : "2025-06-10",
    "price" : 22695.00,
    "dma50" : 22843.52,
    "dma100" : null,
    "dma200" : 17490.54,
    "volume" : 875.00
  }, {
    "date" : "2025-06-11",
    "price" : 22920.00,
    "dma50" : 22846.52,
    "dma100" : null,
    "dma200" : 17544.57,
    "volume" : 975.00
  }, {
    "date" : "2025-06-12",
    "price" : 22575.00,
    "dma50" : 22835.87,
    "dma100" : null,
    "dma200" : 17594.62,
    "volume" : 676.00
  }, {
    "date" : "2025-06-13",
    "price" : 22240.00,
    "dma50" : 22812.51,
    "dma100" : null,
    "dma200" : 17640.85,
    "volume" : 657.00
  }, {
    "date" : "2025-06-16",
    "price" : 22015.00,
    "dma50" : 22781.23,
    "dma100" : null,
    "dma200" : 17684.37,
    "volume" : 912.00
  }, {
    "date" : "2025-06-17",
    "price" : 21845.00,
    "dma50" : 22744.52,
    "dma100" : null,
    "dma200" : 17725.77,
    "volume" : 446.00
  }, {
    "date" : "2025-06-18",
    "price" : 21590.00,
    "dma50" : 22699.24,
    "dma100" : null,
    "dma200" : 17764.22,
    "volume" : 494.00
  }, {
    "date" : "2025-06-19",
    "price" : 20860.00,
    "dma50" : 22627.11,
    "dma100" : null,
    "dma200" : 17795.02,
    "volume" : 991.00
  }, {
    "date" : "2025-06-20",
    "price" : 21395.00,
    "dma50" : 22578.80,
    "dma100" : null,
    "dma200" : 17830.84,
    "volume" : 10033.00
  }, {
    "date" : "2025-06-23",
    "price" : 21035.00,
    "dma50" : 22518.25,
    "dma100" : null,
    "dma200" : 17862.73,
    "volume" : 1728.00
  }, {
    "date" : "2025-06-24",
    "price" : 21435.00,
    "dma50" : 22475.77,
    "dma100" : null,
    "dma200" : 17898.27,
    "volume" : 629.00
  }, {
    "date" : "2025-06-25",
    "price" : 21175.00,
    "dma50" : 22424.76,
    "dma100" : null,
    "dma200" : 17930.88,
    "volume" : 600.00
  }, {
    "date" : "2025-06-26",
    "price" : 21240.00,
    "dma50" : 22378.30,
    "dma100" : null,
    "dma200" : 17963.80,
    "volume" : 339.00
  }, {
    "date" : "2025-06-27",
    "price" : 21995.00,
    "dma50" : 22363.27,
    "dma100" : null,
    "dma200" : 18003.91,
    "volume" : 1587.00
  }, {
    "date" : "2025-06-30",
    "price" : 22525.00,
    "dma50" : 22369.61,
    "dma100" : null,
    "dma200" : 18048.90,
    "volume" : 1481.00
  }, {
    "date" : "2025-07-01",
    "price" : 21400.00,
    "dma50" : 22331.59,
    "dma100" : null,
    "dma200" : 18082.24,
    "volume" : 9043.00
  }, {
    "date" : "2025-07-02",
    "price" : 22210.00,
    "dma50" : 22326.82,
    "dma100" : null,
    "dma200" : 18123.32,
    "volume" : 4095.00
  }, {
    "date" : "2025-07-03",
    "price" : 22595.00,
    "dma50" : 22337.34,
    "dma100" : null,
    "dma200" : 18167.81,
    "volume" : 1272.00
  }, {
    "date" : "2025-07-04",
    "price" : 22290.00,
    "dma50" : 22335.48,
    "dma100" : null,
    "dma200" : 18208.83,
    "volume" : 599.00
  }, {
    "date" : "2025-07-07",
    "price" : 22125.00,
    "dma50" : 22327.23,
    "dma100" : null,
    "dma200" : 18247.79,
    "volume" : 496.00
  }, {
    "date" : "2025-07-08",
    "price" : 21995.00,
    "dma50" : 22314.20,
    "dma100" : null,
    "dma200" : 18285.08,
    "volume" : 648.00
  }, {
    "date" : "2025-07-09",
    "price" : 22120.00,
    "dma50" : 22306.58,
    "dma100" : null,
    "dma200" : 18323.24,
    "volume" : 517.00
  }, {
    "date" : "2025-07-10",
    "price" : 21765.00,
    "dma50" : 22285.34,
    "dma100" : null,
    "dma200" : 18357.48,
    "volume" : 551.00
  }, {
    "date" : "2025-07-11",
    "price" : 21915.00,
    "dma50" : 22270.82,
    "dma100" : null,
    "dma200" : 18392.88,
    "volume" : 1493.00
  }, {
    "date" : "2025-07-14",
    "price" : 22155.00,
    "dma50" : 22266.28,
    "dma100" : null,
    "dma200" : 18430.32,
    "volume" : 985.00
  }, {
    "date" : "2025-07-15",
    "price" : 21865.00,
    "dma50" : 22250.54,
    "dma100" : null,
    "dma200" : 18464.49,
    "volume" : 1866.00
  }, {
    "date" : "2025-07-16",
    "price" : 22035.00,
    "dma50" : 22242.09,
    "dma100" : 22116.48,
    "dma200" : 18500.02,
    "volume" : 1010.00
  }, {
    "date" : "2025-07-17",
    "price" : 22310.00,
    "dma50" : 22244.75,
    "dma100" : 22189.17,
    "dma200" : 18537.93,
    "volume" : 901.00
  }, {
    "date" : "2025-07-18",
    "price" : 22065.00,
    "dma50" : 22237.70,
    "dma100" : 22257.73,
    "dma200" : 18573.03,
    "volume" : 538.00
  }, {
    "date" : "2025-07-21",
    "price" : 22205.00,
    "dma50" : 22236.42,
    "dma100" : 22323.98,
    "dma200" : 18609.16,
    "volume" : 795.00
  }, {
    "date" : "2025-07-22",
    "price" : 22035.00,
    "dma50" : 22228.52,
    "dma100" : 22391.57,
    "dma200" : 18643.25,
    "volume" : 363.00
  }, {
    "date" : "2025-07-23",
    "price" : 21735.00,
    "dma50" : 22209.17,
    "dma100" : 22448.52,
    "dma200" : 18674.02,
    "volume" : 491.00
  }, {
    "date" : "2025-07-24",
    "price" : 21735.00,
    "dma50" : 22190.57,
    "dma100" : 22497.96,
    "dma200" : 18704.47,
    "volume" : 567.00
  }, {
    "date" : "2025-07-25",
    "price" : 21075.00,
    "dma50" : 22146.83,
    "dma100" : 22536.46,
    "dma200" : 18728.06,
    "volume" : 1032.00
  }, {
    "date" : "2025-07-28",
    "price" : 21080.00,
    "dma50" : 22104.99,
    "dma100" : 22583.62,
    "dma200" : 18751.46,
    "volume" : 380.00
  }, {
    "date" : "2025-07-29",
    "price" : 21010.00,
    "dma50" : 22062.05,
    "dma100" : 22626.27,
    "dma200" : 18773.94,
    "volume" : 469.00
  }, {
    "date" : "2025-07-30",
    "price" : 20660.00,
    "dma50" : 22007.07,
    "dma100" : 22659.19,
    "dma200" : 18792.70,
    "volume" : 587.00
  }, {
    "date" : "2025-07-31",
    "price" : 19805.00,
    "dma50" : 21920.71,
    "dma100" : 22674.88,
    "dma200" : 18802.78,
    "volume" : 1709.00
  }, {
    "date" : "2025-08-01",
    "price" : 19161.00,
    "dma50" : 21812.49,
    "dma100" : 22675.01,
    "dma200" : 18806.34,
    "volume" : 1284.00
  }, {
    "date" : "2025-08-04",
    "price" : 19060.00,
    "dma50" : 21704.55,
    "dma100" : 22676.57,
    "dma200" : 18808.86,
    "volume" : 1825.00
  }, {
    "date" : "2025-08-05",
    "price" : 19037.00,
    "dma50" : 21599.94,
    "dma100" : 22668.64,
    "dma200" : 18811.13,
    "volume" : 1132.00
  }, {
    "date" : "2025-08-06",
    "price" : 18935.00,
    "dma50" : 21495.43,
    "dma100" : 22665.26,
    "dma200" : 18812.37,
    "volume" : 1136.00
  }, {
    "date" : "2025-08-07",
    "price" : 18205.00,
    "dma50" : 21366.39,
    "dma100" : 22659.93,
    "dma200" : 18806.32,
    "volume" : 2456.00
  }, {
    "date" : "2025-08-08",
    "price" : 18476.00,
    "dma50" : 21253.04,
    "dma100" : 22650.87,
    "dma200" : 18803.04,
    "volume" : 4005.00
  }, {
    "date" : "2025-08-11",
    "price" : 17890.00,
    "dma50" : 21121.16,
    "dma100" : 22626.26,
    "dma200" : 18793.95,
    "volume" : 2340.00
  }, {
    "date" : "2025-08-12",
    "price" : 17894.00,
    "dma50" : 20994.60,
    "dma100" : 22594.52,
    "dma200" : 18785.00,
    "volume" : 1195.00
  }, {
    "date" : "2025-08-13",
    "price" : 17679.00,
    "dma50" : 20864.58,
    "dma100" : 22557.01,
    "dma200" : 18773.99,
    "volume" : 1340.00
  }, {
    "date" : "2025-08-14",
    "price" : 17620.00,
    "dma50" : 20737.34,
    "dma100" : 22514.22,
    "dma200" : 18762.51,
    "volume" : 1115.00
  }, {
    "date" : "2025-08-18",
    "price" : 17798.00,
    "dma50" : 20622.07,
    "dma100" : 22462.66,
    "dma200" : 18752.91,
    "volume" : 2033.00
  }, {
    "date" : "2025-08-19",
    "price" : 18271.00,
    "dma50" : 20529.88,
    "dma100" : 22408.95,
    "dma200" : 18748.12,
    "volume" : 1789.00
  }, {
    "date" : "2025-08-20",
    "price" : 18161.00,
    "dma50" : 20436.98,
    "dma100" : 22365.96,
    "dma200" : 18742.27,
    "volume" : 1706.00
  }, {
    "date" : "2025-08-21",
    "price" : 18265.00,
    "dma50" : 20351.80,
    "dma100" : 22335.24,
    "dma200" : 18737.53,
    "volume" : 1206.00
  }, {
    "date" : "2025-08-22",
    "price" : 17992.00,
    "dma50" : 20259.26,
    "dma100" : 22296.21,
    "dma200" : 18730.11,
    "volume" : 1263.00
  }, {
    "date" : "2025-08-25",
    "price" : 18106.00,
    "dma50" : 20174.82,
    "dma100" : 22247.41,
    "dma200" : 18723.90,
    "volume" : 2852.00
  }, {
    "date" : "2025-08-26",
    "price" : 17914.00,
    "dma50" : 20086.16,
    "dma100" : 22192.79,
    "dma200" : 18715.84,
    "volume" : 2044.00
  }, {
    "date" : "2025-08-28",
    "price" : 17847.00,
    "dma50" : 19998.35,
    "dma100" : 22125.81,
    "dma200" : 18707.19,
    "volume" : 899.00
  }, {
    "date" : "2025-08-29",
    "price" : 17400.00,
    "dma50" : 19896.45,
    "dma100" : 22042.09,
    "dma200" : 18694.19,
    "volume" : 2231.00
  }, {
    "date" : "2025-09-01",
    "price" : 17920.00,
    "dma50" : 19818.95,
    "dma100" : 21961.49,
    "dma200" : 18686.48,
    "volume" : 2328.00
  }, {
    "date" : "2025-09-02",
    "price" : 17898.00,
    "dma50" : 19743.61,
    "dma100" : 21893.66,
    "dma200" : 18678.64,
    "volume" : 1928.00
  }, {
    "date" : "2025-09-03",
    "price" : 18639.00,
    "dma50" : 19700.30,
    "dma100" : 21841.42,
    "dma200" : 18678.24,
    "volume" : 2703.00
  }, {
    "date" : "2025-09-04",
    "price" : 18714.00,
    "dma50" : 19661.62,
    "dma100" : 21796.89,
    "dma200" : 18678.60,
    "volume" : 927.00
  }, {
    "date" : "2025-09-05",
    "price" : 18876.00,
    "dma50" : 19630.81,
    "dma100" : 21751.63,
    "dma200" : 18680.56,
    "volume" : 1027.00
  }, {
    "date" : "2025-09-08",
    "price" : 18995.00,
    "dma50" : 19605.88,
    "dma100" : 21699.78,
    "dma200" : 18683.69,
    "volume" : 772.00
  }, {
    "date" : "2025-09-09",
    "price" : 18784.00,
    "dma50" : 19573.65,
    "dma100" : 21635.97,
    "dma200" : 18684.69,
    "volume" : 1478.00
  }, {
    "date" : "2025-09-10",
    "price" : 19300.00,
    "dma50" : 19562.91,
    "dma100" : 21564.77,
    "dma200" : 18690.81,
    "volume" : 2410.00
  }, {
    "date" : "2025-09-11",
    "price" : 18654.00,
    "dma50" : 19527.27,
    "dma100" : 21489.76,
    "dma200" : 18690.45,
    "volume" : 2141.00
  }, {
    "date" : "2025-09-12",
    "price" : 18850.00,
    "dma50" : 19500.71,
    "dma100" : 21415.71,
    "dma200" : 18692.03,
    "volume" : 2047.00
  }, {
    "date" : "2025-09-15",
    "price" : 18601.00,
    "dma50" : 19465.43,
    "dma100" : 21341.87,
    "dma200" : 18691.13,
    "volume" : 1142.00
  }, {
    "date" : "2025-09-16",
    "price" : 18535.00,
    "dma50" : 19428.94,
    "dma100" : 21267.57,
    "dma200" : 18689.57,
    "volume" : 694.00
  }, {
    "date" : "2025-09-17",
    "price" : 18724.00,
    "dma50" : 19401.30,
    "dma100" : 21195.21,
    "dma200" : 18689.92,
    "volume" : 1288.00
  }, {
    "date" : "2025-09-18",
    "price" : 18476.00,
    "dma50" : 19365.01,
    "dma100" : 21126.32,
    "dma200" : 18687.79,
    "volume" : 1503.00
  }, {
    "date" : "2025-09-19",
    "price" : 18507.00,
    "dma50" : 19331.36,
    "dma100" : 21066.94,
    "dma200" : 18685.99,
    "volume" : 694.00
  }, {
    "date" : "2025-09-22",
    "price" : 18325.00,
    "dma50" : 19291.90,
    "dma100" : 21017.39,
    "dma200" : 18682.40,
    "volume" : 1304.00
  }, {
    "date" : "2025-09-23",
    "price" : 18119.00,
    "dma50" : 19245.90,
    "dma100" : 20964.98,
    "dma200" : 18676.79,
    "volume" : 1006.00
  }, {
    "date" : "2025-09-24",
    "price" : 18743.00,
    "dma50" : 19226.18,
    "dma100" : 20909.91,
    "dma200" : 18677.45,
    "volume" : 4009.00
  }, {
    "date" : "2025-09-25",
    "price" : 18432.00,
    "dma50" : 19195.04,
    "dma100" : 20856.18,
    "dma200" : 18675.01,
    "volume" : 901.00
  }, {
    "date" : "2025-09-26",
    "price" : 18070.00,
    "dma50" : 19150.92,
    "dma100" : 20805.03,
    "dma200" : 18668.99,
    "volume" : 1462.00
  }, {
    "date" : "2025-09-29",
    "price" : 17167.00,
    "dma50" : 19073.12,
    "dma100" : 20750.20,
    "dma200" : 18654.04,
    "volume" : 4898.00
  }, {
    "date" : "2025-09-30",
    "price" : 16309.00,
    "dma50" : 18964.72,
    "dma100" : 20695.19,
    "dma200" : 18630.71,
    "volume" : 10511.00
  }, {
    "date" : "2025-10-01",
    "price" : 15494.00,
    "dma50" : 18828.61,
    "dma100" : 20621.13,
    "dma200" : 18599.50,
    "volume" : 17275.00
  }, {
    "date" : "2025-10-03",
    "price" : 15884.00,
    "dma50" : 18713.14,
    "dma100" : 20539.62,
    "dma200" : 18572.48,
    "volume" : 8559.00
  }, {
    "date" : "2025-10-06",
    "price" : 16161.00,
    "dma50" : 18613.05,
    "dma100" : 20457.53,
    "dma200" : 18548.48,
    "volume" : 3602.00
  }, {
    "date" : "2025-10-07",
    "price" : 15938.00,
    "dma50" : 18508.15,
    "dma100" : 20373.51,
    "dma200" : 18522.51,
    "volume" : 2364.00
  }, {
    "date" : "2025-10-08",
    "price" : 15756.00,
    "dma50" : 18400.22,
    "dma100" : 20291.77,
    "dma200" : 18494.98,
    "volume" : 2811.00
  }, {
    "date" : "2025-10-09",
    "price" : 16332.00,
    "dma50" : 18319.12,
    "dma100" : 20213.54,
    "dma200" : 18473.46,
    "volume" : 2508.00
  }, {
    "date" : "2025-10-10",
    "price" : 17148.00,
    "dma50" : 18273.19,
    "dma100" : 20149.02,
    "dma200" : 18460.27,
    "volume" : 4570.00
  }, {
    "date" : "2025-10-13",
    "price" : 16828.00,
    "dma50" : 18216.52,
    "dma100" : 20084.80,
    "dma200" : 18444.03,
    "volume" : 3407.00
  }, {
    "date" : "2025-10-14",
    "price" : 16691.00,
    "dma50" : 18156.69,
    "dma100" : 20011.46,
    "dma200" : 18426.59,
    "volume" : 2014.00
  }, {
    "date" : "2025-10-15",
    "price" : 16586.00,
    "dma50" : 18095.10,
    "dma100" : 19940.27,
    "dma200" : 18408.27,
    "volume" : 1461.00
  }, {
    "date" : "2025-10-16",
    "price" : 16922.00,
    "dma50" : 18049.09,
    "dma100" : 19872.24,
    "dma200" : 18393.48,
    "volume" : 1672.00
  }, {
    "date" : "2025-10-17",
    "price" : 17156.00,
    "dma50" : 18014.07,
    "dma100" : 19808.90,
    "dma200" : 18381.17,
    "volume" : 5299.00
  }, {
    "date" : "2025-10-20",
    "price" : 17063.00,
    "dma50" : 17976.77,
    "dma100" : 19746.18,
    "dma200" : 18368.05,
    "volume" : 1946.00
  }, {
    "date" : "2025-10-21",
    "price" : 17204.00,
    "dma50" : 17946.47,
    "dma100" : 19693.87,
    "dma200" : 18356.47,
    "volume" : 538.00
  }, {
    "date" : "2025-10-23",
    "price" : 17169.00,
    "dma50" : 17915.98,
    "dma100" : 19635.21,
    "dma200" : 18344.66,
    "volume" : 3365.00
  }, {
    "date" : "2025-10-24",
    "price" : 17100.00,
    "dma50" : 17883.98,
    "dma100" : 19581.91,
    "dma200" : 18332.27,
    "volume" : 2017.00
  }, {
    "date" : "2025-10-27",
    "price" : 16656.00,
    "dma50" : 17835.82,
    "dma100" : 19525.27,
    "dma200" : 18315.59,
    "volume" : 2573.00
  }, {
    "date" : "2025-10-28",
    "price" : 16825.00,
    "dma50" : 17796.18,
    "dma100" : 19468.27,
    "dma200" : 18300.76,
    "volume" : 1877.00
  }, {
    "date" : "2025-10-29",
    "price" : 17075.00,
    "dma50" : 17767.90,
    "dma100" : 19407.02,
    "dma200" : 18288.56,
    "volume" : 2032.00
  }, {
    "date" : "2025-10-30",
    "price" : 16863.00,
    "dma50" : 17732.41,
    "dma100" : 19340.25,
    "dma200" : 18274.38,
    "volume" : 916.00
  }, {
    "date" : "2025-10-31",
    "price" : 16382.00,
    "dma50" : 17679.46,
    "dma100" : 19273.07,
    "dma200" : 18255.55,
    "volume" : 2847.00
  }, {
    "date" : "2025-11-03",
    "price" : 16998.00,
    "dma50" : 17652.73,
    "dma100" : 19216.10,
    "dma200" : 18243.04,
    "volume" : 2698.00
  }, {
    "date" : "2025-11-04",
    "price" : 16742.00,
    "dma50" : 17617.02,
    "dma100" : 19154.32,
    "dma200" : 18228.10,
    "volume" : 5728.00
  }, {
    "date" : "2025-11-06",
    "price" : 16653.00,
    "dma50" : 17579.21,
    "dma100" : 19095.10,
    "dma200" : 18212.43,
    "volume" : 7699.00
  }, {
    "date" : "2025-11-07",
    "price" : 17042.00,
    "dma50" : 17558.15,
    "dma100" : 19043.12,
    "dma200" : 18200.78,
    "volume" : 6035.00
  }, {
    "date" : "2025-11-10",
    "price" : 17019.00,
    "dma50" : 17537.00,
    "dma100" : 18993.16,
    "dma200" : 18189.02,
    "volume" : 2473.00
  }, {
    "date" : "2025-11-11",
    "price" : 16698.00,
    "dma50" : 17504.10,
    "dma100" : 18941.69,
    "dma200" : 18174.19,
    "volume" : 1665.00
  }, {
    "date" : "2025-11-12",
    "price" : 16786.00,
    "dma50" : 17475.94,
    "dma100" : 18893.65,
    "dma200" : 18160.37,
    "volume" : 815.00
  }, {
    "date" : "2025-11-13",
    "price" : 16721.00,
    "dma50" : 17446.34,
    "dma100" : 18852.26,
    "dma200" : 18146.05,
    "volume" : 1020.00
  }, {
    "date" : "2025-11-14",
    "price" : 17192.00,
    "dma50" : 17436.36,
    "dma100" : 18810.23,
    "dma200" : 18136.56,
    "volume" : 2683.00
  }, {
    "date" : "2025-11-17",
    "price" : 17944.00,
    "dma50" : 17456.27,
    "dma100" : 18779.32,
    "dma200" : 18134.64,
    "volume" : 8031.00
  }, {
    "date" : "2025-11-18",
    "price" : 17593.00,
    "dma50" : 17461.63,
    "dma100" : 18740.90,
    "dma200" : 18129.25,
    "volume" : 4386.00
  }, {
    "date" : "2025-11-19",
    "price" : 17239.00,
    "dma50" : 17452.90,
    "dma100" : 18701.54,
    "dma200" : 18120.39,
    "volume" : 2838.00
  }, {
    "date" : "2025-11-20",
    "price" : 17729.00,
    "dma50" : 17463.73,
    "dma100" : 18666.43,
    "dma200" : 18116.50,
    "volume" : 7416.00
  }, {
    "date" : "2025-11-21",
    "price" : 17324.00,
    "dma50" : 17458.25,
    "dma100" : 18619.72,
    "dma200" : 18108.61,
    "volume" : 1269.00
  }, {
    "date" : "2025-11-24",
    "price" : 18147.00,
    "dma50" : 17485.26,
    "dma100" : 18575.94,
    "dma200" : 18109.00,
    "volume" : 9624.00
  }, {
    "date" : "2025-11-25",
    "price" : 18569.00,
    "dma50" : 17527.76,
    "dma100" : 18547.63,
    "dma200" : 18113.57,
    "volume" : 8965.00
  }, {
    "date" : "2025-11-26",
    "price" : 19334.00,
    "dma50" : 17598.59,
    "dma100" : 18518.87,
    "dma200" : 18125.72,
    "volume" : 6805.00
  }, {
    "date" : "2025-11-27",
    "price" : 19822.00,
    "dma50" : 17685.78,
    "dma100" : 18491.14,
    "dma200" : 18142.60,
    "volume" : 10689.00
  }, {
    "date" : "2025-11-28",
    "price" : 20228.00,
    "dma50" : 17785.48,
    "dma100" : 18470.52,
    "dma200" : 18163.35,
    "volume" : 8578.00
  }, {
    "date" : "2025-12-01",
    "price" : 21125.00,
    "dma50" : 17916.44,
    "dma100" : 18460.52,
    "dma200" : 18192.82,
    "volume" : 12956.00
  }, {
    "date" : "2025-12-02",
    "price" : 22165.00,
    "dma50" : 18083.05,
    "dma100" : 18462.22,
    "dma200" : 18232.34,
    "volume" : 19587.00
  }, {
    "date" : "2025-12-03",
    "price" : 22085.00,
    "dma50" : 18239.99,
    "dma100" : 18461.87,
    "dma200" : 18270.67,
    "volume" : 15210.00
  }, {
    "date" : "2025-12-04",
    "price" : 21025.00,
    "dma50" : 18349.21,
    "dma100" : 18454.47,
    "dma200" : 18298.08,
    "volume" : 8452.00
  }, {
    "date" : "2025-12-05",
    "price" : 20280.00,
    "dma50" : 18424.92,
    "dma100" : 18438.12,
    "dma200" : 18317.80,
    "volume" : 11664.00
  }, {
    "date" : "2025-12-08",
    "price" : 20390.00,
    "dma50" : 18501.98,
    "dma100" : 18420.47,
    "dma200" : 18338.42,
    "volume" : 6845.00
  }, {
    "date" : "2025-12-09",
    "price" : 20270.00,
    "dma50" : 18571.32,
    "dma100" : 18404.52,
    "dma200" : 18357.64,
    "volume" : 4109.00
  }, {
    "date" : "2025-12-10",
    "price" : 20700.00,
    "dma50" : 18654.80,
    "dma100" : 18391.17,
    "dma200" : 18380.95,
    "volume" : 5545.00
  }, {
    "date" : "2025-12-11",
    "price" : 21735.00,
    "dma50" : 18775.59,
    "dma100" : 18385.42,
    "dma200" : 18414.32,
    "volume" : 8082.00
  }, {
    "date" : "2025-12-12",
    "price" : 22165.00,
    "dma50" : 18908.51,
    "dma100" : 18386.42,
    "dma200" : 18451.64,
    "volume" : 13538.00
  }, {
    "date" : "2025-12-15",
    "price" : 21415.00,
    "dma50" : 19006.80,
    "dma100" : 18378.52,
    "dma200" : 18481.13,
    "volume" : 5391.00
  }, {
    "date" : "2025-12-16",
    "price" : 21080.00,
    "dma50" : 19088.10,
    "dma100" : 18368.97,
    "dma200" : 18506.99,
    "volume" : 5901.00
  }, {
    "date" : "2025-12-17",
    "price" : 20445.00,
    "dma50" : 19141.31,
    "dma100" : 18356.07,
    "dma200" : 18526.27,
    "volume" : 4349.00
  }, {
    "date" : "2025-12-18",
    "price" : 20050.00,
    "dma50" : 19176.95,
    "dma100" : 18339.22,
    "dma200" : 18541.43,
    "volume" : 4976.00
  }, {
    "date" : "2025-12-19",
    "price" : 19970.00,
    "dma50" : 19208.05,
    "dma100" : 18328.17,
    "dma200" : 18555.65,
    "volume" : 11651.00
  }, {
    "date" : "2025-12-22",
    "price" : 20580.00,
    "dma50" : 19261.85,
    "dma100" : 18323.17,
    "dma200" : 18575.79,
    "volume" : 4656.00
  }, {
    "date" : "2025-12-23",
    "price" : 20440.00,
    "dma50" : 19308.05,
    "dma100" : 18317.47,
    "dma200" : 18594.34,
    "volume" : 3902.00
  }, {
    "date" : "2025-12-24",
    "price" : 20295.00,
    "dma50" : 19346.76,
    "dma100" : 18313.82,
    "dma200" : 18611.26,
    "volume" : 2338.00
  }, {
    "date" : "2025-12-26",
    "price" : 19420.00,
    "dma50" : 19349.63,
    "dma100" : 18309.97,
    "dma200" : 18619.31,
    "volume" : 4030.00
  }, {
    "date" : "2025-12-29",
    "price" : 19720.00,
    "dma50" : 19364.15,
    "dma100" : 18315.56,
    "dma200" : 18630.26,
    "volume" : 3423.00
  }, {
    "date" : "2025-12-30",
    "price" : 19800.00,
    "dma50" : 19381.25,
    "dma100" : 18322.96,
    "dma200" : 18641.90,
    "volume" : 1961.00
  }, {
    "date" : "2025-12-31",
    "price" : 20280.00,
    "dma50" : 19416.49,
    "dma100" : 18335.39,
    "dma200" : 18658.20,
    "volume" : 2869.00
  }, {
    "date" : "2026-01-01",
    "price" : 19775.00,
    "dma50" : 19430.55,
    "dma100" : 18343.79,
    "dma200" : 18669.31,
    "volume" : 2550.00
  }, {
    "date" : "2026-01-02",
    "price" : 19930.00,
    "dma50" : 19450.14,
    "dma100" : 18361.04,
    "dma200" : 18681.85,
    "volume" : 1841.00
  }, {
    "date" : "2026-01-05",
    "price" : 19585.00,
    "dma50" : 19455.42,
    "dma100" : 18372.13,
    "dma200" : 18690.84,
    "volume" : 1392.00
  }, {
    "date" : "2026-01-06",
    "price" : 19270.00,
    "dma50" : 19448.15,
    "dma100" : 18385.93,
    "dma200" : 18696.60,
    "volume" : 1138.00
  }, {
    "date" : "2026-01-07",
    "price" : 18900.00,
    "dma50" : 19426.66,
    "dma100" : 18395.99,
    "dma200" : 18698.63,
    "volume" : 1662.00
  }, {
    "date" : "2026-01-08",
    "price" : 19025.00,
    "dma50" : 19410.91,
    "dma100" : 18409.45,
    "dma200" : 18701.88,
    "volume" : 2414.00
  }, {
    "date" : "2026-01-09",
    "price" : 18705.00,
    "dma50" : 19383.22,
    "dma100" : 18420.30,
    "dma200" : 18701.91,
    "volume" : 1123.00
  }, {
    "date" : "2026-01-12",
    "price" : 17770.00,
    "dma50" : 19319.96,
    "dma100" : 18420.02,
    "dma200" : 18692.63,
    "volume" : 3869.00
  }, {
    "date" : "2026-01-13",
    "price" : 18045.00,
    "dma50" : 19269.96,
    "dma100" : 18417.76,
    "dma200" : 18686.19,
    "volume" : 3127.00
  }, {
    "date" : "2026-01-14",
    "price" : 18440.00,
    "dma50" : 19237.41,
    "dma100" : 18420.55,
    "dma200" : 18683.74,
    "volume" : 1821.00
  }, {
    "date" : "2026-01-16",
    "price" : 17885.00,
    "dma50" : 19184.38,
    "dma100" : 18416.75,
    "dma200" : 18675.79,
    "volume" : 31457.00
  }, {
    "date" : "2026-01-19",
    "price" : 17340.00,
    "dma50" : 19112.05,
    "dma100" : 18410.23,
    "dma200" : 18662.50,
    "volume" : 31904.00
  }, {
    "date" : "2026-01-20",
    "price" : 16865.00,
    "dma50" : 19023.93,
    "dma100" : 18397.82,
    "dma200" : 18644.62,
    "volume" : 31958.00
  }, {
    "date" : "2026-01-21",
    "price" : 17100.00,
    "dma50" : 18948.48,
    "dma100" : 18389.68,
    "dma200" : 18629.25,
    "volume" : 2196.00
  }, {
    "date" : "2026-01-22",
    "price" : 17190.00,
    "dma50" : 18879.52,
    "dma100" : 18383.11,
    "dma200" : 18614.93,
    "volume" : 1439.00
  }, {
    "date" : "2026-01-23",
    "price" : 16630.00,
    "dma50" : 18791.30,
    "dma100" : 18375.41,
    "dma200" : 18595.17,
    "volume" : 1684.00
  }, {
    "date" : "2026-01-27",
    "price" : 16815.00,
    "dma50" : 18713.80,
    "dma100" : 18364.36,
    "dma200" : 18577.46,
    "volume" : 30346.00
  }, {
    "date" : "2026-01-28",
    "price" : 17055.00,
    "dma50" : 18648.75,
    "dma100" : 18355.93,
    "dma200" : 18562.31,
    "volume" : 1566.00
  }, {
    "date" : "2026-01-29",
    "price" : 17060.00,
    "dma50" : 18586.45,
    "dma100" : 18340.14,
    "dma200" : 18547.36,
    "volume" : 1252.00
  }, {
    "date" : "2026-01-30",
    "price" : 17765.00,
    "dma50" : 18554.23,
    "dma100" : 18330.65,
    "dma200" : 18539.58,
    "volume" : 3721.00
  }, {
    "date" : "2026-02-01",
    "price" : 17362.00,
    "dma50" : 18507.48,
    "dma100" : 18315.51,
    "dma200" : 18527.86,
    "volume" : 688.00
  }, {
    "date" : "2026-02-02",
    "price" : 17549.00,
    "dma50" : 18469.89,
    "dma100" : 18301.05,
    "dma200" : 18518.12,
    "volume" : 28201.00
  }, {
    "date" : "2026-02-03",
    "price" : 17697.00,
    "dma50" : 18439.58,
    "dma100" : 18290.18,
    "dma200" : 18509.95,
    "volume" : 1843.00
  }, {
    "date" : "2026-02-04",
    "price" : 18119.00,
    "dma50" : 18427.01,
    "dma100" : 18278.37,
    "dma200" : 18506.06,
    "volume" : 1557.00
  }, {
    "date" : "2026-02-05",
    "price" : 17494.00,
    "dma50" : 18390.42,
    "dma100" : 18266.77,
    "dma200" : 18495.99,
    "volume" : 20367.00
  }, {
    "date" : "2026-02-06",
    "price" : 17683.00,
    "dma50" : 18362.68,
    "dma100" : 18255.10,
    "dma200" : 18487.90,
    "volume" : 12428.00
  }, {
    "date" : "2026-02-09",
    "price" : 17495.00,
    "dma50" : 18328.65,
    "dma100" : 18244.04,
    "dma200" : 18478.02,
    "volume" : 1694.00
  }, {
    "date" : "2026-02-10",
    "price" : 17727.00,
    "dma50" : 18305.06,
    "dma100" : 18235.96,
    "dma200" : 18470.55,
    "volume" : 34943.00
  }, {
    "date" : "2026-02-11",
    "price" : 17482.00,
    "dma50" : 18272.78,
    "dma100" : 18223.54,
    "dma200" : 18460.71,
    "volume" : 917.00
  }, {
    "date" : "2026-02-12",
    "price" : 17302.00,
    "dma50" : 18234.71,
    "dma100" : 18211.80,
    "dma200" : 18449.18,
    "volume" : 1185.00
  }, {
    "date" : "2026-02-13",
    "price" : 17421.00,
    "dma50" : 18202.80,
    "dma100" : 18200.94,
    "dma200" : 18438.95,
    "volume" : 1237.00
  }, {
    "date" : "2026-02-16",
    "price" : 17737.00,
    "dma50" : 18184.54,
    "dma100" : 18195.06,
    "dma200" : 18431.97,
    "volume" : 1616.00
  } ],
  "latestTechnicalAttributes" : {
    "date" : "2026-02-16",
    "price" : 17737.00,
    "dma50" : 18184.54,
    "dma100" : 18195.06,
    "dma200" : 18431.97,
    "volume" : 1616.00
  },
  "quarterlyResults" : [ {
    "date" : "2005-03-31",
    "sales" : 5.27,
    "salesGrowthYoY" : null,
    "grossProfitMargin" : 100.00,
    "grossProfit" : 5.27,
    "operatingProfitMargin" : 97.34,
    "operatingProfit" : 5.13,
    "netProfitMargin" : 96.96,
    "netProfit" : 5.11
  }, {
    "date" : "2005-06-30",
    "sales" : 8.43,
    "salesGrowthYoY" : null,
    "grossProfitMargin" : 100.00,
    "grossProfit" : 8.43,
    "operatingProfitMargin" : 98.34,
    "operatingProfit" : 8.29,
    "netProfitMargin" : 97.27,
    "netProfit" : 8.20
  }, {
    "date" : "2005-09-30",
    "sales" : 0.63,
    "salesGrowthYoY" : null,
    "grossProfitMargin" : 100.00,
    "grossProfit" : 0.63,
    "operatingProfitMargin" : -711.11,
    "operatingProfit" : -4.48,
    "netProfitMargin" : -696.83,
    "netProfit" : -4.39
  }, {
    "date" : "2005-12-31",
    "sales" : 2.56,
    "salesGrowthYoY" : null,
    "grossProfitMargin" : 100.00,
    "grossProfit" : 2.56,
    "operatingProfitMargin" : 92.58,
    "operatingProfit" : 2.37,
    "netProfitMargin" : 81.25,
    "netProfit" : 2.08
  }, {
    "date" : "2006-03-31",
    "sales" : 0.48,
    "salesGrowthYoY" : -90.89,
    "grossProfitMargin" : 100.00,
    "grossProfit" : 0.48,
    "operatingProfitMargin" : 64.58,
    "operatingProfit" : 0.31,
    "netProfitMargin" : 41.67,
    "netProfit" : 0.20
  }, {
    "date" : "2006-06-30",
    "sales" : 0.33,
    "salesGrowthYoY" : -96.09,
    "grossProfitMargin" : 100.00,
    "grossProfit" : 0.33,
    "operatingProfitMargin" : 33.33,
    "operatingProfit" : 0.11,
    "netProfitMargin" : 24.24,
    "netProfit" : 0.08
  }, {
    "date" : "2006-09-30",
    "sales" : 14.70,
    "salesGrowthYoY" : 2233.33,
    "grossProfitMargin" : 100.00,
    "grossProfit" : 14.70,
    "operatingProfitMargin" : 98.57,
    "operatingProfit" : 14.49,
    "netProfitMargin" : 98.03,
    "netProfit" : 14.41
  }, {
    "date" : "2006-12-31",
    "sales" : 0.91,
    "salesGrowthYoY" : -64.45,
    "grossProfitMargin" : 100.00,
    "grossProfit" : 0.91,
    "operatingProfitMargin" : 73.63,
    "operatingProfit" : 0.67,
    "netProfitMargin" : 246.15,
    "netProfit" : 2.24
  }, {
    "date" : "2007-03-31",
    "sales" : 23.26,
    "salesGrowthYoY" : 4745.83,
    "grossProfitMargin" : 100.00,
    "grossProfit" : 23.26,
    "operatingProfitMargin" : 97.94,
    "operatingProfit" : 22.78,
    "netProfitMargin" : 97.33,
    "netProfit" : 22.64
  }, {
    "date" : "2007-06-30",
    "sales" : 1.34,
    "salesGrowthYoY" : 306.06,
    "grossProfitMargin" : 100.00,
    "grossProfit" : 1.34,
    "operatingProfitMargin" : 82.84,
    "operatingProfit" : 1.11,
    "netProfitMargin" : 54.48,
    "netProfit" : 0.73
  }, {
    "date" : "2007-09-30",
    "sales" : 1.52,
    "salesGrowthYoY" : -89.66,
    "grossProfitMargin" : 100.00,
    "grossProfit" : 1.52,
    "operatingProfitMargin" : 85.53,
    "operatingProfit" : 1.30,
    "netProfitMargin" : 59.87,
    "netProfit" : 0.91
  }, {
    "date" : "2007-12-31",
    "sales" : 1.42,
    "salesGrowthYoY" : 56.04,
    "grossProfitMargin" : 100.00,
    "grossProfit" : 1.42,
    "operatingProfitMargin" : 84.51,
    "operatingProfit" : 1.20,
    "netProfitMargin" : 54.23,
    "netProfit" : 0.77
  }, {
    "date" : "2008-03-31",
    "sales" : 1.50,
    "salesGrowthYoY" : -93.55,
    "grossProfitMargin" : 100.00,
    "grossProfit" : 1.50,
    "operatingProfitMargin" : 90.67,
    "operatingProfit" : 1.36,
    "netProfitMargin" : 62.00,
    "netProfit" : 0.93
  }, {
    "date" : "2008-06-30",
    "sales" : 26.76,
    "salesGrowthYoY" : 1897.01,
    "grossProfitMargin" : 100.00,
    "grossProfit" : 26.76,
    "operatingProfitMargin" : 98.65,
    "operatingProfit" : 26.40,
    "netProfitMargin" : 96.82,
    "netProfit" : 25.91
  }, {
    "date" : "2008-09-30",
    "sales" : 2.77,
    "salesGrowthYoY" : 82.24,
    "grossProfitMargin" : 100.00,
    "grossProfit" : 2.77,
    "operatingProfitMargin" : 89.89,
    "operatingProfit" : 2.49,
    "netProfitMargin" : 62.45,
    "netProfit" : 1.73
  }, {
    "date" : "2008-12-31",
    "sales" : 8.93,
    "salesGrowthYoY" : 528.87,
    "grossProfitMargin" : 100.00,
    "grossProfit" : 8.93,
    "operatingProfitMargin" : 96.98,
    "operatingProfit" : 8.66,
    "netProfitMargin" : 78.39,
    "netProfit" : 7.00
  }, {
    "date" : "2009-03-31",
    "sales" : 2.42,
    "salesGrowthYoY" : 61.33,
    "grossProfitMargin" : 100.00,
    "grossProfit" : 2.42,
    "operatingProfitMargin" : 87.60,
    "operatingProfit" : 2.12,
    "netProfitMargin" : 70.66,
    "netProfit" : 1.71
  }, {
    "date" : "2009-06-30",
    "sales" : 1.20,
    "salesGrowthYoY" : -95.52,
    "grossProfitMargin" : 100.00,
    "grossProfit" : 1.20,
    "operatingProfitMargin" : 72.50,
    "operatingProfit" : 0.87,
    "netProfitMargin" : 38.33,
    "netProfit" : 0.46
  }, {
    "date" : "2009-09-30",
    "sales" : 3.34,
    "salesGrowthYoY" : 20.58,
    "grossProfitMargin" : 100.00,
    "grossProfit" : 3.34,
    "operatingProfitMargin" : 89.82,
    "operatingProfit" : 3.00,
    "netProfitMargin" : 67.96,
    "netProfit" : 2.27
  }, {
    "date" : "2009-12-31",
    "sales" : 1.20,
    "salesGrowthYoY" : -86.56,
    "grossProfitMargin" : 100.00,
    "grossProfit" : 1.20,
    "operatingProfitMargin" : 74.17,
    "operatingProfit" : 0.89,
    "netProfitMargin" : 73.33,
    "netProfit" : 0.88
  }, {
    "date" : "2010-03-31",
    "sales" : 1.29,
    "salesGrowthYoY" : -46.69,
    "grossProfitMargin" : 100.00,
    "grossProfit" : 1.29,
    "operatingProfitMargin" : 79.07,
    "operatingProfit" : 1.02,
    "netProfitMargin" : 59.69,
    "netProfit" : 0.77
  }, {
    "date" : "2010-06-30",
    "sales" : 18.24,
    "salesGrowthYoY" : 1420.00,
    "grossProfitMargin" : 100.00,
    "grossProfit" : 18.24,
    "operatingProfitMargin" : 97.37,
    "operatingProfit" : 17.76,
    "netProfitMargin" : 87.55,
    "netProfit" : 15.97
  }, {
    "date" : "2010-09-30",
    "sales" : 1.94,
    "salesGrowthYoY" : -41.92,
    "grossProfitMargin" : 100.00,
    "grossProfit" : 1.94,
    "operatingProfitMargin" : 79.90,
    "operatingProfit" : 1.55,
    "netProfitMargin" : 71.65,
    "netProfit" : 1.39
  }, {
    "date" : "2010-12-31",
    "sales" : 2.03,
    "salesGrowthYoY" : 69.17,
    "grossProfitMargin" : 100.00,
    "grossProfit" : 2.03,
    "operatingProfitMargin" : 80.79,
    "operatingProfit" : 1.64,
    "netProfitMargin" : 72.41,
    "netProfit" : 1.47
  }, {
    "date" : "2011-03-31",
    "sales" : 1.86,
    "salesGrowthYoY" : 44.19,
    "grossProfitMargin" : 100.00,
    "grossProfit" : 1.86,
    "operatingProfitMargin" : 61.29,
    "operatingProfit" : 1.14,
    "netProfitMargin" : 100.54,
    "netProfit" : 1.87
  }, {
    "date" : "2011-06-30",
    "sales" : 1.91,
    "salesGrowthYoY" : -89.53,
    "grossProfitMargin" : 100.00,
    "grossProfit" : 1.91,
    "operatingProfitMargin" : 62.30,
    "operatingProfit" : 1.19,
    "netProfitMargin" : 55.50,
    "netProfit" : 1.06
  }, {
    "date" : "2011-09-30",
    "sales" : 24.03,
    "salesGrowthYoY" : 1138.66,
    "grossProfitMargin" : 100.00,
    "grossProfit" : 24.03,
    "operatingProfitMargin" : 97.71,
    "operatingProfit" : 23.48,
    "netProfitMargin" : 87.81,
    "netProfit" : 21.10
  }, {
    "date" : "2011-12-31",
    "sales" : 2.83,
    "salesGrowthYoY" : 39.41,
    "grossProfitMargin" : 100.00,
    "grossProfit" : 2.83,
    "operatingProfitMargin" : 83.39,
    "operatingProfit" : 2.36,
    "netProfitMargin" : 66.08,
    "netProfit" : 1.87
  }, {
    "date" : "2012-03-31",
    "sales" : 3.31,
    "salesGrowthYoY" : 77.96,
    "grossProfitMargin" : 100.00,
    "grossProfit" : 3.31,
    "operatingProfitMargin" : 84.89,
    "operatingProfit" : 2.81,
    "netProfitMargin" : 80.06,
    "netProfit" : 2.65
  }, {
    "date" : "2012-06-30",
    "sales" : 3.53,
    "salesGrowthYoY" : 84.82,
    "grossProfitMargin" : 100.00,
    "grossProfit" : 3.53,
    "operatingProfitMargin" : 81.87,
    "operatingProfit" : 2.89,
    "netProfitMargin" : 67.71,
    "netProfit" : 2.39
  }, {
    "date" : "2012-09-30",
    "sales" : 17.52,
    "salesGrowthYoY" : -27.09,
    "grossProfitMargin" : 100.00,
    "grossProfit" : 17.52,
    "operatingProfitMargin" : 96.63,
    "operatingProfit" : 16.93,
    "netProfitMargin" : 79.79,
    "netProfit" : 13.98
  }, {
    "date" : "2012-12-31",
    "sales" : 4.17,
    "salesGrowthYoY" : 47.35,
    "grossProfitMargin" : 100.00,
    "grossProfit" : 4.17,
    "operatingProfitMargin" : 86.09,
    "operatingProfit" : 3.59,
    "netProfitMargin" : 70.98,
    "netProfit" : 2.96
  }, {
    "date" : "2013-03-31",
    "sales" : 4.18,
    "salesGrowthYoY" : 26.28,
    "grossProfitMargin" : 100.00,
    "grossProfit" : 4.18,
    "operatingProfitMargin" : 72.73,
    "operatingProfit" : 3.04,
    "netProfitMargin" : 56.46,
    "netProfit" : 2.36
  }, {
    "date" : "2013-06-30",
    "sales" : 4.73,
    "salesGrowthYoY" : 33.99,
    "grossProfitMargin" : 100.00,
    "grossProfit" : 4.73,
    "operatingProfitMargin" : 87.32,
    "operatingProfit" : 4.13,
    "netProfitMargin" : 71.46,
    "netProfit" : 3.38
  }, {
    "date" : "2013-09-30",
    "sales" : 23.63,
    "salesGrowthYoY" : 34.87,
    "grossProfitMargin" : 100.00,
    "grossProfit" : 23.63,
    "operatingProfitMargin" : 97.38,
    "operatingProfit" : 23.01,
    "netProfitMargin" : 78.71,
    "netProfit" : 18.60
  }, {
    "date" : "2013-12-31",
    "sales" : 7.22,
    "salesGrowthYoY" : 73.14,
    "grossProfitMargin" : 100.00,
    "grossProfit" : 7.22,
    "operatingProfitMargin" : 92.52,
    "operatingProfit" : 6.68,
    "netProfitMargin" : 71.75,
    "netProfit" : 5.18
  }, {
    "date" : "2014-03-31",
    "sales" : 7.76,
    "salesGrowthYoY" : 85.65,
    "grossProfitMargin" : 100.00,
    "grossProfit" : 7.76,
    "operatingProfitMargin" : 92.27,
    "operatingProfit" : 7.16,
    "netProfitMargin" : 74.74,
    "netProfit" : 5.80
  }, {
    "date" : "2014-06-30",
    "sales" : 7.59,
    "salesGrowthYoY" : 60.47,
    "grossProfitMargin" : 100.00,
    "grossProfit" : 7.59,
    "operatingProfitMargin" : 91.30,
    "operatingProfit" : 6.93,
    "netProfitMargin" : 71.94,
    "netProfit" : 5.46
  }, {
    "date" : "2014-09-30",
    "sales" : 27.20,
    "salesGrowthYoY" : 15.11,
    "grossProfitMargin" : 100.00,
    "grossProfit" : 27.20,
    "operatingProfitMargin" : 97.06,
    "operatingProfit" : 26.40,
    "netProfitMargin" : 76.99,
    "netProfit" : 20.94
  }, {
    "date" : "2014-12-31",
    "sales" : 7.59,
    "salesGrowthYoY" : 5.12,
    "grossProfitMargin" : 100.00,
    "grossProfit" : 7.59,
    "operatingProfitMargin" : 91.17,
    "operatingProfit" : 6.92,
    "netProfitMargin" : 73.52,
    "netProfit" : 5.58
  }, {
    "date" : "2015-03-31",
    "sales" : 6.97,
    "salesGrowthYoY" : -10.18,
    "grossProfitMargin" : 100.00,
    "grossProfit" : 6.97,
    "operatingProfitMargin" : 86.66,
    "operatingProfit" : 6.04,
    "netProfitMargin" : 67.86,
    "netProfit" : 4.73
  }, {
    "date" : "2015-06-30",
    "sales" : 7.29,
    "salesGrowthYoY" : -3.95,
    "grossProfitMargin" : 100.00,
    "grossProfit" : 7.29,
    "operatingProfitMargin" : 90.26,
    "operatingProfit" : 6.58,
    "netProfitMargin" : 70.64,
    "netProfit" : 5.15
  }, {
    "date" : "2015-09-30",
    "sales" : 26.52,
    "salesGrowthYoY" : -2.50,
    "grossProfitMargin" : 100.00,
    "grossProfit" : 26.52,
    "operatingProfitMargin" : 96.49,
    "operatingProfit" : 25.59,
    "netProfitMargin" : 75.87,
    "netProfit" : 20.12
  }, {
    "date" : "2015-12-31",
    "sales" : 7.71,
    "salesGrowthYoY" : 1.58,
    "grossProfitMargin" : 100.00,
    "grossProfit" : 7.71,
    "operatingProfitMargin" : 88.20,
    "operatingProfit" : 6.80,
    "netProfitMargin" : 68.09,
    "netProfit" : 5.25
  }, {
    "date" : "2016-03-31",
    "sales" : 8.83,
    "salesGrowthYoY" : 26.69,
    "grossProfitMargin" : 100.00,
    "grossProfit" : 8.83,
    "operatingProfitMargin" : 89.13,
    "operatingProfit" : 7.87,
    "netProfitMargin" : 68.97,
    "netProfit" : 6.09
  }, {
    "date" : "2016-06-30",
    "sales" : 8.95,
    "salesGrowthYoY" : 22.77,
    "grossProfitMargin" : 100.00,
    "grossProfit" : 8.95,
    "operatingProfitMargin" : 91.28,
    "operatingProfit" : 8.17,
    "netProfitMargin" : 68.04,
    "netProfit" : 6.09
  }, {
    "date" : "2016-09-30",
    "sales" : 22.01,
    "salesGrowthYoY" : -17.01,
    "grossProfitMargin" : 100.00,
    "grossProfit" : 22.01,
    "operatingProfitMargin" : 95.27,
    "operatingProfit" : 20.97,
    "netProfitMargin" : 70.70,
    "netProfit" : 15.56
  }, {
    "date" : "2016-12-31",
    "sales" : 22.02,
    "salesGrowthYoY" : 185.60,
    "grossProfitMargin" : 100.00,
    "grossProfit" : 22.02,
    "operatingProfitMargin" : 96.28,
    "operatingProfit" : 21.20,
    "netProfitMargin" : 84.33,
    "netProfit" : 18.57
  }, {
    "date" : "2017-03-31",
    "sales" : 10.37,
    "salesGrowthYoY" : 17.44,
    "grossProfitMargin" : 100.00,
    "grossProfit" : 10.37,
    "operatingProfitMargin" : 87.37,
    "operatingProfit" : 9.06,
    "netProfitMargin" : 69.05,
    "netProfit" : 7.16
  }, {
    "date" : "2017-06-30",
    "sales" : 50.86,
    "salesGrowthYoY" : 468.27,
    "grossProfitMargin" : 100.00,
    "grossProfit" : 50.86,
    "operatingProfitMargin" : 97.58,
    "operatingProfit" : 49.63,
    "netProfitMargin" : 79.75,
    "netProfit" : 40.56
  }, {
    "date" : "2017-09-30",
    "sales" : 12.72,
    "salesGrowthYoY" : -42.21,
    "grossProfitMargin" : 100.00,
    "grossProfit" : 12.72,
    "operatingProfitMargin" : 91.35,
    "operatingProfit" : 11.62,
    "netProfitMargin" : 72.25,
    "netProfit" : 9.19
  }, {
    "date" : "2017-12-31",
    "sales" : 12.80,
    "salesGrowthYoY" : -41.87,
    "grossProfitMargin" : 100.00,
    "grossProfit" : 12.80,
    "operatingProfitMargin" : 90.16,
    "operatingProfit" : 11.54,
    "netProfitMargin" : 71.56,
    "netProfit" : 9.16
  }, {
    "date" : "2018-03-31",
    "sales" : 12.27,
    "salesGrowthYoY" : 18.32,
    "grossProfitMargin" : 100.00,
    "grossProfit" : 12.27,
    "operatingProfitMargin" : 90.22,
    "operatingProfit" : 11.07,
    "netProfitMargin" : 74.00,
    "netProfit" : 9.08
  }, {
    "date" : "2018-06-30",
    "sales" : 12.71,
    "salesGrowthYoY" : -75.01,
    "grossProfitMargin" : 100.00,
    "grossProfit" : 12.71,
    "operatingProfitMargin" : 90.01,
    "operatingProfit" : 11.44,
    "netProfitMargin" : 77.42,
    "netProfit" : 9.84
  }, {
    "date" : "2018-09-30",
    "sales" : 70.41,
    "salesGrowthYoY" : 453.54,
    "grossProfitMargin" : 100.00,
    "grossProfit" : 70.41,
    "operatingProfitMargin" : 97.74,
    "operatingProfit" : 68.82,
    "netProfitMargin" : 83.94,
    "netProfit" : 59.10
  }, {
    "date" : "2018-12-31",
    "sales" : 12.36,
    "salesGrowthYoY" : -3.44,
    "grossProfitMargin" : 100.00,
    "grossProfit" : 12.36,
    "operatingProfitMargin" : 91.26,
    "operatingProfit" : 11.28,
    "netProfitMargin" : 80.26,
    "netProfit" : 9.92
  }, {
    "date" : "2019-03-31",
    "sales" : 11.82,
    "salesGrowthYoY" : -3.67,
    "grossProfitMargin" : 100.00,
    "grossProfit" : 11.82,
    "operatingProfitMargin" : 87.99,
    "operatingProfit" : 10.40,
    "netProfitMargin" : 75.80,
    "netProfit" : 8.96
  }, {
    "date" : "2019-06-30",
    "sales" : 11.87,
    "salesGrowthYoY" : -6.61,
    "grossProfitMargin" : 100.00,
    "grossProfit" : 11.87,
    "operatingProfitMargin" : 89.89,
    "operatingProfit" : 10.67,
    "netProfitMargin" : 79.28,
    "netProfit" : 9.41
  }, {
    "date" : "2019-09-30",
    "sales" : 85.48,
    "salesGrowthYoY" : 21.40,
    "grossProfitMargin" : 100.00,
    "grossProfit" : 85.48,
    "operatingProfitMargin" : 98.10,
    "operatingProfit" : 83.86,
    "netProfitMargin" : 88.45,
    "netProfit" : 75.61
  }, {
    "date" : "2019-12-31",
    "sales" : 11.83,
    "salesGrowthYoY" : -4.29,
    "grossProfitMargin" : 100.00,
    "grossProfit" : 11.83,
    "operatingProfitMargin" : 89.43,
    "operatingProfit" : 10.58,
    "netProfitMargin" : 79.80,
    "netProfit" : 9.44
  }, {
    "date" : "2020-03-31",
    "sales" : 11.83,
    "salesGrowthYoY" : 0.08,
    "grossProfitMargin" : 100.00,
    "grossProfit" : 11.83,
    "operatingProfitMargin" : 87.66,
    "operatingProfit" : 10.37,
    "netProfitMargin" : 81.15,
    "netProfit" : 9.60
  }, {
    "date" : "2020-06-30",
    "sales" : 12.48,
    "salesGrowthYoY" : 5.14,
    "grossProfitMargin" : 100.00,
    "grossProfit" : 12.48,
    "operatingProfitMargin" : 91.99,
    "operatingProfit" : 11.48,
    "netProfitMargin" : 68.35,
    "netProfit" : 8.53
  }, {
    "date" : "2020-09-30",
    "sales" : 50.33,
    "salesGrowthYoY" : -41.12,
    "grossProfitMargin" : 100.00,
    "grossProfit" : 50.33,
    "operatingProfitMargin" : 97.91,
    "operatingProfit" : 49.28,
    "netProfitMargin" : 73.12,
    "netProfit" : 36.80
  }, {
    "date" : "2020-12-31",
    "sales" : 14.97,
    "salesGrowthYoY" : 26.54,
    "grossProfitMargin" : 100.00,
    "grossProfit" : 14.97,
    "operatingProfitMargin" : 91.45,
    "operatingProfit" : 13.69,
    "netProfitMargin" : 68.14,
    "netProfit" : 10.20
  }, {
    "date" : "2021-03-31",
    "sales" : 15.03,
    "salesGrowthYoY" : 27.05,
    "grossProfitMargin" : 100.00,
    "grossProfit" : 15.03,
    "operatingProfitMargin" : 88.82,
    "operatingProfit" : 13.35,
    "netProfitMargin" : 67.73,
    "netProfit" : 10.18
  }, {
    "date" : "2021-06-30",
    "sales" : 15.64,
    "salesGrowthYoY" : 25.32,
    "grossProfitMargin" : 100.00,
    "grossProfit" : 15.64,
    "operatingProfitMargin" : 92.52,
    "operatingProfit" : 14.47,
    "netProfitMargin" : 68.29,
    "netProfit" : 10.68
  }, {
    "date" : "2021-09-30",
    "sales" : 134.39,
    "salesGrowthYoY" : 167.02,
    "grossProfitMargin" : 100.00,
    "grossProfit" : 134.39,
    "operatingProfitMargin" : 98.85,
    "operatingProfit" : 132.84,
    "netProfitMargin" : 73.89,
    "netProfit" : 99.30
  }, {
    "date" : "2021-12-31",
    "sales" : 16.94,
    "salesGrowthYoY" : 13.16,
    "grossProfitMargin" : 100.00,
    "grossProfit" : 16.94,
    "operatingProfitMargin" : 88.02,
    "operatingProfit" : 14.91,
    "netProfitMargin" : 65.76,
    "netProfit" : 11.14
  }, {
    "date" : "2022-03-31",
    "sales" : 19.18,
    "salesGrowthYoY" : 27.61,
    "grossProfitMargin" : 100.00,
    "grossProfit" : 19.18,
    "operatingProfitMargin" : 94.73,
    "operatingProfit" : 18.17,
    "netProfitMargin" : 70.28,
    "netProfit" : 13.48
  }, {
    "date" : "2022-06-30",
    "sales" : 18.80,
    "salesGrowthYoY" : 20.20,
    "grossProfitMargin" : 100.00,
    "grossProfit" : 18.80,
    "operatingProfitMargin" : 93.35,
    "operatingProfit" : 17.55,
    "netProfitMargin" : 69.89,
    "netProfit" : 13.14
  }, {
    "date" : "2022-09-30",
    "sales" : 337.49,
    "salesGrowthYoY" : 151.13,
    "grossProfitMargin" : 100.00,
    "grossProfit" : 337.49,
    "operatingProfitMargin" : 99.37,
    "operatingProfit" : 335.36,
    "netProfitMargin" : 74.27,
    "netProfit" : 250.65
  }, {
    "date" : "2022-12-31",
    "sales" : 26.02,
    "salesGrowthYoY" : 53.60,
    "grossProfitMargin" : 100.00,
    "grossProfit" : 26.02,
    "operatingProfitMargin" : 95.08,
    "operatingProfit" : 24.74,
    "netProfitMargin" : 70.91,
    "netProfit" : 18.45
  }, {
    "date" : "2023-03-31",
    "sales" : 24.45,
    "salesGrowthYoY" : 27.48,
    "grossProfitMargin" : 100.00,
    "grossProfit" : 24.45,
    "operatingProfitMargin" : 94.97,
    "operatingProfit" : 23.22,
    "netProfitMargin" : 71.00,
    "netProfit" : 17.36
  }, {
    "date" : "2023-06-30",
    "sales" : 26.12,
    "salesGrowthYoY" : 38.94,
    "grossProfitMargin" : 100.00,
    "grossProfit" : 26.12,
    "operatingProfitMargin" : 88.82,
    "operatingProfit" : 23.20,
    "netProfitMargin" : 65.93,
    "netProfit" : 17.22
  }, {
    "date" : "2023-09-30",
    "sales" : 89.17,
    "salesGrowthYoY" : -73.58,
    "grossProfitMargin" : 100.00,
    "grossProfit" : 89.17,
    "operatingProfitMargin" : 96.59,
    "operatingProfit" : 86.13,
    "netProfitMargin" : 71.54,
    "netProfit" : 63.79
  }, {
    "date" : "2023-12-31",
    "sales" : 27.29,
    "salesGrowthYoY" : 4.88,
    "grossProfitMargin" : 100.00,
    "grossProfit" : 27.29,
    "operatingProfitMargin" : 90.07,
    "operatingProfit" : 24.58,
    "netProfitMargin" : 66.76,
    "netProfit" : 18.22
  }, {
    "date" : "2024-03-31",
    "sales" : 26.99,
    "salesGrowthYoY" : 10.39,
    "grossProfitMargin" : 100.00,
    "grossProfit" : 26.99,
    "operatingProfitMargin" : 87.37,
    "operatingProfit" : 23.58,
    "netProfitMargin" : 71.95,
    "netProfit" : 19.42
  }, {
    "date" : "2024-06-30",
    "sales" : 27.23,
    "salesGrowthYoY" : 4.25,
    "grossProfitMargin" : 100.00,
    "grossProfit" : 27.23,
    "operatingProfitMargin" : 88.25,
    "operatingProfit" : 24.03,
    "netProfitMargin" : 65.92,
    "netProfit" : 17.95
  }, {
    "date" : "2024-09-30",
    "sales" : 162.18,
    "salesGrowthYoY" : 81.88,
    "grossProfitMargin" : 100.00,
    "grossProfit" : 162.18,
    "operatingProfitMargin" : 97.71,
    "operatingProfit" : 158.47,
    "netProfitMargin" : 72.93,
    "netProfit" : 118.28
  }, {
    "date" : "2024-12-31",
    "sales" : 29.22,
    "salesGrowthYoY" : 7.07,
    "grossProfitMargin" : 100.00,
    "grossProfit" : 29.22,
    "operatingProfitMargin" : 88.81,
    "operatingProfit" : 25.95,
    "netProfitMargin" : 66.39,
    "netProfit" : 19.40
  }, {
    "date" : "2025-03-31",
    "sales" : 29.46,
    "salesGrowthYoY" : 9.15,
    "grossProfitMargin" : 100.00,
    "grossProfit" : 29.46,
    "operatingProfitMargin" : 86.90,
    "operatingProfit" : 25.60,
    "netProfitMargin" : 64.73,
    "netProfit" : 19.07
  }, {
    "date" : "2025-06-30",
    "sales" : 30.07,
    "salesGrowthYoY" : 10.43,
    "grossProfitMargin" : 100.00,
    "grossProfit" : 30.07,
    "operatingProfitMargin" : 87.63,
    "operatingProfit" : 26.35,
    "netProfitMargin" : 65.41,
    "netProfit" : 19.67
  }, {
    "date" : "2025-09-30",
    "sales" : 83.57,
    "salesGrowthYoY" : -48.47,
    "grossProfitMargin" : 100.00,
    "grossProfit" : 83.57,
    "operatingProfitMargin" : 95.68,
    "operatingProfit" : 79.96,
    "netProfitMargin" : 71.33,
    "netProfit" : 59.61
  }, {
    "date" : "2025-12-31",
    "sales" : 32.66,
    "salesGrowthYoY" : 11.77,
    "grossProfitMargin" : 100.00,
    "grossProfit" : 32.66,
    "operatingProfitMargin" : 89.04,
    "operatingProfit" : 29.08,
    "netProfitMargin" : 66.04,
    "netProfit" : 21.57
  } ],
  "latestQuarterlyResult" : {
    "date" : "2025-12-31",
    "sales" : 32.66,
    "salesGrowthYoY" : 11.77,
    "grossProfitMargin" : 100.00,
    "grossProfit" : 32.66,
    "operatingProfitMargin" : 89.04,
    "operatingProfit" : 29.08,
    "netProfitMargin" : 66.04,
    "netProfit" : 21.57
  },
  "companyScore" : {
    "priceHigherThanDma50" : 0.00,
    "priceHigherThanDma100" : 0.00,
    "priceHigherThanDma200" : 0.00,
    "dma50HigherThanDma100" : 0.00,
    "dma50HigherThanDma200" : 0.00,
    "dma100HigherThanDma200" : 0.00,
    "pricePercentageAboveDma50" : 5.12,
    "pricePercentageAboveDma100" : 5.13,
    "pricePercentageAboveDma200" : 5.19,
    "weeklyVolumeHigherThanYearlyVolume" : 5.00,
    "salesGrowthPercentile" : 9.00,
    "operatingProfitMarginPercentile" : 19.75,
    "netProfitMarginPercentile" : 8.09,
    "totalTechnicalScore" : 20.44,
    "totalFundamentalScore" : 36.84,
    "totalScore" : 57.27
  }
}