{
  "metadata" : {
    "screenerCompanyId" : "1657",
    "companyCode" : "JSWSTEEL",
    "companyName" : "JSW Steel",
    "screenerCompanyLink" : "https://www.screener.in/company/JSWSTEEL/consolidated/",
    "screenerTechnicalHistoryLink" : "https://www.screener.in/api/company/1657/chart/?q=Price-DMA50-DMA200-Volume&days=365",
    "screenerQuarterlyResultsLink" : "https://www.screener.in/api/company/1657/chart/?q=GPM-OPM-NPM-Quarter+Sales&days=10000",
    "attributes" : {
      "companyCode" : "JSWSTEEL",
      "companyName" : "JSW Steel",
      "marketCap" : 272789.00,
      "peRatio" : 44.60,
      "description" : "JSW Steel is primarily engaged in the business of manufacture and sale of Iron and Steel Products.[1] It is the flagship business of the diversified, US$ 23 billion JSW Group.The Group has interests in energy, infrastructure, cement, paints, sports, and venture capital.[2]"
    },
    "companyScore" : {
      "priceHigherThanDma50" : 0.00,
      "priceHigherThanDma100" : 0.00,
      "priceHigherThanDma200" : 5.00,
      "dma50HigherThanDma100" : 5.00,
      "dma50HigherThanDma200" : 5.00,
      "dma100HigherThanDma200" : 5.00,
      "pricePercentageAboveDma50" : 5.11,
      "pricePercentageAboveDma100" : 5.01,
      "pricePercentageAboveDma200" : 4.81,
      "weeklyVolumeHigherThanYearlyVolume" : 0.00,
      "salesGrowthPercentile" : 8.10,
      "operatingProfitMarginPercentile" : 5.71,
      "netProfitMarginPercentile" : 2.93,
      "totalTechnicalScore" : 34.93,
      "totalFundamentalScore" : 16.74,
      "totalScore" : 51.67
    }
  },
  "attributes" : {
    "companyCode" : "JSWSTEEL",
    "companyName" : "JSW Steel",
    "marketCap" : 272789.00,
    "peRatio" : 44.60,
    "description" : "JSW Steel is primarily engaged in the business of manufacture and sale of Iron and Steel Products.[1] It is the flagship business of the diversified, US$ 23 billion JSW Group.The Group has interests in energy, infrastructure, cement, paints, sports, and venture capital.[2]"
  },
  "technicalHistory" : [ {
    "date" : "2024-12-16",
    "price" : 990.35,
    "dma50" : 978.16,
    "dma100" : null,
    "dma200" : 924.49,
    "volume" : 1260387.00
  }, {
    "date" : "2024-12-17",
    "price" : 966.85,
    "dma50" : 977.71,
    "dma100" : null,
    "dma200" : 924.92,
    "volume" : 1706247.00
  }, {
    "date" : "2024-12-18",
    "price" : 946.85,
    "dma50" : 976.50,
    "dma100" : null,
    "dma200" : 925.13,
    "volume" : 1647929.00
  }, {
    "date" : "2024-12-19",
    "price" : 925.95,
    "dma50" : 974.52,
    "dma100" : null,
    "dma200" : 925.14,
    "volume" : 1979898.00
  }, {
    "date" : "2024-12-20",
    "price" : 917.35,
    "dma50" : 972.28,
    "dma100" : null,
    "dma200" : 925.06,
    "volume" : 29219624.00
  }, {
    "date" : "2024-12-23",
    "price" : 937.05,
    "dma50" : 970.90,
    "dma100" : null,
    "dma200" : 925.18,
    "volume" : 4078137.00
  }, {
    "date" : "2024-12-24",
    "price" : 921.85,
    "dma50" : 968.97,
    "dma100" : null,
    "dma200" : 925.15,
    "volume" : 2075984.00
  }, {
    "date" : "2024-12-26",
    "price" : 914.45,
    "dma50" : 966.84,
    "dma100" : null,
    "dma200" : 925.04,
    "volume" : 2099386.00
  }, {
    "date" : "2024-12-27",
    "price" : 913.30,
    "dma50" : 964.74,
    "dma100" : null,
    "dma200" : 924.93,
    "volume" : 1973659.00
  }, {
    "date" : "2024-12-30",
    "price" : 898.95,
    "dma50" : 962.16,
    "dma100" : null,
    "dma200" : 924.67,
    "volume" : 1993518.00
  }, {
    "date" : "2024-12-31",
    "price" : 901.50,
    "dma50" : 959.78,
    "dma100" : null,
    "dma200" : 924.44,
    "volume" : 1054188.00
  }, {
    "date" : "2025-01-01",
    "price" : 905.45,
    "dma50" : 957.65,
    "dma100" : null,
    "dma200" : 924.25,
    "volume" : 1037849.00
  }, {
    "date" : "2025-01-02",
    "price" : 912.50,
    "dma50" : 955.88,
    "dma100" : null,
    "dma200" : 924.13,
    "volume" : 1670488.00
  }, {
    "date" : "2025-01-03",
    "price" : 915.05,
    "dma50" : 954.28,
    "dma100" : null,
    "dma200" : 924.04,
    "volume" : 2793219.00
  }, {
    "date" : "2025-01-06",
    "price" : 900.90,
    "dma50" : 952.18,
    "dma100" : null,
    "dma200" : 923.81,
    "volume" : 1125389.00
  }, {
    "date" : "2025-01-07",
    "price" : 911.80,
    "dma50" : 950.60,
    "dma100" : null,
    "dma200" : 923.69,
    "volume" : 739015.00
  }, {
    "date" : "2025-01-08",
    "price" : 902.30,
    "dma50" : 948.70,
    "dma100" : null,
    "dma200" : 923.48,
    "volume" : 764414.00
  }, {
    "date" : "2025-01-09",
    "price" : 890.95,
    "dma50" : 946.44,
    "dma100" : null,
    "dma200" : 923.16,
    "volume" : 1493231.00
  }, {
    "date" : "2025-01-10",
    "price" : 900.10,
    "dma50" : 944.62,
    "dma100" : null,
    "dma200" : 922.93,
    "volume" : 1642506.00
  }, {
    "date" : "2025-01-13",
    "price" : 883.75,
    "dma50" : 942.24,
    "dma100" : null,
    "dma200" : 922.54,
    "volume" : 1474326.00
  }, {
    "date" : "2025-01-14",
    "price" : 906.05,
    "dma50" : 940.82,
    "dma100" : null,
    "dma200" : 922.37,
    "volume" : 1993077.00
  }, {
    "date" : "2025-01-15",
    "price" : 904.05,
    "dma50" : 939.37,
    "dma100" : null,
    "dma200" : 922.19,
    "volume" : 1601191.00
  }, {
    "date" : "2025-01-16",
    "price" : 906.80,
    "dma50" : 938.10,
    "dma100" : null,
    "dma200" : 922.04,
    "volume" : 1970392.00
  }, {
    "date" : "2025-01-17",
    "price" : 908.60,
    "dma50" : 936.94,
    "dma100" : null,
    "dma200" : 921.90,
    "volume" : 932409.00
  }, {
    "date" : "2025-01-20",
    "price" : 919.20,
    "dma50" : 936.24,
    "dma100" : null,
    "dma200" : 921.88,
    "volume" : 1321948.00
  }, {
    "date" : "2025-01-21",
    "price" : 926.85,
    "dma50" : 935.88,
    "dma100" : null,
    "dma200" : 921.93,
    "volume" : 1525432.00
  }, {
    "date" : "2025-01-22",
    "price" : 919.40,
    "dma50" : 935.23,
    "dma100" : null,
    "dma200" : 921.90,
    "volume" : 1104909.00
  }, {
    "date" : "2025-01-23",
    "price" : 929.90,
    "dma50" : 935.02,
    "dma100" : null,
    "dma200" : 921.98,
    "volume" : 1301257.00
  }, {
    "date" : "2025-01-24",
    "price" : 932.45,
    "dma50" : 934.92,
    "dma100" : null,
    "dma200" : 922.08,
    "volume" : 3653869.00
  }, {
    "date" : "2025-01-27",
    "price" : 919.35,
    "dma50" : 934.31,
    "dma100" : null,
    "dma200" : 922.06,
    "volume" : 4037683.00
  }, {
    "date" : "2025-01-28",
    "price" : 916.15,
    "dma50" : 933.60,
    "dma100" : null,
    "dma200" : 922.00,
    "volume" : 1138901.00
  }, {
    "date" : "2025-01-29",
    "price" : 937.60,
    "dma50" : 933.75,
    "dma100" : null,
    "dma200" : 922.15,
    "volume" : 1334960.00
  }, {
    "date" : "2025-01-30",
    "price" : 950.85,
    "dma50" : 934.42,
    "dma100" : null,
    "dma200" : 922.44,
    "volume" : 2191464.00
  }, {
    "date" : "2025-01-31",
    "price" : 945.00,
    "dma50" : 934.84,
    "dma100" : null,
    "dma200" : 922.66,
    "volume" : 2232756.00
  }, {
    "date" : "2025-02-01",
    "price" : 934.25,
    "dma50" : 934.82,
    "dma100" : null,
    "dma200" : 922.78,
    "volume" : 1419611.00
  }, {
    "date" : "2025-02-03",
    "price" : 933.95,
    "dma50" : 934.78,
    "dma100" : null,
    "dma200" : 922.89,
    "volume" : 1161802.00
  }, {
    "date" : "2025-02-04",
    "price" : 944.25,
    "dma50" : 935.15,
    "dma100" : null,
    "dma200" : 923.10,
    "volume" : 1336286.00
  }, {
    "date" : "2025-02-05",
    "price" : 949.90,
    "dma50" : 935.73,
    "dma100" : null,
    "dma200" : 923.37,
    "volume" : 1465207.00
  }, {
    "date" : "2025-02-06",
    "price" : 948.40,
    "dma50" : 936.23,
    "dma100" : null,
    "dma200" : 923.62,
    "volume" : 3074490.00
  }, {
    "date" : "2025-02-07",
    "price" : 980.75,
    "dma50" : 937.97,
    "dma100" : null,
    "dma200" : 924.19,
    "volume" : 2912811.00
  }, {
    "date" : "2025-02-10",
    "price" : 959.15,
    "dma50" : 938.81,
    "dma100" : null,
    "dma200" : 924.53,
    "volume" : 1727085.00
  }, {
    "date" : "2025-02-11",
    "price" : 954.50,
    "dma50" : 939.42,
    "dma100" : null,
    "dma200" : 924.83,
    "volume" : 2670659.00
  }, {
    "date" : "2025-02-12",
    "price" : 956.40,
    "dma50" : 940.09,
    "dma100" : null,
    "dma200" : 925.15,
    "volume" : 2878926.00
  }, {
    "date" : "2025-02-13",
    "price" : 969.80,
    "dma50" : 941.25,
    "dma100" : null,
    "dma200" : 925.59,
    "volume" : 1460874.00
  }, {
    "date" : "2025-02-14",
    "price" : 964.60,
    "dma50" : 942.17,
    "dma100" : null,
    "dma200" : 925.98,
    "volume" : 2745757.00
  }, {
    "date" : "2025-02-17",
    "price" : 973.55,
    "dma50" : 943.40,
    "dma100" : null,
    "dma200" : 926.45,
    "volume" : 1340360.00
  }, {
    "date" : "2025-02-18",
    "price" : 978.80,
    "dma50" : 944.79,
    "dma100" : null,
    "dma200" : 926.97,
    "volume" : 1835413.00
  }, {
    "date" : "2025-02-19",
    "price" : 977.35,
    "dma50" : 946.06,
    "dma100" : null,
    "dma200" : 927.48,
    "volume" : 1639343.00
  }, {
    "date" : "2025-02-20",
    "price" : 981.15,
    "dma50" : 947.44,
    "dma100" : null,
    "dma200" : 928.01,
    "volume" : 1489380.00
  }, {
    "date" : "2025-02-21",
    "price" : 981.90,
    "dma50" : 948.79,
    "dma100" : null,
    "dma200" : 928.55,
    "volume" : 1646638.00
  }, {
    "date" : "2025-02-24",
    "price" : 966.80,
    "dma50" : 949.50,
    "dma100" : null,
    "dma200" : 928.93,
    "volume" : 1925758.00
  }, {
    "date" : "2025-02-25",
    "price" : 958.75,
    "dma50" : 949.86,
    "dma100" : null,
    "dma200" : 929.22,
    "volume" : 1117657.00
  }, {
    "date" : "2025-02-27",
    "price" : 975.00,
    "dma50" : 950.85,
    "dma100" : null,
    "dma200" : 929.68,
    "volume" : 2114450.00
  }, {
    "date" : "2025-02-28",
    "price" : 950.70,
    "dma50" : 950.84,
    "dma100" : null,
    "dma200" : 929.89,
    "volume" : 2581150.00
  }, {
    "date" : "2025-03-03",
    "price" : 976.05,
    "dma50" : 951.83,
    "dma100" : null,
    "dma200" : 930.35,
    "volume" : 1807583.00
  }, {
    "date" : "2025-03-04",
    "price" : 974.10,
    "dma50" : 952.70,
    "dma100" : null,
    "dma200" : 930.78,
    "volume" : 1115420.00
  }, {
    "date" : "2025-03-05",
    "price" : 1002.70,
    "dma50" : 954.66,
    "dma100" : null,
    "dma200" : 931.50,
    "volume" : 2548967.00
  }, {
    "date" : "2025-03-06",
    "price" : 1011.10,
    "dma50" : 956.88,
    "dma100" : null,
    "dma200" : 932.29,
    "volume" : 2285389.00
  }, {
    "date" : "2025-03-07",
    "price" : 1011.15,
    "dma50" : 959.00,
    "dma100" : null,
    "dma200" : 933.07,
    "volume" : 782380.00
  }, {
    "date" : "2025-03-10",
    "price" : 1013.50,
    "dma50" : 961.14,
    "dma100" : null,
    "dma200" : 933.87,
    "volume" : 1920341.00
  }, {
    "date" : "2025-03-11",
    "price" : 1018.65,
    "dma50" : 963.40,
    "dma100" : null,
    "dma200" : 934.72,
    "volume" : 1622663.00
  }, {
    "date" : "2025-03-12",
    "price" : 1010.40,
    "dma50" : 965.24,
    "dma100" : null,
    "dma200" : 935.47,
    "volume" : 1308713.00
  }, {
    "date" : "2025-03-13",
    "price" : 1001.20,
    "dma50" : 966.65,
    "dma100" : null,
    "dma200" : 936.13,
    "volume" : 1238682.00
  }, {
    "date" : "2025-03-17",
    "price" : 1005.70,
    "dma50" : 968.18,
    "dma100" : null,
    "dma200" : 936.82,
    "volume" : 1534158.00
  }, {
    "date" : "2025-03-18",
    "price" : 1018.05,
    "dma50" : 970.14,
    "dma100" : null,
    "dma200" : 937.63,
    "volume" : 1089864.00
  }, {
    "date" : "2025-03-19",
    "price" : 1033.35,
    "dma50" : 972.62,
    "dma100" : null,
    "dma200" : 938.58,
    "volume" : 2734302.00
  }, {
    "date" : "2025-03-20",
    "price" : 1050.25,
    "dma50" : 975.66,
    "dma100" : null,
    "dma200" : 939.69,
    "volume" : 2333218.00
  }, {
    "date" : "2025-03-21",
    "price" : 1058.70,
    "dma50" : 978.92,
    "dma100" : null,
    "dma200" : 940.87,
    "volume" : 2653262.00
  }, {
    "date" : "2025-03-24",
    "price" : 1061.35,
    "dma50" : 982.15,
    "dma100" : null,
    "dma200" : 942.07,
    "volume" : 2303773.00
  }, {
    "date" : "2025-03-25",
    "price" : 1061.70,
    "dma50" : 985.27,
    "dma100" : null,
    "dma200" : 943.26,
    "volume" : 1608932.00
  }, {
    "date" : "2025-03-26",
    "price" : 1056.45,
    "dma50" : 988.06,
    "dma100" : null,
    "dma200" : 944.39,
    "volume" : 1291449.00
  }, {
    "date" : "2025-03-27",
    "price" : 1059.75,
    "dma50" : 990.87,
    "dma100" : null,
    "dma200" : 945.54,
    "volume" : 2532469.00
  }, {
    "date" : "2025-03-28",
    "price" : 1063.20,
    "dma50" : 993.71,
    "dma100" : null,
    "dma200" : 946.71,
    "volume" : 1695402.00
  }, {
    "date" : "2025-04-01",
    "price" : 1056.25,
    "dma50" : 996.16,
    "dma100" : null,
    "dma200" : 947.80,
    "volume" : 1805828.00
  }, {
    "date" : "2025-04-02",
    "price" : 1055.90,
    "dma50" : 998.50,
    "dma100" : null,
    "dma200" : 948.87,
    "volume" : 889752.00
  }, {
    "date" : "2025-04-03",
    "price" : 1044.05,
    "dma50" : 1000.29,
    "dma100" : null,
    "dma200" : 949.82,
    "volume" : 1633352.00
  }, {
    "date" : "2025-04-04",
    "price" : 1005.75,
    "dma50" : 1000.50,
    "dma100" : null,
    "dma200" : 950.38,
    "volume" : 3847978.00
  }, {
    "date" : "2025-04-07",
    "price" : 930.30,
    "dma50" : 997.75,
    "dma100" : null,
    "dma200" : 950.18,
    "volume" : 4673016.00
  }, {
    "date" : "2025-04-08",
    "price" : 954.60,
    "dma50" : 996.06,
    "dma100" : null,
    "dma200" : 950.22,
    "volume" : 1758584.00
  }, {
    "date" : "2025-04-09",
    "price" : 945.55,
    "dma50" : 994.08,
    "dma100" : null,
    "dma200" : 950.17,
    "volume" : 1797946.00
  }, {
    "date" : "2025-04-11",
    "price" : 990.25,
    "dma50" : 993.93,
    "dma100" : null,
    "dma200" : 950.57,
    "volume" : 3749606.00
  }, {
    "date" : "2025-04-15",
    "price" : 1008.00,
    "dma50" : 994.48,
    "dma100" : null,
    "dma200" : 951.14,
    "volume" : 1317410.00
  }, {
    "date" : "2025-04-16",
    "price" : 1009.40,
    "dma50" : 995.06,
    "dma100" : null,
    "dma200" : 951.72,
    "volume" : 1301738.00
  }, {
    "date" : "2025-04-17",
    "price" : 1007.20,
    "dma50" : 995.54,
    "dma100" : null,
    "dma200" : 952.28,
    "volume" : 2106634.00
  }, {
    "date" : "2025-04-21",
    "price" : 1034.00,
    "dma50" : 997.05,
    "dma100" : null,
    "dma200" : 953.09,
    "volume" : 1398918.00
  }, {
    "date" : "2025-04-22",
    "price" : 1044.20,
    "dma50" : 998.90,
    "dma100" : null,
    "dma200" : 954.00,
    "volume" : 2224361.00
  }, {
    "date" : "2025-04-23",
    "price" : 1039.20,
    "dma50" : 1000.48,
    "dma100" : null,
    "dma200" : 954.84,
    "volume" : 919278.00
  }, {
    "date" : "2025-04-24",
    "price" : 1044.50,
    "dma50" : 1002.20,
    "dma100" : null,
    "dma200" : 955.74,
    "volume" : 1257317.00
  }, {
    "date" : "2025-04-25",
    "price" : 1028.40,
    "dma50" : 1003.23,
    "dma100" : null,
    "dma200" : 956.46,
    "volume" : 2876289.00
  }, {
    "date" : "2025-04-28",
    "price" : 1054.40,
    "dma50" : 1005.24,
    "dma100" : null,
    "dma200" : 957.43,
    "volume" : 1570126.00
  }, {
    "date" : "2025-04-29",
    "price" : 1035.60,
    "dma50" : 1006.43,
    "dma100" : null,
    "dma200" : 958.21,
    "volume" : 1234342.00
  }, {
    "date" : "2025-04-30",
    "price" : 1029.80,
    "dma50" : 1007.35,
    "dma100" : null,
    "dma200" : 958.92,
    "volume" : 1779870.00
  }, {
    "date" : "2025-05-02",
    "price" : 973.20,
    "dma50" : 1006.01,
    "dma100" : null,
    "dma200" : 959.07,
    "volume" : 8060046.00
  }, {
    "date" : "2025-05-05",
    "price" : 955.50,
    "dma50" : 1004.03,
    "dma100" : null,
    "dma200" : 959.03,
    "volume" : 1703669.00
  }, {
    "date" : "2025-05-06",
    "price" : 967.50,
    "dma50" : 1002.59,
    "dma100" : null,
    "dma200" : 959.11,
    "volume" : 1525883.00
  }, {
    "date" : "2025-05-07",
    "price" : 966.10,
    "dma50" : 1001.16,
    "dma100" : null,
    "dma200" : 959.18,
    "volume" : 1030964.00
  }, {
    "date" : "2025-05-08",
    "price" : 953.20,
    "dma50" : 999.28,
    "dma100" : null,
    "dma200" : 959.12,
    "volume" : 1666636.00
  }, {
    "date" : "2025-05-09",
    "price" : 957.00,
    "dma50" : 997.62,
    "dma100" : null,
    "dma200" : 959.10,
    "volume" : 1498622.00
  }, {
    "date" : "2025-05-12",
    "price" : 1005.20,
    "dma50" : 997.92,
    "dma100" : null,
    "dma200" : 959.56,
    "volume" : 1355325.00
  }, {
    "date" : "2025-05-13",
    "price" : 989.90,
    "dma50" : 997.61,
    "dma100" : null,
    "dma200" : 959.86,
    "volume" : 951306.00
  }, {
    "date" : "2025-05-14",
    "price" : 989.30,
    "dma50" : 997.28,
    "dma100" : 970.91,
    "dma200" : 960.16,
    "volume" : 1761916.00
  }, {
    "date" : "2025-05-15",
    "price" : 1038.30,
    "dma50" : 998.89,
    "dma100" : 971.62,
    "dma200" : 960.93,
    "volume" : 5569897.00
  }, {
    "date" : "2025-05-16",
    "price" : 1021.80,
    "dma50" : 999.79,
    "dma100" : 972.37,
    "dma200" : 961.54,
    "volume" : 1070451.00
  }, {
    "date" : "2025-05-19",
    "price" : 1019.60,
    "dma50" : 1000.56,
    "dma100" : 973.31,
    "dma200" : 962.12,
    "volume" : 1474017.00
  }, {
    "date" : "2025-05-20",
    "price" : 1012.70,
    "dma50" : 1001.04,
    "dma100" : 974.26,
    "dma200" : 962.62,
    "volume" : 1674189.00
  }, {
    "date" : "2025-05-21",
    "price" : 1000.90,
    "dma50" : 1001.03,
    "dma100" : 974.90,
    "dma200" : 963.00,
    "volume" : 1086254.00
  }, {
    "date" : "2025-05-22",
    "price" : 1005.60,
    "dma50" : 1001.21,
    "dma100" : 975.74,
    "dma200" : 963.43,
    "volume" : 1318387.00
  }, {
    "date" : "2025-05-23",
    "price" : 1008.50,
    "dma50" : 1001.50,
    "dma100" : 976.68,
    "dma200" : 963.87,
    "volume" : 2027184.00
  }, {
    "date" : "2025-05-26",
    "price" : 1032.30,
    "dma50" : 1002.71,
    "dma100" : 977.87,
    "dma200" : 964.56,
    "volume" : 4927939.00
  }, {
    "date" : "2025-05-27",
    "price" : 1013.70,
    "dma50" : 1003.14,
    "dma100" : 979.01,
    "dma200" : 965.04,
    "volume" : 1188661.00
  }, {
    "date" : "2025-05-28",
    "price" : 1001.00,
    "dma50" : 1003.05,
    "dma100" : 980.01,
    "dma200" : 965.40,
    "volume" : 1905862.00
  }, {
    "date" : "2025-05-29",
    "price" : 1006.20,
    "dma50" : 1003.18,
    "dma100" : 981.02,
    "dma200" : 965.81,
    "volume" : 3403820.00
  }, {
    "date" : "2025-05-30",
    "price" : 993.50,
    "dma50" : 1002.80,
    "dma100" : 981.83,
    "dma200" : 966.08,
    "volume" : 1728295.00
  }, {
    "date" : "2025-06-02",
    "price" : 978.80,
    "dma50" : 1001.86,
    "dma100" : 982.46,
    "dma200" : 966.21,
    "volume" : 1844558.00
  }, {
    "date" : "2025-06-03",
    "price" : 973.80,
    "dma50" : 1000.76,
    "dma100" : 983.19,
    "dma200" : 966.29,
    "volume" : 1352369.00
  }, {
    "date" : "2025-06-04",
    "price" : 968.55,
    "dma50" : 999.49,
    "dma100" : 983.76,
    "dma200" : 966.31,
    "volume" : 2503744.00
  }, {
    "date" : "2025-06-05",
    "price" : 968.75,
    "dma50" : 998.29,
    "dma100" : 984.43,
    "dma200" : 966.33,
    "volume" : 2216151.00
  }, {
    "date" : "2025-06-06",
    "price" : 1004.90,
    "dma50" : 998.55,
    "dma100" : 985.57,
    "dma200" : 966.72,
    "volume" : 2215870.00
  }, {
    "date" : "2025-06-09",
    "price" : 1008.00,
    "dma50" : 998.92,
    "dma100" : 986.64,
    "dma200" : 967.13,
    "volume" : 1885758.00
  }, {
    "date" : "2025-06-10",
    "price" : 1003.10,
    "dma50" : 999.08,
    "dma100" : 987.84,
    "dma200" : 967.48,
    "volume" : 1840463.00
  }, {
    "date" : "2025-06-11",
    "price" : 1007.10,
    "dma50" : 999.40,
    "dma100" : 988.85,
    "dma200" : 967.88,
    "volume" : 1019491.00
  }, {
    "date" : "2025-06-12",
    "price" : 995.65,
    "dma50" : 999.25,
    "dma100" : 989.76,
    "dma200" : 968.16,
    "volume" : 2239843.00
  }, {
    "date" : "2025-06-13",
    "price" : 987.25,
    "dma50" : 998.78,
    "dma100" : 990.57,
    "dma200" : 968.35,
    "volume" : 1064811.00
  }, {
    "date" : "2025-06-16",
    "price" : 1003.80,
    "dma50" : 998.98,
    "dma100" : 991.52,
    "dma200" : 968.70,
    "volume" : 889005.00
  }, {
    "date" : "2025-06-17",
    "price" : 999.65,
    "dma50" : 999.00,
    "dma100" : 992.33,
    "dma200" : 969.01,
    "volume" : 1087912.00
  }, {
    "date" : "2025-06-18",
    "price" : 986.35,
    "dma50" : 998.51,
    "dma100" : 992.92,
    "dma200" : 969.18,
    "volume" : 867271.00
  }, {
    "date" : "2025-06-19",
    "price" : 996.05,
    "dma50" : 998.41,
    "dma100" : 993.69,
    "dma200" : 969.45,
    "volume" : 1407203.00
  }, {
    "date" : "2025-06-20",
    "price" : 1005.55,
    "dma50" : 998.69,
    "dma100" : 994.44,
    "dma200" : 969.81,
    "volume" : 9793652.00
  }, {
    "date" : "2025-06-23",
    "price" : 997.00,
    "dma50" : 998.62,
    "dma100" : 995.09,
    "dma200" : 970.08,
    "volume" : 1161212.00
  }, {
    "date" : "2025-06-24",
    "price" : 1007.00,
    "dma50" : 998.95,
    "dma100" : 995.97,
    "dma200" : 970.44,
    "volume" : 1462975.00
  }, {
    "date" : "2025-06-25",
    "price" : 1024.45,
    "dma50" : 999.95,
    "dma100" : 997.05,
    "dma200" : 970.98,
    "volume" : 2052423.00
  }, {
    "date" : "2025-06-26",
    "price" : 1032.55,
    "dma50" : 1001.23,
    "dma100" : 998.00,
    "dma200" : 971.59,
    "volume" : 4030113.00
  }, {
    "date" : "2025-06-27",
    "price" : 1028.90,
    "dma50" : 1002.32,
    "dma100" : 998.78,
    "dma200" : 972.16,
    "volume" : 1981487.00
  }, {
    "date" : "2025-06-30",
    "price" : 1020.50,
    "dma50" : 1003.03,
    "dma100" : 999.53,
    "dma200" : 972.64,
    "volume" : 787318.00
  }, {
    "date" : "2025-07-01",
    "price" : 1029.60,
    "dma50" : 1004.07,
    "dma100" : 1000.49,
    "dma200" : 973.21,
    "volume" : 1005844.00
  }, {
    "date" : "2025-07-02",
    "price" : 1059.90,
    "dma50" : 1006.26,
    "dma100" : 1001.75,
    "dma200" : 974.07,
    "volume" : 3256074.00
  }, {
    "date" : "2025-07-03",
    "price" : 1046.10,
    "dma50" : 1007.82,
    "dma100" : 1002.76,
    "dma200" : 974.79,
    "volume" : 1788716.00
  }, {
    "date" : "2025-07-04",
    "price" : 1041.40,
    "dma50" : 1009.14,
    "dma100" : 1003.68,
    "dma200" : 975.45,
    "volume" : 984214.00
  }, {
    "date" : "2025-07-07",
    "price" : 1042.60,
    "dma50" : 1010.45,
    "dma100" : 1004.62,
    "dma200" : 976.12,
    "volume" : 889651.00
  }, {
    "date" : "2025-07-08",
    "price" : 1045.00,
    "dma50" : 1011.81,
    "dma100" : 1005.26,
    "dma200" : 976.81,
    "volume" : 845604.00
  }, {
    "date" : "2025-07-09",
    "price" : 1040.40,
    "dma50" : 1012.93,
    "dma100" : 1006.08,
    "dma200" : 977.44,
    "volume" : 1683241.00
  }, {
    "date" : "2025-07-10",
    "price" : 1043.30,
    "dma50" : 1014.12,
    "dma100" : 1006.96,
    "dma200" : 978.09,
    "volume" : 1125083.00
  }, {
    "date" : "2025-07-11",
    "price" : 1037.20,
    "dma50" : 1015.02,
    "dma100" : 1007.77,
    "dma200" : 978.68,
    "volume" : 946487.00
  }, {
    "date" : "2025-07-14",
    "price" : 1038.90,
    "dma50" : 1015.96,
    "dma100" : 1008.46,
    "dma200" : 979.28,
    "volume" : 1466659.00
  }, {
    "date" : "2025-07-15",
    "price" : 1035.00,
    "dma50" : 1016.71,
    "dma100" : 1009.17,
    "dma200" : 979.84,
    "volume" : 1066731.00
  }, {
    "date" : "2025-07-16",
    "price" : 1029.80,
    "dma50" : 1017.22,
    "dma100" : 1009.73,
    "dma200" : 980.33,
    "volume" : 1124197.00
  }, {
    "date" : "2025-07-17",
    "price" : 1034.20,
    "dma50" : 1017.89,
    "dma100" : 1010.28,
    "dma200" : 980.87,
    "volume" : 1703617.00
  }, {
    "date" : "2025-07-18",
    "price" : 1034.40,
    "dma50" : 1018.53,
    "dma100" : 1010.85,
    "dma200" : 981.40,
    "volume" : 1725974.00
  }, {
    "date" : "2025-07-21",
    "price" : 1034.80,
    "dma50" : 1019.17,
    "dma100" : 1011.39,
    "dma200" : 981.93,
    "volume" : 2849634.00
  }, {
    "date" : "2025-07-22",
    "price" : 1030.70,
    "dma50" : 1019.62,
    "dma100" : 1011.88,
    "dma200" : 982.42,
    "volume" : 1356371.00
  }, {
    "date" : "2025-07-23",
    "price" : 1033.80,
    "dma50" : 1020.18,
    "dma100" : 1012.55,
    "dma200" : 982.93,
    "volume" : 1213685.00
  }, {
    "date" : "2025-07-24",
    "price" : 1033.80,
    "dma50" : 1020.71,
    "dma100" : 1013.30,
    "dma200" : 983.44,
    "volume" : 1569748.00
  }, {
    "date" : "2025-07-25",
    "price" : 1026.90,
    "dma50" : 1020.96,
    "dma100" : 1013.82,
    "dma200" : 983.87,
    "volume" : 921585.00
  }, {
    "date" : "2025-07-28",
    "price" : 1028.80,
    "dma50" : 1021.26,
    "dma100" : 1014.60,
    "dma200" : 984.32,
    "volume" : 1892603.00
  }, {
    "date" : "2025-07-29",
    "price" : 1034.90,
    "dma50" : 1021.80,
    "dma100" : 1015.19,
    "dma200" : 984.82,
    "volume" : 2269825.00
  }, {
    "date" : "2025-07-30",
    "price" : 1037.90,
    "dma50" : 1022.43,
    "dma100" : 1015.83,
    "dma200" : 985.35,
    "volume" : 1890603.00
  }, {
    "date" : "2025-07-31",
    "price" : 1048.30,
    "dma50" : 1023.44,
    "dma100" : 1016.28,
    "dma200" : 985.97,
    "volume" : 3200430.00
  }, {
    "date" : "2025-08-01",
    "price" : 1027.80,
    "dma50" : 1023.62,
    "dma100" : 1016.45,
    "dma200" : 986.39,
    "volume" : 1680089.00
  }, {
    "date" : "2025-08-04",
    "price" : 1055.90,
    "dma50" : 1024.88,
    "dma100" : 1016.90,
    "dma200" : 987.08,
    "volume" : 2198685.00
  }, {
    "date" : "2025-08-05",
    "price" : 1053.40,
    "dma50" : 1026.00,
    "dma100" : 1017.30,
    "dma200" : 987.74,
    "volume" : 1726841.00
  }, {
    "date" : "2025-08-06",
    "price" : 1052.60,
    "dma50" : 1027.04,
    "dma100" : 1017.64,
    "dma200" : 988.39,
    "volume" : 1844814.00
  }, {
    "date" : "2025-08-07",
    "price" : 1064.80,
    "dma50" : 1028.52,
    "dma100" : 1018.18,
    "dma200" : 989.15,
    "volume" : 1949137.00
  }, {
    "date" : "2025-08-08",
    "price" : 1049.20,
    "dma50" : 1029.33,
    "dma100" : 1018.66,
    "dma200" : 989.74,
    "volume" : 2286713.00
  }, {
    "date" : "2025-08-11",
    "price" : 1052.70,
    "dma50" : 1030.25,
    "dma100" : 1019.13,
    "dma200" : 990.37,
    "volume" : 1536430.00
  }, {
    "date" : "2025-08-12",
    "price" : 1048.20,
    "dma50" : 1030.95,
    "dma100" : 1019.43,
    "dma200" : 990.95,
    "volume" : 1258210.00
  }, {
    "date" : "2025-08-13",
    "price" : 1053.70,
    "dma50" : 1031.85,
    "dma100" : 1019.63,
    "dma200" : 991.57,
    "volume" : 1141477.00
  }, {
    "date" : "2025-08-14",
    "price" : 1045.50,
    "dma50" : 1032.38,
    "dma100" : 1019.59,
    "dma200" : 992.11,
    "volume" : 894199.00
  }, {
    "date" : "2025-08-18",
    "price" : 1079.80,
    "dma50" : 1034.24,
    "dma100" : 1019.80,
    "dma200" : 992.98,
    "volume" : 3320488.00
  }, {
    "date" : "2025-08-19",
    "price" : 1073.40,
    "dma50" : 1035.78,
    "dma100" : 1019.92,
    "dma200" : 993.78,
    "volume" : 1916060.00
  }, {
    "date" : "2025-08-20",
    "price" : 1082.60,
    "dma50" : 1037.61,
    "dma100" : 1020.13,
    "dma200" : 994.66,
    "volume" : 1367829.00
  }, {
    "date" : "2025-08-21",
    "price" : 1071.80,
    "dma50" : 1038.95,
    "dma100" : 1020.28,
    "dma200" : 995.43,
    "volume" : 2104678.00
  }, {
    "date" : "2025-08-22",
    "price" : 1054.60,
    "dma50" : 1039.57,
    "dma100" : 1020.23,
    "dma200" : 996.02,
    "volume" : 1977757.00
  }, {
    "date" : "2025-08-25",
    "price" : 1057.80,
    "dma50" : 1040.28,
    "dma100" : 1020.18,
    "dma200" : 996.63,
    "volume" : 1657843.00
  }, {
    "date" : "2025-08-26",
    "price" : 1047.10,
    "dma50" : 1040.55,
    "dma100" : 1020.08,
    "dma200" : 997.14,
    "volume" : 1775182.00
  }, {
    "date" : "2025-08-28",
    "price" : 1035.80,
    "dma50" : 1040.36,
    "dma100" : 1019.88,
    "dma200" : 997.52,
    "volume" : 1339016.00
  }, {
    "date" : "2025-08-29",
    "price" : 1026.60,
    "dma50" : 1039.82,
    "dma100" : 1019.71,
    "dma200" : 997.81,
    "volume" : 1094418.00
  }, {
    "date" : "2025-09-01",
    "price" : 1035.50,
    "dma50" : 1039.65,
    "dma100" : 1020.01,
    "dma200" : 998.19,
    "volume" : 646595.00
  }, {
    "date" : "2025-09-02",
    "price" : 1044.00,
    "dma50" : 1039.82,
    "dma100" : 1021.14,
    "dma200" : 998.64,
    "volume" : 1087504.00
  }, {
    "date" : "2025-09-03",
    "price" : 1072.20,
    "dma50" : 1041.09,
    "dma100" : 1022.32,
    "dma200" : 999.37,
    "volume" : 3444507.00
  }, {
    "date" : "2025-09-04",
    "price" : 1072.40,
    "dma50" : 1042.32,
    "dma100" : 1023.59,
    "dma200" : 1000.10,
    "volume" : 953791.00
  }, {
    "date" : "2025-09-05",
    "price" : 1073.10,
    "dma50" : 1043.53,
    "dma100" : 1024.42,
    "dma200" : 1000.83,
    "volume" : 760664.00
  }, {
    "date" : "2025-09-08",
    "price" : 1101.40,
    "dma50" : 1045.80,
    "dma100" : 1025.35,
    "dma200" : 1001.83,
    "volume" : 3292427.00
  }, {
    "date" : "2025-09-09",
    "price" : 1104.50,
    "dma50" : 1048.10,
    "dma100" : 1026.30,
    "dma200" : 1002.85,
    "volume" : 1095998.00
  }, {
    "date" : "2025-09-10",
    "price" : 1101.20,
    "dma50" : 1050.18,
    "dma100" : 1027.24,
    "dma200" : 1003.83,
    "volume" : 1336624.00
  }, {
    "date" : "2025-09-11",
    "price" : 1099.00,
    "dma50" : 1052.10,
    "dma100" : 1027.89,
    "dma200" : 1004.77,
    "volume" : 1023330.00
  }, {
    "date" : "2025-09-12",
    "price" : 1099.00,
    "dma50" : 1053.94,
    "dma100" : 1028.44,
    "dma200" : 1005.71,
    "volume" : 1070140.00
  }, {
    "date" : "2025-09-15",
    "price" : 1100.90,
    "dma50" : 1055.78,
    "dma100" : 1029.06,
    "dma200" : 1006.66,
    "volume" : 598142.00
  }, {
    "date" : "2025-09-16",
    "price" : 1115.20,
    "dma50" : 1058.11,
    "dma100" : 1029.76,
    "dma200" : 1007.74,
    "volume" : 1697852.00
  }, {
    "date" : "2025-09-17",
    "price" : 1111.00,
    "dma50" : 1060.18,
    "dma100" : 1030.59,
    "dma200" : 1008.77,
    "volume" : 978878.00
  }, {
    "date" : "2025-09-18",
    "price" : 1121.10,
    "dma50" : 1062.57,
    "dma100" : 1031.26,
    "dma200" : 1009.88,
    "volume" : 859687.00
  }, {
    "date" : "2025-09-19",
    "price" : 1122.80,
    "dma50" : 1064.93,
    "dma100" : 1032.13,
    "dma200" : 1011.01,
    "volume" : 1378338.00
  }, {
    "date" : "2025-09-22",
    "price" : 1117.00,
    "dma50" : 1066.98,
    "dma100" : 1033.00,
    "dma200" : 1012.06,
    "volume" : 816416.00
  }, {
    "date" : "2025-09-23",
    "price" : 1138.40,
    "dma50" : 1069.78,
    "dma100" : 1034.65,
    "dma200" : 1013.32,
    "volume" : 2231159.00
  }, {
    "date" : "2025-09-24",
    "price" : 1149.10,
    "dma50" : 1072.89,
    "dma100" : 1036.59,
    "dma200" : 1014.67,
    "volume" : 2178736.00
  }, {
    "date" : "2025-09-25",
    "price" : 1148.50,
    "dma50" : 1075.85,
    "dma100" : 1038.40,
    "dma200" : 1016.00,
    "volume" : 1691762.00
  }, {
    "date" : "2025-09-26",
    "price" : 1130.80,
    "dma50" : 1078.01,
    "dma100" : 1040.04,
    "dma200" : 1017.15,
    "volume" : 3155057.00
  }, {
    "date" : "2025-09-29",
    "price" : 1122.20,
    "dma50" : 1079.74,
    "dma100" : 1041.73,
    "dma200" : 1018.19,
    "volume" : 2666505.00
  }, {
    "date" : "2025-09-30",
    "price" : 1142.70,
    "dma50" : 1082.21,
    "dma100" : 1043.59,
    "dma200" : 1019.43,
    "volume" : 2873784.00
  }, {
    "date" : "2025-10-01",
    "price" : 1146.10,
    "dma50" : 1084.71,
    "dma100" : 1045.00,
    "dma200" : 1020.69,
    "volume" : 1152965.00
  }, {
    "date" : "2025-10-03",
    "price" : 1161.70,
    "dma50" : 1087.73,
    "dma100" : 1046.72,
    "dma200" : 1022.09,
    "volume" : 2271185.00
  }, {
    "date" : "2025-10-06",
    "price" : 1159.90,
    "dma50" : 1090.56,
    "dma100" : 1048.42,
    "dma200" : 1023.46,
    "volume" : 1050171.00
  }, {
    "date" : "2025-10-07",
    "price" : 1156.80,
    "dma50" : 1093.16,
    "dma100" : 1049.61,
    "dma200" : 1024.79,
    "volume" : 1589060.00
  }, {
    "date" : "2025-10-08",
    "price" : 1145.20,
    "dma50" : 1095.20,
    "dma100" : 1050.84,
    "dma200" : 1025.99,
    "volume" : 793876.00
  }, {
    "date" : "2025-10-09",
    "price" : 1175.20,
    "dma50" : 1098.34,
    "dma100" : 1052.40,
    "dma200" : 1027.47,
    "volume" : 2087598.00
  }, {
    "date" : "2025-10-10",
    "price" : 1167.80,
    "dma50" : 1101.06,
    "dma100" : 1053.95,
    "dma200" : 1028.87,
    "volume" : 1528060.00
  }, {
    "date" : "2025-10-13",
    "price" : 1161.40,
    "dma50" : 1103.43,
    "dma100" : 1055.56,
    "dma200" : 1030.19,
    "volume" : 524855.00
  }, {
    "date" : "2025-10-14",
    "price" : 1147.80,
    "dma50" : 1105.17,
    "dma100" : 1056.98,
    "dma200" : 1031.36,
    "volume" : 1451068.00
  }, {
    "date" : "2025-10-15",
    "price" : 1160.80,
    "dma50" : 1107.35,
    "dma100" : 1058.50,
    "dma200" : 1032.65,
    "volume" : 1299409.00
  }, {
    "date" : "2025-10-16",
    "price" : 1172.10,
    "dma50" : 1109.89,
    "dma100" : 1059.90,
    "dma200" : 1034.03,
    "volume" : 743187.00
  }, {
    "date" : "2025-10-17",
    "price" : 1163.30,
    "dma50" : 1111.98,
    "dma100" : 1061.39,
    "dma200" : 1035.32,
    "volume" : 2352790.00
  }, {
    "date" : "2025-10-20",
    "price" : 1145.20,
    "dma50" : 1113.29,
    "dma100" : 1062.84,
    "dma200" : 1036.41,
    "volume" : 1245014.00
  }, {
    "date" : "2025-10-21",
    "price" : 1152.50,
    "dma50" : 1114.82,
    "dma100" : 1064.30,
    "dma200" : 1037.57,
    "volume" : 132934.00
  }, {
    "date" : "2025-10-23",
    "price" : 1138.20,
    "dma50" : 1115.74,
    "dma100" : 1065.75,
    "dma200" : 1038.57,
    "volume" : 1807328.00
  }, {
    "date" : "2025-10-24",
    "price" : 1141.40,
    "dma50" : 1116.75,
    "dma100" : 1067.37,
    "dma200" : 1039.59,
    "volume" : 1353345.00
  }, {
    "date" : "2025-10-27",
    "price" : 1150.60,
    "dma50" : 1118.08,
    "dma100" : 1069.14,
    "dma200" : 1040.70,
    "volume" : 1349891.00
  }, {
    "date" : "2025-10-28",
    "price" : 1184.20,
    "dma50" : 1120.67,
    "dma100" : 1071.30,
    "dma200" : 1042.13,
    "volume" : 3648533.00
  }, {
    "date" : "2025-10-29",
    "price" : 1207.90,
    "dma50" : 1124.09,
    "dma100" : 1073.69,
    "dma200" : 1043.78,
    "volume" : 3986091.00
  }, {
    "date" : "2025-10-30",
    "price" : 1210.00,
    "dma50" : 1127.46,
    "dma100" : 1075.74,
    "dma200" : 1045.43,
    "volume" : 1305756.00
  }, {
    "date" : "2025-10-31",
    "price" : 1206.00,
    "dma50" : 1130.54,
    "dma100" : 1077.72,
    "dma200" : 1047.03,
    "volume" : 1355872.00
  }, {
    "date" : "2025-11-03",
    "price" : 1195.00,
    "dma50" : 1133.07,
    "dma100" : 1079.64,
    "dma200" : 1048.50,
    "volume" : 1536184.00
  }, {
    "date" : "2025-11-04",
    "price" : 1181.40,
    "dma50" : 1134.96,
    "dma100" : 1081.38,
    "dma200" : 1049.82,
    "volume" : 1127035.00
  }, {
    "date" : "2025-11-06",
    "price" : 1168.80,
    "dma50" : 1136.29,
    "dma100" : 1083.11,
    "dma200" : 1051.01,
    "volume" : 1319684.00
  }, {
    "date" : "2025-11-07",
    "price" : 1171.70,
    "dma50" : 1137.68,
    "dma100" : 1084.96,
    "dma200" : 1052.21,
    "volume" : 901961.00
  }, {
    "date" : "2025-11-10",
    "price" : 1179.30,
    "dma50" : 1139.31,
    "dma100" : 1086.71,
    "dma200" : 1053.47,
    "volume" : 771468.00
  }, {
    "date" : "2025-11-11",
    "price" : 1191.50,
    "dma50" : 1141.36,
    "dma100" : 1088.63,
    "dma200" : 1054.84,
    "volume" : 1628034.00
  }, {
    "date" : "2025-11-12",
    "price" : 1181.80,
    "dma50" : 1142.94,
    "dma100" : 1090.59,
    "dma200" : 1056.11,
    "volume" : 994218.00
  }, {
    "date" : "2025-11-13",
    "price" : 1183.90,
    "dma50" : 1144.55,
    "dma100" : 1092.46,
    "dma200" : 1057.38,
    "volume" : 1462337.00
  }, {
    "date" : "2025-11-14",
    "price" : 1167.80,
    "dma50" : 1145.46,
    "dma100" : 1094.09,
    "dma200" : 1058.48,
    "volume" : 1074514.00
  }, {
    "date" : "2025-11-17",
    "price" : 1175.50,
    "dma50" : 1146.64,
    "dma100" : 1095.87,
    "dma200" : 1059.64,
    "volume" : 1114222.00
  }, {
    "date" : "2025-11-18",
    "price" : 1163.00,
    "dma50" : 1147.28,
    "dma100" : 1097.43,
    "dma200" : 1060.67,
    "volume" : 1948296.00
  }, {
    "date" : "2025-11-19",
    "price" : 1164.90,
    "dma50" : 1147.97,
    "dma100" : 1098.84,
    "dma200" : 1061.71,
    "volume" : 531830.00
  }, {
    "date" : "2025-11-20",
    "price" : 1170.00,
    "dma50" : 1148.83,
    "dma100" : 1100.21,
    "dma200" : 1062.79,
    "volume" : 919209.00
  }, {
    "date" : "2025-11-21",
    "price" : 1140.30,
    "dma50" : 1148.50,
    "dma100" : 1101.32,
    "dma200" : 1063.56,
    "volume" : 1058699.00
  }, {
    "date" : "2025-11-24",
    "price" : 1106.00,
    "dma50" : 1146.83,
    "dma100" : 1102.18,
    "dma200" : 1063.98,
    "volume" : 2250030.00
  }, {
    "date" : "2025-11-25",
    "price" : 1112.00,
    "dma50" : 1145.47,
    "dma100" : 1103.00,
    "dma200" : 1064.46,
    "volume" : 1417184.00
  }, {
    "date" : "2025-11-26",
    "price" : 1154.40,
    "dma50" : 1145.82,
    "dma100" : 1103.95,
    "dma200" : 1065.35,
    "volume" : 2235261.00
  }, {
    "date" : "2025-11-27",
    "price" : 1160.60,
    "dma50" : 1146.40,
    "dma100" : 1105.09,
    "dma200" : 1066.30,
    "volume" : 2392125.00
  }, {
    "date" : "2025-11-28",
    "price" : 1160.30,
    "dma50" : 1146.94,
    "dma100" : 1106.28,
    "dma200" : 1067.24,
    "volume" : 1310353.00
  }, {
    "date" : "2025-12-01",
    "price" : 1168.40,
    "dma50" : 1147.78,
    "dma100" : 1107.54,
    "dma200" : 1068.24,
    "volume" : 3085646.00
  }, {
    "date" : "2025-12-02",
    "price" : 1162.00,
    "dma50" : 1148.34,
    "dma100" : 1108.71,
    "dma200" : 1069.17,
    "volume" : 2856875.00
  }, {
    "date" : "2025-12-03",
    "price" : 1143.60,
    "dma50" : 1148.16,
    "dma100" : 1109.74,
    "dma200" : 1069.92,
    "volume" : 6104862.00
  }, {
    "date" : "2025-12-04",
    "price" : 1150.60,
    "dma50" : 1148.25,
    "dma100" : 1110.82,
    "dma200" : 1070.72,
    "volume" : 2371701.00
  }, {
    "date" : "2025-12-05",
    "price" : 1162.20,
    "dma50" : 1148.80,
    "dma100" : 1112.07,
    "dma200" : 1071.63,
    "volume" : 2350880.00
  }, {
    "date" : "2025-12-08",
    "price" : 1119.10,
    "dma50" : 1147.63,
    "dma100" : 1112.87,
    "dma200" : 1072.10,
    "volume" : 1811031.00
  }, {
    "date" : "2025-12-09",
    "price" : 1107.80,
    "dma50" : 1146.07,
    "dma100" : 1113.60,
    "dma200" : 1072.46,
    "volume" : 1983580.00
  }, {
    "date" : "2025-12-10",
    "price" : 1096.80,
    "dma50" : 1144.14,
    "dma100" : 1114.27,
    "dma200" : 1072.70,
    "volume" : 1254881.00
  }, {
    "date" : "2025-12-11",
    "price" : 1105.40,
    "dma50" : 1142.62,
    "dma100" : 1114.98,
    "dma200" : 1073.02,
    "volume" : 775509.00
  }, {
    "date" : "2025-12-12",
    "price" : 1125.50,
    "dma50" : 1141.95,
    "dma100" : 1115.89,
    "dma200" : 1073.55,
    "volume" : 863968.00
  }, {
    "date" : "2025-12-15",
    "price" : 1114.80,
    "dma50" : 1140.88,
    "dma100" : 1116.69,
    "dma200" : 1073.96,
    "volume" : 1033847.00
  } ],
  "latestTechnicalAttributes" : {
    "date" : "2025-12-15",
    "price" : 1114.80,
    "dma50" : 1140.88,
    "dma100" : 1116.69,
    "dma200" : 1073.96,
    "volume" : 1033847.00
  },
  "quarterlyResults" : [ {
    "date" : "2005-03-31",
    "sales" : 2182.82,
    "salesGrowthYoY" : null,
    "grossProfitMargin" : 53.05,
    "grossProfit" : 1157.99,
    "operatingProfitMargin" : 38.87,
    "operatingProfit" : 848.46,
    "netProfitMargin" : 18.51,
    "netProfit" : 404.04
  }, {
    "date" : "2005-06-30",
    "sales" : 1538.81,
    "salesGrowthYoY" : null,
    "grossProfitMargin" : 51.37,
    "grossProfit" : 790.49,
    "operatingProfitMargin" : 31.81,
    "operatingProfit" : 489.50,
    "netProfitMargin" : 13.02,
    "netProfit" : 200.35
  }, {
    "date" : "2005-09-30",
    "sales" : 1548.23,
    "salesGrowthYoY" : null,
    "grossProfitMargin" : 39.32,
    "grossProfit" : 608.76,
    "operatingProfitMargin" : 24.20,
    "operatingProfit" : 374.67,
    "netProfitMargin" : 6.87,
    "netProfit" : 106.36
  }, {
    "date" : "2005-12-31",
    "sales" : 1522.45,
    "salesGrowthYoY" : null,
    "grossProfitMargin" : 47.03,
    "grossProfit" : 716.01,
    "operatingProfitMargin" : 27.63,
    "operatingProfit" : 420.65,
    "netProfitMargin" : 9.14,
    "netProfit" : 139.15
  }, {
    "date" : "2006-03-31",
    "sales" : 1593.02,
    "salesGrowthYoY" : -27.02,
    "grossProfitMargin" : 43.03,
    "grossProfit" : 685.48,
    "operatingProfitMargin" : 24.93,
    "operatingProfit" : 397.14,
    "netProfitMargin" : 9.72,
    "netProfit" : 154.84
  }, {
    "date" : "2006-06-30",
    "sales" : 1596.33,
    "salesGrowthYoY" : 3.74,
    "grossProfitMargin" : 49.07,
    "grossProfit" : 783.32,
    "operatingProfitMargin" : 28.68,
    "operatingProfit" : 457.83,
    "netProfitMargin" : 10.67,
    "netProfit" : 170.33
  }, {
    "date" : "2006-09-30",
    "sales" : 2196.63,
    "salesGrowthYoY" : 41.88,
    "grossProfitMargin" : 50.91,
    "grossProfit" : 1118.30,
    "operatingProfitMargin" : 31.71,
    "operatingProfit" : 696.55,
    "netProfitMargin" : 15.77,
    "netProfit" : 346.41
  }, {
    "date" : "2006-12-31",
    "sales" : 2291.00,
    "salesGrowthYoY" : 50.48,
    "grossProfitMargin" : 47.60,
    "grossProfit" : 1090.52,
    "operatingProfitMargin" : 32.73,
    "operatingProfit" : 749.84,
    "netProfitMargin" : 15.81,
    "netProfit" : 362.21
  }, {
    "date" : "2007-03-31",
    "sales" : 2486.92,
    "salesGrowthYoY" : 56.11,
    "grossProfitMargin" : 46.47,
    "grossProfit" : 1155.67,
    "operatingProfitMargin" : 31.36,
    "operatingProfit" : 779.90,
    "netProfitMargin" : 16.62,
    "netProfit" : 413.33
  }, {
    "date" : "2007-06-30",
    "sales" : 2385.44,
    "salesGrowthYoY" : 49.43,
    "grossProfitMargin" : 49.17,
    "grossProfit" : 1172.92,
    "operatingProfitMargin" : 37.22,
    "operatingProfit" : 887.86,
    "netProfitMargin" : 19.64,
    "netProfit" : 468.50
  }, {
    "date" : "2007-09-30",
    "sales" : 2694.17,
    "salesGrowthYoY" : 22.65,
    "grossProfitMargin" : 48.74,
    "grossProfit" : 1313.14,
    "operatingProfitMargin" : 34.98,
    "operatingProfit" : 942.42,
    "netProfitMargin" : 17.87,
    "netProfit" : 481.45
  }, {
    "date" : "2007-12-31",
    "sales" : 2803.55,
    "salesGrowthYoY" : 22.37,
    "grossProfitMargin" : 45.69,
    "grossProfit" : 1280.94,
    "operatingProfitMargin" : 28.89,
    "operatingProfit" : 809.95,
    "netProfitMargin" : 12.33,
    "netProfit" : 345.68
  }, {
    "date" : "2008-03-31",
    "sales" : 3568.20,
    "salesGrowthYoY" : 43.48,
    "grossProfitMargin" : 40.82,
    "grossProfit" : 1456.54,
    "operatingProfitMargin" : 26.61,
    "operatingProfit" : 949.50,
    "netProfitMargin" : 12.30,
    "netProfit" : 438.89
  }, {
    "date" : "2008-06-30",
    "sales" : 3693.83,
    "salesGrowthYoY" : 54.85,
    "grossProfitMargin" : 43.48,
    "grossProfit" : 1606.08,
    "operatingProfitMargin" : 17.74,
    "operatingProfit" : 655.29,
    "netProfitMargin" : 5.94,
    "netProfit" : 219.41
  }, {
    "date" : "2008-09-30",
    "sales" : 4309.05,
    "salesGrowthYoY" : 59.94,
    "grossProfitMargin" : 40.49,
    "grossProfit" : 1744.73,
    "operatingProfitMargin" : 26.23,
    "operatingProfit" : 1130.26,
    "netProfitMargin" : 11.56,
    "netProfit" : 498.13
  }, {
    "date" : "2008-12-31",
    "sales" : 2826.74,
    "salesGrowthYoY" : 0.83,
    "grossProfitMargin" : 28.96,
    "grossProfit" : 818.62,
    "operatingProfitMargin" : 15.31,
    "operatingProfit" : 432.77,
    "netProfitMargin" : 1.75,
    "netProfit" : 49.47
  }, {
    "date" : "2009-03-31",
    "sales" : 3328.80,
    "salesGrowthYoY" : -6.71,
    "grossProfitMargin" : 26.01,
    "grossProfit" : 865.82,
    "operatingProfitMargin" : 12.20,
    "operatingProfit" : 406.11,
    "netProfitMargin" : 1.13,
    "netProfit" : 37.62
  }, {
    "date" : "2009-06-30",
    "sales" : 3916.80,
    "salesGrowthYoY" : 6.04,
    "grossProfitMargin" : 32.59,
    "grossProfit" : 1276.49,
    "operatingProfitMargin" : 19.06,
    "operatingProfit" : 746.54,
    "netProfitMargin" : 8.68,
    "netProfit" : 339.98
  }, {
    "date" : "2009-09-30",
    "sales" : 4579.24,
    "salesGrowthYoY" : 6.27,
    "grossProfitMargin" : 39.08,
    "grossProfit" : 1789.57,
    "operatingProfitMargin" : 25.49,
    "operatingProfit" : 1167.25,
    "netProfitMargin" : 9.86,
    "netProfit" : 451.51
  }, {
    "date" : "2009-12-31",
    "sales" : 4612.99,
    "salesGrowthYoY" : 63.19,
    "grossProfitMargin" : 38.12,
    "grossProfit" : 1758.47,
    "operatingProfitMargin" : 24.24,
    "operatingProfit" : 1118.19,
    "netProfitMargin" : 11.15,
    "netProfit" : 514.35
  }, {
    "date" : "2010-03-31",
    "sales" : 5204.97,
    "salesGrowthYoY" : 56.36,
    "grossProfitMargin" : 38.70,
    "grossProfit" : 2014.32,
    "operatingProfitMargin" : 25.57,
    "operatingProfit" : 1330.91,
    "netProfitMargin" : 13.77,
    "netProfit" : 716.72
  }, {
    "date" : "2010-06-30",
    "sales" : 4680.21,
    "salesGrowthYoY" : 19.49,
    "grossProfitMargin" : 39.00,
    "grossProfit" : 1825.28,
    "operatingProfitMargin" : 22.10,
    "operatingProfit" : 1034.33,
    "netProfitMargin" : 7.48,
    "netProfit" : 350.08
  }, {
    "date" : "2010-09-30",
    "sales" : 5775.90,
    "salesGrowthYoY" : 26.13,
    "grossProfitMargin" : 30.79,
    "grossProfit" : 1778.40,
    "operatingProfitMargin" : 17.18,
    "operatingProfit" : 992.30,
    "netProfitMargin" : 7.71,
    "netProfit" : 445.32
  }, {
    "date" : "2010-12-31",
    "sales" : 5807.55,
    "salesGrowthYoY" : 25.90,
    "grossProfitMargin" : 30.61,
    "grossProfit" : 1777.69,
    "operatingProfitMargin" : 17.22,
    "operatingProfit" : 1000.06,
    "netProfitMargin" : 6.58,
    "netProfit" : 382.14
  }, {
    "date" : "2011-03-31",
    "sales" : 7103.45,
    "salesGrowthYoY" : 36.47,
    "grossProfitMargin" : 35.90,
    "grossProfit" : 2550.14,
    "operatingProfitMargin" : 23.27,
    "operatingProfit" : 1652.97,
    "netProfitMargin" : 11.72,
    "netProfit" : 832.52
  }, {
    "date" : "2011-06-30",
    "sales" : 7069.38,
    "salesGrowthYoY" : 51.05,
    "grossProfitMargin" : 33.24,
    "grossProfit" : 2349.86,
    "operatingProfitMargin" : 20.22,
    "operatingProfit" : 1429.43,
    "netProfitMargin" : 8.53,
    "netProfit" : 603.02
  }, {
    "date" : "2011-09-30",
    "sales" : 7632.13,
    "salesGrowthYoY" : 32.14,
    "grossProfitMargin" : 29.57,
    "grossProfit" : 2256.82,
    "operatingProfitMargin" : 16.98,
    "operatingProfit" : 1295.94,
    "netProfitMargin" : 7.30,
    "netProfit" : 557.15
  }, {
    "date" : "2011-12-31",
    "sales" : 7876.48,
    "salesGrowthYoY" : 35.62,
    "grossProfitMargin" : 28.83,
    "grossProfit" : 2270.79,
    "operatingProfitMargin" : 15.91,
    "operatingProfit" : 1253.15,
    "netProfitMargin" : 8.49,
    "netProfit" : 668.71
  }, {
    "date" : "2012-03-31",
    "sales" : 9544.67,
    "salesGrowthYoY" : 34.37,
    "grossProfitMargin" : 29.57,
    "grossProfit" : 2822.36,
    "operatingProfitMargin" : 17.31,
    "operatingProfit" : 1652.18,
    "netProfitMargin" : 6.40,
    "netProfit" : 610.86
  }, {
    "date" : "2012-06-30",
    "sales" : 9037.60,
    "salesGrowthYoY" : 27.84,
    "grossProfitMargin" : 32.30,
    "grossProfit" : 2919.14,
    "operatingProfitMargin" : 19.62,
    "operatingProfit" : 1773.18,
    "netProfitMargin" : 8.32,
    "netProfit" : 751.93
  }, {
    "date" : "2012-09-30",
    "sales" : 8870.90,
    "salesGrowthYoY" : 16.23,
    "grossProfitMargin" : 30.67,
    "grossProfit" : 2720.71,
    "operatingProfitMargin" : 17.19,
    "operatingProfit" : 1524.91,
    "netProfitMargin" : 5.79,
    "netProfit" : 513.63
  }, {
    "date" : "2012-12-31",
    "sales" : 8292.45,
    "salesGrowthYoY" : 5.28,
    "grossProfitMargin" : 29.50,
    "grossProfit" : 2446.27,
    "operatingProfitMargin" : 15.84,
    "operatingProfit" : 1313.52,
    "netProfitMargin" : 5.60,
    "netProfit" : 464.38
  }, {
    "date" : "2013-03-31",
    "sales" : 9290.86,
    "salesGrowthYoY" : -2.66,
    "grossProfitMargin" : 32.44,
    "grossProfit" : 3013.95,
    "operatingProfitMargin" : 18.27,
    "operatingProfit" : 1697.44,
    "netProfitMargin" : 5.29,
    "netProfit" : 491.49
  }, {
    "date" : "2013-06-30",
    "sales" : 9358.15,
    "salesGrowthYoY" : 3.55,
    "grossProfitMargin" : 32.36,
    "grossProfit" : 3028.30,
    "operatingProfitMargin" : 18.69,
    "operatingProfit" : 1749.04,
    "netProfitMargin" : 6.76,
    "netProfit" : 632.61
  }, {
    "date" : "2013-09-30",
    "sales" : 11485.67,
    "salesGrowthYoY" : 29.48,
    "grossProfitMargin" : 31.86,
    "grossProfit" : 3659.33,
    "operatingProfitMargin" : 19.45,
    "operatingProfit" : 2233.96,
    "netProfitMargin" : 6.12,
    "netProfit" : 702.92
  }, {
    "date" : "2013-12-31",
    "sales" : 11964.49,
    "salesGrowthYoY" : 44.28,
    "grossProfitMargin" : 33.84,
    "grossProfit" : 4048.78,
    "operatingProfitMargin" : 19.25,
    "operatingProfit" : 2303.16,
    "netProfitMargin" : 5.45,
    "netProfit" : 652.06
  }, {
    "date" : "2014-03-31",
    "sales" : 12489.41,
    "salesGrowthYoY" : 34.43,
    "grossProfitMargin" : 34.36,
    "grossProfit" : 4291.36,
    "operatingProfitMargin" : 19.99,
    "operatingProfit" : 2496.63,
    "netProfitMargin" : 6.42,
    "netProfit" : 801.82
  }, {
    "date" : "2014-06-30",
    "sales" : 11546.33,
    "salesGrowthYoY" : 23.38,
    "grossProfitMargin" : 36.62,
    "grossProfit" : 4228.27,
    "operatingProfitMargin" : 21.31,
    "operatingProfit" : 2460.52,
    "netProfitMargin" : 6.94,
    "netProfit" : 801.32
  }, {
    "date" : "2014-09-30",
    "sales" : 12053.49,
    "salesGrowthYoY" : 4.94,
    "grossProfitMargin" : 36.91,
    "grossProfit" : 4448.94,
    "operatingProfitMargin" : 21.74,
    "operatingProfit" : 2620.43,
    "netProfitMargin" : 7.38,
    "netProfit" : 889.55
  }, {
    "date" : "2014-12-31",
    "sales" : 11505.18,
    "salesGrowthYoY" : -3.84,
    "grossProfitMargin" : 36.32,
    "grossProfit" : 4178.68,
    "operatingProfitMargin" : 18.40,
    "operatingProfit" : 2116.95,
    "netProfitMargin" : 4.20,
    "netProfit" : 483.22
  }, {
    "date" : "2015-03-31",
    "sales" : 10982.32,
    "salesGrowthYoY" : -12.07,
    "grossProfitMargin" : 33.60,
    "grossProfit" : 3690.06,
    "operatingProfitMargin" : 15.24,
    "operatingProfit" : 1673.71,
    "netProfitMargin" : 2.26,
    "netProfit" : 248.20
  }, {
    "date" : "2015-06-30",
    "sales" : 10128.15,
    "salesGrowthYoY" : -12.28,
    "grossProfitMargin" : 34.30,
    "grossProfit" : 3473.96,
    "operatingProfitMargin" : 16.55,
    "operatingProfit" : 1676.21,
    "netProfitMargin" : 2.32,
    "netProfit" : 234.97
  }, {
    "date" : "2015-09-30",
    "sales" : 9765.20,
    "salesGrowthYoY" : -18.98,
    "grossProfitMargin" : 36.32,
    "grossProfit" : 3546.72,
    "operatingProfitMargin" : 17.64,
    "operatingProfit" : 1722.58,
    "netProfitMargin" : 2.36,
    "netProfit" : 230.46
  }, {
    "date" : "2015-12-31",
    "sales" : 7269.32,
    "salesGrowthYoY" : -36.82,
    "grossProfitMargin" : 37.76,
    "grossProfit" : 2744.90,
    "operatingProfitMargin" : 14.24,
    "operatingProfit" : 1035.15,
    "netProfitMargin" : 19.84,
    "netProfit" : 1442.23
  }, {
    "date" : "2016-03-31",
    "sales" : 9544.25,
    "salesGrowthYoY" : -13.09,
    "grossProfitMargin" : 40.33,
    "grossProfit" : 3849.20,
    "operatingProfitMargin" : 20.27,
    "operatingProfit" : 1934.62,
    "netProfitMargin" : 3.86,
    "netProfit" : 368.41
  }, {
    "date" : "2016-06-30",
    "sales" : 10919.00,
    "salesGrowthYoY" : 7.81,
    "grossProfitMargin" : 46.84,
    "grossProfit" : 5114.46,
    "operatingProfitMargin" : 28.24,
    "operatingProfit" : 3083.53,
    "netProfitMargin" : 9.91,
    "netProfit" : 1082.07
  }, {
    "date" : "2016-09-30",
    "sales" : 12237.00,
    "salesGrowthYoY" : 25.31,
    "grossProfitMargin" : 39.05,
    "grossProfit" : 4778.55,
    "operatingProfitMargin" : 22.00,
    "operatingProfit" : 2692.14,
    "netProfitMargin" : 5.48,
    "netProfit" : 670.59
  }, {
    "date" : "2016-12-31",
    "sales" : 13354.00,
    "salesGrowthYoY" : 83.70,
    "grossProfitMargin" : 37.10,
    "grossProfit" : 4954.33,
    "operatingProfitMargin" : 20.68,
    "operatingProfit" : 2761.61,
    "netProfitMargin" : 6.13,
    "netProfit" : 818.60
  }, {
    "date" : "2017-03-31",
    "sales" : 15780.00,
    "salesGrowthYoY" : 65.34,
    "grossProfitMargin" : 34.16,
    "grossProfit" : 5390.45,
    "operatingProfitMargin" : 19.04,
    "operatingProfit" : 3004.51,
    "netProfitMargin" : 6.36,
    "netProfit" : 1003.61
  }, {
    "date" : "2017-06-30",
    "sales" : 14172.00,
    "salesGrowthYoY" : 29.79,
    "grossProfitMargin" : 32.67,
    "grossProfit" : 4629.99,
    "operatingProfitMargin" : 15.51,
    "operatingProfit" : 2198.08,
    "netProfitMargin" : 2.96,
    "netProfit" : 419.49
  }, {
    "date" : "2017-09-30",
    "sales" : 15320.00,
    "salesGrowthYoY" : 25.19,
    "grossProfitMargin" : 34.75,
    "grossProfit" : 5323.70,
    "operatingProfitMargin" : 19.11,
    "operatingProfit" : 2927.65,
    "netProfitMargin" : 5.52,
    "netProfit" : 845.66
  }, {
    "date" : "2017-12-31",
    "sales" : 16813.00,
    "salesGrowthYoY" : 25.90,
    "grossProfitMargin" : 36.18,
    "grossProfit" : 6082.94,
    "operatingProfitMargin" : 21.25,
    "operatingProfit" : 3572.76,
    "netProfitMargin" : 7.61,
    "netProfit" : 1279.47
  }, {
    "date" : "2018-03-31",
    "sales" : 20159.00,
    "salesGrowthYoY" : 27.75,
    "grossProfitMargin" : 40.61,
    "grossProfit" : 8186.57,
    "operatingProfitMargin" : 25.02,
    "operatingProfit" : 5043.78,
    "netProfitMargin" : 11.09,
    "netProfit" : 2235.63
  }, {
    "date" : "2018-06-30",
    "sales" : 18964.00,
    "salesGrowthYoY" : 33.81,
    "grossProfitMargin" : 41.43,
    "grossProfit" : 7856.79,
    "operatingProfitMargin" : 25.43,
    "operatingProfit" : 4822.55,
    "netProfitMargin" : 12.33,
    "netProfit" : 2338.26
  }, {
    "date" : "2018-09-30",
    "sales" : 19707.00,
    "salesGrowthYoY" : 28.64,
    "grossProfitMargin" : 40.14,
    "grossProfit" : 7910.39,
    "operatingProfitMargin" : 24.32,
    "operatingProfit" : 4792.74,
    "netProfitMargin" : 11.42,
    "netProfit" : 2250.54
  }, {
    "date" : "2018-12-31",
    "sales" : 18539.00,
    "salesGrowthYoY" : 10.27,
    "grossProfitMargin" : 41.38,
    "grossProfit" : 7671.44,
    "operatingProfitMargin" : 24.26,
    "operatingProfit" : 4497.56,
    "netProfitMargin" : 10.37,
    "netProfit" : 1922.49
  }, {
    "date" : "2019-03-31",
    "sales" : 19860.00,
    "salesGrowthYoY" : -1.48,
    "grossProfitMargin" : 38.69,
    "grossProfit" : 7683.83,
    "operatingProfitMargin" : 22.11,
    "operatingProfit" : 4391.05,
    "netProfitMargin" : 8.70,
    "netProfit" : 1727.82
  }, {
    "date" : "2019-06-30",
    "sales" : 17698.00,
    "salesGrowthYoY" : -6.68,
    "grossProfitMargin" : 39.46,
    "grossProfit" : 6983.63,
    "operatingProfitMargin" : 21.65,
    "operatingProfit" : 3831.62,
    "netProfitMargin" : 8.13,
    "netProfit" : 1438.85
  }, {
    "date" : "2019-09-30",
    "sales" : 15520.00,
    "salesGrowthYoY" : -21.25,
    "grossProfitMargin" : 37.47,
    "grossProfit" : 5815.34,
    "operatingProfitMargin" : 18.02,
    "operatingProfit" : 2796.70,
    "netProfitMargin" : 18.80,
    "netProfit" : 2917.76
  }, {
    "date" : "2019-12-31",
    "sales" : 15767.00,
    "salesGrowthYoY" : -14.95,
    "grossProfitMargin" : 36.79,
    "grossProfit" : 5800.68,
    "operatingProfitMargin" : 16.92,
    "operatingProfit" : 2667.78,
    "netProfitMargin" : 4.38,
    "netProfit" : 690.59
  }, {
    "date" : "2020-03-31",
    "sales" : 15277.00,
    "salesGrowthYoY" : -23.08,
    "grossProfitMargin" : 43.63,
    "grossProfit" : 6665.36,
    "operatingProfitMargin" : 21.08,
    "operatingProfit" : 3220.39,
    "netProfitMargin" : -1.96,
    "netProfit" : -299.43
  }, {
    "date" : "2020-06-30",
    "sales" : 10293.00,
    "salesGrowthYoY" : -41.84,
    "grossProfitMargin" : 35.93,
    "grossProfit" : 3698.27,
    "operatingProfitMargin" : 13.88,
    "operatingProfit" : 1428.67,
    "netProfitMargin" : -1.42,
    "netProfit" : -146.16
  }, {
    "date" : "2020-09-30",
    "sales" : 16797.00,
    "salesGrowthYoY" : 8.23,
    "grossProfitMargin" : 44.47,
    "grossProfit" : 7469.63,
    "operatingProfitMargin" : 24.86,
    "operatingProfit" : 4175.73,
    "netProfitMargin" : 10.07,
    "netProfit" : 1691.46
  }, {
    "date" : "2020-12-31",
    "sales" : 19239.00,
    "salesGrowthYoY" : 22.02,
    "grossProfitMargin" : 60.17,
    "grossProfit" : 11576.11,
    "operatingProfitMargin" : 29.28,
    "operatingProfit" : 5633.18,
    "netProfitMargin" : 14.70,
    "netProfit" : 2828.13
  }, {
    "date" : "2021-03-31",
    "sales" : 24398.00,
    "salesGrowthYoY" : 59.70,
    "grossProfitMargin" : 60.26,
    "grossProfit" : 14702.23,
    "operatingProfitMargin" : 32.88,
    "operatingProfit" : 8022.06,
    "netProfitMargin" : 17.54,
    "netProfit" : 4279.41
  }, {
    "date" : "2021-06-30",
    "sales" : 25959.00,
    "salesGrowthYoY" : 152.20,
    "grossProfitMargin" : 70.29,
    "grossProfit" : 18246.58,
    "operatingProfitMargin" : 36.56,
    "operatingProfit" : 9490.61,
    "netProfitMargin" : 20.26,
    "netProfit" : 5259.29
  }, {
    "date" : "2021-09-30",
    "sales" : 28000.00,
    "salesGrowthYoY" : 66.70,
    "grossProfitMargin" : 53.91,
    "grossProfit" : 15094.80,
    "operatingProfitMargin" : 30.98,
    "operatingProfit" : 8674.40,
    "netProfitMargin" : 19.22,
    "netProfit" : 5381.60
  }, {
    "date" : "2021-12-31",
    "sales" : 28850.00,
    "salesGrowthYoY" : 49.96,
    "grossProfitMargin" : 47.00,
    "grossProfit" : 13559.50,
    "operatingProfitMargin" : 23.56,
    "operatingProfit" : 6797.06,
    "netProfitMargin" : 11.87,
    "netProfit" : 3424.49
  }, {
    "date" : "2022-03-31",
    "sales" : 36011.00,
    "salesGrowthYoY" : 47.60,
    "grossProfitMargin" : 40.02,
    "grossProfit" : 14411.60,
    "operatingProfitMargin" : 19.18,
    "operatingProfit" : 6906.91,
    "netProfitMargin" : 8.63,
    "netProfit" : 3107.75
  }, {
    "date" : "2022-06-30",
    "sales" : 31105.00,
    "salesGrowthYoY" : 19.82,
    "grossProfitMargin" : 33.44,
    "grossProfit" : 10401.51,
    "operatingProfitMargin" : 10.78,
    "operatingProfit" : 3353.12,
    "netProfitMargin" : 3.07,
    "netProfit" : 954.92
  }, {
    "date" : "2022-09-30",
    "sales" : 32494.00,
    "salesGrowthYoY" : 16.05,
    "grossProfitMargin" : 21.95,
    "grossProfit" : 7132.43,
    "operatingProfitMargin" : 5.36,
    "operatingProfit" : 1741.68,
    "netProfitMargin" : -0.28,
    "netProfit" : -90.98
  }, {
    "date" : "2022-12-31",
    "sales" : 30935.00,
    "salesGrowthYoY" : 7.23,
    "grossProfitMargin" : 34.24,
    "grossProfit" : 10592.14,
    "operatingProfitMargin" : 13.03,
    "operatingProfit" : 4030.83,
    "netProfitMargin" : 3.99,
    "netProfit" : 1234.31
  }, {
    "date" : "2023-03-31",
    "sales" : 37153.00,
    "salesGrowthYoY" : 3.17,
    "grossProfitMargin" : 37.75,
    "grossProfit" : 14025.26,
    "operatingProfitMargin" : 16.81,
    "operatingProfit" : 6245.42,
    "netProfitMargin" : 7.64,
    "netProfit" : 2838.49
  }, {
    "date" : "2023-06-30",
    "sales" : 32791.00,
    "salesGrowthYoY" : 5.42,
    "grossProfitMargin" : 38.80,
    "grossProfit" : 12722.91,
    "operatingProfitMargin" : 14.82,
    "operatingProfit" : 4859.63,
    "netProfitMargin" : 5.20,
    "netProfit" : 1705.13
  }, {
    "date" : "2023-09-30",
    "sales" : 33738.00,
    "salesGrowthYoY" : 3.83,
    "grossProfitMargin" : 39.21,
    "grossProfit" : 13228.67,
    "operatingProfitMargin" : 20.45,
    "operatingProfit" : 6899.42,
    "netProfitMargin" : 8.26,
    "netProfit" : 2786.76
  }, {
    "date" : "2023-12-31",
    "sales" : 33310.00,
    "salesGrowthYoY" : 7.68,
    "grossProfitMargin" : 41.71,
    "grossProfit" : 13893.60,
    "operatingProfitMargin" : 17.35,
    "operatingProfit" : 5779.28,
    "netProfitMargin" : 7.25,
    "netProfit" : 2414.97
  }, {
    "date" : "2024-03-31",
    "sales" : 35341.00,
    "salesGrowthYoY" : -4.88,
    "grossProfitMargin" : 36.21,
    "grossProfit" : 12796.98,
    "operatingProfitMargin" : 12.57,
    "operatingProfit" : 4442.36,
    "netProfitMargin" : 3.27,
    "netProfit" : 1155.65
  }, {
    "date" : "2024-06-30",
    "sales" : 32654.00,
    "salesGrowthYoY" : -0.42,
    "grossProfitMargin" : 39.43,
    "grossProfit" : 12875.47,
    "operatingProfitMargin" : 13.09,
    "operatingProfit" : 4274.41,
    "netProfitMargin" : 3.69,
    "netProfit" : 1204.93
  }, {
    "date" : "2024-09-30",
    "sales" : 30778.00,
    "salesGrowthYoY" : -8.77,
    "grossProfitMargin" : 36.83,
    "grossProfit" : 11335.54,
    "operatingProfitMargin" : 15.08,
    "operatingProfit" : 4641.32,
    "netProfitMargin" : 5.09,
    "netProfit" : 1566.60
  }, {
    "date" : "2024-12-31",
    "sales" : 31799.00,
    "salesGrowthYoY" : -4.54,
    "grossProfitMargin" : 35.83,
    "grossProfit" : 11393.58,
    "operatingProfitMargin" : 13.83,
    "operatingProfit" : 4397.80,
    "netProfitMargin" : 4.30,
    "netProfit" : 1367.36
  }, {
    "date" : "2025-03-31",
    "sales" : 32471.00,
    "salesGrowthYoY" : -8.12,
    "grossProfitMargin" : 38.17,
    "grossProfit" : 12394.18,
    "operatingProfitMargin" : 15.61,
    "operatingProfit" : 5068.72,
    "netProfitMargin" : 7.88,
    "netProfit" : 2558.71
  }, {
    "date" : "2025-06-30",
    "sales" : 31613.00,
    "salesGrowthYoY" : -3.19,
    "grossProfitMargin" : 39.42,
    "grossProfit" : 12461.84,
    "operatingProfitMargin" : 17.67,
    "operatingProfit" : 5586.02,
    "netProfitMargin" : 6.89,
    "netProfit" : 2178.14
  }, {
    "date" : "2025-09-30",
    "sales" : 32859.00,
    "salesGrowthYoY" : 6.76,
    "grossProfitMargin" : 36.85,
    "grossProfit" : 12108.54,
    "operatingProfitMargin" : 14.93,
    "operatingProfit" : 4905.85,
    "netProfitMargin" : 4.54,
    "netProfit" : 1491.80
  } ],
  "latestQuarterlyResult" : {
    "date" : "2025-09-30",
    "sales" : 32859.00,
    "salesGrowthYoY" : 6.76,
    "grossProfitMargin" : 36.85,
    "grossProfit" : 12108.54,
    "operatingProfitMargin" : 14.93,
    "operatingProfit" : 4905.85,
    "netProfitMargin" : 4.54,
    "netProfit" : 1491.80
  },
  "companyScore" : {
    "priceHigherThanDma50" : 0.00,
    "priceHigherThanDma100" : 0.00,
    "priceHigherThanDma200" : 5.00,
    "dma50HigherThanDma100" : 5.00,
    "dma50HigherThanDma200" : 5.00,
    "dma100HigherThanDma200" : 5.00,
    "pricePercentageAboveDma50" : 5.11,
    "pricePercentageAboveDma100" : 5.01,
    "pricePercentageAboveDma200" : 4.81,
    "weeklyVolumeHigherThanYearlyVolume" : 0.00,
    "salesGrowthPercentile" : 8.10,
    "operatingProfitMarginPercentile" : 5.71,
    "netProfitMarginPercentile" : 2.93,
    "totalTechnicalScore" : 34.93,
    "totalFundamentalScore" : 16.74,
    "totalScore" : 51.67
  }
}