{
  "metadata" : {
    "screenerCompanyId" : "3125",
    "companyCode" : "JTEKTINDIA",
    "companyName" : "JTEKT India",
    "screenerCompanyLink" : "https://www.screener.in/company/JTEKTINDIA/",
    "screenerTechnicalHistoryLink" : "https://www.screener.in/api/company/3125/chart/?q=Price-DMA50-DMA200-Volume&days=365",
    "screenerQuarterlyResultsLink" : "https://www.screener.in/api/company/3125/chart/?q=GPM-OPM-NPM-Quarter+Sales&days=10000",
    "attributes" : {
      "companyCode" : "JTEKTINDIA",
      "companyName" : "JTEKT India",
      "marketCap" : 3778.00,
      "peRatio" : 49.30,
      "description" : "JTEKT India Ltd is primarily engaged in the business of manufacturing steering systems & other auto components for the passenger car and utility vehicle manufacturers in the automobile sector.[1]"
    },
    "companyScore" : {
      "priceHigherThanDma50" : 0.00,
      "priceHigherThanDma100" : 0.00,
      "priceHigherThanDma200" : 0.00,
      "dma50HigherThanDma100" : 0.00,
      "dma50HigherThanDma200" : 0.00,
      "dma100HigherThanDma200" : 5.00,
      "pricePercentageAboveDma50" : 5.24,
      "pricePercentageAboveDma100" : 5.41,
      "pricePercentageAboveDma200" : 5.34,
      "weeklyVolumeHigherThanYearlyVolume" : 0.00,
      "salesGrowthPercentile" : 13.50,
      "operatingProfitMarginPercentile" : 17.41,
      "netProfitMarginPercentile" : 9.39,
      "totalTechnicalScore" : 20.99,
      "totalFundamentalScore" : 40.30,
      "totalScore" : 61.29
    }
  },
  "attributes" : {
    "companyCode" : "JTEKTINDIA",
    "companyName" : "JTEKT India",
    "marketCap" : 3778.00,
    "peRatio" : 49.30,
    "description" : "JTEKT India Ltd is primarily engaged in the business of manufacturing steering systems & other auto components for the passenger car and utility vehicle manufacturers in the automobile sector.[1]"
  },
  "technicalHistory" : [ {
    "date" : "2025-02-21",
    "price" : 127.04,
    "dma50" : 148.05,
    "dma100" : null,
    "dma200" : 160.17,
    "volume" : 58969.00
  }, {
    "date" : "2025-02-24",
    "price" : 123.16,
    "dma50" : 147.08,
    "dma100" : null,
    "dma200" : 159.80,
    "volume" : 54164.00
  }, {
    "date" : "2025-02-25",
    "price" : 122.86,
    "dma50" : 146.13,
    "dma100" : null,
    "dma200" : 159.43,
    "volume" : 48949.00
  }, {
    "date" : "2025-02-27",
    "price" : 119.42,
    "dma50" : 145.08,
    "dma100" : null,
    "dma200" : 159.03,
    "volume" : 61744.00
  }, {
    "date" : "2025-02-28",
    "price" : 112.18,
    "dma50" : 143.79,
    "dma100" : null,
    "dma200" : 158.57,
    "volume" : 170020.00
  }, {
    "date" : "2025-03-03",
    "price" : 109.64,
    "dma50" : 142.45,
    "dma100" : null,
    "dma200" : 158.08,
    "volume" : 171688.00
  }, {
    "date" : "2025-03-04",
    "price" : 110.62,
    "dma50" : 141.20,
    "dma100" : null,
    "dma200" : 157.61,
    "volume" : 113338.00
  }, {
    "date" : "2025-03-05",
    "price" : 117.63,
    "dma50" : 140.28,
    "dma100" : null,
    "dma200" : 157.21,
    "volume" : 204721.00
  }, {
    "date" : "2025-03-06",
    "price" : 119.54,
    "dma50" : 139.46,
    "dma100" : null,
    "dma200" : 156.84,
    "volume" : 66307.00
  }, {
    "date" : "2025-03-07",
    "price" : 125.29,
    "dma50" : 138.91,
    "dma100" : null,
    "dma200" : 156.52,
    "volume" : 151979.00
  }, {
    "date" : "2025-03-10",
    "price" : 119.84,
    "dma50" : 138.16,
    "dma100" : null,
    "dma200" : 156.16,
    "volume" : 94309.00
  }, {
    "date" : "2025-03-11",
    "price" : 119.19,
    "dma50" : 137.42,
    "dma100" : null,
    "dma200" : 155.79,
    "volume" : 111444.00
  }, {
    "date" : "2025-03-12",
    "price" : 116.43,
    "dma50" : 136.59,
    "dma100" : null,
    "dma200" : 155.40,
    "volume" : 48454.00
  }, {
    "date" : "2025-03-13",
    "price" : 113.05,
    "dma50" : 135.67,
    "dma100" : null,
    "dma200" : 154.98,
    "volume" : 99701.00
  }, {
    "date" : "2025-03-17",
    "price" : 110.96,
    "dma50" : 134.70,
    "dma100" : null,
    "dma200" : 154.54,
    "volume" : 131579.00
  }, {
    "date" : "2025-03-18",
    "price" : 113.26,
    "dma50" : 133.86,
    "dma100" : null,
    "dma200" : 154.13,
    "volume" : 113128.00
  }, {
    "date" : "2025-03-19",
    "price" : 118.17,
    "dma50" : 133.25,
    "dma100" : null,
    "dma200" : 153.77,
    "volume" : 161473.00
  }, {
    "date" : "2025-03-20",
    "price" : 115.27,
    "dma50" : 132.54,
    "dma100" : null,
    "dma200" : 153.39,
    "volume" : 178860.00
  }, {
    "date" : "2025-03-21",
    "price" : 118.92,
    "dma50" : 132.01,
    "dma100" : null,
    "dma200" : 153.04,
    "volume" : 201877.00
  }, {
    "date" : "2025-03-24",
    "price" : 124.50,
    "dma50" : 131.71,
    "dma100" : null,
    "dma200" : 152.76,
    "volume" : 347411.00
  }, {
    "date" : "2025-03-25",
    "price" : 127.20,
    "dma50" : 131.54,
    "dma100" : null,
    "dma200" : 152.51,
    "volume" : 388055.00
  }, {
    "date" : "2025-03-26",
    "price" : 131.71,
    "dma50" : 131.54,
    "dma100" : null,
    "dma200" : 152.30,
    "volume" : 286658.00
  }, {
    "date" : "2025-03-27",
    "price" : 118.87,
    "dma50" : 131.04,
    "dma100" : null,
    "dma200" : 151.97,
    "volume" : 771330.00
  }, {
    "date" : "2025-03-28",
    "price" : 122.02,
    "dma50" : 130.69,
    "dma100" : null,
    "dma200" : 151.67,
    "volume" : 347626.00
  }, {
    "date" : "2025-04-01",
    "price" : 121.27,
    "dma50" : 130.32,
    "dma100" : null,
    "dma200" : 151.37,
    "volume" : 98440.00
  }, {
    "date" : "2025-04-02",
    "price" : 122.24,
    "dma50" : 130.00,
    "dma100" : null,
    "dma200" : 151.08,
    "volume" : 138845.00
  }, {
    "date" : "2025-04-03",
    "price" : 129.39,
    "dma50" : 129.98,
    "dma100" : null,
    "dma200" : 150.86,
    "volume" : 284377.00
  }, {
    "date" : "2025-04-04",
    "price" : 131.12,
    "dma50" : 130.03,
    "dma100" : null,
    "dma200" : 150.66,
    "volume" : 198239.00
  }, {
    "date" : "2025-04-07",
    "price" : 127.31,
    "dma50" : 129.92,
    "dma100" : null,
    "dma200" : 150.43,
    "volume" : 209566.00
  }, {
    "date" : "2025-04-08",
    "price" : 129.43,
    "dma50" : 129.90,
    "dma100" : null,
    "dma200" : 150.22,
    "volume" : 220893.00
  }, {
    "date" : "2025-04-09",
    "price" : 130.61,
    "dma50" : 129.93,
    "dma100" : null,
    "dma200" : 150.03,
    "volume" : 88762.00
  }, {
    "date" : "2025-04-11",
    "price" : 130.16,
    "dma50" : 129.94,
    "dma100" : null,
    "dma200" : 149.83,
    "volume" : 281492.00
  }, {
    "date" : "2025-04-15",
    "price" : 134.31,
    "dma50" : 130.11,
    "dma100" : null,
    "dma200" : 149.68,
    "volume" : 118672.00
  }, {
    "date" : "2025-04-16",
    "price" : 133.93,
    "dma50" : 130.26,
    "dma100" : null,
    "dma200" : 149.52,
    "volume" : 76239.00
  }, {
    "date" : "2025-04-17",
    "price" : 137.05,
    "dma50" : 130.52,
    "dma100" : null,
    "dma200" : 149.39,
    "volume" : 123341.00
  }, {
    "date" : "2025-04-21",
    "price" : 138.47,
    "dma50" : 130.84,
    "dma100" : null,
    "dma200" : 149.29,
    "volume" : 108436.00
  }, {
    "date" : "2025-04-22",
    "price" : 139.94,
    "dma50" : 131.19,
    "dma100" : null,
    "dma200" : 149.19,
    "volume" : 72458.00
  }, {
    "date" : "2025-04-23",
    "price" : 139.80,
    "dma50" : 131.53,
    "dma100" : null,
    "dma200" : 149.10,
    "volume" : 121950.00
  }, {
    "date" : "2025-04-24",
    "price" : 135.46,
    "dma50" : 131.68,
    "dma100" : null,
    "dma200" : 148.96,
    "volume" : 166140.00
  }, {
    "date" : "2025-04-25",
    "price" : 139.55,
    "dma50" : 131.99,
    "dma100" : null,
    "dma200" : 148.87,
    "volume" : 479691.00
  }, {
    "date" : "2025-04-28",
    "price" : 137.09,
    "dma50" : 132.19,
    "dma100" : null,
    "dma200" : 148.75,
    "volume" : 104435.00
  }, {
    "date" : "2025-04-29",
    "price" : 139.09,
    "dma50" : 132.46,
    "dma100" : null,
    "dma200" : 148.66,
    "volume" : 110566.00
  }, {
    "date" : "2025-04-30",
    "price" : 138.94,
    "dma50" : 132.72,
    "dma100" : null,
    "dma200" : 148.56,
    "volume" : 76597.00
  }, {
    "date" : "2025-05-02",
    "price" : 139.01,
    "dma50" : 132.96,
    "dma100" : null,
    "dma200" : 148.47,
    "volume" : 54710.00
  }, {
    "date" : "2025-05-05",
    "price" : 139.09,
    "dma50" : 133.20,
    "dma100" : null,
    "dma200" : 148.37,
    "volume" : 62462.00
  }, {
    "date" : "2025-05-06",
    "price" : 133.15,
    "dma50" : 133.20,
    "dma100" : null,
    "dma200" : 148.22,
    "volume" : 75292.00
  }, {
    "date" : "2025-05-07",
    "price" : 135.09,
    "dma50" : 133.28,
    "dma100" : null,
    "dma200" : 148.09,
    "volume" : 144931.00
  }, {
    "date" : "2025-05-08",
    "price" : 131.27,
    "dma50" : 133.20,
    "dma100" : null,
    "dma200" : 147.92,
    "volume" : 88528.00
  }, {
    "date" : "2025-05-09",
    "price" : 128.74,
    "dma50" : 133.02,
    "dma100" : null,
    "dma200" : 147.73,
    "volume" : 29552.00
  }, {
    "date" : "2025-05-12",
    "price" : 133.82,
    "dma50" : 133.05,
    "dma100" : null,
    "dma200" : 147.59,
    "volume" : 65820.00
  }, {
    "date" : "2025-05-13",
    "price" : 131.96,
    "dma50" : 133.01,
    "dma100" : null,
    "dma200" : 147.44,
    "volume" : 49610.00
  }, {
    "date" : "2025-05-14",
    "price" : 134.44,
    "dma50" : 133.07,
    "dma100" : null,
    "dma200" : 147.31,
    "volume" : 77016.00
  }, {
    "date" : "2025-05-15",
    "price" : 135.91,
    "dma50" : 133.18,
    "dma100" : null,
    "dma200" : 147.19,
    "volume" : 92571.00
  }, {
    "date" : "2025-05-16",
    "price" : 136.59,
    "dma50" : 133.31,
    "dma100" : null,
    "dma200" : 147.09,
    "volume" : 138145.00
  }, {
    "date" : "2025-05-19",
    "price" : 136.96,
    "dma50" : 133.46,
    "dma100" : null,
    "dma200" : 146.99,
    "volume" : 107387.00
  }, {
    "date" : "2025-05-20",
    "price" : 136.10,
    "dma50" : 133.56,
    "dma100" : null,
    "dma200" : 146.88,
    "volume" : 152893.00
  }, {
    "date" : "2025-05-21",
    "price" : 136.73,
    "dma50" : 133.68,
    "dma100" : null,
    "dma200" : 146.78,
    "volume" : 60403.00
  }, {
    "date" : "2025-05-22",
    "price" : 136.90,
    "dma50" : 133.81,
    "dma100" : null,
    "dma200" : 146.68,
    "volume" : 98110.00
  }, {
    "date" : "2025-05-23",
    "price" : 136.48,
    "dma50" : 133.91,
    "dma100" : null,
    "dma200" : 146.58,
    "volume" : 313431.00
  }, {
    "date" : "2025-05-26",
    "price" : 135.46,
    "dma50" : 133.97,
    "dma100" : null,
    "dma200" : 146.47,
    "volume" : 81537.00
  }, {
    "date" : "2025-05-27",
    "price" : 136.06,
    "dma50" : 134.06,
    "dma100" : null,
    "dma200" : 146.37,
    "volume" : 67045.00
  }, {
    "date" : "2025-05-28",
    "price" : 136.42,
    "dma50" : 134.15,
    "dma100" : null,
    "dma200" : 146.27,
    "volume" : 60677.00
  }, {
    "date" : "2025-05-29",
    "price" : 135.57,
    "dma50" : 134.21,
    "dma100" : null,
    "dma200" : 146.16,
    "volume" : 49487.00
  }, {
    "date" : "2025-05-30",
    "price" : 135.71,
    "dma50" : 134.26,
    "dma100" : null,
    "dma200" : 146.06,
    "volume" : 38875.00
  }, {
    "date" : "2025-06-02",
    "price" : 135.40,
    "dma50" : 134.31,
    "dma100" : null,
    "dma200" : 145.95,
    "volume" : 76111.00
  }, {
    "date" : "2025-06-03",
    "price" : 136.03,
    "dma50" : 134.38,
    "dma100" : null,
    "dma200" : 145.85,
    "volume" : 63485.00
  }, {
    "date" : "2025-06-04",
    "price" : 136.08,
    "dma50" : 134.44,
    "dma100" : null,
    "dma200" : 145.75,
    "volume" : 53324.00
  }, {
    "date" : "2025-06-05",
    "price" : 138.65,
    "dma50" : 134.61,
    "dma100" : null,
    "dma200" : 145.68,
    "volume" : 190302.00
  }, {
    "date" : "2025-06-06",
    "price" : 139.11,
    "dma50" : 134.78,
    "dma100" : null,
    "dma200" : 145.62,
    "volume" : 103095.00
  }, {
    "date" : "2025-06-09",
    "price" : 142.72,
    "dma50" : 135.10,
    "dma100" : null,
    "dma200" : 145.59,
    "volume" : 263062.00
  }, {
    "date" : "2025-06-10",
    "price" : 140.32,
    "dma50" : 135.30,
    "dma100" : null,
    "dma200" : 145.54,
    "volume" : 81130.00
  }, {
    "date" : "2025-06-11",
    "price" : 140.33,
    "dma50" : 135.50,
    "dma100" : null,
    "dma200" : 145.48,
    "volume" : 94788.00
  }, {
    "date" : "2025-06-12",
    "price" : 138.21,
    "dma50" : 135.60,
    "dma100" : null,
    "dma200" : 145.41,
    "volume" : 68617.00
  }, {
    "date" : "2025-06-13",
    "price" : 139.94,
    "dma50" : 135.77,
    "dma100" : null,
    "dma200" : 145.36,
    "volume" : 130116.00
  }, {
    "date" : "2025-06-16",
    "price" : 139.51,
    "dma50" : 135.92,
    "dma100" : null,
    "dma200" : 145.30,
    "volume" : 87019.00
  }, {
    "date" : "2025-06-17",
    "price" : 140.16,
    "dma50" : 136.09,
    "dma100" : null,
    "dma200" : 145.25,
    "volume" : 109079.00
  }, {
    "date" : "2025-06-18",
    "price" : 139.36,
    "dma50" : 136.22,
    "dma100" : null,
    "dma200" : 145.19,
    "volume" : 79399.00
  }, {
    "date" : "2025-06-19",
    "price" : 134.53,
    "dma50" : 136.15,
    "dma100" : null,
    "dma200" : 145.08,
    "volume" : 95309.00
  }, {
    "date" : "2025-06-20",
    "price" : 135.58,
    "dma50" : 136.13,
    "dma100" : null,
    "dma200" : 144.99,
    "volume" : 46812.00
  }, {
    "date" : "2025-06-23",
    "price" : 135.72,
    "dma50" : 136.11,
    "dma100" : null,
    "dma200" : 144.90,
    "volume" : 97996.00
  }, {
    "date" : "2025-06-24",
    "price" : 135.26,
    "dma50" : 136.08,
    "dma100" : null,
    "dma200" : 144.80,
    "volume" : 91824.00
  }, {
    "date" : "2025-06-25",
    "price" : 137.96,
    "dma50" : 136.15,
    "dma100" : null,
    "dma200" : 144.73,
    "volume" : 5983381.00
  }, {
    "date" : "2025-06-26",
    "price" : 138.88,
    "dma50" : 136.26,
    "dma100" : null,
    "dma200" : 144.67,
    "volume" : 1898292.00
  }, {
    "date" : "2025-06-27",
    "price" : 136.92,
    "dma50" : 136.28,
    "dma100" : null,
    "dma200" : 144.60,
    "volume" : 1058419.00
  }, {
    "date" : "2025-06-30",
    "price" : 142.37,
    "dma50" : 136.52,
    "dma100" : null,
    "dma200" : 144.58,
    "volume" : 2317571.00
  }, {
    "date" : "2025-07-01",
    "price" : 142.92,
    "dma50" : 136.77,
    "dma100" : null,
    "dma200" : 144.56,
    "volume" : 488296.00
  }, {
    "date" : "2025-07-02",
    "price" : 142.08,
    "dma50" : 136.98,
    "dma100" : null,
    "dma200" : 144.53,
    "volume" : 211019.00
  }, {
    "date" : "2025-07-03",
    "price" : 141.51,
    "dma50" : 137.16,
    "dma100" : null,
    "dma200" : 144.50,
    "volume" : 289793.00
  }, {
    "date" : "2025-07-04",
    "price" : 140.01,
    "dma50" : 137.27,
    "dma100" : null,
    "dma200" : 144.46,
    "volume" : 140386.00
  }, {
    "date" : "2025-07-07",
    "price" : 139.05,
    "dma50" : 137.34,
    "dma100" : null,
    "dma200" : 144.41,
    "volume" : 217083.00
  }, {
    "date" : "2025-07-08",
    "price" : 138.72,
    "dma50" : 137.40,
    "dma100" : null,
    "dma200" : 144.35,
    "volume" : 108904.00
  }, {
    "date" : "2025-07-09",
    "price" : 136.05,
    "dma50" : 137.34,
    "dma100" : null,
    "dma200" : 144.27,
    "volume" : 334762.00
  }, {
    "date" : "2025-07-10",
    "price" : 141.52,
    "dma50" : 137.51,
    "dma100" : null,
    "dma200" : 144.24,
    "volume" : 383397.00
  }, {
    "date" : "2025-07-11",
    "price" : 138.95,
    "dma50" : 137.56,
    "dma100" : null,
    "dma200" : 144.19,
    "volume" : 1008138.00
  }, {
    "date" : "2025-07-14",
    "price" : 144.25,
    "dma50" : 137.83,
    "dma100" : null,
    "dma200" : 144.19,
    "volume" : 525590.00
  }, {
    "date" : "2025-07-15",
    "price" : 142.51,
    "dma50" : 138.01,
    "dma100" : null,
    "dma200" : 144.17,
    "volume" : 358718.00
  }, {
    "date" : "2025-07-16",
    "price" : 143.08,
    "dma50" : 138.21,
    "dma100" : null,
    "dma200" : 144.16,
    "volume" : 420644.00
  }, {
    "date" : "2025-07-17",
    "price" : 138.13,
    "dma50" : 138.20,
    "dma100" : null,
    "dma200" : 144.10,
    "volume" : 469453.00
  }, {
    "date" : "2025-07-18",
    "price" : 139.13,
    "dma50" : 138.24,
    "dma100" : null,
    "dma200" : 144.05,
    "volume" : 224012.00
  }, {
    "date" : "2025-07-21",
    "price" : 139.16,
    "dma50" : 138.28,
    "dma100" : null,
    "dma200" : 144.00,
    "volume" : 120501.00
  }, {
    "date" : "2025-07-22",
    "price" : 140.18,
    "dma50" : 138.35,
    "dma100" : 132.57,
    "dma200" : 143.96,
    "volume" : 724085.00
  }, {
    "date" : "2025-07-23",
    "price" : 142.23,
    "dma50" : 138.50,
    "dma100" : 132.76,
    "dma200" : 143.95,
    "volume" : 351062.00
  }, {
    "date" : "2025-07-24",
    "price" : 143.01,
    "dma50" : 138.68,
    "dma100" : 132.96,
    "dma200" : 143.94,
    "volume" : 388529.00
  }, {
    "date" : "2025-07-25",
    "price" : 133.26,
    "dma50" : 138.47,
    "dma100" : 133.10,
    "dma200" : 143.83,
    "volume" : 628124.00
  }, {
    "date" : "2025-07-28",
    "price" : 126.35,
    "dma50" : 137.99,
    "dma100" : 133.24,
    "dma200" : 143.66,
    "volume" : 314160.00
  }, {
    "date" : "2025-07-29",
    "price" : 130.79,
    "dma50" : 137.71,
    "dma100" : 133.45,
    "dma200" : 143.53,
    "volume" : 182166.00
  }, {
    "date" : "2025-07-30",
    "price" : 131.02,
    "dma50" : 137.45,
    "dma100" : 133.65,
    "dma200" : 143.40,
    "volume" : 79829.00
  }, {
    "date" : "2025-07-31",
    "price" : 128.98,
    "dma50" : 137.12,
    "dma100" : 133.77,
    "dma200" : 143.26,
    "volume" : 179901.00
  }, {
    "date" : "2025-08-01",
    "price" : 126.28,
    "dma50" : 136.69,
    "dma100" : 133.84,
    "dma200" : 143.09,
    "volume" : 158714.00
  }, {
    "date" : "2025-08-04",
    "price" : 125.97,
    "dma50" : 136.27,
    "dma100" : 133.84,
    "dma200" : 142.92,
    "volume" : 148236.00
  }, {
    "date" : "2025-08-05",
    "price" : 125.29,
    "dma50" : 135.84,
    "dma100" : 133.90,
    "dma200" : 142.75,
    "volume" : 57680.00
  }, {
    "date" : "2025-08-06",
    "price" : 126.25,
    "dma50" : 135.46,
    "dma100" : 133.97,
    "dma200" : 142.58,
    "volume" : 64503.00
  }, {
    "date" : "2025-08-07",
    "price" : 126.60,
    "dma50" : 135.12,
    "dma100" : 134.07,
    "dma200" : 142.42,
    "volume" : 118105.00
  }, {
    "date" : "2025-08-08",
    "price" : 127.69,
    "dma50" : 134.82,
    "dma100" : 134.22,
    "dma200" : 142.28,
    "volume" : 85821.00
  }, {
    "date" : "2025-08-11",
    "price" : 126.52,
    "dma50" : 134.50,
    "dma100" : 134.37,
    "dma200" : 142.12,
    "volume" : 49791.00
  }, {
    "date" : "2025-08-12",
    "price" : 125.16,
    "dma50" : 134.13,
    "dma100" : 134.49,
    "dma200" : 141.95,
    "volume" : 69268.00
  }, {
    "date" : "2025-08-13",
    "price" : 124.38,
    "dma50" : 133.75,
    "dma100" : 134.55,
    "dma200" : 141.78,
    "volume" : 51668.00
  }, {
    "date" : "2025-08-14",
    "price" : 118.79,
    "dma50" : 133.16,
    "dma100" : 134.59,
    "dma200" : 141.55,
    "volume" : 353581.00
  }, {
    "date" : "2025-08-18",
    "price" : 123.79,
    "dma50" : 132.80,
    "dma100" : 134.64,
    "dma200" : 141.37,
    "volume" : 228834.00
  }, {
    "date" : "2025-08-19",
    "price" : 130.18,
    "dma50" : 132.69,
    "dma100" : 134.69,
    "dma200" : 141.26,
    "volume" : 448938.00
  }, {
    "date" : "2025-08-20",
    "price" : 129.78,
    "dma50" : 132.58,
    "dma100" : 134.72,
    "dma200" : 141.14,
    "volume" : 237666.00
  }, {
    "date" : "2025-08-21",
    "price" : 130.11,
    "dma50" : 132.48,
    "dma100" : 134.70,
    "dma200" : 141.04,
    "volume" : 68592.00
  }, {
    "date" : "2025-08-22",
    "price" : 131.91,
    "dma50" : 132.46,
    "dma100" : 134.83,
    "dma200" : 140.94,
    "volume" : 155095.00
  }, {
    "date" : "2025-08-25",
    "price" : 133.76,
    "dma50" : 132.51,
    "dma100" : 134.95,
    "dma200" : 140.87,
    "volume" : 164219.00
  }, {
    "date" : "2025-08-26",
    "price" : 130.11,
    "dma50" : 132.42,
    "dma100" : 135.04,
    "dma200" : 140.77,
    "volume" : 99904.00
  }, {
    "date" : "2025-08-28",
    "price" : 134.01,
    "dma50" : 132.48,
    "dma100" : 135.16,
    "dma200" : 140.70,
    "volume" : 22397587.00
  }, {
    "date" : "2025-08-29",
    "price" : 134.83,
    "dma50" : 132.57,
    "dma100" : 135.21,
    "dma200" : 140.64,
    "volume" : 3419415.00
  }, {
    "date" : "2025-09-01",
    "price" : 136.59,
    "dma50" : 132.73,
    "dma100" : 135.27,
    "dma200" : 140.60,
    "volume" : 504845.00
  }, {
    "date" : "2025-09-02",
    "price" : 137.23,
    "dma50" : 132.91,
    "dma100" : 135.36,
    "dma200" : 140.57,
    "volume" : 315252.00
  }, {
    "date" : "2025-09-03",
    "price" : 142.53,
    "dma50" : 133.28,
    "dma100" : 135.50,
    "dma200" : 140.59,
    "volume" : 729104.00
  }, {
    "date" : "2025-09-04",
    "price" : 143.44,
    "dma50" : 133.68,
    "dma100" : 135.62,
    "dma200" : 140.61,
    "volume" : 670776.00
  }, {
    "date" : "2025-09-05",
    "price" : 159.13,
    "dma50" : 134.68,
    "dma100" : 135.91,
    "dma200" : 140.80,
    "volume" : 9048036.00
  }, {
    "date" : "2025-09-08",
    "price" : 158.57,
    "dma50" : 135.62,
    "dma100" : 136.16,
    "dma200" : 140.98,
    "volume" : 1154103.00
  }, {
    "date" : "2025-09-09",
    "price" : 181.94,
    "dma50" : 137.43,
    "dma100" : 136.64,
    "dma200" : 141.38,
    "volume" : 19420702.00
  }, {
    "date" : "2025-09-10",
    "price" : 169.49,
    "dma50" : 138.69,
    "dma100" : 136.96,
    "dma200" : 141.66,
    "volume" : 2700599.00
  }, {
    "date" : "2025-09-11",
    "price" : 165.29,
    "dma50" : 139.73,
    "dma100" : 137.23,
    "dma200" : 141.90,
    "volume" : 838367.00
  }, {
    "date" : "2025-09-12",
    "price" : 166.13,
    "dma50" : 140.77,
    "dma100" : 137.49,
    "dma200" : 142.14,
    "volume" : 1730099.00
  }, {
    "date" : "2025-09-15",
    "price" : 171.51,
    "dma50" : 141.97,
    "dma100" : 137.81,
    "dma200" : 142.43,
    "volume" : 1081518.00
  }, {
    "date" : "2025-09-16",
    "price" : 172.47,
    "dma50" : 143.17,
    "dma100" : 138.18,
    "dma200" : 142.73,
    "volume" : 609495.00
  }, {
    "date" : "2025-09-17",
    "price" : 173.66,
    "dma50" : 144.37,
    "dma100" : 138.52,
    "dma200" : 143.04,
    "volume" : 566307.00
  }, {
    "date" : "2025-09-18",
    "price" : 175.55,
    "dma50" : 145.59,
    "dma100" : 138.90,
    "dma200" : 143.36,
    "volume" : 841093.00
  }, {
    "date" : "2025-09-19",
    "price" : 174.26,
    "dma50" : 146.71,
    "dma100" : 139.26,
    "dma200" : 143.67,
    "volume" : 321633.00
  }, {
    "date" : "2025-09-22",
    "price" : 182.03,
    "dma50" : 148.10,
    "dma100" : 139.69,
    "dma200" : 144.05,
    "volume" : 1528947.00
  }, {
    "date" : "2025-09-23",
    "price" : 184.86,
    "dma50" : 149.54,
    "dma100" : 140.14,
    "dma200" : 144.46,
    "volume" : 1647435.00
  }, {
    "date" : "2025-09-24",
    "price" : 174.76,
    "dma50" : 150.53,
    "dma100" : 140.50,
    "dma200" : 144.76,
    "volume" : 696683.00
  }, {
    "date" : "2025-09-25",
    "price" : 170.75,
    "dma50" : 151.32,
    "dma100" : 140.88,
    "dma200" : 145.02,
    "volume" : 292399.00
  }, {
    "date" : "2025-09-26",
    "price" : 167.04,
    "dma50" : 151.94,
    "dma100" : 141.20,
    "dma200" : 145.24,
    "volume" : 337774.00
  }, {
    "date" : "2025-09-29",
    "price" : 164.60,
    "dma50" : 152.43,
    "dma100" : 141.53,
    "dma200" : 145.43,
    "volume" : 344164.00
  }, {
    "date" : "2025-09-30",
    "price" : 163.17,
    "dma50" : 152.86,
    "dma100" : 141.87,
    "dma200" : 145.60,
    "volume" : 231548.00
  }, {
    "date" : "2025-10-01",
    "price" : 163.12,
    "dma50" : 153.26,
    "dma100" : 142.17,
    "dma200" : 145.78,
    "volume" : 209098.00
  }, {
    "date" : "2025-10-03",
    "price" : 164.72,
    "dma50" : 153.71,
    "dma100" : 142.50,
    "dma200" : 145.97,
    "volume" : 467122.00
  }, {
    "date" : "2025-10-06",
    "price" : 161.35,
    "dma50" : 154.01,
    "dma100" : 142.76,
    "dma200" : 146.12,
    "volume" : 233311.00
  }, {
    "date" : "2025-10-07",
    "price" : 160.35,
    "dma50" : 154.26,
    "dma100" : 143.01,
    "dma200" : 146.26,
    "volume" : 167905.00
  }, {
    "date" : "2025-10-08",
    "price" : 157.93,
    "dma50" : 154.40,
    "dma100" : 143.22,
    "dma200" : 146.38,
    "volume" : 185048.00
  }, {
    "date" : "2025-10-09",
    "price" : 154.13,
    "dma50" : 154.39,
    "dma100" : 143.39,
    "dma200" : 146.46,
    "volume" : 209294.00
  }, {
    "date" : "2025-10-10",
    "price" : 155.44,
    "dma50" : 154.43,
    "dma100" : 143.59,
    "dma200" : 146.54,
    "volume" : 177391.00
  }, {
    "date" : "2025-10-13",
    "price" : 152.66,
    "dma50" : 154.36,
    "dma100" : 143.75,
    "dma200" : 146.61,
    "volume" : 137059.00
  }, {
    "date" : "2025-10-14",
    "price" : 147.16,
    "dma50" : 154.08,
    "dma100" : 143.85,
    "dma200" : 146.61,
    "volume" : 269231.00
  }, {
    "date" : "2025-10-15",
    "price" : 149.73,
    "dma50" : 153.91,
    "dma100" : 143.98,
    "dma200" : 146.64,
    "volume" : 241812.00
  }, {
    "date" : "2025-10-16",
    "price" : 150.46,
    "dma50" : 153.77,
    "dma100" : 144.13,
    "dma200" : 146.68,
    "volume" : 120984.00
  }, {
    "date" : "2025-10-17",
    "price" : 148.46,
    "dma50" : 153.56,
    "dma100" : 144.26,
    "dma200" : 146.70,
    "volume" : 178569.00
  }, {
    "date" : "2025-10-20",
    "price" : 151.44,
    "dma50" : 153.48,
    "dma100" : 144.41,
    "dma200" : 146.75,
    "volume" : 188598.00
  }, {
    "date" : "2025-10-21",
    "price" : 153.94,
    "dma50" : 153.50,
    "dma100" : 144.59,
    "dma200" : 146.82,
    "volume" : 63698.00
  }, {
    "date" : "2025-10-23",
    "price" : 152.08,
    "dma50" : 153.44,
    "dma100" : 144.75,
    "dma200" : 146.87,
    "volume" : 104280.00
  }, {
    "date" : "2025-10-24",
    "price" : 153.77,
    "dma50" : 153.46,
    "dma100" : 144.94,
    "dma200" : 146.94,
    "volume" : 183710.00
  }, {
    "date" : "2025-10-27",
    "price" : 153.65,
    "dma50" : 153.46,
    "dma100" : 145.11,
    "dma200" : 147.00,
    "volume" : 136550.00
  }, {
    "date" : "2025-10-28",
    "price" : 159.27,
    "dma50" : 153.69,
    "dma100" : 145.34,
    "dma200" : 147.13,
    "volume" : 377828.00
  }, {
    "date" : "2025-10-29",
    "price" : 163.65,
    "dma50" : 154.08,
    "dma100" : 145.59,
    "dma200" : 147.29,
    "volume" : 639056.00
  }, {
    "date" : "2025-10-30",
    "price" : 159.88,
    "dma50" : 154.31,
    "dma100" : 145.80,
    "dma200" : 147.42,
    "volume" : 129881.00
  }, {
    "date" : "2025-10-31",
    "price" : 155.25,
    "dma50" : 154.35,
    "dma100" : 145.93,
    "dma200" : 147.49,
    "volume" : 146294.00
  }, {
    "date" : "2025-11-03",
    "price" : 165.47,
    "dma50" : 154.78,
    "dma100" : 146.18,
    "dma200" : 147.67,
    "volume" : 1309486.00
  }, {
    "date" : "2025-11-04",
    "price" : 166.41,
    "dma50" : 155.24,
    "dma100" : 146.44,
    "dma200" : 147.86,
    "volume" : 228341.00
  }, {
    "date" : "2025-11-06",
    "price" : 157.39,
    "dma50" : 155.32,
    "dma100" : 146.63,
    "dma200" : 147.95,
    "volume" : 175962.00
  }, {
    "date" : "2025-11-07",
    "price" : 161.14,
    "dma50" : 155.55,
    "dma100" : 146.84,
    "dma200" : 148.09,
    "volume" : 280370.00
  }, {
    "date" : "2025-11-10",
    "price" : 158.81,
    "dma50" : 155.68,
    "dma100" : 147.04,
    "dma200" : 148.19,
    "volume" : 95864.00
  }, {
    "date" : "2025-11-11",
    "price" : 158.19,
    "dma50" : 155.78,
    "dma100" : 147.22,
    "dma200" : 148.29,
    "volume" : 93025.00
  }, {
    "date" : "2025-11-12",
    "price" : 156.92,
    "dma50" : 155.82,
    "dma100" : 147.39,
    "dma200" : 148.38,
    "volume" : 310755.00
  }, {
    "date" : "2025-11-13",
    "price" : 158.22,
    "dma50" : 155.92,
    "dma100" : 147.63,
    "dma200" : 148.48,
    "volume" : 106619.00
  }, {
    "date" : "2025-11-14",
    "price" : 160.90,
    "dma50" : 156.11,
    "dma100" : 147.88,
    "dma200" : 148.60,
    "volume" : 130871.00
  }, {
    "date" : "2025-11-17",
    "price" : 158.80,
    "dma50" : 156.22,
    "dma100" : 148.11,
    "dma200" : 148.70,
    "volume" : 92802.00
  }, {
    "date" : "2025-11-18",
    "price" : 158.29,
    "dma50" : 156.30,
    "dma100" : 148.34,
    "dma200" : 148.80,
    "volume" : 73033.00
  }, {
    "date" : "2025-11-19",
    "price" : 157.23,
    "dma50" : 156.33,
    "dma100" : 148.54,
    "dma200" : 148.88,
    "volume" : 128687.00
  }, {
    "date" : "2025-11-20",
    "price" : 155.11,
    "dma50" : 156.29,
    "dma100" : 148.70,
    "dma200" : 148.94,
    "volume" : 86140.00
  }, {
    "date" : "2025-11-21",
    "price" : 148.89,
    "dma50" : 156.00,
    "dma100" : 148.82,
    "dma200" : 148.94,
    "volume" : 136465.00
  }, {
    "date" : "2025-11-24",
    "price" : 145.83,
    "dma50" : 155.60,
    "dma100" : 148.85,
    "dma200" : 148.91,
    "volume" : 90840.00
  }, {
    "date" : "2025-11-25",
    "price" : 151.33,
    "dma50" : 155.43,
    "dma100" : 148.94,
    "dma200" : 148.93,
    "volume" : 178011.00
  }, {
    "date" : "2025-11-26",
    "price" : 150.08,
    "dma50" : 155.22,
    "dma100" : 149.02,
    "dma200" : 148.95,
    "volume" : 56504.00
  }, {
    "date" : "2025-11-27",
    "price" : 151.34,
    "dma50" : 155.07,
    "dma100" : 149.12,
    "dma200" : 148.97,
    "volume" : 83030.00
  }, {
    "date" : "2025-11-28",
    "price" : 156.89,
    "dma50" : 155.14,
    "dma100" : 149.28,
    "dma200" : 149.05,
    "volume" : 336894.00
  }, {
    "date" : "2025-12-01",
    "price" : 153.85,
    "dma50" : 155.09,
    "dma100" : 149.43,
    "dma200" : 149.10,
    "volume" : 68957.00
  }, {
    "date" : "2025-12-02",
    "price" : 151.23,
    "dma50" : 154.94,
    "dma100" : 149.56,
    "dma200" : 149.12,
    "volume" : 70179.00
  }, {
    "date" : "2025-12-03",
    "price" : 147.08,
    "dma50" : 154.63,
    "dma100" : 149.67,
    "dma200" : 149.10,
    "volume" : 91529.00
  }, {
    "date" : "2025-12-04",
    "price" : 145.60,
    "dma50" : 154.28,
    "dma100" : 149.71,
    "dma200" : 149.06,
    "volume" : 55116.00
  }, {
    "date" : "2025-12-05",
    "price" : 143.55,
    "dma50" : 153.86,
    "dma100" : 149.75,
    "dma200" : 149.01,
    "volume" : 130635.00
  }, {
    "date" : "2025-12-08",
    "price" : 141.44,
    "dma50" : 153.37,
    "dma100" : 149.73,
    "dma200" : 148.93,
    "volume" : 125684.00
  }, {
    "date" : "2025-12-09",
    "price" : 145.99,
    "dma50" : 153.08,
    "dma100" : 149.76,
    "dma200" : 148.90,
    "volume" : 88370.00
  }, {
    "date" : "2025-12-10",
    "price" : 144.10,
    "dma50" : 152.73,
    "dma100" : 149.77,
    "dma200" : 148.86,
    "volume" : 49033.00
  }, {
    "date" : "2025-12-11",
    "price" : 145.40,
    "dma50" : 152.44,
    "dma100" : 149.84,
    "dma200" : 148.82,
    "volume" : 42711.00
  }, {
    "date" : "2025-12-12",
    "price" : 143.39,
    "dma50" : 152.08,
    "dma100" : 149.89,
    "dma200" : 148.77,
    "volume" : 86035.00
  }, {
    "date" : "2025-12-15",
    "price" : 143.67,
    "dma50" : 151.75,
    "dma100" : 149.93,
    "dma200" : 148.72,
    "volume" : 49853.00
  }, {
    "date" : "2025-12-16",
    "price" : 141.15,
    "dma50" : 151.34,
    "dma100" : 149.94,
    "dma200" : 148.64,
    "volume" : 51804.00
  }, {
    "date" : "2025-12-17",
    "price" : 139.69,
    "dma50" : 150.88,
    "dma100" : 149.92,
    "dma200" : 148.55,
    "volume" : 72196.00
  }, {
    "date" : "2025-12-18",
    "price" : 140.23,
    "dma50" : 150.46,
    "dma100" : 149.89,
    "dma200" : 148.47,
    "volume" : 59184.00
  }, {
    "date" : "2025-12-19",
    "price" : 141.74,
    "dma50" : 150.12,
    "dma100" : 149.97,
    "dma200" : 148.40,
    "volume" : 54318.00
  }, {
    "date" : "2025-12-22",
    "price" : 145.55,
    "dma50" : 149.94,
    "dma100" : 150.17,
    "dma200" : 148.37,
    "volume" : 83454.00
  }, {
    "date" : "2025-12-23",
    "price" : 144.11,
    "dma50" : 149.71,
    "dma100" : 150.30,
    "dma200" : 148.33,
    "volume" : 101038.00
  }, {
    "date" : "2025-12-24",
    "price" : 143.88,
    "dma50" : 149.49,
    "dma100" : 150.43,
    "dma200" : 148.29,
    "volume" : 45372.00
  }, {
    "date" : "2025-12-26",
    "price" : 142.78,
    "dma50" : 149.22,
    "dma100" : 150.57,
    "dma200" : 148.23,
    "volume" : 69963.00
  }, {
    "date" : "2025-12-29",
    "price" : 139.32,
    "dma50" : 148.83,
    "dma100" : 150.70,
    "dma200" : 148.14,
    "volume" : 89969.00
  }, {
    "date" : "2025-12-30",
    "price" : 139.72,
    "dma50" : 148.48,
    "dma100" : 150.83,
    "dma200" : 148.06,
    "volume" : 52233.00
  }, {
    "date" : "2025-12-31",
    "price" : 140.85,
    "dma50" : 148.18,
    "dma100" : 150.99,
    "dma200" : 147.99,
    "volume" : 57654.00
  }, {
    "date" : "2026-01-01",
    "price" : 141.12,
    "dma50" : 147.90,
    "dma100" : 151.14,
    "dma200" : 147.92,
    "volume" : 43375.00
  }, {
    "date" : "2026-01-02",
    "price" : 148.16,
    "dma50" : 147.91,
    "dma100" : 151.35,
    "dma200" : 147.92,
    "volume" : 371309.00
  }, {
    "date" : "2026-01-05",
    "price" : 159.71,
    "dma50" : 148.37,
    "dma100" : 151.67,
    "dma200" : 148.04,
    "volume" : 2038612.00
  }, {
    "date" : "2026-01-06",
    "price" : 159.33,
    "dma50" : 148.80,
    "dma100" : 152.00,
    "dma200" : 148.15,
    "volume" : 372021.00
  }, {
    "date" : "2026-01-07",
    "price" : 159.20,
    "dma50" : 149.21,
    "dma100" : 152.34,
    "dma200" : 148.26,
    "volume" : 129672.00
  }, {
    "date" : "2026-01-08",
    "price" : 152.55,
    "dma50" : 149.34,
    "dma100" : 152.62,
    "dma200" : 148.30,
    "volume" : 167754.00
  }, {
    "date" : "2026-01-09",
    "price" : 150.45,
    "dma50" : 149.39,
    "dma100" : 152.94,
    "dma200" : 148.33,
    "volume" : 85137.00
  }, {
    "date" : "2026-01-12",
    "price" : 146.73,
    "dma50" : 149.28,
    "dma100" : 153.17,
    "dma200" : 148.31,
    "volume" : 120644.00
  }, {
    "date" : "2026-01-13",
    "price" : 147.74,
    "dma50" : 149.22,
    "dma100" : 153.34,
    "dma200" : 148.30,
    "volume" : 55589.00
  }, {
    "date" : "2026-01-14",
    "price" : 146.63,
    "dma50" : 149.12,
    "dma100" : 153.51,
    "dma200" : 148.29,
    "volume" : 36418.00
  }, {
    "date" : "2026-01-16",
    "price" : 144.21,
    "dma50" : 148.93,
    "dma100" : 153.65,
    "dma200" : 148.25,
    "volume" : 72453.00
  }, {
    "date" : "2026-01-19",
    "price" : 142.04,
    "dma50" : 148.66,
    "dma100" : 153.76,
    "dma200" : 148.19,
    "volume" : 63486.00
  }, {
    "date" : "2026-01-20",
    "price" : 137.81,
    "dma50" : 148.23,
    "dma100" : 153.80,
    "dma200" : 148.08,
    "volume" : 66979.00
  }, {
    "date" : "2026-01-21",
    "price" : 133.86,
    "dma50" : 147.67,
    "dma100" : 153.83,
    "dma200" : 147.94,
    "volume" : 89808.00
  }, {
    "date" : "2026-01-22",
    "price" : 135.55,
    "dma50" : 147.19,
    "dma100" : 153.85,
    "dma200" : 147.82,
    "volume" : 101780.00
  }, {
    "date" : "2026-01-23",
    "price" : 130.69,
    "dma50" : 146.55,
    "dma100" : 153.81,
    "dma200" : 147.65,
    "volume" : 129678.00
  }, {
    "date" : "2026-01-27",
    "price" : 132.88,
    "dma50" : 146.01,
    "dma100" : 153.77,
    "dma200" : 147.50,
    "volume" : 83867.00
  }, {
    "date" : "2026-01-28",
    "price" : 135.53,
    "dma50" : 145.60,
    "dma100" : 153.75,
    "dma200" : 147.38,
    "volume" : 403226.00
  }, {
    "date" : "2026-01-29",
    "price" : 132.43,
    "dma50" : 145.08,
    "dma100" : 153.65,
    "dma200" : 147.23,
    "volume" : 189633.00
  }, {
    "date" : "2026-01-30",
    "price" : 136.83,
    "dma50" : 144.76,
    "dma100" : 153.59,
    "dma200" : 147.13,
    "volume" : 141453.00
  }, {
    "date" : "2026-02-01",
    "price" : 135.39,
    "dma50" : 144.39,
    "dma100" : 153.35,
    "dma200" : 147.01,
    "volume" : 60733.00
  }, {
    "date" : "2026-02-02",
    "price" : 139.53,
    "dma50" : 144.20,
    "dma100" : 153.16,
    "dma200" : 146.94,
    "volume" : 146991.00
  }, {
    "date" : "2026-02-03",
    "price" : 142.04,
    "dma50" : 144.12,
    "dma100" : 152.76,
    "dma200" : 146.89,
    "volume" : 155198.00
  }, {
    "date" : "2026-02-04",
    "price" : 144.83,
    "dma50" : 144.14,
    "dma100" : 152.51,
    "dma200" : 146.87,
    "volume" : 132947.00
  }, {
    "date" : "2026-02-05",
    "price" : 146.70,
    "dma50" : 144.24,
    "dma100" : 152.33,
    "dma200" : 146.87,
    "volume" : 74873.00
  }, {
    "date" : "2026-02-06",
    "price" : 145.93,
    "dma50" : 144.31,
    "dma100" : 152.13,
    "dma200" : 146.86,
    "volume" : 47245.00
  }, {
    "date" : "2026-02-09",
    "price" : 148.76,
    "dma50" : 144.48,
    "dma100" : 151.90,
    "dma200" : 146.88,
    "volume" : 78737.00
  }, {
    "date" : "2026-02-10",
    "price" : 151.87,
    "dma50" : 144.77,
    "dma100" : 151.69,
    "dma200" : 146.93,
    "volume" : 161178.00
  }, {
    "date" : "2026-02-11",
    "price" : 145.09,
    "dma50" : 144.79,
    "dma100" : 151.41,
    "dma200" : 146.91,
    "volume" : 706022.00
  }, {
    "date" : "2026-02-12",
    "price" : 142.35,
    "dma50" : 144.69,
    "dma100" : 151.07,
    "dma200" : 146.86,
    "volume" : 196932.00
  }, {
    "date" : "2026-02-13",
    "price" : 138.21,
    "dma50" : 144.44,
    "dma100" : 150.71,
    "dma200" : 146.78,
    "volume" : 117899.00
  }, {
    "date" : "2026-02-16",
    "price" : 138.15,
    "dma50" : 144.19,
    "dma100" : 150.27,
    "dma200" : 146.69,
    "volume" : 101921.00
  }, {
    "date" : "2026-02-17",
    "price" : 139.71,
    "dma50" : 144.01,
    "dma100" : 149.82,
    "dma200" : 146.62,
    "volume" : 56586.00
  }, {
    "date" : "2026-02-18",
    "price" : 138.92,
    "dma50" : 143.81,
    "dma100" : 149.46,
    "dma200" : 146.54,
    "volume" : 45027.00
  }, {
    "date" : "2026-02-19",
    "price" : 137.03,
    "dma50" : 143.55,
    "dma100" : 149.13,
    "dma200" : 146.45,
    "volume" : 57477.00
  }, {
    "date" : "2026-02-20",
    "price" : 136.48,
    "dma50" : 143.27,
    "dma100" : 148.82,
    "dma200" : 146.35,
    "volume" : 39700.00
  } ],
  "latestTechnicalAttributes" : {
    "date" : "2026-02-20",
    "price" : 136.48,
    "dma50" : 143.27,
    "dma100" : 148.82,
    "dma200" : 146.35,
    "volume" : 39700.00
  },
  "quarterlyResults" : [ {
    "date" : "2005-03-31",
    "sales" : 87.41,
    "salesGrowthYoY" : null,
    "grossProfitMargin" : 32.16,
    "grossProfit" : 28.11,
    "operatingProfitMargin" : 11.84,
    "operatingProfit" : 10.35,
    "netProfitMargin" : 6.64,
    "netProfit" : 5.80
  }, {
    "date" : "2005-06-30",
    "sales" : 76.91,
    "salesGrowthYoY" : null,
    "grossProfitMargin" : 31.31,
    "grossProfit" : 24.08,
    "operatingProfitMargin" : 8.85,
    "operatingProfit" : 6.81,
    "netProfitMargin" : 3.63,
    "netProfit" : 2.79
  }, {
    "date" : "2005-09-30",
    "sales" : 83.62,
    "salesGrowthYoY" : null,
    "grossProfitMargin" : 31.54,
    "grossProfit" : 26.37,
    "operatingProfitMargin" : 10.38,
    "operatingProfit" : 8.68,
    "netProfitMargin" : 4.51,
    "netProfit" : 3.77
  }, {
    "date" : "2005-12-31",
    "sales" : 81.41,
    "salesGrowthYoY" : null,
    "grossProfitMargin" : 31.22,
    "grossProfit" : 25.42,
    "operatingProfitMargin" : 12.04,
    "operatingProfit" : 9.80,
    "netProfitMargin" : 4.88,
    "netProfit" : 3.97
  }, {
    "date" : "2006-03-31",
    "sales" : 97.74,
    "salesGrowthYoY" : 11.82,
    "grossProfitMargin" : 33.65,
    "grossProfit" : 32.89,
    "operatingProfitMargin" : 12.91,
    "operatingProfit" : 12.62,
    "netProfitMargin" : 6.31,
    "netProfit" : 6.17
  }, {
    "date" : "2006-06-30",
    "sales" : 115.60,
    "salesGrowthYoY" : 50.31,
    "grossProfitMargin" : 27.22,
    "grossProfit" : 31.47,
    "operatingProfitMargin" : 9.94,
    "operatingProfit" : 11.49,
    "netProfitMargin" : 3.80,
    "netProfit" : 4.39
  }, {
    "date" : "2006-09-30",
    "sales" : 138.49,
    "salesGrowthYoY" : 65.62,
    "grossProfitMargin" : 26.90,
    "grossProfit" : 37.25,
    "operatingProfitMargin" : 9.60,
    "operatingProfit" : 13.30,
    "netProfitMargin" : 4.59,
    "netProfit" : 6.36
  }, {
    "date" : "2006-12-31",
    "sales" : 150.12,
    "salesGrowthYoY" : 84.40,
    "grossProfitMargin" : 26.51,
    "grossProfit" : 39.80,
    "operatingProfitMargin" : 9.11,
    "operatingProfit" : 13.68,
    "netProfitMargin" : 4.42,
    "netProfit" : 6.64
  }, {
    "date" : "2007-03-31",
    "sales" : 176.54,
    "salesGrowthYoY" : 80.62,
    "grossProfitMargin" : 26.87,
    "grossProfit" : 47.44,
    "operatingProfitMargin" : 11.87,
    "operatingProfit" : 20.96,
    "netProfitMargin" : 6.25,
    "netProfit" : 11.03
  }, {
    "date" : "2007-06-30",
    "sales" : 152.64,
    "salesGrowthYoY" : 32.04,
    "grossProfitMargin" : 27.61,
    "grossProfit" : 42.14,
    "operatingProfitMargin" : 10.51,
    "operatingProfit" : 16.04,
    "netProfitMargin" : 4.70,
    "netProfit" : 7.17
  }, {
    "date" : "2007-09-30",
    "sales" : 164.56,
    "salesGrowthYoY" : 18.82,
    "grossProfitMargin" : 27.83,
    "grossProfit" : 45.80,
    "operatingProfitMargin" : 11.67,
    "operatingProfit" : 19.20,
    "netProfitMargin" : 5.34,
    "netProfit" : 8.79
  }, {
    "date" : "2007-12-31",
    "sales" : 172.04,
    "salesGrowthYoY" : 14.60,
    "grossProfitMargin" : 28.02,
    "grossProfit" : 48.21,
    "operatingProfitMargin" : 10.61,
    "operatingProfit" : 18.25,
    "netProfitMargin" : 4.25,
    "netProfit" : 7.31
  }, {
    "date" : "2008-03-31",
    "sales" : 194.32,
    "salesGrowthYoY" : 10.07,
    "grossProfitMargin" : 21.78,
    "grossProfit" : 42.32,
    "operatingProfitMargin" : 4.03,
    "operatingProfit" : 7.83,
    "netProfitMargin" : 0.57,
    "netProfit" : 1.11
  }, {
    "date" : "2008-06-30",
    "sales" : 170.39,
    "salesGrowthYoY" : 11.63,
    "grossProfitMargin" : 23.80,
    "grossProfit" : 40.55,
    "operatingProfitMargin" : 6.49,
    "operatingProfit" : 11.06,
    "netProfitMargin" : -0.05,
    "netProfit" : -0.09
  }, {
    "date" : "2008-09-30",
    "sales" : 178.91,
    "salesGrowthYoY" : 8.72,
    "grossProfitMargin" : 20.00,
    "grossProfit" : 35.78,
    "operatingProfitMargin" : 0.79,
    "operatingProfit" : 1.41,
    "netProfitMargin" : -4.09,
    "netProfit" : -7.32
  }, {
    "date" : "2008-12-31",
    "sales" : 150.31,
    "salesGrowthYoY" : -12.63,
    "grossProfitMargin" : 12.18,
    "grossProfit" : 18.31,
    "operatingProfitMargin" : -7.23,
    "operatingProfit" : -10.87,
    "netProfitMargin" : -11.47,
    "netProfit" : -17.24
  }, {
    "date" : "2009-03-31",
    "sales" : 193.55,
    "salesGrowthYoY" : -0.40,
    "grossProfitMargin" : 18.51,
    "grossProfit" : 35.83,
    "operatingProfitMargin" : 7.28,
    "operatingProfit" : 14.09,
    "netProfitMargin" : -2.50,
    "netProfit" : -4.84
  }, {
    "date" : "2009-06-30",
    "sales" : 187.08,
    "salesGrowthYoY" : 9.80,
    "grossProfitMargin" : 21.90,
    "grossProfit" : 40.97,
    "operatingProfitMargin" : 8.17,
    "operatingProfit" : 15.28,
    "netProfitMargin" : 0.47,
    "netProfit" : 0.88
  }, {
    "date" : "2009-09-30",
    "sales" : 200.86,
    "salesGrowthYoY" : 12.27,
    "grossProfitMargin" : 23.75,
    "grossProfit" : 47.70,
    "operatingProfitMargin" : 9.94,
    "operatingProfit" : 19.97,
    "netProfitMargin" : 1.85,
    "netProfit" : 3.72
  }, {
    "date" : "2009-12-31",
    "sales" : 221.77,
    "salesGrowthYoY" : 47.54,
    "grossProfitMargin" : 25.61,
    "grossProfit" : 56.80,
    "operatingProfitMargin" : 11.23,
    "operatingProfit" : 24.90,
    "netProfitMargin" : 3.11,
    "netProfit" : 6.90
  }, {
    "date" : "2010-03-31",
    "sales" : 241.63,
    "salesGrowthYoY" : 24.84,
    "grossProfitMargin" : 27.82,
    "grossProfit" : 67.22,
    "operatingProfitMargin" : 11.82,
    "operatingProfit" : 28.56,
    "netProfitMargin" : 4.21,
    "netProfit" : 10.17
  }, {
    "date" : "2010-06-30",
    "sales" : 217.25,
    "salesGrowthYoY" : 16.13,
    "grossProfitMargin" : 26.06,
    "grossProfit" : 56.62,
    "operatingProfitMargin" : 10.31,
    "operatingProfit" : 22.40,
    "netProfitMargin" : 2.55,
    "netProfit" : 5.54
  }, {
    "date" : "2010-09-30",
    "sales" : 251.29,
    "salesGrowthYoY" : 25.11,
    "grossProfitMargin" : 26.61,
    "grossProfit" : 66.87,
    "operatingProfitMargin" : 10.69,
    "operatingProfit" : 26.86,
    "netProfitMargin" : 3.14,
    "netProfit" : 7.89
  }, {
    "date" : "2010-12-31",
    "sales" : 273.66,
    "salesGrowthYoY" : 23.40,
    "grossProfitMargin" : 25.31,
    "grossProfit" : 69.26,
    "operatingProfitMargin" : 10.29,
    "operatingProfit" : 28.16,
    "netProfitMargin" : 3.56,
    "netProfit" : 9.74
  }, {
    "date" : "2011-03-31",
    "sales" : 292.38,
    "salesGrowthYoY" : 21.00,
    "grossProfitMargin" : 25.93,
    "grossProfit" : 75.81,
    "operatingProfitMargin" : 9.60,
    "operatingProfit" : 28.07,
    "netProfitMargin" : 4.02,
    "netProfit" : 11.75
  }, {
    "date" : "2011-06-30",
    "sales" : 270.07,
    "salesGrowthYoY" : 24.31,
    "grossProfitMargin" : 27.43,
    "grossProfit" : 74.08,
    "operatingProfitMargin" : 10.45,
    "operatingProfit" : 28.22,
    "netProfitMargin" : 3.41,
    "netProfit" : 9.21
  }, {
    "date" : "2011-09-30",
    "sales" : 271.27,
    "salesGrowthYoY" : 7.95,
    "grossProfitMargin" : 28.46,
    "grossProfit" : 77.20,
    "operatingProfitMargin" : 9.72,
    "operatingProfit" : 26.37,
    "netProfitMargin" : 2.49,
    "netProfit" : 6.75
  }, {
    "date" : "2011-12-31",
    "sales" : 251.32,
    "salesGrowthYoY" : -8.16,
    "grossProfitMargin" : 27.95,
    "grossProfit" : 70.24,
    "operatingProfitMargin" : 9.63,
    "operatingProfit" : 24.20,
    "netProfitMargin" : 2.80,
    "netProfit" : 7.04
  }, {
    "date" : "2012-03-31",
    "sales" : 347.86,
    "salesGrowthYoY" : 18.98,
    "grossProfitMargin" : 26.59,
    "grossProfit" : 92.50,
    "operatingProfitMargin" : 11.65,
    "operatingProfit" : 40.53,
    "netProfitMargin" : 4.55,
    "netProfit" : 15.83
  }, {
    "date" : "2012-06-30",
    "sales" : 290.66,
    "salesGrowthYoY" : 7.62,
    "grossProfitMargin" : 28.30,
    "grossProfit" : 82.26,
    "operatingProfitMargin" : 9.62,
    "operatingProfit" : 27.96,
    "netProfitMargin" : 2.56,
    "netProfit" : 7.44
  }, {
    "date" : "2012-09-30",
    "sales" : 248.38,
    "salesGrowthYoY" : -8.44,
    "grossProfitMargin" : 29.62,
    "grossProfit" : 73.57,
    "operatingProfitMargin" : 9.47,
    "operatingProfit" : 23.52,
    "netProfitMargin" : 1.91,
    "netProfit" : 4.74
  }, {
    "date" : "2012-12-31",
    "sales" : 275.37,
    "salesGrowthYoY" : 9.57,
    "grossProfitMargin" : 29.63,
    "grossProfit" : 81.59,
    "operatingProfitMargin" : 10.71,
    "operatingProfit" : 29.49,
    "netProfitMargin" : 2.47,
    "netProfit" : 6.80
  }, {
    "date" : "2013-03-31",
    "sales" : 304.16,
    "salesGrowthYoY" : -12.56,
    "grossProfitMargin" : 32.11,
    "grossProfit" : 97.67,
    "operatingProfitMargin" : 12.17,
    "operatingProfit" : 37.02,
    "netProfitMargin" : 3.82,
    "netProfit" : 11.62
  }, {
    "date" : "2013-06-30",
    "sales" : 231.26,
    "salesGrowthYoY" : -20.44,
    "grossProfitMargin" : 31.09,
    "grossProfit" : 71.90,
    "operatingProfitMargin" : 5.85,
    "operatingProfit" : 13.53,
    "netProfitMargin" : -1.51,
    "netProfit" : -3.49
  }, {
    "date" : "2013-09-30",
    "sales" : 262.03,
    "salesGrowthYoY" : 5.50,
    "grossProfitMargin" : 31.30,
    "grossProfit" : 82.02,
    "operatingProfitMargin" : 11.33,
    "operatingProfit" : 29.69,
    "netProfitMargin" : 2.92,
    "netProfit" : 7.65
  }, {
    "date" : "2013-12-31",
    "sales" : 264.42,
    "salesGrowthYoY" : -3.98,
    "grossProfitMargin" : 29.34,
    "grossProfit" : 77.58,
    "operatingProfitMargin" : 9.48,
    "operatingProfit" : 25.07,
    "netProfitMargin" : 2.33,
    "netProfit" : 6.16
  }, {
    "date" : "2014-03-31",
    "sales" : 285.30,
    "salesGrowthYoY" : -6.20,
    "grossProfitMargin" : 31.64,
    "grossProfit" : 90.27,
    "operatingProfitMargin" : 10.76,
    "operatingProfit" : 30.70,
    "netProfitMargin" : 3.71,
    "netProfit" : 10.58
  }, {
    "date" : "2014-06-30",
    "sales" : 259.74,
    "salesGrowthYoY" : 12.32,
    "grossProfitMargin" : 32.34,
    "grossProfit" : 84.00,
    "operatingProfitMargin" : 11.02,
    "operatingProfit" : 28.62,
    "netProfitMargin" : 0.39,
    "netProfit" : 1.01
  }, {
    "date" : "2014-09-30",
    "sales" : 271.03,
    "salesGrowthYoY" : 3.43,
    "grossProfitMargin" : 32.82,
    "grossProfit" : 88.95,
    "operatingProfitMargin" : 10.80,
    "operatingProfit" : 29.27,
    "netProfitMargin" : 1.12,
    "netProfit" : 3.04
  }, {
    "date" : "2014-12-31",
    "sales" : 256.15,
    "salesGrowthYoY" : -3.13,
    "grossProfitMargin" : 34.31,
    "grossProfit" : 87.89,
    "operatingProfitMargin" : 11.03,
    "operatingProfit" : 28.25,
    "netProfitMargin" : 1.18,
    "netProfit" : 3.02
  }, {
    "date" : "2015-03-31",
    "sales" : 291.72,
    "salesGrowthYoY" : 2.25,
    "grossProfitMargin" : 33.86,
    "grossProfit" : 98.78,
    "operatingProfitMargin" : 12.47,
    "operatingProfit" : 36.38,
    "netProfitMargin" : 3.73,
    "netProfit" : 10.88
  }, {
    "date" : "2015-06-30",
    "sales" : 260.11,
    "salesGrowthYoY" : 0.14,
    "grossProfitMargin" : 33.32,
    "grossProfit" : 86.67,
    "operatingProfitMargin" : 9.97,
    "operatingProfit" : 25.93,
    "netProfitMargin" : 0.67,
    "netProfit" : 1.74
  }, {
    "date" : "2015-09-30",
    "sales" : 271.79,
    "salesGrowthYoY" : 0.28,
    "grossProfitMargin" : 33.80,
    "grossProfit" : 91.87,
    "operatingProfitMargin" : 10.52,
    "operatingProfit" : 28.59,
    "netProfitMargin" : 1.92,
    "netProfit" : 5.22
  }, {
    "date" : "2015-12-31",
    "sales" : 253.65,
    "salesGrowthYoY" : -0.98,
    "grossProfitMargin" : 33.06,
    "grossProfit" : 83.86,
    "operatingProfitMargin" : 9.98,
    "operatingProfit" : 25.31,
    "netProfitMargin" : 0.65,
    "netProfit" : 1.65
  }, {
    "date" : "2016-03-31",
    "sales" : 291.84,
    "salesGrowthYoY" : 0.04,
    "grossProfitMargin" : 34.67,
    "grossProfit" : 101.18,
    "operatingProfitMargin" : 12.52,
    "operatingProfit" : 36.54,
    "netProfitMargin" : 2.93,
    "netProfit" : 8.55
  }, {
    "date" : "2016-06-30",
    "sales" : 261.94,
    "salesGrowthYoY" : 0.70,
    "grossProfitMargin" : 34.31,
    "grossProfit" : 89.87,
    "operatingProfitMargin" : 10.28,
    "operatingProfit" : 26.93,
    "netProfitMargin" : 0.77,
    "netProfit" : 2.02
  }, {
    "date" : "2016-09-30",
    "sales" : 285.48,
    "salesGrowthYoY" : 5.04,
    "grossProfitMargin" : 32.82,
    "grossProfit" : 93.69,
    "operatingProfitMargin" : 11.18,
    "operatingProfit" : 31.92,
    "netProfitMargin" : 2.77,
    "netProfit" : 7.91
  }, {
    "date" : "2016-12-31",
    "sales" : 286.80,
    "salesGrowthYoY" : 13.07,
    "grossProfitMargin" : 34.80,
    "grossProfit" : 99.81,
    "operatingProfitMargin" : 11.37,
    "operatingProfit" : 32.61,
    "netProfitMargin" : 1.82,
    "netProfit" : 5.22
  }, {
    "date" : "2017-03-31",
    "sales" : 328.10,
    "salesGrowthYoY" : 12.42,
    "grossProfitMargin" : 32.80,
    "grossProfit" : 107.62,
    "operatingProfitMargin" : 11.10,
    "operatingProfit" : 36.42,
    "netProfitMargin" : 2.79,
    "netProfit" : 9.15
  }, {
    "date" : "2017-06-30",
    "sales" : 293.18,
    "salesGrowthYoY" : 11.93,
    "grossProfitMargin" : 33.80,
    "grossProfit" : 99.09,
    "operatingProfitMargin" : 11.09,
    "operatingProfit" : 32.51,
    "netProfitMargin" : 1.92,
    "netProfit" : 5.63
  }, {
    "date" : "2017-09-30",
    "sales" : 302.78,
    "salesGrowthYoY" : 6.06,
    "grossProfitMargin" : 33.22,
    "grossProfit" : 100.58,
    "operatingProfitMargin" : 11.30,
    "operatingProfit" : 34.21,
    "netProfitMargin" : 2.31,
    "netProfit" : 6.99
  }, {
    "date" : "2017-12-31",
    "sales" : 292.80,
    "salesGrowthYoY" : 2.09,
    "grossProfitMargin" : 33.38,
    "grossProfit" : 97.74,
    "operatingProfitMargin" : 10.70,
    "operatingProfit" : 31.33,
    "netProfitMargin" : 1.99,
    "netProfit" : 5.83
  }, {
    "date" : "2018-03-31",
    "sales" : 426.13,
    "salesGrowthYoY" : 29.88,
    "grossProfitMargin" : 34.17,
    "grossProfit" : 145.61,
    "operatingProfitMargin" : 14.39,
    "operatingProfit" : 61.32,
    "netProfitMargin" : 5.47,
    "netProfit" : 23.31
  }, {
    "date" : "2018-06-30",
    "sales" : 421.94,
    "salesGrowthYoY" : 43.92,
    "grossProfitMargin" : 31.50,
    "grossProfit" : 132.91,
    "operatingProfitMargin" : 10.53,
    "operatingProfit" : 44.43,
    "netProfitMargin" : 3.04,
    "netProfit" : 12.83
  }, {
    "date" : "2018-09-30",
    "sales" : 468.54,
    "salesGrowthYoY" : 54.75,
    "grossProfitMargin" : 31.34,
    "grossProfit" : 146.84,
    "operatingProfitMargin" : 10.98,
    "operatingProfit" : 51.45,
    "netProfitMargin" : 4.14,
    "netProfit" : 19.40
  }, {
    "date" : "2018-12-31",
    "sales" : 401.58,
    "salesGrowthYoY" : 37.15,
    "grossProfitMargin" : 31.46,
    "grossProfit" : 126.34,
    "operatingProfitMargin" : 10.43,
    "operatingProfit" : 41.88,
    "netProfitMargin" : 3.04,
    "netProfit" : 12.21
  }, {
    "date" : "2019-03-31",
    "sales" : 481.04,
    "salesGrowthYoY" : 12.89,
    "grossProfitMargin" : 31.73,
    "grossProfit" : 152.63,
    "operatingProfitMargin" : 13.12,
    "operatingProfit" : 63.11,
    "netProfitMargin" : 5.01,
    "netProfit" : 24.10
  }, {
    "date" : "2019-06-30",
    "sales" : 395.33,
    "salesGrowthYoY" : -6.31,
    "grossProfitMargin" : 29.60,
    "grossProfit" : 117.02,
    "operatingProfitMargin" : 7.57,
    "operatingProfit" : 29.93,
    "netProfitMargin" : 1.75,
    "netProfit" : 6.92
  }, {
    "date" : "2019-09-30",
    "sales" : 396.67,
    "salesGrowthYoY" : -15.34,
    "grossProfitMargin" : 29.61,
    "grossProfit" : 117.45,
    "operatingProfitMargin" : 9.26,
    "operatingProfit" : 36.73,
    "netProfitMargin" : 2.27,
    "netProfit" : 9.00
  }, {
    "date" : "2019-12-31",
    "sales" : 368.17,
    "salesGrowthYoY" : -8.32,
    "grossProfitMargin" : 30.05,
    "grossProfit" : 110.64,
    "operatingProfitMargin" : 7.24,
    "operatingProfit" : 26.66,
    "netProfitMargin" : 1.25,
    "netProfit" : 4.60
  }, {
    "date" : "2020-03-31",
    "sales" : 370.73,
    "salesGrowthYoY" : -22.93,
    "grossProfitMargin" : 29.93,
    "grossProfit" : 110.96,
    "operatingProfitMargin" : 7.50,
    "operatingProfit" : 27.80,
    "netProfitMargin" : 1.87,
    "netProfit" : 6.93
  }, {
    "date" : "2020-06-30",
    "sales" : 76.77,
    "salesGrowthYoY" : -80.58,
    "grossProfitMargin" : 31.74,
    "grossProfit" : 24.37,
    "operatingProfitMargin" : -37.35,
    "operatingProfit" : -28.67,
    "netProfitMargin" : -46.92,
    "netProfit" : -36.02
  }, {
    "date" : "2020-09-30",
    "sales" : 359.60,
    "salesGrowthYoY" : -9.35,
    "grossProfitMargin" : 29.25,
    "grossProfit" : 105.18,
    "operatingProfitMargin" : 8.43,
    "operatingProfit" : 30.31,
    "netProfitMargin" : 2.05,
    "netProfit" : 7.37
  }, {
    "date" : "2020-12-31",
    "sales" : 437.00,
    "salesGrowthYoY" : 18.70,
    "grossProfitMargin" : 27.89,
    "grossProfit" : 121.88,
    "operatingProfitMargin" : 9.10,
    "operatingProfit" : 39.77,
    "netProfitMargin" : 3.92,
    "netProfit" : 17.13
  }, {
    "date" : "2021-03-31",
    "sales" : 476.82,
    "salesGrowthYoY" : 28.62,
    "grossProfitMargin" : 27.78,
    "grossProfit" : 132.46,
    "operatingProfitMargin" : 10.72,
    "operatingProfit" : 51.12,
    "netProfitMargin" : 5.00,
    "netProfit" : 23.84
  }, {
    "date" : "2021-06-30",
    "sales" : 324.77,
    "salesGrowthYoY" : 323.04,
    "grossProfitMargin" : 28.72,
    "grossProfit" : 93.27,
    "operatingProfitMargin" : 4.88,
    "operatingProfit" : 15.85,
    "netProfitMargin" : -0.26,
    "netProfit" : -0.84
  }, {
    "date" : "2021-09-30",
    "sales" : 390.73,
    "salesGrowthYoY" : 8.66,
    "grossProfitMargin" : 27.85,
    "grossProfit" : 108.82,
    "operatingProfitMargin" : 6.65,
    "operatingProfit" : 25.98,
    "netProfitMargin" : 2.27,
    "netProfit" : 8.87
  }, {
    "date" : "2021-12-31",
    "sales" : 418.20,
    "salesGrowthYoY" : -4.30,
    "grossProfitMargin" : 28.21,
    "grossProfit" : 117.97,
    "operatingProfitMargin" : 7.70,
    "operatingProfit" : 32.20,
    "netProfitMargin" : 3.12,
    "netProfit" : 13.05
  }, {
    "date" : "2022-03-31",
    "sales" : 476.79,
    "salesGrowthYoY" : -0.01,
    "grossProfitMargin" : 26.01,
    "grossProfit" : 124.01,
    "operatingProfitMargin" : 7.80,
    "operatingProfit" : 37.19,
    "netProfitMargin" : 3.36,
    "netProfit" : 16.02
  }, {
    "date" : "2022-06-30",
    "sales" : 479.00,
    "salesGrowthYoY" : 47.49,
    "grossProfitMargin" : 26.92,
    "grossProfit" : 128.95,
    "operatingProfitMargin" : 7.31,
    "operatingProfit" : 35.01,
    "netProfitMargin" : 3.11,
    "netProfit" : 14.90
  }, {
    "date" : "2022-09-30",
    "sales" : 579.68,
    "salesGrowthYoY" : 48.36,
    "grossProfitMargin" : 25.78,
    "grossProfit" : 149.44,
    "operatingProfitMargin" : 8.68,
    "operatingProfit" : 50.32,
    "netProfitMargin" : 5.13,
    "netProfit" : 29.74
  }, {
    "date" : "2022-12-31",
    "sales" : 471.03,
    "salesGrowthYoY" : 12.63,
    "grossProfitMargin" : 28.90,
    "grossProfit" : 136.13,
    "operatingProfitMargin" : 8.14,
    "operatingProfit" : 38.34,
    "netProfitMargin" : 3.25,
    "netProfit" : 15.31
  }, {
    "date" : "2023-03-31",
    "sales" : 530.18,
    "salesGrowthYoY" : 11.20,
    "grossProfitMargin" : 29.89,
    "grossProfit" : 158.47,
    "operatingProfitMargin" : 9.51,
    "operatingProfit" : 50.42,
    "netProfitMargin" : 4.94,
    "netProfit" : 26.19
  }, {
    "date" : "2023-06-30",
    "sales" : 477.52,
    "salesGrowthYoY" : -0.31,
    "grossProfitMargin" : 28.47,
    "grossProfit" : 135.95,
    "operatingProfitMargin" : 7.18,
    "operatingProfit" : 34.29,
    "netProfitMargin" : 2.75,
    "netProfit" : 13.13
  }, {
    "date" : "2023-09-30",
    "sales" : 583.88,
    "salesGrowthYoY" : 0.72,
    "grossProfitMargin" : 28.76,
    "grossProfit" : 167.92,
    "operatingProfitMargin" : 10.31,
    "operatingProfit" : 60.20,
    "netProfitMargin" : 5.17,
    "netProfit" : 30.19
  }, {
    "date" : "2023-12-31",
    "sales" : 552.00,
    "salesGrowthYoY" : 17.19,
    "grossProfitMargin" : 28.74,
    "grossProfit" : 158.64,
    "operatingProfitMargin" : 9.24,
    "operatingProfit" : 51.00,
    "netProfitMargin" : 4.30,
    "netProfit" : 23.74
  }, {
    "date" : "2024-03-31",
    "sales" : 632.08,
    "salesGrowthYoY" : 19.22,
    "grossProfitMargin" : 29.50,
    "grossProfit" : 186.46,
    "operatingProfitMargin" : 11.03,
    "operatingProfit" : 69.72,
    "netProfitMargin" : 5.43,
    "netProfit" : 34.32
  }, {
    "date" : "2024-06-30",
    "sales" : 552.91,
    "salesGrowthYoY" : 15.79,
    "grossProfitMargin" : 27.31,
    "grossProfit" : 151.00,
    "operatingProfitMargin" : 6.76,
    "operatingProfit" : 37.38,
    "netProfitMargin" : 2.69,
    "netProfit" : 14.87
  }, {
    "date" : "2024-09-30",
    "sales" : 605.31,
    "salesGrowthYoY" : 3.67,
    "grossProfitMargin" : 28.25,
    "grossProfit" : 171.00,
    "operatingProfitMargin" : 7.81,
    "operatingProfit" : 47.27,
    "netProfitMargin" : 3.13,
    "netProfit" : 18.95
  }, {
    "date" : "2024-12-31",
    "sales" : 591.93,
    "salesGrowthYoY" : 7.23,
    "grossProfitMargin" : 26.63,
    "grossProfit" : 157.63,
    "operatingProfitMargin" : 7.36,
    "operatingProfit" : 43.57,
    "netProfitMargin" : 2.75,
    "netProfit" : 16.28
  }, {
    "date" : "2025-03-31",
    "sales" : 649.19,
    "salesGrowthYoY" : 2.71,
    "grossProfitMargin" : 27.62,
    "grossProfit" : 179.31,
    "operatingProfitMargin" : 8.72,
    "operatingProfit" : 56.61,
    "netProfitMargin" : 3.80,
    "netProfit" : 24.67
  }, {
    "date" : "2025-06-30",
    "sales" : 566.02,
    "salesGrowthYoY" : 2.37,
    "grossProfitMargin" : 27.03,
    "grossProfit" : 153.00,
    "operatingProfitMargin" : 5.45,
    "operatingProfit" : 30.85,
    "netProfitMargin" : 1.91,
    "netProfit" : 10.81
  }, {
    "date" : "2025-09-30",
    "sales" : 639.11,
    "salesGrowthYoY" : 5.58,
    "grossProfitMargin" : 27.58,
    "grossProfit" : 176.27,
    "operatingProfitMargin" : 7.24,
    "operatingProfit" : 46.27,
    "netProfitMargin" : 2.85,
    "netProfit" : 18.21
  }, {
    "date" : "2025-12-31",
    "sales" : 680.12,
    "salesGrowthYoY" : 14.90,
    "grossProfitMargin" : 27.50,
    "grossProfit" : 187.03,
    "operatingProfitMargin" : 7.68,
    "operatingProfit" : 52.23,
    "netProfitMargin" : 3.38,
    "netProfit" : 22.99
  } ],
  "latestQuarterlyResult" : {
    "date" : "2025-12-31",
    "sales" : 680.12,
    "salesGrowthYoY" : 14.90,
    "grossProfitMargin" : 27.50,
    "grossProfit" : 187.03,
    "operatingProfitMargin" : 7.68,
    "operatingProfit" : 52.23,
    "netProfitMargin" : 3.38,
    "netProfit" : 22.99
  },
  "companyScore" : {
    "priceHigherThanDma50" : 0.00,
    "priceHigherThanDma100" : 0.00,
    "priceHigherThanDma200" : 0.00,
    "dma50HigherThanDma100" : 0.00,
    "dma50HigherThanDma200" : 0.00,
    "dma100HigherThanDma200" : 5.00,
    "pricePercentageAboveDma50" : 5.24,
    "pricePercentageAboveDma100" : 5.41,
    "pricePercentageAboveDma200" : 5.34,
    "weeklyVolumeHigherThanYearlyVolume" : 0.00,
    "salesGrowthPercentile" : 13.50,
    "operatingProfitMarginPercentile" : 17.41,
    "netProfitMarginPercentile" : 9.39,
    "totalTechnicalScore" : 20.99,
    "totalFundamentalScore" : 40.30,
    "totalScore" : 61.29
  }
}