{
  "metadata" : {
    "screenerCompanyId" : "1658",
    "companyCode" : "JUBLFOOD",
    "companyName" : "Jubilant Food.",
    "screenerCompanyLink" : "https://www.screener.in/company/JUBLFOOD/consolidated/",
    "screenerTechnicalHistoryLink" : "https://www.screener.in/api/company/1658/chart/?q=Price-DMA50-DMA200-Volume&days=365",
    "screenerQuarterlyResultsLink" : "https://www.screener.in/api/company/1658/chart/?q=GPM-OPM-NPM-Quarter+Sales&days=10000",
    "attributes" : {
      "companyCode" : "JUBLFOOD",
      "companyName" : "Jubilant Food.",
      "marketCap" : 39452.00,
      "peRatio" : 132.00,
      "description" : "Jubilant FoodWorks Limited (JFL/Company) is part of the Jubilant Bhartia Group and is one of the India’s largest food service Company. The Company holds the master franchise rights for two international brands, Domino’s Pizza and Dunkin' Donuts addressing two different food market segments and now has Popeyes in its food segment. The Company also launched its first homegrown brand – Hong’s Kitchen in Chinese cuisine segment. [1]"
    },
    "companyScore" : {
      "priceHigherThanDma50" : 0.00,
      "priceHigherThanDma100" : 0.00,
      "priceHigherThanDma200" : 0.00,
      "dma50HigherThanDma100" : 0.00,
      "dma50HigherThanDma200" : 0.00,
      "dma100HigherThanDma200" : 0.00,
      "pricePercentageAboveDma50" : 5.03,
      "pricePercentageAboveDma100" : 5.17,
      "pricePercentageAboveDma200" : 5.26,
      "weeklyVolumeHigherThanYearlyVolume" : 0.00,
      "salesGrowthPercentile" : 8.79,
      "operatingProfitMarginPercentile" : 14.86,
      "netProfitMarginPercentile" : 7.39,
      "totalTechnicalScore" : 15.45,
      "totalFundamentalScore" : 31.04,
      "totalScore" : 46.49
    }
  },
  "attributes" : {
    "companyCode" : "JUBLFOOD",
    "companyName" : "Jubilant Food.",
    "marketCap" : 39452.00,
    "peRatio" : 132.00,
    "description" : "Jubilant FoodWorks Limited (JFL/Company) is part of the Jubilant Bhartia Group and is one of the India’s largest food service Company. The Company holds the master franchise rights for two international brands, Domino’s Pizza and Dunkin' Donuts addressing two different food market segments and now has Popeyes in its food segment. The Company also launched its first homegrown brand – Hong’s Kitchen in Chinese cuisine segment. [1]"
  },
  "technicalHistory" : [ {
    "date" : "2024-12-11",
    "price" : 707.80,
    "dma50" : 637.76,
    "dma100" : null,
    "dma200" : 587.87,
    "volume" : 1935705.00
  }, {
    "date" : "2024-12-12",
    "price" : 672.10,
    "dma50" : 639.10,
    "dma100" : null,
    "dma200" : 588.71,
    "volume" : 3474129.00
  }, {
    "date" : "2024-12-13",
    "price" : 681.30,
    "dma50" : 640.76,
    "dma100" : null,
    "dma200" : 589.63,
    "volume" : 3274282.00
  }, {
    "date" : "2024-12-16",
    "price" : 686.55,
    "dma50" : 642.55,
    "dma100" : null,
    "dma200" : 590.59,
    "volume" : 871585.00
  }, {
    "date" : "2024-12-17",
    "price" : 682.90,
    "dma50" : 644.14,
    "dma100" : null,
    "dma200" : 591.51,
    "volume" : 2010538.00
  }, {
    "date" : "2024-12-18",
    "price" : 675.80,
    "dma50" : 645.38,
    "dma100" : null,
    "dma200" : 592.35,
    "volume" : 649290.00
  }, {
    "date" : "2024-12-19",
    "price" : 679.35,
    "dma50" : 646.71,
    "dma100" : null,
    "dma200" : 593.22,
    "volume" : 1100106.00
  }, {
    "date" : "2024-12-20",
    "price" : 672.70,
    "dma50" : 647.73,
    "dma100" : null,
    "dma200" : 594.01,
    "volume" : 928744.00
  }, {
    "date" : "2024-12-23",
    "price" : 691.65,
    "dma50" : 649.45,
    "dma100" : null,
    "dma200" : 594.98,
    "volume" : 2008919.00
  }, {
    "date" : "2024-12-24",
    "price" : 704.15,
    "dma50" : 651.60,
    "dma100" : null,
    "dma200" : 596.07,
    "volume" : 1491032.00
  }, {
    "date" : "2024-12-26",
    "price" : 703.90,
    "dma50" : 653.65,
    "dma100" : null,
    "dma200" : 597.14,
    "volume" : 1668922.00
  }, {
    "date" : "2024-12-27",
    "price" : 708.10,
    "dma50" : 655.78,
    "dma100" : null,
    "dma200" : 598.24,
    "volume" : 5522600.00
  }, {
    "date" : "2024-12-30",
    "price" : 718.75,
    "dma50" : 658.25,
    "dma100" : null,
    "dma200" : 599.44,
    "volume" : 2440023.00
  }, {
    "date" : "2024-12-31",
    "price" : 718.10,
    "dma50" : 660.60,
    "dma100" : null,
    "dma200" : 600.62,
    "volume" : 1743735.00
  }, {
    "date" : "2025-01-01",
    "price" : 739.20,
    "dma50" : 663.68,
    "dma100" : null,
    "dma200" : 602.00,
    "volume" : 2815788.00
  }, {
    "date" : "2025-01-02",
    "price" : 756.15,
    "dma50" : 667.31,
    "dma100" : null,
    "dma200" : 603.54,
    "volume" : 2692384.00
  }, {
    "date" : "2025-01-03",
    "price" : 759.10,
    "dma50" : 670.91,
    "dma100" : null,
    "dma200" : 605.08,
    "volume" : 3106767.00
  }, {
    "date" : "2025-01-06",
    "price" : 766.60,
    "dma50" : 674.66,
    "dma100" : null,
    "dma200" : 606.69,
    "volume" : 9276912.00
  }, {
    "date" : "2025-01-07",
    "price" : 759.25,
    "dma50" : 677.98,
    "dma100" : null,
    "dma200" : 608.21,
    "volume" : 2360155.00
  }, {
    "date" : "2025-01-08",
    "price" : 750.40,
    "dma50" : 680.82,
    "dma100" : null,
    "dma200" : 609.62,
    "volume" : 1598482.00
  }, {
    "date" : "2025-01-09",
    "price" : 745.60,
    "dma50" : 683.36,
    "dma100" : null,
    "dma200" : 610.98,
    "volume" : 733622.00
  }, {
    "date" : "2025-01-10",
    "price" : 737.00,
    "dma50" : 685.46,
    "dma100" : null,
    "dma200" : 612.23,
    "volume" : 1673360.00
  }, {
    "date" : "2025-01-13",
    "price" : 706.60,
    "dma50" : 686.29,
    "dma100" : null,
    "dma200" : 613.17,
    "volume" : 1819848.00
  }, {
    "date" : "2025-01-14",
    "price" : 708.90,
    "dma50" : 687.18,
    "dma100" : null,
    "dma200" : 614.12,
    "volume" : 1893959.00
  }, {
    "date" : "2025-01-15",
    "price" : 700.00,
    "dma50" : 687.68,
    "dma100" : null,
    "dma200" : 614.98,
    "volume" : 2843862.00
  }, {
    "date" : "2025-01-16",
    "price" : 689.60,
    "dma50" : 687.76,
    "dma100" : null,
    "dma200" : 615.72,
    "volume" : 1629708.00
  }, {
    "date" : "2025-01-17",
    "price" : 692.70,
    "dma50" : 687.95,
    "dma100" : null,
    "dma200" : 616.48,
    "volume" : 1909834.00
  }, {
    "date" : "2025-01-20",
    "price" : 694.55,
    "dma50" : 688.21,
    "dma100" : null,
    "dma200" : 617.26,
    "volume" : 2613466.00
  }, {
    "date" : "2025-01-21",
    "price" : 673.40,
    "dma50" : 687.63,
    "dma100" : null,
    "dma200" : 617.82,
    "volume" : 1682140.00
  }, {
    "date" : "2025-01-22",
    "price" : 664.65,
    "dma50" : 686.73,
    "dma100" : null,
    "dma200" : 618.29,
    "volume" : 1508114.00
  }, {
    "date" : "2025-01-23",
    "price" : 687.70,
    "dma50" : 686.76,
    "dma100" : null,
    "dma200" : 618.98,
    "volume" : 1458631.00
  }, {
    "date" : "2025-01-24",
    "price" : 671.00,
    "dma50" : 686.15,
    "dma100" : null,
    "dma200" : 619.49,
    "volume" : 631839.00
  }, {
    "date" : "2025-01-27",
    "price" : 638.65,
    "dma50" : 684.28,
    "dma100" : null,
    "dma200" : 619.69,
    "volume" : 1808491.00
  }, {
    "date" : "2025-01-28",
    "price" : 666.25,
    "dma50" : 683.58,
    "dma100" : null,
    "dma200" : 620.15,
    "volume" : 1564734.00
  }, {
    "date" : "2025-01-29",
    "price" : 688.30,
    "dma50" : 683.76,
    "dma100" : null,
    "dma200" : 620.83,
    "volume" : 1804629.00
  }, {
    "date" : "2025-01-30",
    "price" : 688.95,
    "dma50" : 683.97,
    "dma100" : null,
    "dma200" : 621.50,
    "volume" : 1126396.00
  }, {
    "date" : "2025-01-31",
    "price" : 703.90,
    "dma50" : 684.75,
    "dma100" : null,
    "dma200" : 622.32,
    "volume" : 1369711.00
  }, {
    "date" : "2025-02-01",
    "price" : 739.80,
    "dma50" : 686.91,
    "dma100" : null,
    "dma200" : 623.49,
    "volume" : 3933513.00
  }, {
    "date" : "2025-02-03",
    "price" : 729.40,
    "dma50" : 688.57,
    "dma100" : null,
    "dma200" : 624.55,
    "volume" : 3736398.00
  }, {
    "date" : "2025-02-04",
    "price" : 724.30,
    "dma50" : 689.97,
    "dma100" : null,
    "dma200" : 625.54,
    "volume" : 1673949.00
  }, {
    "date" : "2025-02-05",
    "price" : 725.05,
    "dma50" : 691.35,
    "dma100" : null,
    "dma200" : 626.53,
    "volume" : 1475927.00
  }, {
    "date" : "2025-02-06",
    "price" : 694.05,
    "dma50" : 691.45,
    "dma100" : null,
    "dma200" : 627.20,
    "volume" : 1147623.00
  }, {
    "date" : "2025-02-07",
    "price" : 688.40,
    "dma50" : 691.34,
    "dma100" : null,
    "dma200" : 627.81,
    "volume" : 1298911.00
  }, {
    "date" : "2025-02-10",
    "price" : 677.80,
    "dma50" : 690.80,
    "dma100" : null,
    "dma200" : 628.31,
    "volume" : 662937.00
  }, {
    "date" : "2025-02-11",
    "price" : 661.30,
    "dma50" : 689.65,
    "dma100" : null,
    "dma200" : 628.64,
    "volume" : 1268794.00
  }, {
    "date" : "2025-02-12",
    "price" : 641.00,
    "dma50" : 687.74,
    "dma100" : null,
    "dma200" : 628.76,
    "volume" : 1935119.00
  }, {
    "date" : "2025-02-13",
    "price" : 662.10,
    "dma50" : 686.73,
    "dma100" : null,
    "dma200" : 629.09,
    "volume" : 7934581.00
  }, {
    "date" : "2025-02-14",
    "price" : 669.30,
    "dma50" : 686.05,
    "dma100" : null,
    "dma200" : 629.49,
    "volume" : 4106833.00
  }, {
    "date" : "2025-02-17",
    "price" : 681.65,
    "dma50" : 685.88,
    "dma100" : null,
    "dma200" : 630.01,
    "volume" : 2187992.00
  }, {
    "date" : "2025-02-18",
    "price" : 693.05,
    "dma50" : 686.16,
    "dma100" : null,
    "dma200" : 630.64,
    "volume" : 2329797.00
  }, {
    "date" : "2025-02-19",
    "price" : 709.45,
    "dma50" : 687.07,
    "dma100" : null,
    "dma200" : 631.42,
    "volume" : 2081370.00
  }, {
    "date" : "2025-02-20",
    "price" : 713.40,
    "dma50" : 688.10,
    "dma100" : null,
    "dma200" : 632.24,
    "volume" : 1777561.00
  }, {
    "date" : "2025-02-21",
    "price" : 692.35,
    "dma50" : 688.27,
    "dma100" : null,
    "dma200" : 632.84,
    "volume" : 1377420.00
  }, {
    "date" : "2025-02-24",
    "price" : 674.75,
    "dma50" : 687.74,
    "dma100" : null,
    "dma200" : 633.25,
    "volume" : 3162316.00
  }, {
    "date" : "2025-02-25",
    "price" : 680.95,
    "dma50" : 687.47,
    "dma100" : null,
    "dma200" : 633.73,
    "volume" : 1922764.00
  }, {
    "date" : "2025-02-27",
    "price" : 670.90,
    "dma50" : 686.82,
    "dma100" : null,
    "dma200" : 634.10,
    "volume" : 2888975.00
  }, {
    "date" : "2025-02-28",
    "price" : 626.10,
    "dma50" : 684.44,
    "dma100" : null,
    "dma200" : 634.02,
    "volume" : 4570493.00
  }, {
    "date" : "2025-03-03",
    "price" : 633.35,
    "dma50" : 682.44,
    "dma100" : null,
    "dma200" : 634.01,
    "volume" : 3256399.00
  }, {
    "date" : "2025-03-04",
    "price" : 610.25,
    "dma50" : 679.61,
    "dma100" : null,
    "dma200" : 633.77,
    "volume" : 1722782.00
  }, {
    "date" : "2025-03-05",
    "price" : 621.35,
    "dma50" : 677.32,
    "dma100" : null,
    "dma200" : 633.65,
    "volume" : 2203401.00
  }, {
    "date" : "2025-03-06",
    "price" : 609.45,
    "dma50" : 674.66,
    "dma100" : null,
    "dma200" : 633.41,
    "volume" : 3067478.00
  }, {
    "date" : "2025-03-07",
    "price" : 602.80,
    "dma50" : 671.84,
    "dma100" : null,
    "dma200" : 633.11,
    "volume" : 2580625.00
  }, {
    "date" : "2025-03-10",
    "price" : 601.30,
    "dma50" : 669.08,
    "dma100" : null,
    "dma200" : 632.79,
    "volume" : 1747244.00
  }, {
    "date" : "2025-03-11",
    "price" : 613.00,
    "dma50" : 666.88,
    "dma100" : null,
    "dma200" : 632.59,
    "volume" : 1665969.00
  }, {
    "date" : "2025-03-12",
    "price" : 602.95,
    "dma50" : 664.37,
    "dma100" : null,
    "dma200" : 632.30,
    "volume" : 1050894.00
  }, {
    "date" : "2025-03-13",
    "price" : 596.35,
    "dma50" : 661.70,
    "dma100" : null,
    "dma200" : 631.94,
    "volume" : 992333.00
  }, {
    "date" : "2025-03-17",
    "price" : 618.65,
    "dma50" : 660.02,
    "dma100" : null,
    "dma200" : 631.81,
    "volume" : 1980498.00
  }, {
    "date" : "2025-03-18",
    "price" : 627.90,
    "dma50" : 658.76,
    "dma100" : null,
    "dma200" : 631.77,
    "volume" : 2050991.00
  }, {
    "date" : "2025-03-19",
    "price" : 637.40,
    "dma50" : 657.92,
    "dma100" : null,
    "dma200" : 631.82,
    "volume" : 2678539.00
  }, {
    "date" : "2025-03-20",
    "price" : 627.60,
    "dma50" : 656.73,
    "dma100" : null,
    "dma200" : 631.78,
    "volume" : 3381755.00
  }, {
    "date" : "2025-03-21",
    "price" : 629.05,
    "dma50" : 655.64,
    "dma100" : null,
    "dma200" : 631.76,
    "volume" : 1330213.00
  }, {
    "date" : "2025-03-24",
    "price" : 658.10,
    "dma50" : 655.74,
    "dma100" : null,
    "dma200" : 632.02,
    "volume" : 3037930.00
  }, {
    "date" : "2025-03-25",
    "price" : 668.25,
    "dma50" : 656.23,
    "dma100" : null,
    "dma200" : 632.38,
    "volume" : 3137353.00
  }, {
    "date" : "2025-03-26",
    "price" : 660.85,
    "dma50" : 656.41,
    "dma100" : null,
    "dma200" : 632.66,
    "volume" : 2167427.00
  }, {
    "date" : "2025-03-27",
    "price" : 674.60,
    "dma50" : 657.13,
    "dma100" : null,
    "dma200" : 633.08,
    "volume" : 2926101.00
  }, {
    "date" : "2025-03-28",
    "price" : 664.35,
    "dma50" : 657.41,
    "dma100" : null,
    "dma200" : 633.39,
    "volume" : 2125904.00
  }, {
    "date" : "2025-04-01",
    "price" : 660.85,
    "dma50" : 657.54,
    "dma100" : null,
    "dma200" : 633.66,
    "volume" : 1217371.00
  }, {
    "date" : "2025-04-02",
    "price" : 682.60,
    "dma50" : 658.53,
    "dma100" : null,
    "dma200" : 634.15,
    "volume" : 3791492.00
  }, {
    "date" : "2025-04-03",
    "price" : 692.70,
    "dma50" : 659.87,
    "dma100" : null,
    "dma200" : 634.73,
    "volume" : 1435439.00
  }, {
    "date" : "2025-04-04",
    "price" : 679.60,
    "dma50" : 660.64,
    "dma100" : null,
    "dma200" : 635.18,
    "volume" : 759107.00
  }, {
    "date" : "2025-04-07",
    "price" : 669.65,
    "dma50" : 660.99,
    "dma100" : null,
    "dma200" : 635.52,
    "volume" : 1786152.00
  }, {
    "date" : "2025-04-08",
    "price" : 681.95,
    "dma50" : 661.82,
    "dma100" : null,
    "dma200" : 635.98,
    "volume" : 2459532.00
  }, {
    "date" : "2025-04-09",
    "price" : 685.05,
    "dma50" : 662.73,
    "dma100" : null,
    "dma200" : 636.47,
    "volume" : 1023165.00
  }, {
    "date" : "2025-04-11",
    "price" : 685.30,
    "dma50" : 663.61,
    "dma100" : null,
    "dma200" : 636.96,
    "volume" : 1328662.00
  }, {
    "date" : "2025-04-15",
    "price" : 701.00,
    "dma50" : 665.08,
    "dma100" : null,
    "dma200" : 637.59,
    "volume" : 1573557.00
  }, {
    "date" : "2025-04-16",
    "price" : 703.05,
    "dma50" : 666.57,
    "dma100" : null,
    "dma200" : 638.25,
    "volume" : 1189329.00
  }, {
    "date" : "2025-04-17",
    "price" : 697.75,
    "dma50" : 667.79,
    "dma100" : null,
    "dma200" : 638.84,
    "volume" : 1242292.00
  }, {
    "date" : "2025-04-21",
    "price" : 695.75,
    "dma50" : 668.89,
    "dma100" : null,
    "dma200" : 639.40,
    "volume" : 1582267.00
  }, {
    "date" : "2025-04-22",
    "price" : 702.30,
    "dma50" : 670.20,
    "dma100" : null,
    "dma200" : 640.03,
    "volume" : 1270339.00
  }, {
    "date" : "2025-04-23",
    "price" : 713.45,
    "dma50" : 671.89,
    "dma100" : null,
    "dma200" : 640.76,
    "volume" : 2500577.00
  }, {
    "date" : "2025-04-24",
    "price" : 716.50,
    "dma50" : 673.64,
    "dma100" : null,
    "dma200" : 641.51,
    "volume" : 1374383.00
  }, {
    "date" : "2025-04-25",
    "price" : 694.30,
    "dma50" : 674.45,
    "dma100" : null,
    "dma200" : 642.04,
    "volume" : 1538752.00
  }, {
    "date" : "2025-04-28",
    "price" : 705.20,
    "dma50" : 675.66,
    "dma100" : null,
    "dma200" : 642.67,
    "volume" : 1434817.00
  }, {
    "date" : "2025-04-29",
    "price" : 708.30,
    "dma50" : 676.94,
    "dma100" : null,
    "dma200" : 643.32,
    "volume" : 1261442.00
  }, {
    "date" : "2025-04-30",
    "price" : 715.40,
    "dma50" : 678.45,
    "dma100" : null,
    "dma200" : 644.04,
    "volume" : 1993079.00
  }, {
    "date" : "2025-05-02",
    "price" : 699.95,
    "dma50" : 679.29,
    "dma100" : null,
    "dma200" : 644.59,
    "volume" : 940002.00
  }, {
    "date" : "2025-05-05",
    "price" : 720.65,
    "dma50" : 680.91,
    "dma100" : null,
    "dma200" : 645.35,
    "volume" : 1502061.00
  }, {
    "date" : "2025-05-06",
    "price" : 706.05,
    "dma50" : 681.90,
    "dma100" : null,
    "dma200" : 645.96,
    "volume" : 759089.00
  }, {
    "date" : "2025-05-07",
    "price" : 707.00,
    "dma50" : 682.88,
    "dma100" : null,
    "dma200" : 646.56,
    "volume" : 1217515.00
  }, {
    "date" : "2025-05-08",
    "price" : 671.85,
    "dma50" : 682.45,
    "dma100" : null,
    "dma200" : 646.81,
    "volume" : 1744384.00
  }, {
    "date" : "2025-05-09",
    "price" : 670.20,
    "dma50" : 681.97,
    "dma100" : 683.63,
    "dma200" : 647.05,
    "volume" : 1175136.00
  }, {
    "date" : "2025-05-12",
    "price" : 696.10,
    "dma50" : 682.52,
    "dma100" : 683.87,
    "dma200" : 647.54,
    "volume" : 1088458.00
  }, {
    "date" : "2025-05-13",
    "price" : 701.70,
    "dma50" : 683.28,
    "dma100" : 684.07,
    "dma200" : 648.07,
    "volume" : 1609462.00
  }, {
    "date" : "2025-05-14",
    "price" : 693.80,
    "dma50" : 683.69,
    "dma100" : 684.14,
    "dma200" : 648.53,
    "volume" : 2274239.00
  }, {
    "date" : "2025-05-15",
    "price" : 683.75,
    "dma50" : 683.69,
    "dma100" : 684.15,
    "dma200" : 648.88,
    "volume" : 7903781.00
  }, {
    "date" : "2025-05-16",
    "price" : 674.30,
    "dma50" : 683.32,
    "dma100" : 684.14,
    "dma200" : 649.13,
    "volume" : 2660159.00
  }, {
    "date" : "2025-05-19",
    "price" : 694.50,
    "dma50" : 683.76,
    "dma100" : 684.29,
    "dma200" : 649.58,
    "volume" : 3710219.00
  }, {
    "date" : "2025-05-20",
    "price" : 679.35,
    "dma50" : 683.59,
    "dma100" : 684.36,
    "dma200" : 649.88,
    "volume" : 2067368.00
  }, {
    "date" : "2025-05-21",
    "price" : 674.40,
    "dma50" : 683.23,
    "dma100" : 684.18,
    "dma200" : 650.12,
    "volume" : 933551.00
  }, {
    "date" : "2025-05-22",
    "price" : 674.25,
    "dma50" : 682.88,
    "dma100" : 683.89,
    "dma200" : 650.36,
    "volume" : 1517315.00
  }, {
    "date" : "2025-05-23",
    "price" : 664.45,
    "dma50" : 682.15,
    "dma100" : 683.49,
    "dma200" : 650.50,
    "volume" : 1299089.00
  }, {
    "date" : "2025-05-26",
    "price" : 661.55,
    "dma50" : 681.34,
    "dma100" : 683.03,
    "dma200" : 650.61,
    "volume" : 2376921.00
  }, {
    "date" : "2025-05-27",
    "price" : 665.50,
    "dma50" : 680.72,
    "dma100" : 682.49,
    "dma200" : 650.76,
    "volume" : 1813967.00
  }, {
    "date" : "2025-05-28",
    "price" : 659.75,
    "dma50" : 679.90,
    "dma100" : 681.91,
    "dma200" : 650.85,
    "volume" : 1121791.00
  }, {
    "date" : "2025-05-29",
    "price" : 670.35,
    "dma50" : 679.53,
    "dma100" : 681.22,
    "dma200" : 651.05,
    "volume" : 1775180.00
  }, {
    "date" : "2025-05-30",
    "price" : 655.55,
    "dma50" : 678.59,
    "dma100" : 680.21,
    "dma200" : 651.09,
    "volume" : 1912189.00
  }, {
    "date" : "2025-06-02",
    "price" : 660.40,
    "dma50" : 677.87,
    "dma100" : 679.23,
    "dma200" : 651.18,
    "volume" : 1425875.00
  }, {
    "date" : "2025-06-03",
    "price" : 656.20,
    "dma50" : 677.02,
    "dma100" : 678.12,
    "dma200" : 651.23,
    "volume" : 1114172.00
  }, {
    "date" : "2025-06-04",
    "price" : 686.20,
    "dma50" : 677.38,
    "dma100" : 677.39,
    "dma200" : 651.58,
    "volume" : 4863177.00
  }, {
    "date" : "2025-06-05",
    "price" : 686.10,
    "dma50" : 677.72,
    "dma100" : 676.75,
    "dma200" : 651.92,
    "volume" : 1081952.00
  }, {
    "date" : "2025-06-06",
    "price" : 695.20,
    "dma50" : 678.41,
    "dma100" : 676.25,
    "dma200" : 652.36,
    "volume" : 1719046.00
  }, {
    "date" : "2025-06-09",
    "price" : 699.25,
    "dma50" : 679.23,
    "dma100" : 675.87,
    "dma200" : 652.82,
    "volume" : 816915.00
  }, {
    "date" : "2025-06-10",
    "price" : 695.20,
    "dma50" : 679.85,
    "dma100" : 675.75,
    "dma200" : 653.24,
    "volume" : 464094.00
  }, {
    "date" : "2025-06-11",
    "price" : 685.60,
    "dma50" : 680.08,
    "dma100" : 675.52,
    "dma200" : 653.57,
    "volume" : 329381.00
  }, {
    "date" : "2025-06-12",
    "price" : 667.85,
    "dma50" : 679.60,
    "dma100" : 675.20,
    "dma200" : 653.71,
    "volume" : 745405.00
  }, {
    "date" : "2025-06-13",
    "price" : 681.45,
    "dma50" : 679.67,
    "dma100" : 675.12,
    "dma200" : 653.98,
    "volume" : 2892218.00
  }, {
    "date" : "2025-06-16",
    "price" : 692.55,
    "dma50" : 680.18,
    "dma100" : 675.12,
    "dma200" : 654.37,
    "volume" : 1003268.00
  }, {
    "date" : "2025-06-17",
    "price" : 677.65,
    "dma50" : 680.08,
    "dma100" : 674.95,
    "dma200" : 654.60,
    "volume" : 1781498.00
  }, {
    "date" : "2025-06-18",
    "price" : 681.55,
    "dma50" : 680.14,
    "dma100" : 675.03,
    "dma200" : 654.87,
    "volume" : 761760.00
  }, {
    "date" : "2025-06-19",
    "price" : 683.30,
    "dma50" : 680.26,
    "dma100" : 675.22,
    "dma200" : 655.15,
    "volume" : 1939619.00
  }, {
    "date" : "2025-06-20",
    "price" : 695.80,
    "dma50" : 680.87,
    "dma100" : 675.30,
    "dma200" : 655.55,
    "volume" : 2694133.00
  }, {
    "date" : "2025-06-23",
    "price" : 693.40,
    "dma50" : 681.36,
    "dma100" : 675.52,
    "dma200" : 655.93,
    "volume" : 1311849.00
  }, {
    "date" : "2025-06-24",
    "price" : 695.55,
    "dma50" : 681.92,
    "dma100" : 676.09,
    "dma200" : 656.33,
    "volume" : 890140.00
  }, {
    "date" : "2025-06-25",
    "price" : 713.00,
    "dma50" : 683.14,
    "dma100" : 676.56,
    "dma200" : 656.89,
    "volume" : 3162010.00
  }, {
    "date" : "2025-06-26",
    "price" : 711.15,
    "dma50" : 684.23,
    "dma100" : 676.79,
    "dma200" : 657.43,
    "volume" : 1350264.00
  }, {
    "date" : "2025-06-27",
    "price" : 709.95,
    "dma50" : 685.24,
    "dma100" : 677.00,
    "dma200" : 657.95,
    "volume" : 2326836.00
  }, {
    "date" : "2025-06-30",
    "price" : 701.80,
    "dma50" : 685.89,
    "dma100" : 676.98,
    "dma200" : 658.39,
    "volume" : 1693988.00
  }, {
    "date" : "2025-07-01",
    "price" : 709.75,
    "dma50" : 686.83,
    "dma100" : 676.67,
    "dma200" : 658.90,
    "volume" : 1366724.00
  }, {
    "date" : "2025-07-02",
    "price" : 708.70,
    "dma50" : 687.69,
    "dma100" : 676.47,
    "dma200" : 659.39,
    "volume" : 703666.00
  }, {
    "date" : "2025-07-03",
    "price" : 706.95,
    "dma50" : 688.44,
    "dma100" : 676.29,
    "dma200" : 659.87,
    "volume" : 703183.00
  }, {
    "date" : "2025-07-04",
    "price" : 710.05,
    "dma50" : 689.29,
    "dma100" : 676.14,
    "dma200" : 660.37,
    "volume" : 572277.00
  }, {
    "date" : "2025-07-07",
    "price" : 684.10,
    "dma50" : 689.09,
    "dma100" : 676.04,
    "dma200" : 660.60,
    "volume" : 3345665.00
  }, {
    "date" : "2025-07-08",
    "price" : 688.20,
    "dma50" : 689.05,
    "dma100" : 676.04,
    "dma200" : 660.88,
    "volume" : 979864.00
  }, {
    "date" : "2025-07-09",
    "price" : 682.95,
    "dma50" : 688.81,
    "dma100" : 676.09,
    "dma200" : 661.10,
    "volume" : 746271.00
  }, {
    "date" : "2025-07-10",
    "price" : 688.00,
    "dma50" : 688.78,
    "dma100" : 676.36,
    "dma200" : 661.37,
    "volume" : 751710.00
  }, {
    "date" : "2025-07-11",
    "price" : 678.60,
    "dma50" : 688.38,
    "dma100" : 676.74,
    "dma200" : 661.54,
    "volume" : 875076.00
  }, {
    "date" : "2025-07-14",
    "price" : 679.80,
    "dma50" : 688.04,
    "dma100" : 676.91,
    "dma200" : 661.72,
    "volume" : 1144284.00
  }, {
    "date" : "2025-07-15",
    "price" : 691.25,
    "dma50" : 688.17,
    "dma100" : 677.13,
    "dma200" : 662.01,
    "volume" : 397700.00
  }, {
    "date" : "2025-07-16",
    "price" : 693.95,
    "dma50" : 688.40,
    "dma100" : 677.26,
    "dma200" : 662.33,
    "volume" : 496510.00
  }, {
    "date" : "2025-07-17",
    "price" : 689.50,
    "dma50" : 688.44,
    "dma100" : 677.22,
    "dma200" : 662.60,
    "volume" : 788345.00
  }, {
    "date" : "2025-07-18",
    "price" : 681.80,
    "dma50" : 688.18,
    "dma100" : 676.94,
    "dma200" : 662.79,
    "volume" : 572171.00
  }, {
    "date" : "2025-07-21",
    "price" : 679.35,
    "dma50" : 687.83,
    "dma100" : 676.60,
    "dma200" : 662.96,
    "volume" : 599375.00
  }, {
    "date" : "2025-07-22",
    "price" : 662.10,
    "dma50" : 686.82,
    "dma100" : 676.30,
    "dma200" : 662.95,
    "volume" : 701427.00
  }, {
    "date" : "2025-07-23",
    "price" : 658.95,
    "dma50" : 685.73,
    "dma100" : 676.14,
    "dma200" : 662.91,
    "volume" : 936552.00
  }, {
    "date" : "2025-07-24",
    "price" : 656.10,
    "dma50" : 684.57,
    "dma100" : 675.90,
    "dma200" : 662.84,
    "volume" : 753261.00
  }, {
    "date" : "2025-07-25",
    "price" : 649.05,
    "dma50" : 683.18,
    "dma100" : 675.68,
    "dma200" : 662.70,
    "volume" : 452241.00
  }, {
    "date" : "2025-07-28",
    "price" : 645.95,
    "dma50" : 681.72,
    "dma100" : 675.88,
    "dma200" : 662.54,
    "volume" : 831955.00
  }, {
    "date" : "2025-07-29",
    "price" : 652.65,
    "dma50" : 680.58,
    "dma100" : 676.07,
    "dma200" : 662.44,
    "volume" : 912070.00
  }, {
    "date" : "2025-07-30",
    "price" : 656.00,
    "dma50" : 679.61,
    "dma100" : 676.53,
    "dma200" : 662.37,
    "volume" : 889101.00
  }, {
    "date" : "2025-07-31",
    "price" : 655.50,
    "dma50" : 678.67,
    "dma100" : 676.87,
    "dma200" : 662.31,
    "volume" : 646000.00
  }, {
    "date" : "2025-08-01",
    "price" : 641.95,
    "dma50" : 677.23,
    "dma100" : 677.19,
    "dma200" : 662.10,
    "volume" : 1063322.00
  }, {
    "date" : "2025-08-04",
    "price" : 648.80,
    "dma50" : 676.11,
    "dma100" : 677.65,
    "dma200" : 661.97,
    "volume" : 1210743.00
  }, {
    "date" : "2025-08-05",
    "price" : 641.50,
    "dma50" : 674.75,
    "dma100" : 678.05,
    "dma200" : 661.77,
    "volume" : 731958.00
  }, {
    "date" : "2025-08-06",
    "price" : 630.05,
    "dma50" : 673.00,
    "dma100" : 678.22,
    "dma200" : 661.45,
    "volume" : 1068596.00
  }, {
    "date" : "2025-08-07",
    "price" : 635.70,
    "dma50" : 671.54,
    "dma100" : 678.55,
    "dma200" : 661.20,
    "volume" : 2812736.00
  }, {
    "date" : "2025-08-08",
    "price" : 624.45,
    "dma50" : 669.69,
    "dma100" : 678.83,
    "dma200" : 660.83,
    "volume" : 1836826.00
  }, {
    "date" : "2025-08-11",
    "price" : 630.45,
    "dma50" : 668.15,
    "dma100" : 678.95,
    "dma200" : 660.53,
    "volume" : 1295447.00
  }, {
    "date" : "2025-08-12",
    "price" : 632.85,
    "dma50" : 666.77,
    "dma100" : 679.00,
    "dma200" : 660.25,
    "volume" : 2402303.00
  }, {
    "date" : "2025-08-13",
    "price" : 639.75,
    "dma50" : 665.71,
    "dma100" : 679.02,
    "dma200" : 660.05,
    "volume" : 761701.00
  }, {
    "date" : "2025-08-14",
    "price" : 631.85,
    "dma50" : 664.38,
    "dma100" : 679.07,
    "dma200" : 659.77,
    "volume" : 6981808.00
  }, {
    "date" : "2025-08-18",
    "price" : 635.20,
    "dma50" : 663.24,
    "dma100" : 679.13,
    "dma200" : 659.52,
    "volume" : 1739761.00
  }, {
    "date" : "2025-08-19",
    "price" : 634.05,
    "dma50" : 662.09,
    "dma100" : 678.89,
    "dma200" : 659.27,
    "volume" : 1668067.00
  }, {
    "date" : "2025-08-20",
    "price" : 634.20,
    "dma50" : 661.00,
    "dma100" : 678.55,
    "dma200" : 659.02,
    "volume" : 1302330.00
  }, {
    "date" : "2025-08-21",
    "price" : 627.35,
    "dma50" : 659.68,
    "dma100" : 678.21,
    "dma200" : 658.70,
    "volume" : 1226784.00
  }, {
    "date" : "2025-08-22",
    "price" : 619.15,
    "dma50" : 658.09,
    "dma100" : 677.66,
    "dma200" : 658.31,
    "volume" : 940717.00
  }, {
    "date" : "2025-08-25",
    "price" : 647.80,
    "dma50" : 657.69,
    "dma100" : 677.49,
    "dma200" : 658.21,
    "volume" : 5346726.00
  }, {
    "date" : "2025-08-26",
    "price" : 640.80,
    "dma50" : 657.02,
    "dma100" : 677.29,
    "dma200" : 658.03,
    "volume" : 1558614.00
  }, {
    "date" : "2025-08-28",
    "price" : 635.55,
    "dma50" : 656.18,
    "dma100" : 676.82,
    "dma200" : 657.81,
    "volume" : 908995.00
  }, {
    "date" : "2025-08-29",
    "price" : 627.75,
    "dma50" : 655.07,
    "dma100" : 676.17,
    "dma200" : 657.51,
    "volume" : 779636.00
  }, {
    "date" : "2025-09-01",
    "price" : 630.90,
    "dma50" : 654.12,
    "dma100" : 675.68,
    "dma200" : 657.25,
    "volume" : 646192.00
  }, {
    "date" : "2025-09-02",
    "price" : 635.60,
    "dma50" : 653.39,
    "dma100" : 675.34,
    "dma200" : 657.03,
    "volume" : 944910.00
  }, {
    "date" : "2025-09-03",
    "price" : 634.85,
    "dma50" : 652.67,
    "dma100" : 674.87,
    "dma200" : 656.81,
    "volume" : 601796.00
  }, {
    "date" : "2025-09-04",
    "price" : 654.20,
    "dma50" : 652.73,
    "dma100" : 674.56,
    "dma200" : 656.78,
    "volume" : 2623491.00
  }, {
    "date" : "2025-09-05",
    "price" : 656.00,
    "dma50" : 652.85,
    "dma100" : 674.27,
    "dma200" : 656.78,
    "volume" : 1297130.00
  }, {
    "date" : "2025-09-08",
    "price" : 659.80,
    "dma50" : 653.13,
    "dma100" : 673.86,
    "dma200" : 656.81,
    "volume" : 1077361.00
  }, {
    "date" : "2025-09-09",
    "price" : 663.80,
    "dma50" : 653.55,
    "dma100" : 673.47,
    "dma200" : 656.88,
    "volume" : 778835.00
  }, {
    "date" : "2025-09-10",
    "price" : 657.05,
    "dma50" : 653.68,
    "dma100" : 673.06,
    "dma200" : 656.88,
    "volume" : 1068893.00
  }, {
    "date" : "2025-09-11",
    "price" : 651.65,
    "dma50" : 653.60,
    "dma100" : 672.62,
    "dma200" : 656.83,
    "volume" : 369897.00
  }, {
    "date" : "2025-09-12",
    "price" : 635.15,
    "dma50" : 652.88,
    "dma100" : 671.95,
    "dma200" : 656.61,
    "volume" : 1538517.00
  }, {
    "date" : "2025-09-15",
    "price" : 631.80,
    "dma50" : 652.05,
    "dma100" : 671.13,
    "dma200" : 656.36,
    "volume" : 879200.00
  }, {
    "date" : "2025-09-16",
    "price" : 632.95,
    "dma50" : 651.30,
    "dma100" : 670.30,
    "dma200" : 656.13,
    "volume" : 1367284.00
  }, {
    "date" : "2025-09-17",
    "price" : 627.70,
    "dma50" : 650.38,
    "dma100" : 669.63,
    "dma200" : 655.85,
    "volume" : 1477736.00
  }, {
    "date" : "2025-09-18",
    "price" : 626.45,
    "dma50" : 649.44,
    "dma100" : 668.84,
    "dma200" : 655.55,
    "volume" : 2233402.00
  }, {
    "date" : "2025-09-19",
    "price" : 626.40,
    "dma50" : 648.54,
    "dma100" : 668.02,
    "dma200" : 655.26,
    "volume" : 1542322.00
  }, {
    "date" : "2025-09-22",
    "price" : 622.80,
    "dma50" : 647.53,
    "dma100" : 667.10,
    "dma200" : 654.94,
    "volume" : 1420674.00
  }, {
    "date" : "2025-09-23",
    "price" : 616.70,
    "dma50" : 646.32,
    "dma100" : 666.26,
    "dma200" : 654.56,
    "volume" : 1732016.00
  }, {
    "date" : "2025-09-24",
    "price" : 630.40,
    "dma50" : 645.69,
    "dma100" : 665.36,
    "dma200" : 654.32,
    "volume" : 3168447.00
  }, {
    "date" : "2025-09-25",
    "price" : 621.70,
    "dma50" : 644.75,
    "dma100" : 664.52,
    "dma200" : 654.00,
    "volume" : 1695936.00
  }, {
    "date" : "2025-09-26",
    "price" : 606.90,
    "dma50" : 643.27,
    "dma100" : 663.52,
    "dma200" : 653.53,
    "volume" : 2059600.00
  }, {
    "date" : "2025-09-29",
    "price" : 607.05,
    "dma50" : 641.85,
    "dma100" : 662.87,
    "dma200" : 653.06,
    "volume" : 3239155.00
  }, {
    "date" : "2025-09-30",
    "price" : 617.40,
    "dma50" : 640.89,
    "dma100" : 662.34,
    "dma200" : 652.71,
    "volume" : 2026557.00
  }, {
    "date" : "2025-10-01",
    "price" : 619.40,
    "dma50" : 640.05,
    "dma100" : 661.57,
    "dma200" : 652.38,
    "volume" : 1051105.00
  }, {
    "date" : "2025-10-03",
    "price" : 628.45,
    "dma50" : 639.59,
    "dma100" : 660.84,
    "dma200" : 652.14,
    "volume" : 597445.00
  }, {
    "date" : "2025-10-06",
    "price" : 623.35,
    "dma50" : 638.95,
    "dma100" : 660.14,
    "dma200" : 651.85,
    "volume" : 1583208.00
  }, {
    "date" : "2025-10-07",
    "price" : 613.90,
    "dma50" : 637.97,
    "dma100" : 659.44,
    "dma200" : 651.48,
    "volume" : 2085165.00
  }, {
    "date" : "2025-10-08",
    "price" : 603.00,
    "dma50" : 636.60,
    "dma100" : 658.73,
    "dma200" : 650.99,
    "volume" : 1702806.00
  }, {
    "date" : "2025-10-09",
    "price" : 599.15,
    "dma50" : 635.13,
    "dma100" : 657.77,
    "dma200" : 650.48,
    "volume" : 1778063.00
  }, {
    "date" : "2025-10-10",
    "price" : 602.30,
    "dma50" : 633.84,
    "dma100" : 657.00,
    "dma200" : 650.00,
    "volume" : 1382245.00
  }, {
    "date" : "2025-10-13",
    "price" : 597.10,
    "dma50" : 632.40,
    "dma100" : 656.23,
    "dma200" : 649.47,
    "volume" : 1630287.00
  }, {
    "date" : "2025-10-14",
    "price" : 583.65,
    "dma50" : 630.49,
    "dma100" : 655.32,
    "dma200" : 648.82,
    "volume" : 3633231.00
  }, {
    "date" : "2025-10-15",
    "price" : 584.70,
    "dma50" : 628.70,
    "dma100" : 654.53,
    "dma200" : 648.18,
    "volume" : 909052.00
  }, {
    "date" : "2025-10-16",
    "price" : 595.30,
    "dma50" : 627.39,
    "dma100" : 653.86,
    "dma200" : 647.65,
    "volume" : 1306948.00
  }, {
    "date" : "2025-10-17",
    "price" : 592.65,
    "dma50" : 626.02,
    "dma100" : 653.13,
    "dma200" : 647.11,
    "volume" : 1070975.00
  }, {
    "date" : "2025-10-20",
    "price" : 590.75,
    "dma50" : 624.64,
    "dma100" : 652.44,
    "dma200" : 646.55,
    "volume" : 425863.00
  }, {
    "date" : "2025-10-21",
    "price" : 590.70,
    "dma50" : 623.31,
    "dma100" : 651.65,
    "dma200" : 645.99,
    "volume" : 122663.00
  }, {
    "date" : "2025-10-23",
    "price" : 599.40,
    "dma50" : 622.37,
    "dma100" : 651.09,
    "dma200" : 645.53,
    "volume" : 2089653.00
  }, {
    "date" : "2025-10-24",
    "price" : 590.55,
    "dma50" : 621.12,
    "dma100" : 650.39,
    "dma200" : 644.98,
    "volume" : 885852.00
  }, {
    "date" : "2025-10-27",
    "price" : 595.70,
    "dma50" : 620.13,
    "dma100" : 649.78,
    "dma200" : 644.49,
    "volume" : 816608.00
  }, {
    "date" : "2025-10-28",
    "price" : 600.75,
    "dma50" : 619.37,
    "dma100" : 648.93,
    "dma200" : 644.05,
    "volume" : 1190691.00
  }, {
    "date" : "2025-10-29",
    "price" : 613.05,
    "dma50" : 619.12,
    "dma100" : 648.20,
    "dma200" : 643.74,
    "volume" : 2577283.00
  }, {
    "date" : "2025-10-30",
    "price" : 613.25,
    "dma50" : 618.89,
    "dma100" : 647.38,
    "dma200" : 643.44,
    "volume" : 891061.00
  }, {
    "date" : "2025-10-31",
    "price" : 597.85,
    "dma50" : 618.06,
    "dma100" : 646.36,
    "dma200" : 642.99,
    "volume" : 1416203.00
  }, {
    "date" : "2025-11-03",
    "price" : 600.40,
    "dma50" : 617.37,
    "dma100" : 645.42,
    "dma200" : 642.56,
    "volume" : 715573.00
  }, {
    "date" : "2025-11-04",
    "price" : 593.45,
    "dma50" : 616.43,
    "dma100" : 644.49,
    "dma200" : 642.08,
    "volume" : 1149882.00
  }, {
    "date" : "2025-11-06",
    "price" : 583.25,
    "dma50" : 615.13,
    "dma100" : 643.65,
    "dma200" : 641.49,
    "volume" : 1183510.00
  }, {
    "date" : "2025-11-07",
    "price" : 576.50,
    "dma50" : 613.62,
    "dma100" : 642.60,
    "dma200" : 640.84,
    "volume" : 1804364.00
  }, {
    "date" : "2025-11-10",
    "price" : 584.35,
    "dma50" : 612.47,
    "dma100" : 641.52,
    "dma200" : 640.28,
    "volume" : 898950.00
  }, {
    "date" : "2025-11-11",
    "price" : 580.05,
    "dma50" : 611.20,
    "dma100" : 640.54,
    "dma200" : 639.68,
    "volume" : 2692321.00
  }, {
    "date" : "2025-11-12",
    "price" : 585.30,
    "dma50" : 610.18,
    "dma100" : 639.58,
    "dma200" : 639.14,
    "volume" : 1249790.00
  }, {
    "date" : "2025-11-13",
    "price" : 573.50,
    "dma50" : 608.74,
    "dma100" : 638.48,
    "dma200" : 638.49,
    "volume" : 2728247.00
  }, {
    "date" : "2025-11-14",
    "price" : 615.30,
    "dma50" : 609.00,
    "dma100" : 637.68,
    "dma200" : 638.26,
    "volume" : 16398458.00
  }, {
    "date" : "2025-11-17",
    "price" : 603.20,
    "dma50" : 608.77,
    "dma100" : 636.77,
    "dma200" : 637.91,
    "volume" : 3227017.00
  }, {
    "date" : "2025-11-18",
    "price" : 600.35,
    "dma50" : 608.44,
    "dma100" : 635.82,
    "dma200" : 637.53,
    "volume" : 1781915.00
  }, {
    "date" : "2025-11-19",
    "price" : 595.15,
    "dma50" : 607.92,
    "dma100" : 634.64,
    "dma200" : 637.11,
    "volume" : 1234427.00
  }, {
    "date" : "2025-11-20",
    "price" : 591.15,
    "dma50" : 607.26,
    "dma100" : 633.44,
    "dma200" : 636.66,
    "volume" : 2708903.00
  }, {
    "date" : "2025-11-21",
    "price" : 589.05,
    "dma50" : 606.55,
    "dma100" : 632.23,
    "dma200" : 636.18,
    "volume" : 1924069.00
  }, {
    "date" : "2025-11-24",
    "price" : 589.05,
    "dma50" : 605.86,
    "dma100" : 631.11,
    "dma200" : 635.71,
    "volume" : 3479072.00
  }, {
    "date" : "2025-11-25",
    "price" : 593.05,
    "dma50" : 605.36,
    "dma100" : 629.94,
    "dma200" : 635.29,
    "volume" : 1355446.00
  }, {
    "date" : "2025-11-26",
    "price" : 605.00,
    "dma50" : 605.35,
    "dma100" : 628.90,
    "dma200" : 634.99,
    "volume" : 1942291.00
  }, {
    "date" : "2025-11-27",
    "price" : 606.65,
    "dma50" : 605.40,
    "dma100" : 627.90,
    "dma200" : 634.70,
    "volume" : 951753.00
  }, {
    "date" : "2025-11-28",
    "price" : 601.50,
    "dma50" : 605.25,
    "dma100" : 626.81,
    "dma200" : 634.37,
    "volume" : 939827.00
  }, {
    "date" : "2025-12-01",
    "price" : 609.35,
    "dma50" : 605.41,
    "dma100" : 626.07,
    "dma200" : 634.13,
    "volume" : 1097403.00
  }, {
    "date" : "2025-12-02",
    "price" : 603.45,
    "dma50" : 605.33,
    "dma100" : 625.22,
    "dma200" : 633.82,
    "volume" : 2124958.00
  }, {
    "date" : "2025-12-03",
    "price" : 589.20,
    "dma50" : 604.70,
    "dma100" : 624.28,
    "dma200" : 633.38,
    "volume" : 1250180.00
  }, {
    "date" : "2025-12-04",
    "price" : 590.90,
    "dma50" : 604.16,
    "dma100" : 623.31,
    "dma200" : 632.95,
    "volume" : 866773.00
  }, {
    "date" : "2025-12-05",
    "price" : 593.20,
    "dma50" : 603.73,
    "dma100" : 622.46,
    "dma200" : 632.56,
    "volume" : 1165794.00
  }, {
    "date" : "2025-12-08",
    "price" : 584.20,
    "dma50" : 602.96,
    "dma100" : 621.50,
    "dma200" : 632.08,
    "volume" : 933653.00
  }, {
    "date" : "2025-12-09",
    "price" : 583.50,
    "dma50" : 602.20,
    "dma100" : 620.42,
    "dma200" : 631.59,
    "volume" : 752221.00
  }, {
    "date" : "2025-12-10",
    "price" : 583.10,
    "dma50" : 601.45,
    "dma100" : 619.31,
    "dma200" : 631.11,
    "volume" : 869827.00
  }, {
    "date" : "2025-12-11",
    "price" : 597.90,
    "dma50" : 601.31,
    "dma100" : 618.40,
    "dma200" : 630.78,
    "volume" : 1079398.00
  } ],
  "latestTechnicalAttributes" : {
    "date" : "2025-12-11",
    "price" : 597.90,
    "dma50" : 601.31,
    "dma100" : 618.40,
    "dma200" : 630.78,
    "volume" : 1079398.00
  },
  "quarterlyResults" : [ {
    "date" : "2008-06-30",
    "sales" : 59.33,
    "salesGrowthYoY" : null,
    "grossProfitMargin" : 77.92,
    "grossProfit" : 46.23,
    "operatingProfitMargin" : 11.24,
    "operatingProfit" : 6.67,
    "netProfitMargin" : 1.08,
    "netProfit" : 0.64
  }, {
    "date" : "2008-09-30",
    "sales" : 69.37,
    "salesGrowthYoY" : null,
    "grossProfitMargin" : 71.66,
    "grossProfit" : 49.71,
    "operatingProfitMargin" : 9.59,
    "operatingProfit" : 6.65,
    "netProfitMargin" : 1.56,
    "netProfit" : 1.08
  }, {
    "date" : "2008-12-31",
    "sales" : 78.03,
    "salesGrowthYoY" : null,
    "grossProfitMargin" : 74.71,
    "grossProfit" : 58.30,
    "operatingProfitMargin" : 11.29,
    "operatingProfit" : 8.81,
    "netProfitMargin" : 2.27,
    "netProfit" : 1.77
  }, {
    "date" : "2009-03-31",
    "sales" : 74.24,
    "salesGrowthYoY" : null,
    "grossProfitMargin" : 73.96,
    "grossProfit" : 54.91,
    "operatingProfitMargin" : 15.91,
    "operatingProfit" : 11.81,
    "netProfitMargin" : 5.13,
    "netProfit" : 3.81
  }, {
    "date" : "2009-06-30",
    "sales" : 85.00,
    "salesGrowthYoY" : 43.27,
    "grossProfitMargin" : 75.67,
    "grossProfit" : 64.32,
    "operatingProfitMargin" : 14.21,
    "operatingProfit" : 12.08,
    "netProfitMargin" : 4.04,
    "netProfit" : 3.43
  }, {
    "date" : "2009-09-30",
    "sales" : 97.75,
    "salesGrowthYoY" : 40.91,
    "grossProfitMargin" : 75.32,
    "grossProfit" : 73.63,
    "operatingProfitMargin" : 15.57,
    "operatingProfit" : 15.22,
    "netProfitMargin" : 7.95,
    "netProfit" : 7.77
  }, {
    "date" : "2009-12-31",
    "sales" : 117.36,
    "salesGrowthYoY" : 50.40,
    "grossProfitMargin" : 75.30,
    "grossProfit" : 88.37,
    "operatingProfitMargin" : 16.79,
    "operatingProfit" : 19.70,
    "netProfitMargin" : 9.69,
    "netProfit" : 11.37
  }, {
    "date" : "2010-03-31",
    "sales" : 124.05,
    "salesGrowthYoY" : 67.09,
    "grossProfitMargin" : 74.84,
    "grossProfit" : 92.84,
    "operatingProfitMargin" : 14.87,
    "operatingProfit" : 18.45,
    "netProfitMargin" : 8.38,
    "netProfit" : 10.40
  }, {
    "date" : "2010-06-30",
    "sales" : 135.55,
    "salesGrowthYoY" : 59.47,
    "grossProfitMargin" : 75.50,
    "grossProfit" : 102.34,
    "operatingProfitMargin" : 18.55,
    "operatingProfit" : 25.14,
    "netProfitMargin" : 11.27,
    "netProfit" : 15.28
  }, {
    "date" : "2010-09-30",
    "sales" : 163.38,
    "salesGrowthYoY" : 67.14,
    "grossProfitMargin" : 75.21,
    "grossProfit" : 122.88,
    "operatingProfitMargin" : 18.19,
    "operatingProfit" : 29.72,
    "netProfitMargin" : 11.29,
    "netProfit" : 18.45
  }, {
    "date" : "2010-12-31",
    "sales" : 185.71,
    "salesGrowthYoY" : 58.24,
    "grossProfitMargin" : 74.48,
    "grossProfit" : 138.32,
    "operatingProfitMargin" : 17.37,
    "operatingProfit" : 32.26,
    "netProfitMargin" : 10.21,
    "netProfit" : 18.96
  }, {
    "date" : "2011-03-31",
    "sales" : 193.69,
    "salesGrowthYoY" : 56.14,
    "grossProfitMargin" : 74.45,
    "grossProfit" : 144.20,
    "operatingProfitMargin" : 17.06,
    "operatingProfit" : 33.04,
    "netProfitMargin" : 9.98,
    "netProfit" : 19.33
  }, {
    "date" : "2011-06-30",
    "sales" : 216.91,
    "salesGrowthYoY" : 60.02,
    "grossProfitMargin" : 74.53,
    "grossProfit" : 161.66,
    "operatingProfitMargin" : 19.38,
    "operatingProfit" : 42.04,
    "netProfitMargin" : 10.88,
    "netProfit" : 23.60
  }, {
    "date" : "2011-09-30",
    "sales" : 240.38,
    "salesGrowthYoY" : 47.13,
    "grossProfitMargin" : 73.58,
    "grossProfit" : 176.87,
    "operatingProfitMargin" : 18.15,
    "operatingProfit" : 43.63,
    "netProfitMargin" : 10.11,
    "netProfit" : 24.30
  }, {
    "date" : "2011-12-31",
    "sales" : 277.04,
    "salesGrowthYoY" : 49.18,
    "grossProfitMargin" : 74.58,
    "grossProfit" : 206.62,
    "operatingProfitMargin" : 18.90,
    "operatingProfit" : 52.36,
    "netProfitMargin" : 10.85,
    "netProfit" : 30.06
  }, {
    "date" : "2012-03-31",
    "sales" : 283.02,
    "salesGrowthYoY" : 46.12,
    "grossProfitMargin" : 74.58,
    "grossProfit" : 211.08,
    "operatingProfitMargin" : 18.49,
    "operatingProfit" : 52.33,
    "netProfitMargin" : 10.76,
    "netProfit" : 30.45
  }, {
    "date" : "2012-06-30",
    "sales" : 314.50,
    "salesGrowthYoY" : 44.99,
    "grossProfitMargin" : 73.41,
    "grossProfit" : 230.87,
    "operatingProfitMargin" : 18.22,
    "operatingProfit" : 57.30,
    "netProfitMargin" : 10.29,
    "netProfit" : 32.36
  }, {
    "date" : "2012-09-30",
    "sales" : 342.10,
    "salesGrowthYoY" : 42.32,
    "grossProfitMargin" : 73.95,
    "grossProfit" : 252.98,
    "operatingProfitMargin" : 17.16,
    "operatingProfit" : 58.70,
    "netProfitMargin" : 9.46,
    "netProfit" : 32.36
  }, {
    "date" : "2012-12-31",
    "sales" : 385.15,
    "salesGrowthYoY" : 39.02,
    "grossProfitMargin" : 74.35,
    "grossProfit" : 286.36,
    "operatingProfitMargin" : 17.44,
    "operatingProfit" : 67.17,
    "netProfitMargin" : 9.79,
    "netProfit" : 37.71
  }, {
    "date" : "2013-03-31",
    "sales" : 365.82,
    "salesGrowthYoY" : 29.26,
    "grossProfitMargin" : 73.89,
    "grossProfit" : 270.30,
    "operatingProfitMargin" : 16.74,
    "operatingProfit" : 61.24,
    "netProfitMargin" : 8.94,
    "netProfit" : 32.70
  }, {
    "date" : "2013-06-30",
    "sales" : 396.50,
    "salesGrowthYoY" : 26.07,
    "grossProfitMargin" : 74.08,
    "grossProfit" : 293.73,
    "operatingProfitMargin" : 16.82,
    "operatingProfit" : 66.69,
    "netProfitMargin" : 8.58,
    "netProfit" : 34.02
  }, {
    "date" : "2013-09-30",
    "sales" : 436.67,
    "salesGrowthYoY" : 27.64,
    "grossProfitMargin" : 73.15,
    "grossProfit" : 319.42,
    "operatingProfitMargin" : 14.95,
    "operatingProfit" : 65.28,
    "netProfitMargin" : 7.61,
    "netProfit" : 33.23
  }, {
    "date" : "2013-12-31",
    "sales" : 456.59,
    "salesGrowthYoY" : 18.55,
    "grossProfitMargin" : 73.34,
    "grossProfit" : 334.86,
    "operatingProfitMargin" : 14.76,
    "operatingProfit" : 67.39,
    "netProfitMargin" : 7.36,
    "netProfit" : 33.61
  }, {
    "date" : "2014-03-31",
    "sales" : 433.73,
    "salesGrowthYoY" : 18.56,
    "grossProfitMargin" : 75.32,
    "grossProfit" : 326.69,
    "operatingProfitMargin" : 12.84,
    "operatingProfit" : 55.69,
    "netProfitMargin" : 5.75,
    "netProfit" : 24.94
  }, {
    "date" : "2014-06-30",
    "sales" : 476.83,
    "salesGrowthYoY" : 20.26,
    "grossProfitMargin" : 74.62,
    "grossProfit" : 355.81,
    "operatingProfitMargin" : 12.36,
    "operatingProfit" : 58.94,
    "netProfitMargin" : 5.82,
    "netProfit" : 27.75
  }, {
    "date" : "2014-09-30",
    "sales" : 501.16,
    "salesGrowthYoY" : 14.77,
    "grossProfitMargin" : 74.67,
    "grossProfit" : 374.22,
    "operatingProfitMargin" : 12.18,
    "operatingProfit" : 61.04,
    "netProfitMargin" : 5.79,
    "netProfit" : 29.02
  }, {
    "date" : "2014-12-31",
    "sales" : 554.37,
    "salesGrowthYoY" : 21.42,
    "grossProfitMargin" : 74.81,
    "grossProfit" : 414.72,
    "operatingProfitMargin" : 13.12,
    "operatingProfit" : 72.73,
    "netProfitMargin" : 6.32,
    "netProfit" : 35.04
  }, {
    "date" : "2015-03-31",
    "sales" : 542.11,
    "salesGrowthYoY" : 24.99,
    "grossProfitMargin" : 75.35,
    "grossProfit" : 408.48,
    "operatingProfitMargin" : 12.93,
    "operatingProfit" : 70.09,
    "netProfitMargin" : 5.82,
    "netProfit" : 31.55
  }, {
    "date" : "2015-06-30",
    "sales" : 570.69,
    "salesGrowthYoY" : 19.68,
    "grossProfitMargin" : 75.69,
    "grossProfit" : 431.96,
    "operatingProfitMargin" : 11.79,
    "operatingProfit" : 67.28,
    "netProfitMargin" : 4.83,
    "netProfit" : 27.56
  }, {
    "date" : "2015-09-30",
    "sales" : 587.53,
    "salesGrowthYoY" : 17.23,
    "grossProfitMargin" : 76.14,
    "grossProfit" : 447.35,
    "operatingProfitMargin" : 10.28,
    "operatingProfit" : 60.40,
    "netProfitMargin" : 3.72,
    "netProfit" : 21.86
  }, {
    "date" : "2015-12-31",
    "sales" : 633.94,
    "salesGrowthYoY" : 14.35,
    "grossProfitMargin" : 76.97,
    "grossProfit" : 487.94,
    "operatingProfitMargin" : 11.48,
    "operatingProfit" : 72.78,
    "netProfitMargin" : 4.63,
    "netProfit" : 29.35
  }, {
    "date" : "2016-03-31",
    "sales" : 618.05,
    "salesGrowthYoY" : 14.01,
    "grossProfitMargin" : 76.50,
    "grossProfit" : 472.81,
    "operatingProfitMargin" : 11.54,
    "operatingProfit" : 71.32,
    "netProfitMargin" : 4.50,
    "netProfit" : 27.81
  }, {
    "date" : "2016-06-30",
    "sales" : 608.92,
    "salesGrowthYoY" : 6.70,
    "grossProfitMargin" : 76.78,
    "grossProfit" : 467.53,
    "operatingProfitMargin" : 9.48,
    "operatingProfit" : 57.73,
    "netProfitMargin" : 3.12,
    "netProfit" : 19.00
  }, {
    "date" : "2016-09-30",
    "sales" : 665.54,
    "salesGrowthYoY" : 13.28,
    "grossProfitMargin" : 74.80,
    "grossProfit" : 497.82,
    "operatingProfitMargin" : 9.66,
    "operatingProfit" : 64.29,
    "netProfitMargin" : 3.24,
    "netProfit" : 21.56
  }, {
    "date" : "2016-12-31",
    "sales" : 658.84,
    "salesGrowthYoY" : 3.93,
    "grossProfitMargin" : 74.95,
    "grossProfit" : 493.80,
    "operatingProfitMargin" : 9.72,
    "operatingProfit" : 64.04,
    "netProfitMargin" : 3.03,
    "netProfit" : 19.96
  }, {
    "date" : "2017-03-31",
    "sales" : 612.78,
    "salesGrowthYoY" : -0.85,
    "grossProfitMargin" : 76.85,
    "grossProfit" : 470.92,
    "operatingProfitMargin" : 9.87,
    "operatingProfit" : 60.48,
    "netProfitMargin" : 1.71,
    "netProfit" : 10.48
  }, {
    "date" : "2017-06-30",
    "sales" : 678.82,
    "salesGrowthYoY" : 11.48,
    "grossProfitMargin" : 76.36,
    "grossProfit" : 518.35,
    "operatingProfitMargin" : 11.72,
    "operatingProfit" : 79.56,
    "netProfitMargin" : 3.51,
    "netProfit" : 23.83
  }, {
    "date" : "2017-09-30",
    "sales" : 726.64,
    "salesGrowthYoY" : 9.18,
    "grossProfitMargin" : 74.15,
    "grossProfit" : 538.80,
    "operatingProfitMargin" : 14.06,
    "operatingProfit" : 102.17,
    "netProfitMargin" : 6.67,
    "netProfit" : 48.47
  }, {
    "date" : "2017-12-31",
    "sales" : 795.17,
    "salesGrowthYoY" : 20.69,
    "grossProfitMargin" : 74.52,
    "grossProfit" : 592.56,
    "operatingProfitMargin" : 17.21,
    "operatingProfit" : 136.85,
    "netProfitMargin" : 8.30,
    "netProfit" : 66.00
  }, {
    "date" : "2018-03-31",
    "sales" : 779.82,
    "salesGrowthYoY" : 27.26,
    "grossProfitMargin" : 74.30,
    "grossProfit" : 579.41,
    "operatingProfitMargin" : 16.38,
    "operatingProfit" : 127.73,
    "netProfitMargin" : 8.73,
    "netProfit" : 68.08
  }, {
    "date" : "2018-06-30",
    "sales" : 855.06,
    "salesGrowthYoY" : 25.96,
    "grossProfitMargin" : 74.53,
    "grossProfit" : 637.28,
    "operatingProfitMargin" : 16.61,
    "operatingProfit" : 142.03,
    "netProfitMargin" : 8.73,
    "netProfit" : 74.65
  }, {
    "date" : "2018-09-30",
    "sales" : 881.36,
    "salesGrowthYoY" : 21.29,
    "grossProfitMargin" : 74.61,
    "grossProfit" : 657.58,
    "operatingProfitMargin" : 16.74,
    "operatingProfit" : 147.54,
    "netProfitMargin" : 8.81,
    "netProfit" : 77.65
  }, {
    "date" : "2018-12-31",
    "sales" : 929.05,
    "salesGrowthYoY" : 16.84,
    "grossProfitMargin" : 75.55,
    "grossProfit" : 701.90,
    "operatingProfitMargin" : 18.36,
    "operatingProfit" : 170.57,
    "netProfitMargin" : 10.39,
    "netProfit" : 96.53
  }, {
    "date" : "2019-03-31",
    "sales" : 865.20,
    "salesGrowthYoY" : 10.95,
    "grossProfitMargin" : 76.06,
    "grossProfit" : 658.07,
    "operatingProfitMargin" : 17.06,
    "operatingProfit" : 147.60,
    "netProfitMargin" : 9.14,
    "netProfit" : 79.08
  }, {
    "date" : "2019-06-30",
    "sales" : 940.09,
    "salesGrowthYoY" : 9.94,
    "grossProfitMargin" : 75.45,
    "grossProfit" : 709.30,
    "operatingProfitMargin" : 23.30,
    "operatingProfit" : 219.04,
    "netProfitMargin" : 7.95,
    "netProfit" : 74.74
  }, {
    "date" : "2019-09-30",
    "sales" : 988.23,
    "salesGrowthYoY" : 12.13,
    "grossProfitMargin" : 75.27,
    "grossProfit" : 743.84,
    "operatingProfitMargin" : 23.78,
    "operatingProfit" : 235.00,
    "netProfitMargin" : 8.46,
    "netProfit" : 83.60
  }, {
    "date" : "2019-12-31",
    "sales" : 1059.60,
    "salesGrowthYoY" : 14.05,
    "grossProfitMargin" : 74.91,
    "grossProfit" : 793.75,
    "operatingProfitMargin" : 23.93,
    "operatingProfit" : 253.56,
    "netProfitMargin" : 9.79,
    "netProfit" : 103.73
  }, {
    "date" : "2020-03-31",
    "sales" : 897.85,
    "salesGrowthYoY" : 3.77,
    "grossProfitMargin" : 74.42,
    "grossProfit" : 668.18,
    "operatingProfitMargin" : 18.87,
    "operatingProfit" : 169.42,
    "netProfitMargin" : 3.95,
    "netProfit" : 35.47
  }, {
    "date" : "2020-06-30",
    "sales" : 380.28,
    "salesGrowthYoY" : -59.55,
    "grossProfitMargin" : 78.02,
    "grossProfit" : 296.69,
    "operatingProfitMargin" : 6.33,
    "operatingProfit" : 24.07,
    "netProfitMargin" : -19.10,
    "netProfit" : -72.63
  }, {
    "date" : "2020-09-30",
    "sales" : 805.51,
    "salesGrowthYoY" : -18.49,
    "grossProfitMargin" : 78.79,
    "grossProfit" : 634.66,
    "operatingProfitMargin" : 26.65,
    "operatingProfit" : 214.67,
    "netProfitMargin" : 9.55,
    "netProfit" : 76.93
  }, {
    "date" : "2020-12-31",
    "sales" : 1057.23,
    "salesGrowthYoY" : -0.22,
    "grossProfitMargin" : 78.30,
    "grossProfit" : 827.81,
    "operatingProfitMargin" : 26.36,
    "operatingProfit" : 278.69,
    "netProfitMargin" : 11.83,
    "netProfit" : 125.07
  }, {
    "date" : "2021-03-31",
    "sales" : 1025.86,
    "salesGrowthYoY" : 14.26,
    "grossProfitMargin" : 77.47,
    "grossProfit" : 794.73,
    "operatingProfitMargin" : 24.29,
    "operatingProfit" : 249.18,
    "netProfitMargin" : 10.17,
    "netProfit" : 104.33
  }, {
    "date" : "2021-06-30",
    "sales" : 878.99,
    "salesGrowthYoY" : 131.14,
    "grossProfitMargin" : 77.23,
    "grossProfit" : 678.84,
    "operatingProfitMargin" : 24.06,
    "operatingProfit" : 211.48,
    "netProfitMargin" : 7.59,
    "netProfit" : 66.72
  }, {
    "date" : "2021-09-30",
    "sales" : 1100.72,
    "salesGrowthYoY" : 36.65,
    "grossProfitMargin" : 78.25,
    "grossProfit" : 861.31,
    "operatingProfitMargin" : 25.99,
    "operatingProfit" : 286.08,
    "netProfitMargin" : 11.13,
    "netProfit" : 122.51
  }, {
    "date" : "2021-12-31",
    "sales" : 1193.50,
    "salesGrowthYoY" : 12.89,
    "grossProfitMargin" : 77.61,
    "grossProfit" : 926.28,
    "operatingProfitMargin" : 26.59,
    "operatingProfit" : 317.35,
    "netProfitMargin" : 11.51,
    "netProfit" : 137.37
  }, {
    "date" : "2022-03-31",
    "sales" : 1157.89,
    "salesGrowthYoY" : 12.87,
    "grossProfitMargin" : 76.91,
    "grossProfit" : 890.53,
    "operatingProfitMargin" : 25.02,
    "operatingProfit" : 289.70,
    "netProfitMargin" : 10.05,
    "netProfit" : 116.37
  }, {
    "date" : "2022-06-30",
    "sales" : 1240.27,
    "salesGrowthYoY" : 41.10,
    "grossProfitMargin" : 76.71,
    "grossProfit" : 951.41,
    "operatingProfitMargin" : 24.55,
    "operatingProfit" : 304.49,
    "netProfitMargin" : 9.72,
    "netProfit" : 120.55
  }, {
    "date" : "2022-09-30",
    "sales" : 1286.77,
    "salesGrowthYoY" : 16.90,
    "grossProfitMargin" : 76.25,
    "grossProfit" : 981.16,
    "operatingProfitMargin" : 24.28,
    "operatingProfit" : 312.43,
    "netProfitMargin" : 9.26,
    "netProfit" : 119.15
  }, {
    "date" : "2022-12-31",
    "sales" : 1316.64,
    "salesGrowthYoY" : 10.32,
    "grossProfitMargin" : 75.47,
    "grossProfit" : 993.67,
    "operatingProfitMargin" : 22.03,
    "operatingProfit" : 290.06,
    "netProfitMargin" : 6.73,
    "netProfit" : 88.61
  }, {
    "date" : "2023-03-31",
    "sales" : 1252.31,
    "salesGrowthYoY" : 8.15,
    "grossProfitMargin" : 75.27,
    "grossProfit" : 942.61,
    "operatingProfitMargin" : 20.14,
    "operatingProfit" : 252.22,
    "netProfitMargin" : 4.84,
    "netProfit" : 60.61
  }, {
    "date" : "2023-06-30",
    "sales" : 1309.66,
    "salesGrowthYoY" : 5.59,
    "grossProfitMargin" : 76.02,
    "grossProfit" : 995.60,
    "operatingProfitMargin" : 21.10,
    "operatingProfit" : 276.34,
    "netProfitMargin" : 5.74,
    "netProfit" : 75.17
  }, {
    "date" : "2023-09-30",
    "sales" : 1344.83,
    "salesGrowthYoY" : 4.51,
    "grossProfitMargin" : 76.40,
    "grossProfit" : 1027.45,
    "operatingProfitMargin" : 20.87,
    "operatingProfit" : 280.67,
    "netProfitMargin" : 5.36,
    "netProfit" : 72.08
  }, {
    "date" : "2023-12-31",
    "sales" : 1355.06,
    "salesGrowthYoY" : 2.92,
    "grossProfitMargin" : 76.65,
    "grossProfit" : 1038.65,
    "operatingProfitMargin" : 20.87,
    "operatingProfit" : 282.80,
    "netProfitMargin" : 4.50,
    "netProfit" : 60.98
  }, {
    "date" : "2024-03-31",
    "sales" : 1332.30,
    "salesGrowthYoY" : 6.39,
    "grossProfitMargin" : 76.63,
    "grossProfit" : 1020.94,
    "operatingProfitMargin" : 19.16,
    "operatingProfit" : 255.27,
    "netProfitMargin" : 2.52,
    "netProfit" : 33.57
  }, {
    "date" : "2024-06-30",
    "sales" : 1439.56,
    "salesGrowthYoY" : 9.92,
    "grossProfitMargin" : 76.10,
    "grossProfit" : 1095.51,
    "operatingProfitMargin" : 19.32,
    "operatingProfit" : 278.12,
    "netProfitMargin" : 3.58,
    "netProfit" : 51.54
  }, {
    "date" : "2024-09-30",
    "sales" : 1466.88,
    "salesGrowthYoY" : 9.08,
    "grossProfitMargin" : 76.06,
    "grossProfit" : 1115.71,
    "operatingProfitMargin" : 19.38,
    "operatingProfit" : 284.28,
    "netProfitMargin" : 3.55,
    "netProfit" : 52.07
  }, {
    "date" : "2024-12-31",
    "sales" : 1611.06,
    "salesGrowthYoY" : 18.89,
    "grossProfitMargin" : 75.06,
    "grossProfit" : 1209.26,
    "operatingProfitMargin" : 19.41,
    "operatingProfit" : 312.71,
    "netProfitMargin" : 3.64,
    "netProfit" : 58.64
  }, {
    "date" : "2025-03-31",
    "sales" : 1587.17,
    "salesGrowthYoY" : 19.13,
    "grossProfitMargin" : 74.52,
    "grossProfit" : 1182.76,
    "operatingProfitMargin" : 19.25,
    "operatingProfit" : 305.53,
    "netProfitMargin" : 3.12,
    "netProfit" : 49.52
  }, {
    "date" : "2025-06-30",
    "sales" : 1701.58,
    "salesGrowthYoY" : 18.20,
    "grossProfitMargin" : 74.11,
    "grossProfit" : 1261.04,
    "operatingProfitMargin" : 19.00,
    "operatingProfit" : 323.30,
    "netProfitMargin" : 3.92,
    "netProfit" : 66.70
  }, {
    "date" : "2025-09-30",
    "sales" : 1698.67,
    "salesGrowthYoY" : 15.80,
    "grossProfitMargin" : 74.37,
    "grossProfit" : 1263.30,
    "operatingProfitMargin" : 19.39,
    "operatingProfit" : 329.37,
    "netProfitMargin" : 3.76,
    "netProfit" : 63.87
  } ],
  "latestQuarterlyResult" : {
    "date" : "2025-09-30",
    "sales" : 1698.67,
    "salesGrowthYoY" : 15.80,
    "grossProfitMargin" : 74.37,
    "grossProfit" : 1263.30,
    "operatingProfitMargin" : 19.39,
    "operatingProfit" : 329.37,
    "netProfitMargin" : 3.76,
    "netProfit" : 63.87
  },
  "companyScore" : {
    "priceHigherThanDma50" : 0.00,
    "priceHigherThanDma100" : 0.00,
    "priceHigherThanDma200" : 0.00,
    "dma50HigherThanDma100" : 0.00,
    "dma50HigherThanDma200" : 0.00,
    "dma100HigherThanDma200" : 0.00,
    "pricePercentageAboveDma50" : 5.03,
    "pricePercentageAboveDma100" : 5.17,
    "pricePercentageAboveDma200" : 5.26,
    "weeklyVolumeHigherThanYearlyVolume" : 0.00,
    "salesGrowthPercentile" : 8.79,
    "operatingProfitMarginPercentile" : 14.86,
    "netProfitMarginPercentile" : 7.39,
    "totalTechnicalScore" : 15.45,
    "totalFundamentalScore" : 31.04,
    "totalScore" : 46.49
  }
}