{
  "metadata" : {
    "screenerCompanyId" : "1685",
    "companyCode" : "KAJARIACER",
    "companyName" : "Kajaria Ceramics",
    "screenerCompanyLink" : "https://www.screener.in/company/KAJARIACER/consolidated/",
    "screenerTechnicalHistoryLink" : "https://www.screener.in/api/company/1685/chart/?q=Price-DMA50-DMA200-Volume&days=365",
    "screenerQuarterlyResultsLink" : "https://www.screener.in/api/company/1685/chart/?q=GPM-OPM-NPM-Quarter+Sales&days=10000",
    "attributes" : {
      "companyCode" : "KAJARIACER",
      "companyName" : "Kajaria Ceramics",
      "marketCap" : 16783.00,
      "peRatio" : 41.80,
      "description" : "Kajaria Ceramics Ltd is primarily engaged in manufacturing and trading of ceramic and vitrified tiles in India.[1] It is the largest manufacturer of ceramic/ vitrified tiles in India and 8th largest in the world.[2]"
    },
    "companyScore" : {
      "priceHigherThanDma50" : 0.00,
      "priceHigherThanDma100" : 0.00,
      "priceHigherThanDma200" : 0.00,
      "dma50HigherThanDma100" : 0.00,
      "dma50HigherThanDma200" : 0.00,
      "dma100HigherThanDma200" : 5.00,
      "pricePercentageAboveDma50" : 5.27,
      "pricePercentageAboveDma100" : 5.53,
      "pricePercentageAboveDma200" : 5.33,
      "weeklyVolumeHigherThanYearlyVolume" : 0.00,
      "salesGrowthPercentile" : 7.97,
      "operatingProfitMarginPercentile" : 13.73,
      "netProfitMarginPercentile" : 9.04,
      "totalTechnicalScore" : 21.13,
      "totalFundamentalScore" : 30.74,
      "totalScore" : 51.88
    }
  },
  "attributes" : {
    "companyCode" : "KAJARIACER",
    "companyName" : "Kajaria Ceramics",
    "marketCap" : 16783.00,
    "peRatio" : 41.80,
    "description" : "Kajaria Ceramics Ltd is primarily engaged in manufacturing and trading of ceramic and vitrified tiles in India.[1] It is the largest manufacturer of ceramic/ vitrified tiles in India and 8th largest in the world.[2]"
  },
  "technicalHistory" : [ {
    "date" : "2024-12-23",
    "price" : 1132.15,
    "dma50" : 1226.49,
    "dma100" : null,
    "dma200" : 1299.04,
    "volume" : 49973.00
  }, {
    "date" : "2024-12-24",
    "price" : 1129.45,
    "dma50" : 1222.68,
    "dma100" : null,
    "dma200" : 1297.35,
    "volume" : 65326.00
  }, {
    "date" : "2024-12-26",
    "price" : 1110.15,
    "dma50" : 1218.27,
    "dma100" : null,
    "dma200" : 1295.49,
    "volume" : 183359.00
  }, {
    "date" : "2024-12-27",
    "price" : 1118.40,
    "dma50" : 1214.35,
    "dma100" : null,
    "dma200" : 1293.73,
    "volume" : 77549.00
  }, {
    "date" : "2024-12-30",
    "price" : 1146.95,
    "dma50" : 1211.71,
    "dma100" : null,
    "dma200" : 1292.27,
    "volume" : 805436.00
  }, {
    "date" : "2024-12-31",
    "price" : 1158.95,
    "dma50" : 1209.64,
    "dma100" : null,
    "dma200" : 1290.94,
    "volume" : 119504.00
  }, {
    "date" : "2025-01-01",
    "price" : 1172.30,
    "dma50" : 1208.17,
    "dma100" : null,
    "dma200" : 1289.76,
    "volume" : 103830.00
  }, {
    "date" : "2025-01-02",
    "price" : 1144.70,
    "dma50" : 1205.69,
    "dma100" : null,
    "dma200" : 1288.32,
    "volume" : 161862.00
  }, {
    "date" : "2025-01-03",
    "price" : 1138.95,
    "dma50" : 1203.07,
    "dma100" : null,
    "dma200" : 1286.83,
    "volume" : 159214.00
  }, {
    "date" : "2025-01-06",
    "price" : 1107.20,
    "dma50" : 1199.31,
    "dma100" : null,
    "dma200" : 1285.04,
    "volume" : 196516.00
  }, {
    "date" : "2025-01-07",
    "price" : 1083.70,
    "dma50" : 1194.78,
    "dma100" : null,
    "dma200" : 1283.04,
    "volume" : 312609.00
  }, {
    "date" : "2025-01-08",
    "price" : 1060.70,
    "dma50" : 1189.52,
    "dma100" : null,
    "dma200" : 1280.83,
    "volume" : 313691.00
  }, {
    "date" : "2025-01-09",
    "price" : 1082.15,
    "dma50" : 1185.31,
    "dma100" : null,
    "dma200" : 1278.85,
    "volume" : 109314.00
  }, {
    "date" : "2025-01-10",
    "price" : 1071.25,
    "dma50" : 1180.83,
    "dma100" : null,
    "dma200" : 1276.78,
    "volume" : 204763.00
  }, {
    "date" : "2025-01-13",
    "price" : 1020.30,
    "dma50" : 1174.54,
    "dma100" : null,
    "dma200" : 1274.23,
    "volume" : 431613.00
  }, {
    "date" : "2025-01-14",
    "price" : 1032.65,
    "dma50" : 1168.97,
    "dma100" : null,
    "dma200" : 1271.83,
    "volume" : 235747.00
  }, {
    "date" : "2025-01-15",
    "price" : 1046.15,
    "dma50" : 1164.16,
    "dma100" : null,
    "dma200" : 1269.58,
    "volume" : 710729.00
  }, {
    "date" : "2025-01-16",
    "price" : 1062.65,
    "dma50" : 1160.18,
    "dma100" : null,
    "dma200" : 1267.52,
    "volume" : 113473.00
  }, {
    "date" : "2025-01-17",
    "price" : 1054.75,
    "dma50" : 1156.04,
    "dma100" : null,
    "dma200" : 1265.41,
    "volume" : 57114.00
  }, {
    "date" : "2025-01-20",
    "price" : 1055.80,
    "dma50" : 1152.11,
    "dma100" : null,
    "dma200" : 1263.32,
    "volume" : 52786.00
  }, {
    "date" : "2025-01-21",
    "price" : 1043.70,
    "dma50" : 1147.86,
    "dma100" : null,
    "dma200" : 1261.14,
    "volume" : 114048.00
  }, {
    "date" : "2025-01-22",
    "price" : 1031.65,
    "dma50" : 1143.30,
    "dma100" : null,
    "dma200" : 1258.85,
    "volume" : 595299.00
  }, {
    "date" : "2025-01-23",
    "price" : 1046.30,
    "dma50" : 1139.50,
    "dma100" : null,
    "dma200" : 1256.74,
    "volume" : 42018.00
  }, {
    "date" : "2025-01-24",
    "price" : 1039.70,
    "dma50" : 1135.59,
    "dma100" : null,
    "dma200" : 1254.58,
    "volume" : 73191.00
  }, {
    "date" : "2025-01-27",
    "price" : 1007.70,
    "dma50" : 1130.57,
    "dma100" : null,
    "dma200" : 1252.12,
    "volume" : 147711.00
  }, {
    "date" : "2025-01-28",
    "price" : 989.30,
    "dma50" : 1125.03,
    "dma100" : null,
    "dma200" : 1249.51,
    "volume" : 188820.00
  }, {
    "date" : "2025-01-29",
    "price" : 1000.65,
    "dma50" : 1120.15,
    "dma100" : null,
    "dma200" : 1247.03,
    "volume" : 189991.00
  }, {
    "date" : "2025-01-30",
    "price" : 995.15,
    "dma50" : 1115.25,
    "dma100" : null,
    "dma200" : 1244.52,
    "volume" : 89621.00
  }, {
    "date" : "2025-01-31",
    "price" : 991.40,
    "dma50" : 1110.39,
    "dma100" : null,
    "dma200" : 1242.01,
    "volume" : 150256.00
  }, {
    "date" : "2025-02-01",
    "price" : 993.35,
    "dma50" : 1105.80,
    "dma100" : null,
    "dma200" : 1239.53,
    "volume" : 257733.00
  }, {
    "date" : "2025-02-03",
    "price" : 983.45,
    "dma50" : 1101.01,
    "dma100" : null,
    "dma200" : 1236.98,
    "volume" : 165379.00
  }, {
    "date" : "2025-02-04",
    "price" : 959.85,
    "dma50" : 1095.47,
    "dma100" : null,
    "dma200" : 1234.23,
    "volume" : 349773.00
  }, {
    "date" : "2025-02-05",
    "price" : 979.95,
    "dma50" : 1090.94,
    "dma100" : null,
    "dma200" : 1231.70,
    "volume" : 553927.00
  }, {
    "date" : "2025-02-06",
    "price" : 973.20,
    "dma50" : 1086.32,
    "dma100" : null,
    "dma200" : 1229.12,
    "volume" : 165444.00
  }, {
    "date" : "2025-02-07",
    "price" : 969.00,
    "dma50" : 1081.72,
    "dma100" : null,
    "dma200" : 1226.54,
    "volume" : 126726.00
  }, {
    "date" : "2025-02-10",
    "price" : 958.55,
    "dma50" : 1076.89,
    "dma100" : null,
    "dma200" : 1223.87,
    "volume" : 175572.00
  }, {
    "date" : "2025-02-11",
    "price" : 939.30,
    "dma50" : 1071.50,
    "dma100" : null,
    "dma200" : 1221.04,
    "volume" : 174961.00
  }, {
    "date" : "2025-02-12",
    "price" : 921.50,
    "dma50" : 1065.61,
    "dma100" : null,
    "dma200" : 1218.06,
    "volume" : 165192.00
  }, {
    "date" : "2025-02-13",
    "price" : 929.75,
    "dma50" : 1060.29,
    "dma100" : null,
    "dma200" : 1215.19,
    "volume" : 375221.00
  }, {
    "date" : "2025-02-14",
    "price" : 911.15,
    "dma50" : 1054.44,
    "dma100" : null,
    "dma200" : 1212.16,
    "volume" : 493178.00
  }, {
    "date" : "2025-02-17",
    "price" : 890.35,
    "dma50" : 1048.00,
    "dma100" : null,
    "dma200" : 1208.96,
    "volume" : 216760.00
  }, {
    "date" : "2025-02-18",
    "price" : 870.80,
    "dma50" : 1041.05,
    "dma100" : null,
    "dma200" : 1205.60,
    "volume" : 237334.00
  }, {
    "date" : "2025-02-19",
    "price" : 880.75,
    "dma50" : 1034.77,
    "dma100" : null,
    "dma200" : 1202.36,
    "volume" : 245071.00
  }, {
    "date" : "2025-02-20",
    "price" : 873.15,
    "dma50" : 1028.43,
    "dma100" : null,
    "dma200" : 1199.09,
    "volume" : 329725.00
  }, {
    "date" : "2025-02-21",
    "price" : 881.35,
    "dma50" : 1022.66,
    "dma100" : null,
    "dma200" : 1195.93,
    "volume" : 602513.00
  }, {
    "date" : "2025-02-24",
    "price" : 862.80,
    "dma50" : 1016.39,
    "dma100" : null,
    "dma200" : 1192.61,
    "volume" : 217131.00
  }, {
    "date" : "2025-02-25",
    "price" : 874.30,
    "dma50" : 1010.82,
    "dma100" : null,
    "dma200" : 1189.44,
    "volume" : 175620.00
  }, {
    "date" : "2025-02-27",
    "price" : 874.75,
    "dma50" : 1005.48,
    "dma100" : null,
    "dma200" : 1186.31,
    "volume" : 110355.00
  }, {
    "date" : "2025-02-28",
    "price" : 852.30,
    "dma50" : 999.48,
    "dma100" : null,
    "dma200" : 1182.99,
    "volume" : 185247.00
  }, {
    "date" : "2025-03-03",
    "price" : 859.00,
    "dma50" : 993.97,
    "dma100" : null,
    "dma200" : 1179.77,
    "volume" : 144179.00
  }, {
    "date" : "2025-03-04",
    "price" : 865.70,
    "dma50" : 988.94,
    "dma100" : null,
    "dma200" : 1176.64,
    "volume" : 139652.00
  }, {
    "date" : "2025-03-05",
    "price" : 874.20,
    "dma50" : 984.44,
    "dma100" : null,
    "dma200" : 1173.63,
    "volume" : 261965.00
  }, {
    "date" : "2025-03-06",
    "price" : 886.00,
    "dma50" : 980.58,
    "dma100" : null,
    "dma200" : 1170.77,
    "volume" : 157778.00
  }, {
    "date" : "2025-03-07",
    "price" : 876.55,
    "dma50" : 976.50,
    "dma100" : null,
    "dma200" : 1167.84,
    "volume" : 125461.00
  }, {
    "date" : "2025-03-10",
    "price" : 878.05,
    "dma50" : 972.64,
    "dma100" : null,
    "dma200" : 1164.96,
    "volume" : 153476.00
  }, {
    "date" : "2025-03-11",
    "price" : 885.15,
    "dma50" : 969.21,
    "dma100" : null,
    "dma200" : 1162.17,
    "volume" : 168881.00
  }, {
    "date" : "2025-03-12",
    "price" : 874.55,
    "dma50" : 965.49,
    "dma100" : null,
    "dma200" : 1159.31,
    "volume" : 197415.00
  }, {
    "date" : "2025-03-13",
    "price" : 860.10,
    "dma50" : 961.36,
    "dma100" : null,
    "dma200" : 1156.33,
    "volume" : 153818.00
  }, {
    "date" : "2025-03-17",
    "price" : 870.20,
    "dma50" : 957.79,
    "dma100" : null,
    "dma200" : 1153.49,
    "volume" : 122640.00
  }, {
    "date" : "2025-03-18",
    "price" : 885.20,
    "dma50" : 954.94,
    "dma100" : null,
    "dma200" : 1150.82,
    "volume" : 238457.00
  }, {
    "date" : "2025-03-19",
    "price" : 903.80,
    "dma50" : 952.93,
    "dma100" : null,
    "dma200" : 1148.36,
    "volume" : 191040.00
  }, {
    "date" : "2025-03-20",
    "price" : 891.95,
    "dma50" : 950.54,
    "dma100" : null,
    "dma200" : 1145.81,
    "volume" : 157902.00
  }, {
    "date" : "2025-03-21",
    "price" : 885.05,
    "dma50" : 947.97,
    "dma100" : null,
    "dma200" : 1143.21,
    "volume" : 273812.00
  }, {
    "date" : "2025-03-24",
    "price" : 890.25,
    "dma50" : 945.71,
    "dma100" : null,
    "dma200" : 1140.70,
    "volume" : 301179.00
  }, {
    "date" : "2025-03-25",
    "price" : 890.60,
    "dma50" : 943.55,
    "dma100" : null,
    "dma200" : 1138.21,
    "volume" : 198909.00
  }, {
    "date" : "2025-03-26",
    "price" : 890.35,
    "dma50" : 941.46,
    "dma100" : null,
    "dma200" : 1135.74,
    "volume" : 148402.00
  }, {
    "date" : "2025-03-27",
    "price" : 878.65,
    "dma50" : 939.00,
    "dma100" : null,
    "dma200" : 1133.18,
    "volume" : 295928.00
  }, {
    "date" : "2025-03-28",
    "price" : 858.90,
    "dma50" : 935.86,
    "dma100" : null,
    "dma200" : 1130.46,
    "volume" : 266172.00
  }, {
    "date" : "2025-04-01",
    "price" : 848.45,
    "dma50" : 932.43,
    "dma100" : null,
    "dma200" : 1127.65,
    "volume" : 173231.00
  }, {
    "date" : "2025-04-02",
    "price" : 830.50,
    "dma50" : 928.43,
    "dma100" : null,
    "dma200" : 1124.69,
    "volume" : 557283.00
  }, {
    "date" : "2025-04-03",
    "price" : 827.80,
    "dma50" : 924.49,
    "dma100" : null,
    "dma200" : 1121.74,
    "volume" : 466444.00
  }, {
    "date" : "2025-04-04",
    "price" : 803.65,
    "dma50" : 919.75,
    "dma100" : null,
    "dma200" : 1118.57,
    "volume" : 322844.00
  }, {
    "date" : "2025-04-07",
    "price" : 785.10,
    "dma50" : 914.47,
    "dma100" : null,
    "dma200" : 1115.25,
    "volume" : 309676.00
  }, {
    "date" : "2025-04-08",
    "price" : 788.40,
    "dma50" : 909.52,
    "dma100" : null,
    "dma200" : 1112.00,
    "volume" : 532058.00
  }, {
    "date" : "2025-04-09",
    "price" : 779.45,
    "dma50" : 904.42,
    "dma100" : null,
    "dma200" : 1108.69,
    "volume" : 539973.00
  }, {
    "date" : "2025-04-11",
    "price" : 801.20,
    "dma50" : 900.38,
    "dma100" : null,
    "dma200" : 1105.63,
    "volume" : 1536745.00
  }, {
    "date" : "2025-04-15",
    "price" : 808.00,
    "dma50" : 896.75,
    "dma100" : null,
    "dma200" : 1102.67,
    "volume" : 435015.00
  }, {
    "date" : "2025-04-16",
    "price" : 791.05,
    "dma50" : 892.61,
    "dma100" : null,
    "dma200" : 1099.57,
    "volume" : 1482951.00
  }, {
    "date" : "2025-04-17",
    "price" : 812.35,
    "dma50" : 889.46,
    "dma100" : null,
    "dma200" : 1096.71,
    "volume" : 427642.00
  }, {
    "date" : "2025-04-21",
    "price" : 819.35,
    "dma50" : 886.71,
    "dma100" : null,
    "dma200" : 1093.95,
    "volume" : 772830.00
  }, {
    "date" : "2025-04-22",
    "price" : 814.10,
    "dma50" : 883.86,
    "dma100" : null,
    "dma200" : 1091.17,
    "volume" : 2616543.00
  }, {
    "date" : "2025-04-23",
    "price" : 812.05,
    "dma50" : 881.05,
    "dma100" : null,
    "dma200" : 1088.39,
    "volume" : 1589395.00
  }, {
    "date" : "2025-04-24",
    "price" : 817.20,
    "dma50" : 878.54,
    "dma100" : null,
    "dma200" : 1085.69,
    "volume" : 363376.00
  }, {
    "date" : "2025-04-25",
    "price" : 799.90,
    "dma50" : 875.46,
    "dma100" : null,
    "dma200" : 1082.85,
    "volume" : 406404.00
  }, {
    "date" : "2025-04-28",
    "price" : 800.60,
    "dma50" : 872.52,
    "dma100" : null,
    "dma200" : 1080.04,
    "volume" : 348698.00
  }, {
    "date" : "2025-04-29",
    "price" : 815.50,
    "dma50" : 870.29,
    "dma100" : null,
    "dma200" : 1077.41,
    "volume" : 753461.00
  }, {
    "date" : "2025-04-30",
    "price" : 804.50,
    "dma50" : 867.71,
    "dma100" : null,
    "dma200" : 1074.69,
    "volume" : 701790.00
  }, {
    "date" : "2025-05-02",
    "price" : 818.25,
    "dma50" : 865.77,
    "dma100" : null,
    "dma200" : 1072.14,
    "volume" : 564660.00
  }, {
    "date" : "2025-05-05",
    "price" : 822.05,
    "dma50" : 864.05,
    "dma100" : null,
    "dma200" : 1069.65,
    "volume" : 276397.00
  }, {
    "date" : "2025-05-06",
    "price" : 799.65,
    "dma50" : 861.53,
    "dma100" : null,
    "dma200" : 1066.97,
    "volume" : 1482038.00
  }, {
    "date" : "2025-05-07",
    "price" : 829.20,
    "dma50" : 860.26,
    "dma100" : null,
    "dma200" : 1064.60,
    "volume" : 2404297.00
  }, {
    "date" : "2025-05-08",
    "price" : 829.20,
    "dma50" : 859.04,
    "dma100" : null,
    "dma200" : 1062.26,
    "volume" : 1195686.00
  }, {
    "date" : "2025-05-09",
    "price" : 855.75,
    "dma50" : 858.91,
    "dma100" : null,
    "dma200" : 1060.20,
    "volume" : 1057981.00
  }, {
    "date" : "2025-05-12",
    "price" : 844.75,
    "dma50" : 858.36,
    "dma100" : null,
    "dma200" : 1058.06,
    "volume" : 484476.00
  }, {
    "date" : "2025-05-13",
    "price" : 850.25,
    "dma50" : 858.04,
    "dma100" : null,
    "dma200" : 1055.99,
    "volume" : 542709.00
  }, {
    "date" : "2025-05-14",
    "price" : 866.10,
    "dma50" : 858.36,
    "dma100" : null,
    "dma200" : 1054.10,
    "volume" : 1594537.00
  }, {
    "date" : "2025-05-15",
    "price" : 931.30,
    "dma50" : 861.22,
    "dma100" : null,
    "dma200" : 1052.88,
    "volume" : 2202672.00
  }, {
    "date" : "2025-05-16",
    "price" : 947.80,
    "dma50" : 864.61,
    "dma100" : null,
    "dma200" : 1051.84,
    "volume" : 697777.00
  }, {
    "date" : "2025-05-19",
    "price" : 981.15,
    "dma50" : 869.18,
    "dma100" : null,
    "dma200" : 1051.13,
    "volume" : 1439257.00
  }, {
    "date" : "2025-05-20",
    "price" : 966.80,
    "dma50" : 873.01,
    "dma100" : null,
    "dma200" : 1050.29,
    "volume" : 578023.00
  }, {
    "date" : "2025-05-21",
    "price" : 1003.90,
    "dma50" : 878.14,
    "dma100" : 927.32,
    "dma200" : 1049.83,
    "volume" : 663864.00
  }, {
    "date" : "2025-05-22",
    "price" : 994.40,
    "dma50" : 882.70,
    "dma100" : 925.97,
    "dma200" : 1049.28,
    "volume" : 604046.00
  }, {
    "date" : "2025-05-23",
    "price" : 994.05,
    "dma50" : 887.07,
    "dma100" : 924.81,
    "dma200" : 1048.73,
    "volume" : 957276.00
  }, {
    "date" : "2025-05-26",
    "price" : 1049.50,
    "dma50" : 893.44,
    "dma100" : 924.12,
    "dma200" : 1048.74,
    "volume" : 903360.00
  }, {
    "date" : "2025-05-27",
    "price" : 1021.80,
    "dma50" : 898.47,
    "dma100" : 922.87,
    "dma200" : 1048.47,
    "volume" : 404756.00
  }, {
    "date" : "2025-05-28",
    "price" : 1042.85,
    "dma50" : 904.13,
    "dma100" : 921.71,
    "dma200" : 1048.41,
    "volume" : 325987.00
  }, {
    "date" : "2025-05-29",
    "price" : 1049.85,
    "dma50" : 909.85,
    "dma100" : 920.48,
    "dma200" : 1048.43,
    "volume" : 471976.00
  }, {
    "date" : "2025-05-30",
    "price" : 1039.75,
    "dma50" : 914.94,
    "dma100" : 919.43,
    "dma200" : 1048.34,
    "volume" : 232350.00
  }, {
    "date" : "2025-06-02",
    "price" : 1055.20,
    "dma50" : 920.44,
    "dma100" : 918.59,
    "dma200" : 1048.41,
    "volume" : 333228.00
  }, {
    "date" : "2025-06-03",
    "price" : 1032.70,
    "dma50" : 924.85,
    "dma100" : 917.85,
    "dma200" : 1048.25,
    "volume" : 148576.00
  }, {
    "date" : "2025-06-04",
    "price" : 1024.30,
    "dma50" : 928.75,
    "dma100" : 917.26,
    "dma200" : 1048.02,
    "volume" : 109625.00
  }, {
    "date" : "2025-06-05",
    "price" : 1012.80,
    "dma50" : 932.04,
    "dma100" : 916.78,
    "dma200" : 1047.67,
    "volume" : 250616.00
  }, {
    "date" : "2025-06-06",
    "price" : 1012.40,
    "dma50" : 935.19,
    "dma100" : 916.08,
    "dma200" : 1047.31,
    "volume" : 121809.00
  }, {
    "date" : "2025-06-09",
    "price" : 1032.00,
    "dma50" : 938.99,
    "dma100" : 915.69,
    "dma200" : 1047.16,
    "volume" : 318189.00
  }, {
    "date" : "2025-06-10",
    "price" : 1064.80,
    "dma50" : 943.92,
    "dma100" : 916.13,
    "dma200" : 1047.34,
    "volume" : 805877.00
  }, {
    "date" : "2025-06-11",
    "price" : 1057.00,
    "dma50" : 948.36,
    "dma100" : 916.37,
    "dma200" : 1047.43,
    "volume" : 343531.00
  }, {
    "date" : "2025-06-12",
    "price" : 1051.50,
    "dma50" : 952.40,
    "dma100" : 916.43,
    "dma200" : 1047.47,
    "volume" : 281195.00
  }, {
    "date" : "2025-06-13",
    "price" : 1041.50,
    "dma50" : 955.90,
    "dma100" : 916.22,
    "dma200" : 1047.41,
    "volume" : 307943.00
  }, {
    "date" : "2025-06-16",
    "price" : 1033.90,
    "dma50" : 958.96,
    "dma100" : 916.01,
    "dma200" : 1047.28,
    "volume" : 205933.00
  }, {
    "date" : "2025-06-17",
    "price" : 1023.10,
    "dma50" : 961.47,
    "dma100" : 915.68,
    "dma200" : 1047.04,
    "volume" : 130710.00
  }, {
    "date" : "2025-06-18",
    "price" : 1020.90,
    "dma50" : 963.80,
    "dma100" : 915.45,
    "dma200" : 1046.78,
    "volume" : 175220.00
  }, {
    "date" : "2025-06-19",
    "price" : 1020.60,
    "dma50" : 966.03,
    "dma100" : 915.34,
    "dma200" : 1046.52,
    "volume" : 338802.00
  }, {
    "date" : "2025-06-20",
    "price" : 1022.40,
    "dma50" : 968.24,
    "dma100" : 915.10,
    "dma200" : 1046.28,
    "volume" : 200691.00
  }, {
    "date" : "2025-06-23",
    "price" : 1054.10,
    "dma50" : 971.61,
    "dma100" : 915.25,
    "dma200" : 1046.36,
    "volume" : 484765.00
  }, {
    "date" : "2025-06-24",
    "price" : 1105.30,
    "dma50" : 976.85,
    "dma100" : 916.22,
    "dma200" : 1046.94,
    "volume" : 819968.00
  }, {
    "date" : "2025-06-25",
    "price" : 1105.70,
    "dma50" : 981.90,
    "dma100" : 917.39,
    "dma200" : 1047.53,
    "volume" : 547686.00
  }, {
    "date" : "2025-06-26",
    "price" : 1118.80,
    "dma50" : 987.27,
    "dma100" : 918.57,
    "dma200" : 1048.24,
    "volume" : 233315.00
  }, {
    "date" : "2025-06-27",
    "price" : 1088.80,
    "dma50" : 991.25,
    "dma100" : 919.51,
    "dma200" : 1048.64,
    "volume" : 738358.00
  }, {
    "date" : "2025-06-30",
    "price" : 1081.00,
    "dma50" : 994.77,
    "dma100" : 920.40,
    "dma200" : 1048.96,
    "volume" : 233379.00
  }, {
    "date" : "2025-07-01",
    "price" : 1074.60,
    "dma50" : 997.90,
    "dma100" : 921.21,
    "dma200" : 1049.22,
    "volume" : 1264314.00
  }, {
    "date" : "2025-07-02",
    "price" : 1120.60,
    "dma50" : 1002.71,
    "dma100" : 922.59,
    "dma200" : 1049.93,
    "volume" : 2147678.00
  }, {
    "date" : "2025-07-03",
    "price" : 1140.60,
    "dma50" : 1008.12,
    "dma100" : 924.39,
    "dma200" : 1050.83,
    "volume" : 866738.00
  }, {
    "date" : "2025-07-04",
    "price" : 1150.30,
    "dma50" : 1013.70,
    "dma100" : 926.10,
    "dma200" : 1051.82,
    "volume" : 241348.00
  }, {
    "date" : "2025-07-07",
    "price" : 1167.40,
    "dma50" : 1019.72,
    "dma100" : 928.04,
    "dma200" : 1052.97,
    "volume" : 291766.00
  }, {
    "date" : "2025-07-08",
    "price" : 1168.70,
    "dma50" : 1025.57,
    "dma100" : 930.04,
    "dma200" : 1054.12,
    "volume" : 353348.00
  }, {
    "date" : "2025-07-09",
    "price" : 1183.90,
    "dma50" : 1031.78,
    "dma100" : 932.29,
    "dma200" : 1055.41,
    "volume" : 274522.00
  }, {
    "date" : "2025-07-10",
    "price" : 1195.40,
    "dma50" : 1038.19,
    "dma100" : 934.85,
    "dma200" : 1056.81,
    "volume" : 433983.00
  }, {
    "date" : "2025-07-11",
    "price" : 1179.30,
    "dma50" : 1043.73,
    "dma100" : 937.43,
    "dma200" : 1058.02,
    "volume" : 908302.00
  }, {
    "date" : "2025-07-14",
    "price" : 1183.70,
    "dma50" : 1049.22,
    "dma100" : 939.97,
    "dma200" : 1059.28,
    "volume" : 825699.00
  }, {
    "date" : "2025-07-15",
    "price" : 1185.30,
    "dma50" : 1054.55,
    "dma100" : 942.71,
    "dma200" : 1060.53,
    "volume" : 624618.00
  }, {
    "date" : "2025-07-16",
    "price" : 1183.60,
    "dma50" : 1059.61,
    "dma100" : 945.64,
    "dma200" : 1061.75,
    "volume" : 512042.00
  }, {
    "date" : "2025-07-17",
    "price" : 1228.90,
    "dma50" : 1066.25,
    "dma100" : 949.22,
    "dma200" : 1063.42,
    "volume" : 1350020.00
  }, {
    "date" : "2025-07-18",
    "price" : 1226.20,
    "dma50" : 1072.52,
    "dma100" : 952.68,
    "dma200" : 1065.04,
    "volume" : 250540.00
  }, {
    "date" : "2025-07-21",
    "price" : 1253.10,
    "dma50" : 1079.61,
    "dma100" : 956.48,
    "dma200" : 1066.91,
    "volume" : 522813.00
  }, {
    "date" : "2025-07-22",
    "price" : 1241.60,
    "dma50" : 1085.96,
    "dma100" : 960.08,
    "dma200" : 1068.65,
    "volume" : 1422381.00
  }, {
    "date" : "2025-07-23",
    "price" : 1214.50,
    "dma50" : 1091.00,
    "dma100" : 963.60,
    "dma200" : 1070.10,
    "volume" : 856678.00
  }, {
    "date" : "2025-07-24",
    "price" : 1179.10,
    "dma50" : 1094.45,
    "dma100" : 966.64,
    "dma200" : 1071.18,
    "volume" : 2758966.00
  }, {
    "date" : "2025-07-25",
    "price" : 1170.50,
    "dma50" : 1097.44,
    "dma100" : 969.60,
    "dma200" : 1072.17,
    "volume" : 624111.00
  }, {
    "date" : "2025-07-28",
    "price" : 1172.30,
    "dma50" : 1100.37,
    "dma100" : 972.80,
    "dma200" : 1073.17,
    "volume" : 1795244.00
  }, {
    "date" : "2025-07-29",
    "price" : 1162.70,
    "dma50" : 1102.82,
    "dma100" : 975.84,
    "dma200" : 1074.06,
    "volume" : 1795570.00
  }, {
    "date" : "2025-07-30",
    "price" : 1169.00,
    "dma50" : 1105.41,
    "dma100" : 978.87,
    "dma200" : 1075.00,
    "volume" : 297375.00
  }, {
    "date" : "2025-07-31",
    "price" : 1177.00,
    "dma50" : 1108.22,
    "dma100" : 981.90,
    "dma200" : 1076.02,
    "volume" : 7553119.00
  }, {
    "date" : "2025-08-01",
    "price" : 1183.50,
    "dma50" : 1111.17,
    "dma100" : 984.87,
    "dma200" : 1077.09,
    "volume" : 571630.00
  }, {
    "date" : "2025-08-04",
    "price" : 1189.80,
    "dma50" : 1114.25,
    "dma100" : 988.01,
    "dma200" : 1078.21,
    "volume" : 318541.00
  }, {
    "date" : "2025-08-05",
    "price" : 1187.00,
    "dma50" : 1117.11,
    "dma100" : 991.10,
    "dma200" : 1079.29,
    "volume" : 354170.00
  }, {
    "date" : "2025-08-06",
    "price" : 1190.10,
    "dma50" : 1119.97,
    "dma100" : 994.15,
    "dma200" : 1080.39,
    "volume" : 216430.00
  }, {
    "date" : "2025-08-07",
    "price" : 1264.20,
    "dma50" : 1125.63,
    "dma100" : 998.04,
    "dma200" : 1082.22,
    "volume" : 2476214.00
  }, {
    "date" : "2025-08-08",
    "price" : 1308.50,
    "dma50" : 1132.80,
    "dma100" : 1002.53,
    "dma200" : 1084.47,
    "volume" : 2035071.00
  }, {
    "date" : "2025-08-11",
    "price" : 1309.10,
    "dma50" : 1139.71,
    "dma100" : 1006.92,
    "dma200" : 1086.71,
    "volume" : 578940.00
  }, {
    "date" : "2025-08-12",
    "price" : 1257.00,
    "dma50" : 1144.31,
    "dma100" : 1010.63,
    "dma200" : 1088.40,
    "volume" : 454261.00
  }, {
    "date" : "2025-08-13",
    "price" : 1274.80,
    "dma50" : 1149.43,
    "dma100" : 1014.34,
    "dma200" : 1090.26,
    "volume" : 217870.00
  }, {
    "date" : "2025-08-14",
    "price" : 1267.80,
    "dma50" : 1154.07,
    "dma100" : 1018.10,
    "dma200" : 1092.02,
    "volume" : 114765.00
  }, {
    "date" : "2025-08-18",
    "price" : 1282.70,
    "dma50" : 1159.11,
    "dma100" : 1022.08,
    "dma200" : 1093.92,
    "volume" : 257772.00
  }, {
    "date" : "2025-08-19",
    "price" : 1292.20,
    "dma50" : 1164.33,
    "dma100" : 1026.10,
    "dma200" : 1095.89,
    "volume" : 337689.00
  }, {
    "date" : "2025-08-20",
    "price" : 1277.00,
    "dma50" : 1168.75,
    "dma100" : 1029.96,
    "dma200" : 1097.70,
    "volume" : 266200.00
  }, {
    "date" : "2025-08-21",
    "price" : 1276.50,
    "dma50" : 1172.98,
    "dma100" : 1033.82,
    "dma200" : 1099.48,
    "volume" : 246724.00
  }, {
    "date" : "2025-08-22",
    "price" : 1274.20,
    "dma50" : 1176.95,
    "dma100" : 1037.78,
    "dma200" : 1101.21,
    "volume" : 56492.00
  }, {
    "date" : "2025-08-25",
    "price" : 1263.60,
    "dma50" : 1180.34,
    "dma100" : 1041.83,
    "dma200" : 1102.83,
    "volume" : 116932.00
  }, {
    "date" : "2025-08-26",
    "price" : 1240.60,
    "dma50" : 1182.71,
    "dma100" : 1045.75,
    "dma200" : 1104.20,
    "volume" : 247912.00
  }, {
    "date" : "2025-08-28",
    "price" : 1221.40,
    "dma50" : 1184.23,
    "dma100" : 1049.66,
    "dma200" : 1105.37,
    "volume" : 118985.00
  }, {
    "date" : "2025-08-29",
    "price" : 1209.60,
    "dma50" : 1185.22,
    "dma100" : 1053.47,
    "dma200" : 1106.40,
    "volume" : 207324.00
  }, {
    "date" : "2025-09-01",
    "price" : 1225.80,
    "dma50" : 1186.81,
    "dma100" : 1057.70,
    "dma200" : 1107.59,
    "volume" : 173190.00
  }, {
    "date" : "2025-09-02",
    "price" : 1209.80,
    "dma50" : 1187.71,
    "dma100" : 1061.94,
    "dma200" : 1108.61,
    "volume" : 374925.00
  }, {
    "date" : "2025-09-03",
    "price" : 1233.20,
    "dma50" : 1189.50,
    "dma100" : 1066.39,
    "dma200" : 1109.85,
    "volume" : 311388.00
  }, {
    "date" : "2025-09-04",
    "price" : 1242.40,
    "dma50" : 1191.57,
    "dma100" : 1071.02,
    "dma200" : 1111.17,
    "volume" : 221553.00
  }, {
    "date" : "2025-09-05",
    "price" : 1223.10,
    "dma50" : 1192.81,
    "dma100" : 1075.24,
    "dma200" : 1112.28,
    "volume" : 153409.00
  }, {
    "date" : "2025-09-08",
    "price" : 1233.60,
    "dma50" : 1194.41,
    "dma100" : 1079.50,
    "dma200" : 1113.49,
    "volume" : 110751.00
  }, {
    "date" : "2025-09-09",
    "price" : 1240.00,
    "dma50" : 1196.20,
    "dma100" : 1083.99,
    "dma200" : 1114.75,
    "volume" : 102807.00
  }, {
    "date" : "2025-09-10",
    "price" : 1243.60,
    "dma50" : 1198.05,
    "dma100" : 1088.30,
    "dma200" : 1116.03,
    "volume" : 299662.00
  }, {
    "date" : "2025-09-11",
    "price" : 1234.30,
    "dma50" : 1199.48,
    "dma100" : 1092.45,
    "dma200" : 1117.21,
    "volume" : 182896.00
  }, {
    "date" : "2025-09-12",
    "price" : 1225.70,
    "dma50" : 1200.50,
    "dma100" : 1096.56,
    "dma200" : 1118.29,
    "volume" : 85694.00
  }, {
    "date" : "2025-09-15",
    "price" : 1220.20,
    "dma50" : 1201.28,
    "dma100" : 1100.64,
    "dma200" : 1119.30,
    "volume" : 63499.00
  }, {
    "date" : "2025-09-16",
    "price" : 1235.30,
    "dma50" : 1202.61,
    "dma100" : 1104.83,
    "dma200" : 1120.45,
    "volume" : 84277.00
  }, {
    "date" : "2025-09-17",
    "price" : 1232.80,
    "dma50" : 1203.79,
    "dma100" : 1109.15,
    "dma200" : 1121.57,
    "volume" : 83754.00
  }, {
    "date" : "2025-09-18",
    "price" : 1219.30,
    "dma50" : 1204.40,
    "dma100" : 1113.34,
    "dma200" : 1122.54,
    "volume" : 65042.00
  }, {
    "date" : "2025-09-19",
    "price" : 1205.00,
    "dma50" : 1204.43,
    "dma100" : 1117.24,
    "dma200" : 1123.37,
    "volume" : 242077.00
  }, {
    "date" : "2025-09-22",
    "price" : 1200.00,
    "dma50" : 1204.25,
    "dma100" : 1121.19,
    "dma200" : 1124.13,
    "volume" : 125816.00
  }, {
    "date" : "2025-09-23",
    "price" : 1183.00,
    "dma50" : 1203.42,
    "dma100" : 1124.84,
    "dma200" : 1124.71,
    "volume" : 145230.00
  }, {
    "date" : "2025-09-24",
    "price" : 1213.10,
    "dma50" : 1203.80,
    "dma100" : 1128.75,
    "dma200" : 1125.59,
    "volume" : 305449.00
  }, {
    "date" : "2025-09-25",
    "price" : 1193.80,
    "dma50" : 1203.41,
    "dma100" : 1132.69,
    "dma200" : 1126.27,
    "volume" : 56456.00
  }, {
    "date" : "2025-09-26",
    "price" : 1182.80,
    "dma50" : 1202.60,
    "dma100" : 1136.23,
    "dma200" : 1126.83,
    "volume" : 72937.00
  }, {
    "date" : "2025-09-29",
    "price" : 1163.00,
    "dma50" : 1201.05,
    "dma100" : 1139.57,
    "dma200" : 1127.19,
    "volume" : 142709.00
  }, {
    "date" : "2025-09-30",
    "price" : 1166.80,
    "dma50" : 1199.70,
    "dma100" : 1142.68,
    "dma200" : 1127.59,
    "volume" : 122698.00
  }, {
    "date" : "2025-10-01",
    "price" : 1191.80,
    "dma50" : 1199.39,
    "dma100" : 1146.15,
    "dma200" : 1128.23,
    "volume" : 153739.00
  }, {
    "date" : "2025-10-03",
    "price" : 1206.20,
    "dma50" : 1199.66,
    "dma100" : 1149.71,
    "dma200" : 1129.00,
    "volume" : 125580.00
  }, {
    "date" : "2025-10-06",
    "price" : 1205.00,
    "dma50" : 1199.87,
    "dma100" : 1153.09,
    "dma200" : 1129.76,
    "volume" : 162242.00
  }, {
    "date" : "2025-10-07",
    "price" : 1202.70,
    "dma50" : 1199.98,
    "dma100" : 1155.81,
    "dma200" : 1130.48,
    "volume" : 103129.00
  }, {
    "date" : "2025-10-08",
    "price" : 1206.90,
    "dma50" : 1200.25,
    "dma100" : 1158.40,
    "dma200" : 1131.25,
    "volume" : 112066.00
  }, {
    "date" : "2025-10-09",
    "price" : 1209.80,
    "dma50" : 1200.63,
    "dma100" : 1160.69,
    "dma200" : 1132.03,
    "volume" : 78746.00
  }, {
    "date" : "2025-10-10",
    "price" : 1242.00,
    "dma50" : 1202.25,
    "dma100" : 1163.44,
    "dma200" : 1133.12,
    "volume" : 264525.00
  }, {
    "date" : "2025-10-13",
    "price" : 1261.60,
    "dma50" : 1204.58,
    "dma100" : 1166.02,
    "dma200" : 1134.40,
    "volume" : 719848.00
  }, {
    "date" : "2025-10-14",
    "price" : 1234.40,
    "dma50" : 1205.75,
    "dma100" : 1168.42,
    "dma200" : 1135.39,
    "volume" : 216062.00
  }, {
    "date" : "2025-10-15",
    "price" : 1237.40,
    "dma50" : 1206.99,
    "dma100" : 1170.85,
    "dma200" : 1136.41,
    "volume" : 232162.00
  }, {
    "date" : "2025-10-16",
    "price" : 1251.30,
    "dma50" : 1208.72,
    "dma100" : 1172.87,
    "dma200" : 1137.55,
    "volume" : 653370.00
  }, {
    "date" : "2025-10-17",
    "price" : 1243.60,
    "dma50" : 1210.09,
    "dma100" : 1175.08,
    "dma200" : 1138.61,
    "volume" : 732077.00
  }, {
    "date" : "2025-10-20",
    "price" : 1221.20,
    "dma50" : 1210.53,
    "dma100" : 1176.87,
    "dma200" : 1139.43,
    "volume" : 165809.00
  }, {
    "date" : "2025-10-21",
    "price" : 1217.40,
    "dma50" : 1210.80,
    "dma100" : 1178.54,
    "dma200" : 1140.21,
    "volume" : 17160.00
  }, {
    "date" : "2025-10-23",
    "price" : 1227.10,
    "dma50" : 1211.44,
    "dma100" : 1180.42,
    "dma200" : 1141.07,
    "volume" : 254964.00
  }, {
    "date" : "2025-10-24",
    "price" : 1208.70,
    "dma50" : 1211.33,
    "dma100" : 1181.95,
    "dma200" : 1141.74,
    "volume" : 136476.00
  }, {
    "date" : "2025-10-27",
    "price" : 1214.50,
    "dma50" : 1211.45,
    "dma100" : 1183.77,
    "dma200" : 1142.47,
    "volume" : 53221.00
  }, {
    "date" : "2025-10-28",
    "price" : 1216.80,
    "dma50" : 1211.66,
    "dma100" : 1185.70,
    "dma200" : 1143.21,
    "volume" : 117511.00
  }, {
    "date" : "2025-10-29",
    "price" : 1216.70,
    "dma50" : 1211.86,
    "dma100" : 1187.73,
    "dma200" : 1143.94,
    "volume" : 116880.00
  }, {
    "date" : "2025-10-30",
    "price" : 1217.10,
    "dma50" : 1212.07,
    "dma100" : 1189.78,
    "dma200" : 1144.67,
    "volume" : 81995.00
  }, {
    "date" : "2025-10-31",
    "price" : 1207.60,
    "dma50" : 1211.89,
    "dma100" : 1191.54,
    "dma200" : 1145.29,
    "volume" : 114134.00
  }, {
    "date" : "2025-11-03",
    "price" : 1184.60,
    "dma50" : 1210.82,
    "dma100" : 1192.74,
    "dma200" : 1145.68,
    "volume" : 360189.00
  }, {
    "date" : "2025-11-04",
    "price" : 1167.70,
    "dma50" : 1209.13,
    "dma100" : 1193.84,
    "dma200" : 1145.90,
    "volume" : 276999.00
  }, {
    "date" : "2025-11-06",
    "price" : 1141.70,
    "dma50" : 1206.49,
    "dma100" : 1194.74,
    "dma200" : 1145.86,
    "volume" : 260974.00
  }, {
    "date" : "2025-11-07",
    "price" : 1125.00,
    "dma50" : 1203.29,
    "dma100" : 1195.58,
    "dma200" : 1145.65,
    "volume" : 229315.00
  }, {
    "date" : "2025-11-10",
    "price" : 1120.70,
    "dma50" : 1200.05,
    "dma100" : 1196.45,
    "dma200" : 1145.40,
    "volume" : 131145.00
  }, {
    "date" : "2025-11-11",
    "price" : 1109.70,
    "dma50" : 1196.51,
    "dma100" : 1197.31,
    "dma200" : 1145.05,
    "volume" : 112521.00
  }, {
    "date" : "2025-11-12",
    "price" : 1105.00,
    "dma50" : 1192.92,
    "dma100" : 1198.15,
    "dma200" : 1144.65,
    "volume" : 77251.00
  }, {
    "date" : "2025-11-13",
    "price" : 1128.30,
    "dma50" : 1190.39,
    "dma100" : 1199.23,
    "dma200" : 1144.49,
    "volume" : 283030.00
  }, {
    "date" : "2025-11-14",
    "price" : 1123.80,
    "dma50" : 1187.77,
    "dma100" : 1200.25,
    "dma200" : 1144.28,
    "volume" : 101360.00
  }, {
    "date" : "2025-11-17",
    "price" : 1119.00,
    "dma50" : 1185.08,
    "dma100" : 1200.89,
    "dma200" : 1144.03,
    "volume" : 152211.00
  }, {
    "date" : "2025-11-18",
    "price" : 1104.40,
    "dma50" : 1181.91,
    "dma100" : 1200.89,
    "dma200" : 1143.64,
    "volume" : 106937.00
  }, {
    "date" : "2025-11-19",
    "price" : 1086.90,
    "dma50" : 1178.19,
    "dma100" : 1200.70,
    "dma200" : 1143.07,
    "volume" : 210331.00
  }, {
    "date" : "2025-11-20",
    "price" : 1082.60,
    "dma50" : 1174.44,
    "dma100" : 1200.34,
    "dma200" : 1142.47,
    "volume" : 92935.00
  }, {
    "date" : "2025-11-21",
    "price" : 1078.10,
    "dma50" : 1170.66,
    "dma100" : 1200.23,
    "dma200" : 1141.83,
    "volume" : 119893.00
  }, {
    "date" : "2025-11-24",
    "price" : 1090.70,
    "dma50" : 1167.53,
    "dma100" : 1200.33,
    "dma200" : 1141.32,
    "volume" : 538250.00
  }, {
    "date" : "2025-11-25",
    "price" : 1087.60,
    "dma50" : 1164.39,
    "dma100" : 1200.46,
    "dma200" : 1140.79,
    "volume" : 109368.00
  }, {
    "date" : "2025-11-26",
    "price" : 1096.00,
    "dma50" : 1161.71,
    "dma100" : 1200.21,
    "dma200" : 1140.34,
    "volume" : 90179.00
  }, {
    "date" : "2025-11-27",
    "price" : 1082.20,
    "dma50" : 1158.59,
    "dma100" : 1199.63,
    "dma200" : 1139.76,
    "volume" : 86268.00
  }, {
    "date" : "2025-11-28",
    "price" : 1067.20,
    "dma50" : 1155.01,
    "dma100" : 1198.79,
    "dma200" : 1139.04,
    "volume" : 319528.00
  }, {
    "date" : "2025-12-01",
    "price" : 1073.90,
    "dma50" : 1151.83,
    "dma100" : 1197.86,
    "dma200" : 1138.39,
    "volume" : 109598.00
  }, {
    "date" : "2025-12-02",
    "price" : 1079.40,
    "dma50" : 1148.99,
    "dma100" : 1196.97,
    "dma200" : 1137.80,
    "volume" : 162286.00
  }, {
    "date" : "2025-12-03",
    "price" : 1068.60,
    "dma50" : 1145.83,
    "dma100" : 1195.81,
    "dma200" : 1137.12,
    "volume" : 87880.00
  }, {
    "date" : "2025-12-04",
    "price" : 1060.50,
    "dma50" : 1142.49,
    "dma100" : 1194.46,
    "dma200" : 1136.35,
    "volume" : 148180.00
  }, {
    "date" : "2025-12-05",
    "price" : 1054.70,
    "dma50" : 1139.04,
    "dma100" : 1193.22,
    "dma200" : 1135.54,
    "volume" : 122735.00
  }, {
    "date" : "2025-12-08",
    "price" : 1041.80,
    "dma50" : 1135.23,
    "dma100" : 1191.80,
    "dma200" : 1134.61,
    "volume" : 92542.00
  }, {
    "date" : "2025-12-09",
    "price" : 1043.50,
    "dma50" : 1131.63,
    "dma100" : 1190.38,
    "dma200" : 1133.70,
    "volume" : 371431.00
  }, {
    "date" : "2025-12-10",
    "price" : 1044.20,
    "dma50" : 1128.20,
    "dma100" : 1188.99,
    "dma200" : 1132.81,
    "volume" : 228485.00
  }, {
    "date" : "2025-12-11",
    "price" : 1034.40,
    "dma50" : 1124.53,
    "dma100" : 1187.04,
    "dma200" : 1131.83,
    "volume" : 91728.00
  }, {
    "date" : "2025-12-12",
    "price" : 1053.00,
    "dma50" : 1121.72,
    "dma100" : 1185.31,
    "dma200" : 1131.05,
    "volume" : 658097.00
  }, {
    "date" : "2025-12-15",
    "price" : 1098.30,
    "dma50" : 1120.80,
    "dma100" : 1183.76,
    "dma200" : 1130.72,
    "volume" : 616366.00
  }, {
    "date" : "2025-12-16",
    "price" : 1088.20,
    "dma50" : 1119.52,
    "dma100" : 1182.23,
    "dma200" : 1130.30,
    "volume" : 233230.00
  }, {
    "date" : "2025-12-17",
    "price" : 1085.40,
    "dma50" : 1118.19,
    "dma100" : 1180.94,
    "dma200" : 1129.85,
    "volume" : 90070.00
  }, {
    "date" : "2025-12-18",
    "price" : 1068.00,
    "dma50" : 1116.22,
    "dma100" : 1179.83,
    "dma200" : 1129.24,
    "volume" : 60358.00
  }, {
    "date" : "2025-12-19",
    "price" : 1053.70,
    "dma50" : 1113.77,
    "dma100" : 1178.66,
    "dma200" : 1128.49,
    "volume" : 257762.00
  } ],
  "latestTechnicalAttributes" : {
    "date" : "2025-12-19",
    "price" : 1053.70,
    "dma50" : 1113.77,
    "dma100" : 1178.66,
    "dma200" : 1128.49,
    "volume" : 257762.00
  },
  "quarterlyResults" : [ {
    "date" : "2005-03-31",
    "sales" : 80.49,
    "salesGrowthYoY" : null,
    "grossProfitMargin" : 40.95,
    "grossProfit" : 32.96,
    "operatingProfitMargin" : 22.81,
    "operatingProfit" : 18.36,
    "netProfitMargin" : 8.47,
    "netProfit" : 6.82
  }, {
    "date" : "2005-06-30",
    "sales" : 62.21,
    "salesGrowthYoY" : null,
    "grossProfitMargin" : 44.12,
    "grossProfit" : 27.45,
    "operatingProfitMargin" : 22.65,
    "operatingProfit" : 14.09,
    "netProfitMargin" : 8.12,
    "netProfit" : 5.05
  }, {
    "date" : "2005-09-30",
    "sales" : 74.04,
    "salesGrowthYoY" : null,
    "grossProfitMargin" : 42.80,
    "grossProfit" : 31.69,
    "operatingProfitMargin" : 22.60,
    "operatingProfit" : 16.73,
    "netProfitMargin" : 10.87,
    "netProfit" : 8.05
  }, {
    "date" : "2005-12-31",
    "sales" : 85.46,
    "salesGrowthYoY" : null,
    "grossProfitMargin" : 43.60,
    "grossProfit" : 37.26,
    "operatingProfitMargin" : 20.18,
    "operatingProfit" : 17.25,
    "netProfitMargin" : 7.22,
    "netProfit" : 6.17
  }, {
    "date" : "2006-03-31",
    "sales" : 109.77,
    "salesGrowthYoY" : 36.38,
    "grossProfitMargin" : 37.57,
    "grossProfit" : 41.24,
    "operatingProfitMargin" : 17.91,
    "operatingProfit" : 19.66,
    "netProfitMargin" : 8.12,
    "netProfit" : 8.91
  }, {
    "date" : "2006-06-30",
    "sales" : 86.47,
    "salesGrowthYoY" : 39.00,
    "grossProfitMargin" : 41.49,
    "grossProfit" : 35.88,
    "operatingProfitMargin" : 20.82,
    "operatingProfit" : 18.00,
    "netProfitMargin" : 7.16,
    "netProfit" : 6.19
  }, {
    "date" : "2006-09-30",
    "sales" : 92.52,
    "salesGrowthYoY" : 24.96,
    "grossProfitMargin" : 38.15,
    "grossProfit" : 35.30,
    "operatingProfitMargin" : 17.97,
    "operatingProfit" : 16.63,
    "netProfitMargin" : 4.73,
    "netProfit" : 4.38
  }, {
    "date" : "2006-12-31",
    "sales" : 105.00,
    "salesGrowthYoY" : 22.86,
    "grossProfitMargin" : 40.10,
    "grossProfit" : 42.10,
    "operatingProfitMargin" : 15.50,
    "operatingProfit" : 16.27,
    "netProfitMargin" : 2.43,
    "netProfit" : 2.55
  }, {
    "date" : "2007-03-31",
    "sales" : 129.75,
    "salesGrowthYoY" : 18.20,
    "grossProfitMargin" : 31.16,
    "grossProfit" : 40.43,
    "operatingProfitMargin" : 4.20,
    "operatingProfit" : 5.45,
    "netProfitMargin" : -4.20,
    "netProfit" : -5.45
  }, {
    "date" : "2007-06-30",
    "sales" : 98.24,
    "salesGrowthYoY" : 13.61,
    "grossProfitMargin" : 43.58,
    "grossProfit" : 42.81,
    "operatingProfitMargin" : 18.07,
    "operatingProfit" : 17.75,
    "netProfitMargin" : 2.32,
    "netProfit" : 2.28
  }, {
    "date" : "2007-09-30",
    "sales" : 117.60,
    "salesGrowthYoY" : 27.11,
    "grossProfitMargin" : 40.29,
    "grossProfit" : 47.38,
    "operatingProfitMargin" : 18.96,
    "operatingProfit" : 22.30,
    "netProfitMargin" : 4.22,
    "netProfit" : 4.96
  }, {
    "date" : "2007-12-31",
    "sales" : 129.87,
    "salesGrowthYoY" : 23.69,
    "grossProfitMargin" : 36.71,
    "grossProfit" : 47.68,
    "operatingProfitMargin" : 16.68,
    "operatingProfit" : 21.66,
    "netProfitMargin" : 2.40,
    "netProfit" : 3.12
  }, {
    "date" : "2008-03-31",
    "sales" : 157.01,
    "salesGrowthYoY" : 21.01,
    "grossProfitMargin" : 31.28,
    "grossProfit" : 49.11,
    "operatingProfitMargin" : 12.90,
    "operatingProfit" : 20.25,
    "netProfitMargin" : 2.97,
    "netProfit" : 4.66
  }, {
    "date" : "2008-06-30",
    "sales" : 158.65,
    "salesGrowthYoY" : 61.49,
    "grossProfitMargin" : 26.79,
    "grossProfit" : 42.50,
    "operatingProfitMargin" : 12.34,
    "operatingProfit" : 19.58,
    "netProfitMargin" : 1.46,
    "netProfit" : 2.32
  }, {
    "date" : "2008-09-30",
    "sales" : 164.49,
    "salesGrowthYoY" : 39.87,
    "grossProfitMargin" : 32.04,
    "grossProfit" : 52.70,
    "operatingProfitMargin" : 14.91,
    "operatingProfit" : 24.53,
    "netProfitMargin" : 3.53,
    "netProfit" : 5.81
  }, {
    "date" : "2008-12-31",
    "sales" : 157.04,
    "salesGrowthYoY" : 20.92,
    "grossProfitMargin" : 35.63,
    "grossProfit" : 55.95,
    "operatingProfitMargin" : 15.02,
    "operatingProfit" : 23.59,
    "netProfitMargin" : 0.12,
    "netProfit" : 0.19
  }, {
    "date" : "2009-03-31",
    "sales" : 185.70,
    "salesGrowthYoY" : 18.27,
    "grossProfitMargin" : 32.33,
    "grossProfit" : 60.04,
    "operatingProfitMargin" : 15.20,
    "operatingProfit" : 28.23,
    "netProfitMargin" : 0.31,
    "netProfit" : 0.58
  }, {
    "date" : "2009-06-30",
    "sales" : 156.06,
    "salesGrowthYoY" : -1.63,
    "grossProfitMargin" : 41.64,
    "grossProfit" : 64.98,
    "operatingProfitMargin" : 16.24,
    "operatingProfit" : 25.34,
    "netProfitMargin" : 3.87,
    "netProfit" : 6.04
  }, {
    "date" : "2009-09-30",
    "sales" : 185.45,
    "salesGrowthYoY" : 12.74,
    "grossProfitMargin" : 38.73,
    "grossProfit" : 71.82,
    "operatingProfitMargin" : 16.41,
    "operatingProfit" : 30.43,
    "netProfitMargin" : 4.73,
    "netProfit" : 8.77
  }, {
    "date" : "2009-12-31",
    "sales" : 179.90,
    "salesGrowthYoY" : 14.56,
    "grossProfitMargin" : 36.91,
    "grossProfit" : 66.40,
    "operatingProfitMargin" : 16.14,
    "operatingProfit" : 29.04,
    "netProfitMargin" : 4.60,
    "netProfit" : 8.28
  }, {
    "date" : "2010-03-31",
    "sales" : 214.94,
    "salesGrowthYoY" : 15.75,
    "grossProfitMargin" : 34.74,
    "grossProfit" : 74.67,
    "operatingProfitMargin" : 14.35,
    "operatingProfit" : 30.84,
    "netProfitMargin" : 5.94,
    "netProfit" : 12.77
  }, {
    "date" : "2010-06-30",
    "sales" : 195.50,
    "salesGrowthYoY" : 25.27,
    "grossProfitMargin" : 41.09,
    "grossProfit" : 80.33,
    "operatingProfitMargin" : 16.01,
    "operatingProfit" : 31.30,
    "netProfitMargin" : 5.79,
    "netProfit" : 11.32
  }, {
    "date" : "2010-09-30",
    "sales" : 222.21,
    "salesGrowthYoY" : 19.82,
    "grossProfitMargin" : 33.27,
    "grossProfit" : 73.93,
    "operatingProfitMargin" : 15.70,
    "operatingProfit" : 34.89,
    "netProfitMargin" : 5.99,
    "netProfit" : 13.31
  }, {
    "date" : "2010-12-31",
    "sales" : 253.85,
    "salesGrowthYoY" : 41.11,
    "grossProfitMargin" : 32.76,
    "grossProfit" : 83.16,
    "operatingProfitMargin" : 15.64,
    "operatingProfit" : 39.70,
    "netProfitMargin" : 6.93,
    "netProfit" : 17.59
  }, {
    "date" : "2011-03-31",
    "sales" : 281.76,
    "salesGrowthYoY" : 31.09,
    "grossProfitMargin" : 29.59,
    "grossProfit" : 83.37,
    "operatingProfitMargin" : 14.92,
    "operatingProfit" : 42.04,
    "netProfitMargin" : 6.54,
    "netProfit" : 18.43
  }, {
    "date" : "2011-06-30",
    "sales" : 270.17,
    "salesGrowthYoY" : 38.19,
    "grossProfitMargin" : 35.88,
    "grossProfit" : 96.94,
    "operatingProfitMargin" : 15.53,
    "operatingProfit" : 41.96,
    "netProfitMargin" : 6.23,
    "netProfit" : 16.83
  }, {
    "date" : "2011-09-30",
    "sales" : 316.75,
    "salesGrowthYoY" : 42.55,
    "grossProfitMargin" : 32.88,
    "grossProfit" : 104.15,
    "operatingProfitMargin" : 14.73,
    "operatingProfit" : 46.66,
    "netProfitMargin" : 5.97,
    "netProfit" : 18.91
  }, {
    "date" : "2011-12-31",
    "sales" : 348.38,
    "salesGrowthYoY" : 37.24,
    "grossProfitMargin" : 32.44,
    "grossProfit" : 113.01,
    "operatingProfitMargin" : 15.72,
    "operatingProfit" : 54.77,
    "netProfitMargin" : 5.96,
    "netProfit" : 20.76
  }, {
    "date" : "2012-03-31",
    "sales" : 377.47,
    "salesGrowthYoY" : 33.97,
    "grossProfitMargin" : 32.40,
    "grossProfit" : 122.30,
    "operatingProfitMargin" : 14.99,
    "operatingProfit" : 56.58,
    "netProfitMargin" : 6.41,
    "netProfit" : 24.20
  }, {
    "date" : "2012-06-30",
    "sales" : 353.18,
    "salesGrowthYoY" : 30.73,
    "grossProfitMargin" : 33.82,
    "grossProfit" : 119.45,
    "operatingProfitMargin" : 15.20,
    "operatingProfit" : 53.68,
    "netProfitMargin" : 6.28,
    "netProfit" : 22.18
  }, {
    "date" : "2012-09-30",
    "sales" : 384.18,
    "salesGrowthYoY" : 21.29,
    "grossProfitMargin" : 31.61,
    "grossProfit" : 121.44,
    "operatingProfitMargin" : 14.63,
    "operatingProfit" : 56.21,
    "netProfitMargin" : 6.98,
    "netProfit" : 26.82
  }, {
    "date" : "2012-12-31",
    "sales" : 403.52,
    "salesGrowthYoY" : 15.83,
    "grossProfitMargin" : 30.26,
    "grossProfit" : 122.11,
    "operatingProfitMargin" : 13.17,
    "operatingProfit" : 53.14,
    "netProfitMargin" : 6.09,
    "netProfit" : 24.57
  }, {
    "date" : "2013-03-31",
    "sales" : 447.32,
    "salesGrowthYoY" : 18.50,
    "grossProfitMargin" : 29.50,
    "grossProfit" : 131.96,
    "operatingProfitMargin" : 13.07,
    "operatingProfit" : 58.46,
    "netProfitMargin" : 6.47,
    "netProfit" : 28.94
  }, {
    "date" : "2013-06-30",
    "sales" : 432.84,
    "salesGrowthYoY" : 22.56,
    "grossProfitMargin" : 29.46,
    "grossProfit" : 127.51,
    "operatingProfitMargin" : 12.30,
    "operatingProfit" : 53.24,
    "netProfitMargin" : 5.54,
    "netProfit" : 23.98
  }, {
    "date" : "2013-09-30",
    "sales" : 474.18,
    "salesGrowthYoY" : 23.43,
    "grossProfitMargin" : 26.52,
    "grossProfit" : 125.75,
    "operatingProfitMargin" : 11.00,
    "operatingProfit" : 52.16,
    "netProfitMargin" : 5.18,
    "netProfit" : 24.56
  }, {
    "date" : "2013-12-31",
    "sales" : 436.11,
    "salesGrowthYoY" : 8.08,
    "grossProfitMargin" : 32.04,
    "grossProfit" : 139.73,
    "operatingProfitMargin" : 13.25,
    "operatingProfit" : 57.78,
    "netProfitMargin" : 6.55,
    "netProfit" : 28.57
  }, {
    "date" : "2014-03-31",
    "sales" : 535.83,
    "salesGrowthYoY" : 19.79,
    "grossProfitMargin" : 28.45,
    "grossProfit" : 152.44,
    "operatingProfitMargin" : 13.24,
    "operatingProfit" : 70.94,
    "netProfitMargin" : 7.39,
    "netProfit" : 39.60
  }, {
    "date" : "2014-06-30",
    "sales" : 512.77,
    "salesGrowthYoY" : 18.47,
    "grossProfitMargin" : 29.91,
    "grossProfit" : 153.37,
    "operatingProfitMargin" : 12.89,
    "operatingProfit" : 66.10,
    "netProfitMargin" : 7.09,
    "netProfit" : 36.36
  }, {
    "date" : "2014-09-30",
    "sales" : 547.58,
    "salesGrowthYoY" : 15.48,
    "grossProfitMargin" : 30.19,
    "grossProfit" : 165.31,
    "operatingProfitMargin" : 12.37,
    "operatingProfit" : 67.74,
    "netProfitMargin" : 7.16,
    "netProfit" : 39.21
  }, {
    "date" : "2014-12-31",
    "sales" : 567.50,
    "salesGrowthYoY" : 30.13,
    "grossProfitMargin" : 32.04,
    "grossProfit" : 181.83,
    "operatingProfitMargin" : 12.68,
    "operatingProfit" : 71.96,
    "netProfitMargin" : 7.98,
    "netProfit" : 45.29
  }, {
    "date" : "2015-03-31",
    "sales" : 605.29,
    "salesGrowthYoY" : 12.96,
    "grossProfitMargin" : 31.04,
    "grossProfit" : 187.88,
    "operatingProfitMargin" : 13.26,
    "operatingProfit" : 80.26,
    "netProfitMargin" : 8.51,
    "netProfit" : 51.51
  }, {
    "date" : "2015-06-30",
    "sales" : 563.91,
    "salesGrowthYoY" : 9.97,
    "grossProfitMargin" : 30.95,
    "grossProfit" : 174.53,
    "operatingProfitMargin" : 13.34,
    "operatingProfit" : 75.23,
    "netProfitMargin" : 8.28,
    "netProfit" : 46.69
  }, {
    "date" : "2015-09-30",
    "sales" : 613.45,
    "salesGrowthYoY" : 12.03,
    "grossProfitMargin" : 32.38,
    "grossProfit" : 198.64,
    "operatingProfitMargin" : 15.87,
    "operatingProfit" : 97.35,
    "netProfitMargin" : 9.81,
    "netProfit" : 60.18
  }, {
    "date" : "2015-12-31",
    "sales" : 602.90,
    "salesGrowthYoY" : 6.24,
    "grossProfitMargin" : 34.20,
    "grossProfit" : 206.19,
    "operatingProfitMargin" : 15.89,
    "operatingProfit" : 95.80,
    "netProfitMargin" : 9.64,
    "netProfit" : 58.12
  }, {
    "date" : "2016-03-31",
    "sales" : 663.27,
    "salesGrowthYoY" : 9.58,
    "grossProfitMargin" : 45.56,
    "grossProfit" : 302.19,
    "operatingProfitMargin" : 17.72,
    "operatingProfit" : 117.53,
    "netProfitMargin" : 11.08,
    "netProfit" : 73.49
  }, {
    "date" : "2016-06-30",
    "sales" : 595.22,
    "salesGrowthYoY" : 5.55,
    "grossProfitMargin" : 48.67,
    "grossProfit" : 289.69,
    "operatingProfitMargin" : 18.09,
    "operatingProfit" : 107.68,
    "netProfitMargin" : 10.99,
    "netProfit" : 65.41
  }, {
    "date" : "2016-09-30",
    "sales" : 627.49,
    "salesGrowthYoY" : 2.29,
    "grossProfitMargin" : 37.34,
    "grossProfit" : 234.30,
    "operatingProfitMargin" : 18.90,
    "operatingProfit" : 118.60,
    "netProfitMargin" : 11.76,
    "netProfit" : 73.79
  }, {
    "date" : "2016-12-31",
    "sales" : 601.06,
    "salesGrowthYoY" : -0.31,
    "grossProfitMargin" : 36.62,
    "grossProfit" : 220.11,
    "operatingProfitMargin" : 16.32,
    "operatingProfit" : 98.09,
    "netProfitMargin" : 10.07,
    "netProfit" : 60.53
  }, {
    "date" : "2017-03-31",
    "sales" : 704.19,
    "salesGrowthYoY" : 6.17,
    "grossProfitMargin" : 35.93,
    "grossProfit" : 253.02,
    "operatingProfitMargin" : 16.23,
    "operatingProfit" : 114.29,
    "netProfitMargin" : 10.00,
    "netProfit" : 70.42
  }, {
    "date" : "2017-06-30",
    "sales" : 621.43,
    "salesGrowthYoY" : 4.40,
    "grossProfitMargin" : 37.51,
    "grossProfit" : 233.10,
    "operatingProfitMargin" : 15.13,
    "operatingProfit" : 94.02,
    "netProfitMargin" : 8.77,
    "netProfit" : 54.50
  }, {
    "date" : "2017-09-30",
    "sales" : 633.84,
    "salesGrowthYoY" : 1.01,
    "grossProfitMargin" : 35.77,
    "grossProfit" : 226.72,
    "operatingProfitMargin" : 19.77,
    "operatingProfit" : 125.31,
    "netProfitMargin" : 11.82,
    "netProfit" : 74.92
  }, {
    "date" : "2017-12-31",
    "sales" : 624.05,
    "salesGrowthYoY" : 3.82,
    "grossProfitMargin" : 38.40,
    "grossProfit" : 239.64,
    "operatingProfitMargin" : 16.37,
    "operatingProfit" : 102.16,
    "netProfitMargin" : 9.55,
    "netProfit" : 59.60
  }, {
    "date" : "2018-03-31",
    "sales" : 701.36,
    "salesGrowthYoY" : -0.40,
    "grossProfitMargin" : 35.68,
    "grossProfit" : 250.25,
    "operatingProfitMargin" : 15.17,
    "operatingProfit" : 106.40,
    "netProfitMargin" : 9.36,
    "netProfit" : 65.65
  }, {
    "date" : "2018-06-30",
    "sales" : 614.11,
    "salesGrowthYoY" : -1.18,
    "grossProfitMargin" : 36.89,
    "grossProfit" : 226.55,
    "operatingProfitMargin" : 14.28,
    "operatingProfit" : 87.69,
    "netProfitMargin" : 8.22,
    "netProfit" : 50.48
  }, {
    "date" : "2018-09-30",
    "sales" : 677.49,
    "salesGrowthYoY" : 6.89,
    "grossProfitMargin" : 35.47,
    "grossProfit" : 240.31,
    "operatingProfitMargin" : 14.37,
    "operatingProfit" : 97.36,
    "netProfitMargin" : 8.62,
    "netProfit" : 58.40
  }, {
    "date" : "2018-12-31",
    "sales" : 700.20,
    "salesGrowthYoY" : 12.20,
    "grossProfitMargin" : 35.37,
    "grossProfit" : 247.66,
    "operatingProfitMargin" : 15.18,
    "operatingProfit" : 106.29,
    "netProfitMargin" : 9.37,
    "netProfit" : 65.61
  }, {
    "date" : "2019-03-31",
    "sales" : 734.27,
    "salesGrowthYoY" : 4.69,
    "grossProfitMargin" : 34.21,
    "grossProfit" : 251.19,
    "operatingProfitMargin" : 14.85,
    "operatingProfit" : 109.04,
    "netProfitMargin" : 9.30,
    "netProfit" : 68.29
  }, {
    "date" : "2019-06-30",
    "sales" : 639.70,
    "salesGrowthYoY" : 4.17,
    "grossProfitMargin" : 36.51,
    "grossProfit" : 233.55,
    "operatingProfitMargin" : 15.31,
    "operatingProfit" : 97.94,
    "netProfitMargin" : 8.91,
    "netProfit" : 57.00
  }, {
    "date" : "2019-09-30",
    "sales" : 651.40,
    "salesGrowthYoY" : -3.85,
    "grossProfitMargin" : 35.81,
    "grossProfit" : 233.27,
    "operatingProfitMargin" : 14.91,
    "operatingProfit" : 97.12,
    "netProfitMargin" : 15.41,
    "netProfit" : 100.38
  }, {
    "date" : "2019-12-31",
    "sales" : 677.64,
    "salesGrowthYoY" : -3.22,
    "grossProfitMargin" : 34.74,
    "grossProfit" : 235.41,
    "operatingProfitMargin" : 14.49,
    "operatingProfit" : 98.19,
    "netProfitMargin" : 9.75,
    "netProfit" : 66.07
  }, {
    "date" : "2020-03-31",
    "sales" : 603.06,
    "salesGrowthYoY" : -17.87,
    "grossProfitMargin" : 34.65,
    "grossProfit" : 208.96,
    "operatingProfitMargin" : 13.75,
    "operatingProfit" : 82.92,
    "netProfitMargin" : 9.18,
    "netProfit" : 55.36
  }, {
    "date" : "2020-06-30",
    "sales" : 257.53,
    "salesGrowthYoY" : -59.74,
    "grossProfitMargin" : 28.86,
    "grossProfit" : 74.32,
    "operatingProfitMargin" : 3.65,
    "operatingProfit" : 9.40,
    "netProfitMargin" : 0.21,
    "netProfit" : 0.54
  }, {
    "date" : "2020-09-30",
    "sales" : 650.13,
    "salesGrowthYoY" : -0.19,
    "grossProfitMargin" : 34.91,
    "grossProfit" : 226.96,
    "operatingProfitMargin" : 18.66,
    "operatingProfit" : 121.31,
    "netProfitMargin" : 12.89,
    "netProfit" : 83.80
  }, {
    "date" : "2020-12-31",
    "sales" : 756.26,
    "salesGrowthYoY" : 11.60,
    "grossProfitMargin" : 38.12,
    "grossProfit" : 288.29,
    "operatingProfitMargin" : 21.08,
    "operatingProfit" : 159.42,
    "netProfitMargin" : 14.81,
    "netProfit" : 112.00
  }, {
    "date" : "2021-03-31",
    "sales" : 859.26,
    "salesGrowthYoY" : 42.48,
    "grossProfitMargin" : 36.38,
    "grossProfit" : 312.60,
    "operatingProfitMargin" : 19.09,
    "operatingProfit" : 164.03,
    "netProfitMargin" : 13.40,
    "netProfit" : 115.14
  }, {
    "date" : "2021-06-30",
    "sales" : 499.67,
    "salesGrowthYoY" : 94.02,
    "grossProfitMargin" : 36.62,
    "grossProfit" : 182.98,
    "operatingProfitMargin" : 13.91,
    "operatingProfit" : 69.50,
    "netProfitMargin" : 9.35,
    "netProfit" : 46.72
  }, {
    "date" : "2021-09-30",
    "sales" : 862.20,
    "salesGrowthYoY" : 32.62,
    "grossProfitMargin" : 34.38,
    "grossProfit" : 296.42,
    "operatingProfitMargin" : 17.88,
    "operatingProfit" : 154.16,
    "netProfitMargin" : 12.30,
    "netProfit" : 106.05
  }, {
    "date" : "2021-12-31",
    "sales" : 950.49,
    "salesGrowthYoY" : 25.68,
    "grossProfitMargin" : 32.97,
    "grossProfit" : 313.38,
    "operatingProfitMargin" : 16.73,
    "operatingProfit" : 159.02,
    "netProfitMargin" : 11.86,
    "netProfit" : 112.73
  }, {
    "date" : "2022-03-31",
    "sales" : 987.00,
    "salesGrowthYoY" : 14.87,
    "grossProfitMargin" : 31.24,
    "grossProfit" : 308.34,
    "operatingProfitMargin" : 14.69,
    "operatingProfit" : 144.99,
    "netProfitMargin" : 9.90,
    "netProfit" : 97.71
  }, {
    "date" : "2022-06-30",
    "sales" : 913.95,
    "salesGrowthYoY" : 82.91,
    "grossProfitMargin" : 32.27,
    "grossProfit" : 294.93,
    "operatingProfitMargin" : 14.97,
    "operatingProfit" : 136.82,
    "netProfitMargin" : 10.21,
    "netProfit" : 93.31
  }, {
    "date" : "2022-09-30",
    "sales" : 979.63,
    "salesGrowthYoY" : 13.62,
    "grossProfitMargin" : 29.81,
    "grossProfit" : 292.03,
    "operatingProfitMargin" : 12.06,
    "operatingProfit" : 118.14,
    "netProfitMargin" : 8.08,
    "netProfit" : 79.15
  }, {
    "date" : "2022-12-31",
    "sales" : 986.47,
    "salesGrowthYoY" : 3.79,
    "grossProfitMargin" : 29.26,
    "grossProfit" : 288.64,
    "operatingProfitMargin" : 11.84,
    "operatingProfit" : 116.80,
    "netProfitMargin" : 7.67,
    "netProfit" : 75.66
  }, {
    "date" : "2023-03-31",
    "sales" : 1090.70,
    "salesGrowthYoY" : 10.51,
    "grossProfitMargin" : 30.09,
    "grossProfit" : 328.19,
    "operatingProfitMargin" : 13.07,
    "operatingProfit" : 142.55,
    "netProfitMargin" : 8.82,
    "netProfit" : 96.20
  }, {
    "date" : "2023-06-30",
    "sales" : 964.42,
    "salesGrowthYoY" : 5.52,
    "grossProfitMargin" : 32.12,
    "grossProfit" : 309.77,
    "operatingProfitMargin" : 14.16,
    "operatingProfit" : 136.56,
    "netProfitMargin" : 9.71,
    "netProfit" : 93.65
  }, {
    "date" : "2023-09-30",
    "sales" : 1010.22,
    "salesGrowthYoY" : 3.12,
    "grossProfitMargin" : 33.55,
    "grossProfit" : 338.93,
    "operatingProfitMargin" : 14.46,
    "operatingProfit" : 146.08,
    "netProfitMargin" : 9.66,
    "netProfit" : 97.59
  }, {
    "date" : "2023-12-31",
    "sales" : 1024.27,
    "salesGrowthYoY" : 3.83,
    "grossProfitMargin" : 33.49,
    "grossProfit" : 343.03,
    "operatingProfitMargin" : 14.02,
    "operatingProfit" : 143.60,
    "netProfitMargin" : 9.27,
    "netProfit" : 94.95
  }, {
    "date" : "2024-03-31",
    "sales" : 1104.11,
    "salesGrowthYoY" : 1.23,
    "grossProfitMargin" : 31.17,
    "grossProfit" : 344.15,
    "operatingProfitMargin" : 12.33,
    "operatingProfit" : 136.14,
    "netProfitMargin" : 8.63,
    "netProfit" : 95.28
  }, {
    "date" : "2024-06-30",
    "sales" : 1001.75,
    "salesGrowthYoY" : 3.87,
    "grossProfitMargin" : 32.39,
    "grossProfit" : 324.47,
    "operatingProfitMargin" : 13.37,
    "operatingProfit" : 133.93,
    "netProfitMargin" : 8.64,
    "netProfit" : 86.55
  }, {
    "date" : "2024-09-30",
    "sales" : 1062.49,
    "salesGrowthYoY" : 5.17,
    "grossProfitMargin" : 32.24,
    "grossProfit" : 342.55,
    "operatingProfitMargin" : 13.06,
    "operatingProfit" : 138.76,
    "netProfitMargin" : 8.74,
    "netProfit" : 92.86
  }, {
    "date" : "2024-12-31",
    "sales" : 1049.65,
    "salesGrowthYoY" : 2.48,
    "grossProfitMargin" : 31.28,
    "grossProfit" : 328.33,
    "operatingProfitMargin" : 11.52,
    "operatingProfit" : 120.92,
    "netProfitMargin" : 7.58,
    "netProfit" : 79.56
  }, {
    "date" : "2025-03-31",
    "sales" : 1104.93,
    "salesGrowthYoY" : 0.07,
    "grossProfitMargin" : 29.84,
    "grossProfit" : 329.71,
    "operatingProfitMargin" : 8.71,
    "operatingProfit" : 96.24,
    "netProfitMargin" : 2.66,
    "netProfit" : 29.39
  }, {
    "date" : "2025-06-30",
    "sales" : 1007.32,
    "salesGrowthYoY" : 0.56,
    "grossProfitMargin" : 32.23,
    "grossProfit" : 324.66,
    "operatingProfitMargin" : 14.49,
    "operatingProfit" : 145.96,
    "netProfitMargin" : 9.89,
    "netProfit" : 99.62
  }, {
    "date" : "2025-09-30",
    "sales" : 1079.09,
    "salesGrowthYoY" : 1.56,
    "grossProfitMargin" : 32.17,
    "grossProfit" : 347.14,
    "operatingProfitMargin" : 15.97,
    "operatingProfit" : 172.33,
    "netProfitMargin" : 11.19,
    "netProfit" : 120.75
  } ],
  "latestQuarterlyResult" : {
    "date" : "2025-09-30",
    "sales" : 1079.09,
    "salesGrowthYoY" : 1.56,
    "grossProfitMargin" : 32.17,
    "grossProfit" : 347.14,
    "operatingProfitMargin" : 15.97,
    "operatingProfit" : 172.33,
    "netProfitMargin" : 11.19,
    "netProfit" : 120.75
  },
  "companyScore" : {
    "priceHigherThanDma50" : 0.00,
    "priceHigherThanDma100" : 0.00,
    "priceHigherThanDma200" : 0.00,
    "dma50HigherThanDma100" : 0.00,
    "dma50HigherThanDma200" : 0.00,
    "dma100HigherThanDma200" : 5.00,
    "pricePercentageAboveDma50" : 5.27,
    "pricePercentageAboveDma100" : 5.53,
    "pricePercentageAboveDma200" : 5.33,
    "weeklyVolumeHigherThanYearlyVolume" : 0.00,
    "salesGrowthPercentile" : 7.97,
    "operatingProfitMarginPercentile" : 13.73,
    "netProfitMarginPercentile" : 9.04,
    "totalTechnicalScore" : 21.13,
    "totalFundamentalScore" : 30.74,
    "totalScore" : 51.88
  }
}