{
  "metadata" : {
    "screenerCompanyId" : "1750",
    "companyCode" : "KENNAMET",
    "companyName" : "Kennametal India",
    "screenerCompanyLink" : "https://www.screener.in/company/KENNAMET",
    "screenerTechnicalHistoryLink" : "https://www.screener.in/api/company/1750/chart/?q=Price-DMA50-DMA200-Volume&days=365",
    "screenerQuarterlyResultsLink" : "https://www.screener.in/api/company/1750/chart/?q=GPM-OPM-NPM-Quarter+Sales&days=10000",
    "attributes" : {
      "companyCode" : "KENNAMET",
      "companyName" : "Kennametal India",
      "marketCap" : 4791.00,
      "peRatio" : 43.80,
      "description" : "Kennametal India Ltd was incorporated in 1938, it is a 75% subsidiary of Kennametal Inc. It manufactures carbide tools and special-purpose machines for automotive, defense, railways, infrastructure and General engineering segments. The manufacturing unit is in Bengaluru.[1][2]"
    },
    "companyScore" : {
      "priceHigherThanDma50" : 0.00,
      "priceHigherThanDma100" : 0.00,
      "priceHigherThanDma200" : 0.00,
      "dma50HigherThanDma100" : 5.00,
      "dma50HigherThanDma200" : 0.00,
      "dma100HigherThanDma200" : 0.00,
      "pricePercentageAboveDma50" : 5.06,
      "pricePercentageAboveDma100" : 5.03,
      "pricePercentageAboveDma200" : 5.29,
      "weeklyVolumeHigherThanYearlyVolume" : 5.00,
      "salesGrowthPercentile" : 10.38,
      "operatingProfitMarginPercentile" : 15.00,
      "netProfitMarginPercentile" : 6.97,
      "totalTechnicalScore" : 25.37,
      "totalFundamentalScore" : 32.35,
      "totalScore" : 57.72
    }
  },
  "attributes" : {
    "companyCode" : "KENNAMET",
    "companyName" : "Kennametal India",
    "marketCap" : 4791.00,
    "peRatio" : 43.80,
    "description" : "Kennametal India Ltd was incorporated in 1938, it is a 75% subsidiary of Kennametal Inc. It manufactures carbide tools and special-purpose machines for automotive, defense, railways, infrastructure and General engineering segments. The manufacturing unit is in Bengaluru.[1][2]"
  },
  "technicalHistory" : [ {
    "date" : "2024-11-25",
    "price" : 3169.35,
    "dma50" : 3083.79,
    "dma100" : null,
    "dma200" : 2983.03,
    "volume" : 4156.00
  }, {
    "date" : "2024-11-26",
    "price" : 3189.25,
    "dma50" : 3087.92,
    "dma100" : null,
    "dma200" : 2985.08,
    "volume" : 2262.00
  }, {
    "date" : "2024-11-27",
    "price" : 3094.55,
    "dma50" : 3088.18,
    "dma100" : null,
    "dma200" : 2986.17,
    "volume" : 7448.00
  }, {
    "date" : "2024-11-28",
    "price" : 3029.55,
    "dma50" : 3085.88,
    "dma100" : null,
    "dma200" : 2986.61,
    "volume" : 1236.00
  }, {
    "date" : "2024-11-29",
    "price" : 3029.40,
    "dma50" : 3083.67,
    "dma100" : null,
    "dma200" : 2987.03,
    "volume" : 810.00
  }, {
    "date" : "2024-12-02",
    "price" : 2973.75,
    "dma50" : 3079.36,
    "dma100" : null,
    "dma200" : 2986.90,
    "volume" : 4144.00
  }, {
    "date" : "2024-12-03",
    "price" : 3096.10,
    "dma50" : 3080.02,
    "dma100" : null,
    "dma200" : 2987.99,
    "volume" : 3191.00
  }, {
    "date" : "2024-12-04",
    "price" : 3127.65,
    "dma50" : 3081.88,
    "dma100" : null,
    "dma200" : 2989.38,
    "volume" : 2355.00
  }, {
    "date" : "2024-12-05",
    "price" : 3145.05,
    "dma50" : 3084.36,
    "dma100" : null,
    "dma200" : 2990.92,
    "volume" : 1455.00
  }, {
    "date" : "2024-12-06",
    "price" : 3073.00,
    "dma50" : 3083.91,
    "dma100" : null,
    "dma200" : 2991.74,
    "volume" : 1170.00
  }, {
    "date" : "2024-12-09",
    "price" : 3055.10,
    "dma50" : 3082.78,
    "dma100" : null,
    "dma200" : 2992.37,
    "volume" : 962.00
  }, {
    "date" : "2024-12-10",
    "price" : 3023.00,
    "dma50" : 3080.44,
    "dma100" : null,
    "dma200" : 2992.68,
    "volume" : 605.00
  }, {
    "date" : "2024-12-11",
    "price" : 3040.00,
    "dma50" : 3078.85,
    "dma100" : null,
    "dma200" : 2993.15,
    "volume" : 1305.00
  }, {
    "date" : "2024-12-12",
    "price" : 3083.95,
    "dma50" : 3079.05,
    "dma100" : null,
    "dma200" : 2994.05,
    "volume" : 3098.00
  }, {
    "date" : "2024-12-13",
    "price" : 3253.70,
    "dma50" : 3085.90,
    "dma100" : null,
    "dma200" : 2996.63,
    "volume" : 18756.00
  }, {
    "date" : "2024-12-16",
    "price" : 3231.40,
    "dma50" : 3091.61,
    "dma100" : null,
    "dma200" : 2998.97,
    "volume" : 2424.00
  }, {
    "date" : "2024-12-17",
    "price" : 3235.20,
    "dma50" : 3097.24,
    "dma100" : null,
    "dma200" : 3001.32,
    "volume" : 1093.00
  }, {
    "date" : "2024-12-18",
    "price" : 3139.30,
    "dma50" : 3098.89,
    "dma100" : null,
    "dma200" : 3002.69,
    "volume" : 595.00
  }, {
    "date" : "2024-12-19",
    "price" : 3103.00,
    "dma50" : 3099.05,
    "dma100" : null,
    "dma200" : 3003.69,
    "volume" : 1047.00
  }, {
    "date" : "2024-12-20",
    "price" : 3189.35,
    "dma50" : 3102.59,
    "dma100" : null,
    "dma200" : 3005.54,
    "volume" : 3765.00
  }, {
    "date" : "2024-12-23",
    "price" : 3041.70,
    "dma50" : 3100.20,
    "dma100" : null,
    "dma200" : 3005.90,
    "volume" : 5334.00
  }, {
    "date" : "2024-12-24",
    "price" : 3007.65,
    "dma50" : 3096.57,
    "dma100" : null,
    "dma200" : 3005.92,
    "volume" : 958.00
  }, {
    "date" : "2024-12-26",
    "price" : 2993.75,
    "dma50" : 3092.54,
    "dma100" : null,
    "dma200" : 3005.80,
    "volume" : 1085.00
  }, {
    "date" : "2024-12-27",
    "price" : 2979.65,
    "dma50" : 3088.11,
    "dma100" : null,
    "dma200" : 3005.54,
    "volume" : 695.00
  }, {
    "date" : "2024-12-30",
    "price" : 2970.40,
    "dma50" : 3083.50,
    "dma100" : null,
    "dma200" : 3005.19,
    "volume" : 510.00
  }, {
    "date" : "2024-12-31",
    "price" : 2958.85,
    "dma50" : 3078.61,
    "dma100" : null,
    "dma200" : 3004.72,
    "volume" : 576.00
  }, {
    "date" : "2025-01-01",
    "price" : 2967.75,
    "dma50" : 3074.26,
    "dma100" : null,
    "dma200" : 3004.36,
    "volume" : 748.00
  }, {
    "date" : "2025-01-02",
    "price" : 2985.75,
    "dma50" : 3070.79,
    "dma100" : null,
    "dma200" : 3004.17,
    "volume" : 529.00
  }, {
    "date" : "2025-01-03",
    "price" : 2925.45,
    "dma50" : 3065.09,
    "dma100" : null,
    "dma200" : 3003.39,
    "volume" : 1514.00
  }, {
    "date" : "2025-01-06",
    "price" : 2906.60,
    "dma50" : 3058.88,
    "dma100" : null,
    "dma200" : 3002.43,
    "volume" : 813.00
  }, {
    "date" : "2025-01-07",
    "price" : 2899.45,
    "dma50" : 3052.62,
    "dma100" : null,
    "dma200" : 3001.40,
    "volume" : 845.00
  }, {
    "date" : "2025-01-08",
    "price" : 2974.50,
    "dma50" : 3049.56,
    "dma100" : null,
    "dma200" : 3001.13,
    "volume" : 3769.00
  }, {
    "date" : "2025-01-09",
    "price" : 2972.05,
    "dma50" : 3046.52,
    "dma100" : null,
    "dma200" : 3000.84,
    "volume" : 721.00
  }, {
    "date" : "2025-01-10",
    "price" : 2852.65,
    "dma50" : 3038.92,
    "dma100" : null,
    "dma200" : 2999.37,
    "volume" : 1398.00
  }, {
    "date" : "2025-01-13",
    "price" : 2657.70,
    "dma50" : 3023.97,
    "dma100" : null,
    "dma200" : 2995.97,
    "volume" : 2040.00
  }, {
    "date" : "2025-01-14",
    "price" : 2788.55,
    "dma50" : 3014.74,
    "dma100" : null,
    "dma200" : 2993.91,
    "volume" : 1437.00
  }, {
    "date" : "2025-01-15",
    "price" : 2691.00,
    "dma50" : 3002.04,
    "dma100" : null,
    "dma200" : 2990.89,
    "volume" : 1042.00
  }, {
    "date" : "2025-01-16",
    "price" : 2691.25,
    "dma50" : 2989.85,
    "dma100" : null,
    "dma200" : 2987.91,
    "volume" : 1535.00
  }, {
    "date" : "2025-01-17",
    "price" : 2647.10,
    "dma50" : 2976.41,
    "dma100" : null,
    "dma200" : 2984.52,
    "volume" : 1720.00
  }, {
    "date" : "2025-01-20",
    "price" : 2589.85,
    "dma50" : 2961.25,
    "dma100" : null,
    "dma200" : 2980.59,
    "volume" : 4529.00
  }, {
    "date" : "2025-01-21",
    "price" : 2563.75,
    "dma50" : 2945.66,
    "dma100" : null,
    "dma200" : 2976.44,
    "volume" : 1412.00
  }, {
    "date" : "2025-01-22",
    "price" : 2548.25,
    "dma50" : 2930.08,
    "dma100" : null,
    "dma200" : 2972.18,
    "volume" : 521.00
  }, {
    "date" : "2025-01-23",
    "price" : 2449.30,
    "dma50" : 2911.23,
    "dma100" : null,
    "dma200" : 2966.98,
    "volume" : 1859.00
  }, {
    "date" : "2025-01-24",
    "price" : 2389.75,
    "dma50" : 2890.78,
    "dma100" : null,
    "dma200" : 2961.24,
    "volume" : 1639.00
  }, {
    "date" : "2025-01-27",
    "price" : 2281.40,
    "dma50" : 2866.88,
    "dma100" : null,
    "dma200" : 2954.47,
    "volume" : 3689.00
  }, {
    "date" : "2025-01-28",
    "price" : 2305.15,
    "dma50" : 2844.85,
    "dma100" : null,
    "dma200" : 2948.01,
    "volume" : 5788.00
  }, {
    "date" : "2025-01-29",
    "price" : 2266.45,
    "dma50" : 2822.17,
    "dma100" : null,
    "dma200" : 2941.23,
    "volume" : 3009.00
  }, {
    "date" : "2025-01-30",
    "price" : 2246.00,
    "dma50" : 2799.57,
    "dma100" : null,
    "dma200" : 2934.31,
    "volume" : 1436.00
  }, {
    "date" : "2025-01-31",
    "price" : 2431.65,
    "dma50" : 2785.14,
    "dma100" : null,
    "dma200" : 2929.31,
    "volume" : 5701.00
  }, {
    "date" : "2025-02-01",
    "price" : 2324.60,
    "dma50" : 2767.08,
    "dma100" : null,
    "dma200" : 2923.29,
    "volume" : 1695.00
  }, {
    "date" : "2025-02-03",
    "price" : 2191.55,
    "dma50" : 2744.51,
    "dma100" : null,
    "dma200" : 2916.01,
    "volume" : 2502.00
  }, {
    "date" : "2025-02-04",
    "price" : 2322.80,
    "dma50" : 2727.98,
    "dma100" : null,
    "dma200" : 2910.11,
    "volume" : 1535.00
  }, {
    "date" : "2025-02-05",
    "price" : 2367.90,
    "dma50" : 2713.86,
    "dma100" : null,
    "dma200" : 2904.71,
    "volume" : 1586.00
  }, {
    "date" : "2025-02-06",
    "price" : 2358.30,
    "dma50" : 2699.91,
    "dma100" : null,
    "dma200" : 2899.28,
    "volume" : 1150.00
  }, {
    "date" : "2025-02-07",
    "price" : 2205.15,
    "dma50" : 2680.51,
    "dma100" : null,
    "dma200" : 2892.37,
    "volume" : 7720.00
  }, {
    "date" : "2025-02-10",
    "price" : 2132.75,
    "dma50" : 2659.03,
    "dma100" : null,
    "dma200" : 2884.81,
    "volume" : 2598.00
  }, {
    "date" : "2025-02-11",
    "price" : 2299.40,
    "dma50" : 2644.93,
    "dma100" : null,
    "dma200" : 2878.99,
    "volume" : 14979.00
  }, {
    "date" : "2025-02-12",
    "price" : 2380.90,
    "dma50" : 2634.57,
    "dma100" : null,
    "dma200" : 2874.03,
    "volume" : 5552.00
  }, {
    "date" : "2025-02-13",
    "price" : 2498.25,
    "dma50" : 2629.23,
    "dma100" : null,
    "dma200" : 2870.29,
    "volume" : 5224.00
  }, {
    "date" : "2025-02-14",
    "price" : 2460.25,
    "dma50" : 2622.60,
    "dma100" : null,
    "dma200" : 2866.21,
    "volume" : 1424.00
  }, {
    "date" : "2025-02-17",
    "price" : 2364.95,
    "dma50" : 2612.50,
    "dma100" : null,
    "dma200" : 2861.22,
    "volume" : 1166.00
  }, {
    "date" : "2025-02-18",
    "price" : 2240.10,
    "dma50" : 2597.89,
    "dma100" : null,
    "dma200" : 2855.04,
    "volume" : 848.00
  }, {
    "date" : "2025-02-19",
    "price" : 2188.55,
    "dma50" : 2581.84,
    "dma100" : null,
    "dma200" : 2848.41,
    "volume" : 6766.00
  }, {
    "date" : "2025-02-20",
    "price" : 2132.30,
    "dma50" : 2564.21,
    "dma100" : null,
    "dma200" : 2841.29,
    "volume" : 4417.00
  }, {
    "date" : "2025-02-21",
    "price" : 2125.80,
    "dma50" : 2547.02,
    "dma100" : null,
    "dma200" : 2834.17,
    "volume" : 2165.00
  }, {
    "date" : "2025-02-24",
    "price" : 2072.15,
    "dma50" : 2528.40,
    "dma100" : null,
    "dma200" : 2826.59,
    "volume" : 1493.00
  }, {
    "date" : "2025-02-25",
    "price" : 2039.75,
    "dma50" : 2509.23,
    "dma100" : null,
    "dma200" : 2818.76,
    "volume" : 2880.00
  }, {
    "date" : "2025-02-27",
    "price" : 2005.00,
    "dma50" : 2489.46,
    "dma100" : null,
    "dma200" : 2810.66,
    "volume" : 2179.00
  }, {
    "date" : "2025-02-28",
    "price" : 2034.70,
    "dma50" : 2471.63,
    "dma100" : null,
    "dma200" : 2802.94,
    "volume" : 15811.00
  }, {
    "date" : "2025-03-03",
    "price" : 2011.20,
    "dma50" : 2453.57,
    "dma100" : null,
    "dma200" : 2795.06,
    "volume" : 1510.00
  }, {
    "date" : "2025-03-04",
    "price" : 2008.95,
    "dma50" : 2436.13,
    "dma100" : null,
    "dma200" : 2787.24,
    "volume" : 2156.00
  }, {
    "date" : "2025-03-05",
    "price" : 2152.95,
    "dma50" : 2425.03,
    "dma100" : null,
    "dma200" : 2780.93,
    "volume" : 10612.00
  }, {
    "date" : "2025-03-06",
    "price" : 2240.50,
    "dma50" : 2417.79,
    "dma100" : null,
    "dma200" : 2775.55,
    "volume" : 4974.00
  }, {
    "date" : "2025-03-07",
    "price" : 2384.90,
    "dma50" : 2416.50,
    "dma100" : null,
    "dma200" : 2771.66,
    "volume" : 6069.00
  }, {
    "date" : "2025-03-10",
    "price" : 2261.50,
    "dma50" : 2410.42,
    "dma100" : null,
    "dma200" : 2766.59,
    "volume" : 2999.00
  }, {
    "date" : "2025-03-11",
    "price" : 2218.90,
    "dma50" : 2402.91,
    "dma100" : null,
    "dma200" : 2761.14,
    "volume" : 3549.00
  }, {
    "date" : "2025-03-12",
    "price" : 2254.65,
    "dma50" : 2397.10,
    "dma100" : null,
    "dma200" : 2756.10,
    "volume" : 4013.00
  }, {
    "date" : "2025-03-13",
    "price" : 2251.20,
    "dma50" : 2391.38,
    "dma100" : null,
    "dma200" : 2751.07,
    "volume" : 1248.00
  }, {
    "date" : "2025-03-17",
    "price" : 2357.60,
    "dma50" : 2390.05,
    "dma100" : null,
    "dma200" : 2747.16,
    "volume" : 2582.00
  }, {
    "date" : "2025-03-18",
    "price" : 2292.70,
    "dma50" : 2386.23,
    "dma100" : null,
    "dma200" : 2742.64,
    "volume" : 5772.00
  }, {
    "date" : "2025-03-19",
    "price" : 2289.45,
    "dma50" : 2382.44,
    "dma100" : null,
    "dma200" : 2738.13,
    "volume" : 5809.00
  }, {
    "date" : "2025-03-20",
    "price" : 2239.95,
    "dma50" : 2376.85,
    "dma100" : null,
    "dma200" : 2733.17,
    "volume" : 8273.00
  }, {
    "date" : "2025-03-21",
    "price" : 2289.75,
    "dma50" : 2373.44,
    "dma100" : null,
    "dma200" : 2728.76,
    "volume" : 13941.00
  }, {
    "date" : "2025-03-24",
    "price" : 2360.80,
    "dma50" : 2372.94,
    "dma100" : null,
    "dma200" : 2725.10,
    "volume" : 7761.00
  }, {
    "date" : "2025-03-25",
    "price" : 2419.20,
    "dma50" : 2374.75,
    "dma100" : null,
    "dma200" : 2722.05,
    "volume" : 4151.00
  }, {
    "date" : "2025-03-26",
    "price" : 2313.60,
    "dma50" : 2372.36,
    "dma100" : null,
    "dma200" : 2717.99,
    "volume" : 4392.00
  }, {
    "date" : "2025-03-27",
    "price" : 2252.15,
    "dma50" : 2367.64,
    "dma100" : null,
    "dma200" : 2713.35,
    "volume" : 2612.00
  }, {
    "date" : "2025-03-28",
    "price" : 2197.15,
    "dma50" : 2360.96,
    "dma100" : null,
    "dma200" : 2708.22,
    "volume" : 3411.00
  }, {
    "date" : "2025-04-01",
    "price" : 2266.15,
    "dma50" : 2357.24,
    "dma100" : null,
    "dma200" : 2703.82,
    "volume" : 2516.00
  }, {
    "date" : "2025-04-02",
    "price" : 2291.55,
    "dma50" : 2354.66,
    "dma100" : null,
    "dma200" : 2699.72,
    "volume" : 1103.00
  }, {
    "date" : "2025-04-03",
    "price" : 2253.05,
    "dma50" : 2350.68,
    "dma100" : null,
    "dma200" : 2695.27,
    "volume" : 1635.00
  }, {
    "date" : "2025-04-04",
    "price" : 2227.25,
    "dma50" : 2345.84,
    "dma100" : null,
    "dma200" : 2690.61,
    "volume" : 457.00
  }, {
    "date" : "2025-04-07",
    "price" : 2137.05,
    "dma50" : 2337.65,
    "dma100" : null,
    "dma200" : 2685.11,
    "volume" : 2066.00
  }, {
    "date" : "2025-04-08",
    "price" : 2145.55,
    "dma50" : 2330.12,
    "dma100" : null,
    "dma200" : 2679.74,
    "volume" : 1535.00
  }, {
    "date" : "2025-04-09",
    "price" : 2153.50,
    "dma50" : 2323.19,
    "dma100" : null,
    "dma200" : 2674.50,
    "volume" : 1168.00
  }, {
    "date" : "2025-04-11",
    "price" : 2140.65,
    "dma50" : 2316.03,
    "dma100" : null,
    "dma200" : 2669.19,
    "volume" : 2383.00
  }, {
    "date" : "2025-04-15",
    "price" : 2191.05,
    "dma50" : 2311.13,
    "dma100" : null,
    "dma200" : 2664.43,
    "volume" : 1734.00
  }, {
    "date" : "2025-04-16",
    "price" : 2165.65,
    "dma50" : 2305.43,
    "dma100" : null,
    "dma200" : 2659.47,
    "volume" : 973.00
  }, {
    "date" : "2025-04-17",
    "price" : 2235.30,
    "dma50" : 2302.68,
    "dma100" : null,
    "dma200" : 2655.25,
    "volume" : 10130.00
  }, {
    "date" : "2025-04-21",
    "price" : 2185.90,
    "dma50" : 2298.10,
    "dma100" : null,
    "dma200" : 2650.58,
    "volume" : 3522.00
  }, {
    "date" : "2025-04-22",
    "price" : 2173.65,
    "dma50" : 2293.22,
    "dma100" : 2542.04,
    "dma200" : 2645.83,
    "volume" : 3517.00
  }, {
    "date" : "2025-04-23",
    "price" : 2146.15,
    "dma50" : 2287.45,
    "dma100" : 2531.61,
    "dma200" : 2640.86,
    "volume" : 9594.00
  }, {
    "date" : "2025-04-24",
    "price" : 2133.85,
    "dma50" : 2281.42,
    "dma100" : 2522.00,
    "dma200" : 2635.82,
    "volume" : 3200.00
  }, {
    "date" : "2025-04-25",
    "price" : 2129.55,
    "dma50" : 2275.47,
    "dma100" : 2513.00,
    "dma200" : 2630.78,
    "volume" : 3459.00
  }, {
    "date" : "2025-04-28",
    "price" : 2108.80,
    "dma50" : 2268.93,
    "dma100" : 2503.80,
    "dma200" : 2625.58,
    "volume" : 4418.00
  }, {
    "date" : "2025-04-29",
    "price" : 2113.90,
    "dma50" : 2262.85,
    "dma100" : 2495.20,
    "dma200" : 2620.49,
    "volume" : 884.00
  }, {
    "date" : "2025-04-30",
    "price" : 2075.10,
    "dma50" : 2255.49,
    "dma100" : 2484.99,
    "dma200" : 2615.07,
    "volume" : 3219.00
  }, {
    "date" : "2025-05-02",
    "price" : 2080.45,
    "dma50" : 2248.63,
    "dma100" : 2474.52,
    "dma200" : 2609.75,
    "volume" : 2593.00
  }, {
    "date" : "2025-05-05",
    "price" : 2116.90,
    "dma50" : 2243.46,
    "dma100" : 2464.24,
    "dma200" : 2604.84,
    "volume" : 5239.00
  }, {
    "date" : "2025-05-06",
    "price" : 2106.70,
    "dma50" : 2238.10,
    "dma100" : 2454.57,
    "dma200" : 2599.89,
    "volume" : 1928.00
  }, {
    "date" : "2025-05-07",
    "price" : 2114.40,
    "dma50" : 2233.25,
    "dma100" : 2445.17,
    "dma200" : 2595.06,
    "volume" : 1362.00
  }, {
    "date" : "2025-05-08",
    "price" : 2107.65,
    "dma50" : 2228.32,
    "dma100" : 2436.01,
    "dma200" : 2590.21,
    "volume" : 700.00
  }, {
    "date" : "2025-05-09",
    "price" : 2072.85,
    "dma50" : 2222.22,
    "dma100" : 2426.34,
    "dma200" : 2585.06,
    "volume" : 1497.00
  }, {
    "date" : "2025-05-12",
    "price" : 2141.75,
    "dma50" : 2219.07,
    "dma100" : 2416.92,
    "dma200" : 2580.65,
    "volume" : 1989.00
  }, {
    "date" : "2025-05-13",
    "price" : 2149.20,
    "dma50" : 2216.33,
    "dma100" : 2405.87,
    "dma200" : 2576.35,
    "volume" : 1839.00
  }, {
    "date" : "2025-05-14",
    "price" : 2191.60,
    "dma50" : 2215.36,
    "dma100" : 2395.48,
    "dma200" : 2572.53,
    "volume" : 4121.00
  }, {
    "date" : "2025-05-15",
    "price" : 2168.55,
    "dma50" : 2213.52,
    "dma100" : 2384.81,
    "dma200" : 2568.51,
    "volume" : 3522.00
  }, {
    "date" : "2025-05-16",
    "price" : 2178.60,
    "dma50" : 2212.15,
    "dma100" : 2375.20,
    "dma200" : 2564.63,
    "volume" : 15845.00
  }, {
    "date" : "2025-05-19",
    "price" : 2296.00,
    "dma50" : 2215.44,
    "dma100" : 2367.13,
    "dma200" : 2561.95,
    "volume" : 21843.00
  }, {
    "date" : "2025-05-20",
    "price" : 2258.65,
    "dma50" : 2217.14,
    "dma100" : 2357.83,
    "dma200" : 2558.94,
    "volume" : 12308.00
  }, {
    "date" : "2025-05-21",
    "price" : 2354.70,
    "dma50" : 2222.53,
    "dma100" : 2350.96,
    "dma200" : 2556.90,
    "volume" : 11294.00
  }, {
    "date" : "2025-05-22",
    "price" : 2394.00,
    "dma50" : 2229.25,
    "dma100" : 2344.82,
    "dma200" : 2555.28,
    "volume" : 5737.00
  }, {
    "date" : "2025-05-23",
    "price" : 2445.65,
    "dma50" : 2237.74,
    "dma100" : 2339.34,
    "dma200" : 2554.19,
    "volume" : 5502.00
  }, {
    "date" : "2025-05-26",
    "price" : 2591.85,
    "dma50" : 2251.63,
    "dma100" : 2335.46,
    "dma200" : 2554.57,
    "volume" : 28445.00
  }, {
    "date" : "2025-05-27",
    "price" : 2651.90,
    "dma50" : 2267.32,
    "dma100" : 2332.27,
    "dma200" : 2555.53,
    "volume" : 13663.00
  }, {
    "date" : "2025-05-28",
    "price" : 2542.15,
    "dma50" : 2278.10,
    "dma100" : 2328.11,
    "dma200" : 2555.40,
    "volume" : 5596.00
  }, {
    "date" : "2025-05-29",
    "price" : 2418.90,
    "dma50" : 2283.62,
    "dma100" : 2322.62,
    "dma200" : 2554.04,
    "volume" : 8304.00
  }, {
    "date" : "2025-05-30",
    "price" : 2524.10,
    "dma50" : 2293.05,
    "dma100" : 2318.00,
    "dma200" : 2553.75,
    "volume" : 5584.00
  }, {
    "date" : "2025-06-02",
    "price" : 2462.90,
    "dma50" : 2299.71,
    "dma100" : 2313.38,
    "dma200" : 2552.84,
    "volume" : 4554.00
  }, {
    "date" : "2025-06-03",
    "price" : 2480.10,
    "dma50" : 2306.79,
    "dma100" : 2309.11,
    "dma200" : 2552.12,
    "volume" : 2247.00
  }, {
    "date" : "2025-06-04",
    "price" : 2459.60,
    "dma50" : 2312.78,
    "dma100" : 2304.71,
    "dma200" : 2551.20,
    "volume" : 3148.00
  }, {
    "date" : "2025-06-05",
    "price" : 2473.00,
    "dma50" : 2319.06,
    "dma100" : 2299.70,
    "dma200" : 2550.42,
    "volume" : 2299.00
  }, {
    "date" : "2025-06-06",
    "price" : 2438.60,
    "dma50" : 2323.75,
    "dma100" : 2294.36,
    "dma200" : 2549.31,
    "volume" : 6716.00
  }, {
    "date" : "2025-06-09",
    "price" : 2382.15,
    "dma50" : 2326.04,
    "dma100" : 2289.66,
    "dma200" : 2547.64,
    "volume" : 5640.00
  }, {
    "date" : "2025-06-10",
    "price" : 2422.55,
    "dma50" : 2329.83,
    "dma100" : 2287.31,
    "dma200" : 2546.40,
    "volume" : 2886.00
  }, {
    "date" : "2025-06-11",
    "price" : 2443.75,
    "dma50" : 2334.29,
    "dma100" : 2283.86,
    "dma200" : 2545.38,
    "volume" : 4084.00
  }, {
    "date" : "2025-06-12",
    "price" : 2447.60,
    "dma50" : 2338.74,
    "dma100" : 2281.43,
    "dma200" : 2544.40,
    "volume" : 14245.00
  }, {
    "date" : "2025-06-13",
    "price" : 2431.70,
    "dma50" : 2342.38,
    "dma100" : 2278.83,
    "dma200" : 2543.28,
    "volume" : 2036.00
  }, {
    "date" : "2025-06-16",
    "price" : 2419.15,
    "dma50" : 2345.39,
    "dma100" : 2276.55,
    "dma200" : 2542.05,
    "volume" : 3972.00
  }, {
    "date" : "2025-06-17",
    "price" : 2442.75,
    "dma50" : 2349.21,
    "dma100" : 2275.08,
    "dma200" : 2541.06,
    "volume" : 2590.00
  }, {
    "date" : "2025-06-18",
    "price" : 2437.05,
    "dma50" : 2352.66,
    "dma100" : 2273.81,
    "dma200" : 2540.02,
    "volume" : 1019.00
  }, {
    "date" : "2025-06-19",
    "price" : 2342.70,
    "dma50" : 2352.27,
    "dma100" : 2271.76,
    "dma200" : 2538.06,
    "volume" : 2848.00
  }, {
    "date" : "2025-06-20",
    "price" : 2397.95,
    "dma50" : 2354.06,
    "dma100" : 2271.24,
    "dma200" : 2536.67,
    "volume" : 1656.00
  }, {
    "date" : "2025-06-23",
    "price" : 2373.70,
    "dma50" : 2354.83,
    "dma100" : 2271.08,
    "dma200" : 2535.05,
    "volume" : 1049.00
  }, {
    "date" : "2025-06-24",
    "price" : 2362.20,
    "dma50" : 2355.12,
    "dma100" : 2271.89,
    "dma200" : 2533.33,
    "volume" : 1530.00
  }, {
    "date" : "2025-06-25",
    "price" : 2364.10,
    "dma50" : 2355.47,
    "dma100" : 2272.48,
    "dma200" : 2531.64,
    "volume" : 1819.00
  }, {
    "date" : "2025-06-26",
    "price" : 2390.20,
    "dma50" : 2356.83,
    "dma100" : 2273.72,
    "dma200" : 2530.23,
    "volume" : 8916.00
  }, {
    "date" : "2025-06-27",
    "price" : 2357.30,
    "dma50" : 2356.85,
    "dma100" : 2274.83,
    "dma200" : 2528.51,
    "volume" : 2901.00
  }, {
    "date" : "2025-06-30",
    "price" : 2339.90,
    "dma50" : 2356.18,
    "dma100" : 2273.91,
    "dma200" : 2526.64,
    "volume" : 2622.00
  }, {
    "date" : "2025-07-01",
    "price" : 2326.50,
    "dma50" : 2355.02,
    "dma100" : 2273.93,
    "dma200" : 2524.65,
    "volume" : 2183.00
  }, {
    "date" : "2025-07-02",
    "price" : 2350.75,
    "dma50" : 2354.85,
    "dma100" : 2275.52,
    "dma200" : 2522.92,
    "volume" : 1098.00
  }, {
    "date" : "2025-07-03",
    "price" : 2388.55,
    "dma50" : 2356.17,
    "dma100" : 2276.18,
    "dma200" : 2521.58,
    "volume" : 2480.00
  }, {
    "date" : "2025-07-04",
    "price" : 2360.60,
    "dma50" : 2356.35,
    "dma100" : 2276.11,
    "dma200" : 2519.98,
    "volume" : 1167.00
  }, {
    "date" : "2025-07-07",
    "price" : 2337.45,
    "dma50" : 2355.61,
    "dma100" : 2275.90,
    "dma200" : 2518.16,
    "volume" : 1130.00
  }, {
    "date" : "2025-07-08",
    "price" : 2385.00,
    "dma50" : 2356.76,
    "dma100" : 2277.70,
    "dma200" : 2516.84,
    "volume" : 974.00
  }, {
    "date" : "2025-07-09",
    "price" : 2356.15,
    "dma50" : 2356.74,
    "dma100" : 2279.93,
    "dma200" : 2515.24,
    "volume" : 1264.00
  }, {
    "date" : "2025-07-10",
    "price" : 2333.30,
    "dma50" : 2355.82,
    "dma100" : 2280.27,
    "dma200" : 2513.43,
    "volume" : 1805.00
  }, {
    "date" : "2025-07-11",
    "price" : 2395.60,
    "dma50" : 2357.38,
    "dma100" : 2280.42,
    "dma200" : 2512.25,
    "volume" : 4825.00
  }, {
    "date" : "2025-07-14",
    "price" : 2388.15,
    "dma50" : 2358.58,
    "dma100" : 2279.32,
    "dma200" : 2511.02,
    "volume" : 901.00
  }, {
    "date" : "2025-07-15",
    "price" : 2334.50,
    "dma50" : 2357.64,
    "dma100" : 2278.06,
    "dma200" : 2509.26,
    "volume" : 4692.00
  }, {
    "date" : "2025-07-16",
    "price" : 2355.10,
    "dma50" : 2357.54,
    "dma100" : 2277.96,
    "dma200" : 2507.73,
    "volume" : 1745.00
  }, {
    "date" : "2025-07-17",
    "price" : 2347.10,
    "dma50" : 2357.13,
    "dma100" : 2279.03,
    "dma200" : 2506.13,
    "volume" : 1729.00
  }, {
    "date" : "2025-07-18",
    "price" : 2318.15,
    "dma50" : 2355.60,
    "dma100" : 2280.33,
    "dma200" : 2504.26,
    "volume" : 1553.00
  }, {
    "date" : "2025-07-21",
    "price" : 2322.30,
    "dma50" : 2354.30,
    "dma100" : 2282.23,
    "dma200" : 2502.45,
    "volume" : 1749.00
  }, {
    "date" : "2025-07-22",
    "price" : 2305.45,
    "dma50" : 2352.38,
    "dma100" : 2284.03,
    "dma200" : 2500.49,
    "volume" : 956.00
  }, {
    "date" : "2025-07-23",
    "price" : 2376.45,
    "dma50" : 2353.32,
    "dma100" : 2287.07,
    "dma200" : 2499.25,
    "volume" : 30872.00
  }, {
    "date" : "2025-07-24",
    "price" : 2352.15,
    "dma50" : 2353.28,
    "dma100" : 2290.19,
    "dma200" : 2497.79,
    "volume" : 3071.00
  }, {
    "date" : "2025-07-25",
    "price" : 2289.80,
    "dma50" : 2350.79,
    "dma100" : 2293.04,
    "dma200" : 2495.72,
    "volume" : 2246.00
  }, {
    "date" : "2025-07-28",
    "price" : 2271.70,
    "dma50" : 2347.69,
    "dma100" : 2295.41,
    "dma200" : 2493.49,
    "volume" : 598.00
  }, {
    "date" : "2025-07-29",
    "price" : 2196.00,
    "dma50" : 2341.74,
    "dma100" : 2297.26,
    "dma200" : 2490.53,
    "volume" : 3428.00
  }, {
    "date" : "2025-07-30",
    "price" : 2197.30,
    "dma50" : 2336.07,
    "dma100" : 2299.14,
    "dma200" : 2487.61,
    "volume" : 2853.00
  }, {
    "date" : "2025-07-31",
    "price" : 2165.70,
    "dma50" : 2329.39,
    "dma100" : 2299.27,
    "dma200" : 2484.41,
    "volume" : 1949.00
  }, {
    "date" : "2025-08-01",
    "price" : 2169.80,
    "dma50" : 2323.13,
    "dma100" : 2298.56,
    "dma200" : 2481.28,
    "volume" : 1111.00
  }, {
    "date" : "2025-08-04",
    "price" : 2154.95,
    "dma50" : 2316.54,
    "dma100" : 2296.26,
    "dma200" : 2478.03,
    "volume" : 2535.00
  }, {
    "date" : "2025-08-05",
    "price" : 2125.40,
    "dma50" : 2309.04,
    "dma100" : 2294.90,
    "dma200" : 2474.52,
    "volume" : 3069.00
  }, {
    "date" : "2025-08-06",
    "price" : 2100.00,
    "dma50" : 2300.85,
    "dma100" : 2293.71,
    "dma200" : 2470.80,
    "volume" : 11395.00
  }, {
    "date" : "2025-08-07",
    "price" : 2056.75,
    "dma50" : 2291.27,
    "dma100" : 2291.73,
    "dma200" : 2466.68,
    "volume" : 1974.00
  }, {
    "date" : "2025-08-08",
    "price" : 2073.90,
    "dma50" : 2282.75,
    "dma100" : 2289.96,
    "dma200" : 2462.77,
    "volume" : 1951.00
  }, {
    "date" : "2025-08-11",
    "price" : 2051.65,
    "dma50" : 2273.69,
    "dma100" : 2286.90,
    "dma200" : 2458.68,
    "volume" : 5723.00
  }, {
    "date" : "2025-08-12",
    "price" : 2060.45,
    "dma50" : 2265.32,
    "dma100" : 2284.58,
    "dma200" : 2454.72,
    "volume" : 635.00
  }, {
    "date" : "2025-08-13",
    "price" : 2165.95,
    "dma50" : 2261.43,
    "dma100" : 2283.34,
    "dma200" : 2451.84,
    "volume" : 3929.00
  }, {
    "date" : "2025-08-14",
    "price" : 2179.15,
    "dma50" : 2258.20,
    "dma100" : 2282.74,
    "dma200" : 2449.13,
    "volume" : 3396.00
  }, {
    "date" : "2025-08-18",
    "price" : 2144.65,
    "dma50" : 2253.75,
    "dma100" : 2281.28,
    "dma200" : 2446.10,
    "volume" : 1781.00
  }, {
    "date" : "2025-08-19",
    "price" : 2194.50,
    "dma50" : 2251.42,
    "dma100" : 2279.62,
    "dma200" : 2443.60,
    "volume" : 848.00
  }, {
    "date" : "2025-08-20",
    "price" : 2184.10,
    "dma50" : 2248.78,
    "dma100" : 2277.27,
    "dma200" : 2441.02,
    "volume" : 2237.00
  }, {
    "date" : "2025-08-21",
    "price" : 2141.00,
    "dma50" : 2244.56,
    "dma100" : 2275.54,
    "dma200" : 2438.03,
    "volume" : 2667.00
  }, {
    "date" : "2025-08-22",
    "price" : 2133.90,
    "dma50" : 2240.22,
    "dma100" : 2274.36,
    "dma200" : 2435.00,
    "volume" : 685.00
  }, {
    "date" : "2025-08-25",
    "price" : 2104.25,
    "dma50" : 2234.89,
    "dma100" : 2273.43,
    "dma200" : 2431.71,
    "volume" : 2673.00
  }, {
    "date" : "2025-08-26",
    "price" : 2046.65,
    "dma50" : 2227.50,
    "dma100" : 2271.24,
    "dma200" : 2427.88,
    "volume" : 7502.00
  }, {
    "date" : "2025-08-28",
    "price" : 2050.55,
    "dma50" : 2220.56,
    "dma100" : 2268.83,
    "dma200" : 2424.13,
    "volume" : 746.00
  }, {
    "date" : "2025-08-29",
    "price" : 2201.15,
    "dma50" : 2219.80,
    "dma100" : 2268.31,
    "dma200" : 2421.91,
    "volume" : 8160.00
  }, {
    "date" : "2025-09-01",
    "price" : 2165.85,
    "dma50" : 2217.69,
    "dma100" : 2267.69,
    "dma200" : 2419.36,
    "volume" : 4633.00
  }, {
    "date" : "2025-09-02",
    "price" : 2218.10,
    "dma50" : 2217.70,
    "dma100" : 2268.51,
    "dma200" : 2417.36,
    "volume" : 21108.00
  }, {
    "date" : "2025-09-03",
    "price" : 2197.80,
    "dma50" : 2216.92,
    "dma100" : 2269.03,
    "dma200" : 2415.17,
    "volume" : 2276.00
  }, {
    "date" : "2025-09-04",
    "price" : 2181.10,
    "dma50" : 2215.52,
    "dma100" : 2269.30,
    "dma200" : 2412.84,
    "volume" : 1000.00
  }, {
    "date" : "2025-09-05",
    "price" : 2175.40,
    "dma50" : 2213.94,
    "dma100" : 2269.65,
    "dma200" : 2410.48,
    "volume" : 634.00
  }, {
    "date" : "2025-09-08",
    "price" : 2198.95,
    "dma50" : 2213.36,
    "dma100" : 2269.73,
    "dma200" : 2408.38,
    "volume" : 8548.00
  }, {
    "date" : "2025-09-09",
    "price" : 2198.90,
    "dma50" : 2212.79,
    "dma100" : 2270.06,
    "dma200" : 2406.29,
    "volume" : 1208.00
  }, {
    "date" : "2025-09-10",
    "price" : 2198.00,
    "dma50" : 2212.21,
    "dma100" : 2269.69,
    "dma200" : 2404.22,
    "volume" : 1216.00
  }, {
    "date" : "2025-09-11",
    "price" : 2181.40,
    "dma50" : 2211.00,
    "dma100" : 2269.64,
    "dma200" : 2402.00,
    "volume" : 1618.00
  }, {
    "date" : "2025-09-12",
    "price" : 2166.55,
    "dma50" : 2209.26,
    "dma100" : 2269.57,
    "dma200" : 2399.66,
    "volume" : 971.00
  }, {
    "date" : "2025-09-15",
    "price" : 2164.25,
    "dma50" : 2207.49,
    "dma100" : 2269.76,
    "dma200" : 2397.32,
    "volume" : 1008.00
  }, {
    "date" : "2025-09-16",
    "price" : 2146.75,
    "dma50" : 2205.11,
    "dma100" : 2269.88,
    "dma200" : 2394.82,
    "volume" : 1785.00
  }, {
    "date" : "2025-09-17",
    "price" : 2117.75,
    "dma50" : 2201.69,
    "dma100" : 2269.77,
    "dma200" : 2392.07,
    "volume" : 4051.00
  }, {
    "date" : "2025-09-18",
    "price" : 2099.45,
    "dma50" : 2197.68,
    "dma100" : 2269.67,
    "dma200" : 2389.16,
    "volume" : 17826.00
  }, {
    "date" : "2025-09-19",
    "price" : 2132.25,
    "dma50" : 2195.11,
    "dma100" : 2269.86,
    "dma200" : 2386.60,
    "volume" : 3598.00
  }, {
    "date" : "2025-09-22",
    "price" : 2131.85,
    "dma50" : 2192.63,
    "dma100" : 2270.42,
    "dma200" : 2384.06,
    "volume" : 1324.00
  }, {
    "date" : "2025-09-23",
    "price" : 2124.90,
    "dma50" : 2189.97,
    "dma100" : 2270.87,
    "dma200" : 2381.49,
    "volume" : 2130.00
  }, {
    "date" : "2025-09-24",
    "price" : 2104.35,
    "dma50" : 2186.62,
    "dma100" : 2270.74,
    "dma200" : 2378.73,
    "volume" : 1714.00
  }, {
    "date" : "2025-09-25",
    "price" : 2099.50,
    "dma50" : 2183.20,
    "dma100" : 2270.67,
    "dma200" : 2375.95,
    "volume" : 789.00
  }, {
    "date" : "2025-09-26",
    "price" : 2084.75,
    "dma50" : 2179.34,
    "dma100" : 2270.37,
    "dma200" : 2373.05,
    "volume" : 814.00
  }, {
    "date" : "2025-09-29",
    "price" : 2057.45,
    "dma50" : 2174.56,
    "dma100" : 2269.87,
    "dma200" : 2369.91,
    "volume" : 1966.00
  }, {
    "date" : "2025-09-30",
    "price" : 2089.75,
    "dma50" : 2171.23,
    "dma100" : 2270.04,
    "dma200" : 2367.12,
    "volume" : 3162.00
  }, {
    "date" : "2025-10-01",
    "price" : 2086.85,
    "dma50" : 2167.92,
    "dma100" : 2269.49,
    "dma200" : 2364.34,
    "volume" : 1792.00
  }, {
    "date" : "2025-10-03",
    "price" : 2089.00,
    "dma50" : 2164.83,
    "dma100" : 2268.89,
    "dma200" : 2361.60,
    "volume" : 693.00
  }, {
    "date" : "2025-10-06",
    "price" : 2079.85,
    "dma50" : 2161.50,
    "dma100" : 2267.77,
    "dma200" : 2358.79,
    "volume" : 1136.00
  }, {
    "date" : "2025-10-07",
    "price" : 2107.15,
    "dma50" : 2159.36,
    "dma100" : 2267.16,
    "dma200" : 2356.29,
    "volume" : 1372.00
  }, {
    "date" : "2025-10-08",
    "price" : 2073.90,
    "dma50" : 2156.01,
    "dma100" : 2266.11,
    "dma200" : 2353.48,
    "volume" : 1625.00
  }, {
    "date" : "2025-10-09",
    "price" : 2098.20,
    "dma50" : 2153.75,
    "dma100" : 2264.13,
    "dma200" : 2350.94,
    "volume" : 48482.00
  }, {
    "date" : "2025-10-10",
    "price" : 2091.60,
    "dma50" : 2151.31,
    "dma100" : 2262.46,
    "dma200" : 2348.36,
    "volume" : 934.00
  }, {
    "date" : "2025-10-13",
    "price" : 2082.30,
    "dma50" : 2148.60,
    "dma100" : 2259.74,
    "dma200" : 2345.71,
    "volume" : 867.00
  }, {
    "date" : "2025-10-14",
    "price" : 2079.15,
    "dma50" : 2145.88,
    "dma100" : 2256.59,
    "dma200" : 2343.06,
    "volume" : 1177.00
  }, {
    "date" : "2025-10-15",
    "price" : 2061.40,
    "dma50" : 2142.57,
    "dma100" : 2252.75,
    "dma200" : 2340.26,
    "volume" : 3090.00
  }, {
    "date" : "2025-10-16",
    "price" : 2073.55,
    "dma50" : 2139.86,
    "dma100" : 2247.57,
    "dma200" : 2337.60,
    "volume" : 22863.00
  }, {
    "date" : "2025-10-17",
    "price" : 2079.85,
    "dma50" : 2137.51,
    "dma100" : 2241.84,
    "dma200" : 2335.04,
    "volume" : 2352.00
  }, {
    "date" : "2025-10-20",
    "price" : 2084.55,
    "dma50" : 2135.43,
    "dma100" : 2237.27,
    "dma200" : 2332.54,
    "volume" : 1544.00
  }, {
    "date" : "2025-10-21",
    "price" : 2102.70,
    "dma50" : 2134.15,
    "dma100" : 2234.11,
    "dma200" : 2330.26,
    "volume" : 489.00
  }, {
    "date" : "2025-10-23",
    "price" : 2083.10,
    "dma50" : 2132.14,
    "dma100" : 2229.70,
    "dma200" : 2327.80,
    "volume" : 1492.00
  }, {
    "date" : "2025-10-24",
    "price" : 2083.55,
    "dma50" : 2130.24,
    "dma100" : 2225.90,
    "dma200" : 2325.37,
    "volume" : 2629.00
  }, {
    "date" : "2025-10-27",
    "price" : 2108.75,
    "dma50" : 2129.40,
    "dma100" : 2222.19,
    "dma200" : 2323.21,
    "volume" : 2176.00
  }, {
    "date" : "2025-10-28",
    "price" : 2033.25,
    "dma50" : 2125.63,
    "dma100" : 2217.93,
    "dma200" : 2320.33,
    "volume" : 5897.00
  }, {
    "date" : "2025-10-29",
    "price" : 2065.20,
    "dma50" : 2123.26,
    "dma100" : 2213.85,
    "dma200" : 2317.79,
    "volume" : 907.00
  }, {
    "date" : "2025-10-30",
    "price" : 2082.50,
    "dma50" : 2121.66,
    "dma100" : 2210.29,
    "dma200" : 2315.45,
    "volume" : 44565.00
  }, {
    "date" : "2025-10-31",
    "price" : 2085.80,
    "dma50" : 2120.25,
    "dma100" : 2207.32,
    "dma200" : 2313.16,
    "volume" : 1475.00
  }, {
    "date" : "2025-11-03",
    "price" : 2079.50,
    "dma50" : 2118.65,
    "dma100" : 2203.89,
    "dma200" : 2310.84,
    "volume" : 1539.00
  }, {
    "date" : "2025-11-04",
    "price" : 2097.05,
    "dma50" : 2117.81,
    "dma100" : 2200.43,
    "dma200" : 2308.71,
    "volume" : 2157.00
  }, {
    "date" : "2025-11-06",
    "price" : 2162.05,
    "dma50" : 2119.54,
    "dma100" : 2197.57,
    "dma200" : 2307.25,
    "volume" : 7805.00
  }, {
    "date" : "2025-11-07",
    "price" : 2305.50,
    "dma50" : 2126.83,
    "dma100" : 2196.31,
    "dma200" : 2307.23,
    "volume" : 15843.00
  }, {
    "date" : "2025-11-10",
    "price" : 2310.95,
    "dma50" : 2134.05,
    "dma100" : 2195.23,
    "dma200" : 2307.27,
    "volume" : 3125.00
  }, {
    "date" : "2025-11-11",
    "price" : 2281.45,
    "dma50" : 2139.83,
    "dma100" : 2193.61,
    "dma200" : 2307.01,
    "volume" : 3093.00
  }, {
    "date" : "2025-11-12",
    "price" : 2232.60,
    "dma50" : 2143.47,
    "dma100" : 2191.57,
    "dma200" : 2306.27,
    "volume" : 4407.00
  }, {
    "date" : "2025-11-13",
    "price" : 2523.60,
    "dma50" : 2158.38,
    "dma100" : 2193.38,
    "dma200" : 2308.44,
    "volume" : 49069.00
  }, {
    "date" : "2025-11-14",
    "price" : 2458.80,
    "dma50" : 2170.16,
    "dma100" : 2193.99,
    "dma200" : 2309.93,
    "volume" : 9830.00
  }, {
    "date" : "2025-11-17",
    "price" : 2455.25,
    "dma50" : 2181.34,
    "dma100" : 2194.80,
    "dma200" : 2311.38,
    "volume" : 2419.00
  }, {
    "date" : "2025-11-18",
    "price" : 2356.30,
    "dma50" : 2188.20,
    "dma100" : 2194.74,
    "dma200" : 2311.82,
    "volume" : 5220.00
  }, {
    "date" : "2025-11-19",
    "price" : 2340.95,
    "dma50" : 2194.19,
    "dma100" : 2194.51,
    "dma200" : 2312.11,
    "volume" : 6402.00
  }, {
    "date" : "2025-11-20",
    "price" : 2325.75,
    "dma50" : 2199.35,
    "dma100" : 2193.87,
    "dma200" : 2312.25,
    "volume" : 2311.00
  }, {
    "date" : "2025-11-21",
    "price" : 2389.35,
    "dma50" : 2206.80,
    "dma100" : 2194.19,
    "dma200" : 2313.02,
    "volume" : 2066.00
  }, {
    "date" : "2025-11-24",
    "price" : 2179.75,
    "dma50" : 2205.74,
    "dma100" : 2192.59,
    "dma200" : 2311.69,
    "volume" : 129072.00
  } ],
  "latestTechnicalAttributes" : {
    "date" : "2025-11-24",
    "price" : 2179.75,
    "dma50" : 2205.74,
    "dma100" : 2192.59,
    "dma200" : 2311.69,
    "volume" : 129072.00
  },
  "quarterlyResults" : [ {
    "date" : "2005-03-31",
    "sales" : 68.52,
    "salesGrowthYoY" : null,
    "grossProfitMargin" : 57.41,
    "grossProfit" : 39.34,
    "operatingProfitMargin" : 22.39,
    "operatingProfit" : 15.34,
    "netProfitMargin" : 17.70,
    "netProfit" : 12.13
  }, {
    "date" : "2005-06-30",
    "sales" : 78.20,
    "salesGrowthYoY" : null,
    "grossProfitMargin" : 64.14,
    "grossProfit" : 50.16,
    "operatingProfitMargin" : 25.61,
    "operatingProfit" : 20.03,
    "netProfitMargin" : 17.99,
    "netProfit" : 14.07
  }, {
    "date" : "2005-09-30",
    "sales" : 78.29,
    "salesGrowthYoY" : null,
    "grossProfitMargin" : 60.98,
    "grossProfit" : 47.74,
    "operatingProfitMargin" : 20.40,
    "operatingProfit" : 15.97,
    "netProfitMargin" : 12.79,
    "netProfit" : 10.01
  }, {
    "date" : "2005-12-31",
    "sales" : 82.07,
    "salesGrowthYoY" : null,
    "grossProfitMargin" : 57.27,
    "grossProfit" : 47.00,
    "operatingProfitMargin" : 19.53,
    "operatingProfit" : 16.03,
    "netProfitMargin" : 11.86,
    "netProfit" : 9.73
  }, {
    "date" : "2006-03-31",
    "sales" : 75.25,
    "salesGrowthYoY" : 9.82,
    "grossProfitMargin" : 56.08,
    "grossProfit" : 42.20,
    "operatingProfitMargin" : 17.04,
    "operatingProfit" : 12.82,
    "netProfitMargin" : 12.20,
    "netProfit" : 9.18
  }, {
    "date" : "2006-06-30",
    "sales" : 85.45,
    "salesGrowthYoY" : 9.27,
    "grossProfitMargin" : 56.24,
    "grossProfit" : 48.06,
    "operatingProfitMargin" : 23.65,
    "operatingProfit" : 20.21,
    "netProfitMargin" : 14.53,
    "netProfit" : 12.42
  }, {
    "date" : "2006-09-30",
    "sales" : 84.71,
    "salesGrowthYoY" : 8.20,
    "grossProfitMargin" : 54.94,
    "grossProfit" : 46.54,
    "operatingProfitMargin" : 12.29,
    "operatingProfit" : 10.41,
    "netProfitMargin" : 9.80,
    "netProfit" : 8.30
  }, {
    "date" : "2006-12-31",
    "sales" : 86.27,
    "salesGrowthYoY" : 5.12,
    "grossProfitMargin" : 58.80,
    "grossProfit" : 50.73,
    "operatingProfitMargin" : 21.04,
    "operatingProfit" : 18.15,
    "netProfitMargin" : 12.32,
    "netProfit" : 10.63
  }, {
    "date" : "2007-03-31",
    "sales" : 89.31,
    "salesGrowthYoY" : 18.68,
    "grossProfitMargin" : 54.75,
    "grossProfit" : 48.90,
    "operatingProfitMargin" : 15.89,
    "operatingProfit" : 14.19,
    "netProfitMargin" : 8.99,
    "netProfit" : 8.03
  }, {
    "date" : "2007-06-30",
    "sales" : 96.93,
    "salesGrowthYoY" : 13.43,
    "grossProfitMargin" : 57.28,
    "grossProfit" : 55.52,
    "operatingProfitMargin" : 22.92,
    "operatingProfit" : 22.22,
    "netProfitMargin" : 15.77,
    "netProfit" : 15.29
  }, {
    "date" : "2007-09-30",
    "sales" : 89.85,
    "salesGrowthYoY" : 6.07,
    "grossProfitMargin" : 60.57,
    "grossProfit" : 54.42,
    "operatingProfitMargin" : 22.03,
    "operatingProfit" : 19.79,
    "netProfitMargin" : 14.29,
    "netProfit" : 12.84
  }, {
    "date" : "2007-12-31",
    "sales" : 97.45,
    "salesGrowthYoY" : 12.96,
    "grossProfitMargin" : 56.80,
    "grossProfit" : 55.35,
    "operatingProfitMargin" : 20.79,
    "operatingProfit" : 20.26,
    "netProfitMargin" : 12.04,
    "netProfit" : 11.73
  }, {
    "date" : "2008-03-31",
    "sales" : 93.83,
    "salesGrowthYoY" : 5.06,
    "grossProfitMargin" : 59.73,
    "grossProfit" : 56.04,
    "operatingProfitMargin" : 24.41,
    "operatingProfit" : 22.90,
    "netProfitMargin" : 14.09,
    "netProfit" : 13.22
  }, {
    "date" : "2008-06-30",
    "sales" : 109.04,
    "salesGrowthYoY" : 12.49,
    "grossProfitMargin" : 59.54,
    "grossProfit" : 64.92,
    "operatingProfitMargin" : 25.68,
    "operatingProfit" : 28.00,
    "netProfitMargin" : 15.26,
    "netProfit" : 16.64
  }, {
    "date" : "2008-09-30",
    "sales" : 99.31,
    "salesGrowthYoY" : 10.53,
    "grossProfitMargin" : 61.69,
    "grossProfit" : 61.26,
    "operatingProfitMargin" : 24.15,
    "operatingProfit" : 23.98,
    "netProfitMargin" : 16.27,
    "netProfit" : 16.16
  }, {
    "date" : "2008-12-31",
    "sales" : 80.15,
    "salesGrowthYoY" : -17.75,
    "grossProfitMargin" : 56.82,
    "grossProfit" : 45.54,
    "operatingProfitMargin" : 10.95,
    "operatingProfit" : 8.78,
    "netProfitMargin" : 6.01,
    "netProfit" : 4.82
  }, {
    "date" : "2009-03-31",
    "sales" : 61.08,
    "salesGrowthYoY" : -34.90,
    "grossProfitMargin" : 56.65,
    "grossProfit" : 34.60,
    "operatingProfitMargin" : 6.89,
    "operatingProfit" : 4.21,
    "netProfitMargin" : 3.27,
    "netProfit" : 2.00
  }, {
    "date" : "2009-06-30",
    "sales" : 64.93,
    "salesGrowthYoY" : -40.45,
    "grossProfitMargin" : 58.06,
    "grossProfit" : 37.70,
    "operatingProfitMargin" : 16.05,
    "operatingProfit" : 10.42,
    "netProfitMargin" : 7.79,
    "netProfit" : 5.06
  }, {
    "date" : "2009-09-30",
    "sales" : 75.60,
    "salesGrowthYoY" : -23.87,
    "grossProfitMargin" : 63.39,
    "grossProfit" : 47.92,
    "operatingProfitMargin" : 21.64,
    "operatingProfit" : 16.36,
    "netProfitMargin" : 12.55,
    "netProfit" : 9.49
  }, {
    "date" : "2009-12-31",
    "sales" : 90.16,
    "salesGrowthYoY" : 12.49,
    "grossProfitMargin" : 64.49,
    "grossProfit" : 58.14,
    "operatingProfitMargin" : 25.70,
    "operatingProfit" : 23.17,
    "netProfitMargin" : 15.62,
    "netProfit" : 14.08
  }, {
    "date" : "2010-03-31",
    "sales" : 98.75,
    "salesGrowthYoY" : 61.67,
    "grossProfitMargin" : 64.26,
    "grossProfit" : 63.46,
    "operatingProfitMargin" : 22.46,
    "operatingProfit" : 22.18,
    "netProfitMargin" : 14.12,
    "netProfit" : 13.94
  }, {
    "date" : "2010-06-30",
    "sales" : 108.03,
    "salesGrowthYoY" : 66.38,
    "grossProfitMargin" : 61.69,
    "grossProfit" : 66.64,
    "operatingProfitMargin" : 23.19,
    "operatingProfit" : 25.05,
    "netProfitMargin" : 13.39,
    "netProfit" : 14.47
  }, {
    "date" : "2010-09-30",
    "sales" : 109.68,
    "salesGrowthYoY" : 45.08,
    "grossProfitMargin" : 61.60,
    "grossProfit" : 67.56,
    "operatingProfitMargin" : 28.20,
    "operatingProfit" : 30.93,
    "netProfitMargin" : 17.82,
    "netProfit" : 19.54
  }, {
    "date" : "2010-12-31",
    "sales" : 117.45,
    "salesGrowthYoY" : 30.27,
    "grossProfitMargin" : 60.59,
    "grossProfit" : 71.16,
    "operatingProfitMargin" : 27.01,
    "operatingProfit" : 31.72,
    "netProfitMargin" : 17.01,
    "netProfit" : 19.98
  }, {
    "date" : "2011-03-31",
    "sales" : 126.18,
    "salesGrowthYoY" : 27.78,
    "grossProfitMargin" : 62.01,
    "grossProfit" : 78.24,
    "operatingProfitMargin" : 24.74,
    "operatingProfit" : 31.22,
    "netProfitMargin" : 16.12,
    "netProfit" : 20.34
  }, {
    "date" : "2011-06-30",
    "sales" : 154.03,
    "salesGrowthYoY" : 42.58,
    "grossProfitMargin" : 60.57,
    "grossProfit" : 93.30,
    "operatingProfitMargin" : 28.93,
    "operatingProfit" : 44.56,
    "netProfitMargin" : 18.62,
    "netProfit" : 28.68
  }, {
    "date" : "2011-09-30",
    "sales" : 139.40,
    "salesGrowthYoY" : 27.10,
    "grossProfitMargin" : 61.16,
    "grossProfit" : 85.26,
    "operatingProfitMargin" : 28.21,
    "operatingProfit" : 39.32,
    "netProfitMargin" : 18.52,
    "netProfit" : 25.82
  }, {
    "date" : "2011-12-31",
    "sales" : 137.99,
    "salesGrowthYoY" : 17.49,
    "grossProfitMargin" : 51.90,
    "grossProfit" : 71.62,
    "operatingProfitMargin" : 19.90,
    "operatingProfit" : 27.46,
    "netProfitMargin" : 12.20,
    "netProfit" : 16.83
  }, {
    "date" : "2012-03-31",
    "sales" : 141.50,
    "salesGrowthYoY" : 12.14,
    "grossProfitMargin" : 45.96,
    "grossProfit" : 65.03,
    "operatingProfitMargin" : 13.17,
    "operatingProfit" : 18.64,
    "netProfitMargin" : 7.53,
    "netProfit" : 10.65
  }, {
    "date" : "2012-06-30",
    "sales" : 143.44,
    "salesGrowthYoY" : -6.88,
    "grossProfitMargin" : 52.06,
    "grossProfit" : 74.67,
    "operatingProfitMargin" : 17.95,
    "operatingProfit" : 25.75,
    "netProfitMargin" : 10.52,
    "netProfit" : 15.09
  }, {
    "date" : "2012-09-30",
    "sales" : 123.30,
    "salesGrowthYoY" : -11.55,
    "grossProfitMargin" : 48.29,
    "grossProfit" : 59.54,
    "operatingProfitMargin" : 9.86,
    "operatingProfit" : 12.16,
    "netProfitMargin" : 4.96,
    "netProfit" : 6.12
  }, {
    "date" : "2012-12-31",
    "sales" : 131.91,
    "salesGrowthYoY" : -4.41,
    "grossProfitMargin" : 47.03,
    "grossProfit" : 62.04,
    "operatingProfitMargin" : 11.11,
    "operatingProfit" : 14.66,
    "netProfitMargin" : 5.06,
    "netProfit" : 6.67
  }, {
    "date" : "2013-03-31",
    "sales" : 114.99,
    "salesGrowthYoY" : -18.73,
    "grossProfitMargin" : 45.58,
    "grossProfit" : 52.41,
    "operatingProfitMargin" : 0.09,
    "operatingProfit" : 0.10,
    "netProfitMargin" : -2.70,
    "netProfit" : -3.10
  }, {
    "date" : "2013-06-30",
    "sales" : 119.17,
    "salesGrowthYoY" : -16.92,
    "grossProfitMargin" : 48.01,
    "grossProfit" : 57.21,
    "operatingProfitMargin" : 9.44,
    "operatingProfit" : 11.25,
    "netProfitMargin" : 4.33,
    "netProfit" : 5.16
  }, {
    "date" : "2013-09-30",
    "sales" : 128.75,
    "salesGrowthYoY" : 4.42,
    "grossProfitMargin" : 47.62,
    "grossProfit" : 61.31,
    "operatingProfitMargin" : 8.12,
    "operatingProfit" : 10.45,
    "netProfitMargin" : 3.47,
    "netProfit" : 4.47
  }, {
    "date" : "2013-12-31",
    "sales" : 132.69,
    "salesGrowthYoY" : 0.59,
    "grossProfitMargin" : 45.66,
    "grossProfit" : 60.59,
    "operatingProfitMargin" : 7.79,
    "operatingProfit" : 10.34,
    "netProfitMargin" : 5.41,
    "netProfit" : 7.18
  }, {
    "date" : "2014-03-31",
    "sales" : 134.55,
    "salesGrowthYoY" : 17.01,
    "grossProfitMargin" : 47.80,
    "grossProfit" : 64.31,
    "operatingProfitMargin" : 10.16,
    "operatingProfit" : 13.67,
    "netProfitMargin" : 3.98,
    "netProfit" : 5.36
  }, {
    "date" : "2014-06-30",
    "sales" : 149.14,
    "salesGrowthYoY" : 25.15,
    "grossProfitMargin" : 45.76,
    "grossProfit" : 68.25,
    "operatingProfitMargin" : 10.59,
    "operatingProfit" : 15.79,
    "netProfitMargin" : 6.87,
    "netProfit" : 10.25
  }, {
    "date" : "2014-09-30",
    "sales" : 141.24,
    "salesGrowthYoY" : 9.70,
    "grossProfitMargin" : 47.36,
    "grossProfit" : 66.89,
    "operatingProfitMargin" : 10.11,
    "operatingProfit" : 14.28,
    "netProfitMargin" : 4.62,
    "netProfit" : 6.53
  }, {
    "date" : "2014-12-31",
    "sales" : 142.79,
    "salesGrowthYoY" : 7.61,
    "grossProfitMargin" : 45.66,
    "grossProfit" : 65.20,
    "operatingProfitMargin" : 9.55,
    "operatingProfit" : 13.64,
    "netProfitMargin" : 4.20,
    "netProfit" : 6.00
  }, {
    "date" : "2015-03-31",
    "sales" : 128.40,
    "salesGrowthYoY" : -4.57,
    "grossProfitMargin" : 50.46,
    "grossProfit" : 64.79,
    "operatingProfitMargin" : 9.20,
    "operatingProfit" : 11.81,
    "netProfitMargin" : 3.98,
    "netProfit" : 5.11
  }, {
    "date" : "2015-06-30",
    "sales" : 157.82,
    "salesGrowthYoY" : 5.82,
    "grossProfitMargin" : 47.76,
    "grossProfit" : 75.37,
    "operatingProfitMargin" : 12.88,
    "operatingProfit" : 20.33,
    "netProfitMargin" : 7.13,
    "netProfit" : 11.25
  }, {
    "date" : "2015-09-30",
    "sales" : 127.39,
    "salesGrowthYoY" : -9.81,
    "grossProfitMargin" : 46.96,
    "grossProfit" : 59.82,
    "operatingProfitMargin" : 6.38,
    "operatingProfit" : 8.13,
    "netProfitMargin" : 2.72,
    "netProfit" : 3.47
  }, {
    "date" : "2015-12-31",
    "sales" : 144.03,
    "salesGrowthYoY" : 0.87,
    "grossProfitMargin" : 46.73,
    "grossProfit" : 67.31,
    "operatingProfitMargin" : 8.01,
    "operatingProfit" : 11.54,
    "netProfitMargin" : 3.48,
    "netProfit" : 5.01
  }, {
    "date" : "2016-03-31",
    "sales" : 144.08,
    "salesGrowthYoY" : 12.21,
    "grossProfitMargin" : 46.78,
    "grossProfit" : 67.40,
    "operatingProfitMargin" : 8.08,
    "operatingProfit" : 11.64,
    "netProfitMargin" : 3.51,
    "netProfit" : 5.06
  }, {
    "date" : "2016-06-30",
    "sales" : 154.79,
    "salesGrowthYoY" : -1.92,
    "grossProfitMargin" : 48.23,
    "grossProfit" : 74.66,
    "operatingProfitMargin" : 9.45,
    "operatingProfit" : 14.63,
    "netProfitMargin" : 4.65,
    "netProfit" : 7.20
  }, {
    "date" : "2016-09-30",
    "sales" : 151.14,
    "salesGrowthYoY" : 18.64,
    "grossProfitMargin" : 44.83,
    "grossProfit" : 67.76,
    "operatingProfitMargin" : 7.19,
    "operatingProfit" : 10.87,
    "netProfitMargin" : 3.18,
    "netProfit" : 4.81
  }, {
    "date" : "2016-12-31",
    "sales" : 159.77,
    "salesGrowthYoY" : 10.93,
    "grossProfitMargin" : 46.28,
    "grossProfit" : 73.94,
    "operatingProfitMargin" : 9.03,
    "operatingProfit" : 14.43,
    "netProfitMargin" : 5.94,
    "netProfit" : 9.49
  }, {
    "date" : "2017-03-31",
    "sales" : 165.40,
    "salesGrowthYoY" : 14.80,
    "grossProfitMargin" : 48.78,
    "grossProfit" : 80.68,
    "operatingProfitMargin" : 9.23,
    "operatingProfit" : 15.27,
    "netProfitMargin" : 4.81,
    "netProfit" : 7.96
  }, {
    "date" : "2017-06-30",
    "sales" : 173.88,
    "salesGrowthYoY" : 12.33,
    "grossProfitMargin" : 48.36,
    "grossProfit" : 84.09,
    "operatingProfitMargin" : 9.24,
    "operatingProfit" : 16.07,
    "netProfitMargin" : 2.74,
    "netProfit" : 4.76
  }, {
    "date" : "2017-09-30",
    "sales" : 181.10,
    "salesGrowthYoY" : 19.82,
    "grossProfitMargin" : 46.11,
    "grossProfit" : 83.51,
    "operatingProfitMargin" : 11.10,
    "operatingProfit" : 20.10,
    "netProfitMargin" : 5.52,
    "netProfit" : 10.00
  }, {
    "date" : "2017-12-31",
    "sales" : 186.60,
    "salesGrowthYoY" : 16.79,
    "grossProfitMargin" : 47.11,
    "grossProfit" : 87.91,
    "operatingProfitMargin" : 10.66,
    "operatingProfit" : 19.89,
    "netProfitMargin" : 4.94,
    "netProfit" : 9.22
  }, {
    "date" : "2018-03-31",
    "sales" : 198.00,
    "salesGrowthYoY" : 19.71,
    "grossProfitMargin" : 49.55,
    "grossProfit" : 98.11,
    "operatingProfitMargin" : 15.96,
    "operatingProfit" : 31.60,
    "netProfitMargin" : 8.23,
    "netProfit" : 16.30
  }, {
    "date" : "2018-06-30",
    "sales" : 225.80,
    "salesGrowthYoY" : 29.86,
    "grossProfitMargin" : 45.88,
    "grossProfit" : 103.60,
    "operatingProfitMargin" : 12.05,
    "operatingProfit" : 27.21,
    "netProfitMargin" : 9.94,
    "netProfit" : 22.44
  }, {
    "date" : "2018-09-30",
    "sales" : 226.80,
    "salesGrowthYoY" : 25.23,
    "grossProfitMargin" : 50.44,
    "grossProfit" : 114.40,
    "operatingProfitMargin" : 18.83,
    "operatingProfit" : 42.71,
    "netProfitMargin" : 10.76,
    "netProfit" : 24.40
  }, {
    "date" : "2018-12-31",
    "sales" : 233.70,
    "salesGrowthYoY" : 25.24,
    "grossProfitMargin" : 48.31,
    "grossProfit" : 112.90,
    "operatingProfitMargin" : 16.56,
    "operatingProfit" : 38.70,
    "netProfitMargin" : 13.14,
    "netProfit" : 30.71
  }, {
    "date" : "2019-03-31",
    "sales" : 234.60,
    "salesGrowthYoY" : 18.48,
    "grossProfitMargin" : 46.21,
    "grossProfit" : 108.41,
    "operatingProfitMargin" : 11.68,
    "operatingProfit" : 27.40,
    "netProfitMargin" : 5.84,
    "netProfit" : 13.70
  }, {
    "date" : "2019-06-30",
    "sales" : 231.80,
    "salesGrowthYoY" : 2.66,
    "grossProfitMargin" : 42.15,
    "grossProfit" : 97.70,
    "operatingProfitMargin" : 11.78,
    "operatingProfit" : 27.31,
    "netProfitMargin" : 7.59,
    "netProfit" : 17.59
  }, {
    "date" : "2019-09-30",
    "sales" : 197.90,
    "salesGrowthYoY" : -12.74,
    "grossProfitMargin" : 48.31,
    "grossProfit" : 95.61,
    "operatingProfitMargin" : 15.36,
    "operatingProfit" : 30.40,
    "netProfitMargin" : 10.38,
    "netProfit" : 20.54
  }, {
    "date" : "2019-12-31",
    "sales" : 189.70,
    "salesGrowthYoY" : -18.83,
    "grossProfitMargin" : 46.39,
    "grossProfit" : 88.00,
    "operatingProfitMargin" : 13.60,
    "operatingProfit" : 25.80,
    "netProfitMargin" : 7.30,
    "netProfit" : 13.85
  }, {
    "date" : "2020-03-31",
    "sales" : 166.50,
    "salesGrowthYoY" : -29.03,
    "grossProfitMargin" : 45.41,
    "grossProfit" : 75.61,
    "operatingProfitMargin" : 10.99,
    "operatingProfit" : 18.30,
    "netProfitMargin" : 5.19,
    "netProfit" : 8.64
  }, {
    "date" : "2020-06-30",
    "sales" : 87.30,
    "salesGrowthYoY" : -62.34,
    "grossProfitMargin" : 40.55,
    "grossProfit" : 35.40,
    "operatingProfitMargin" : -15.58,
    "operatingProfit" : -13.60,
    "netProfitMargin" : -7.79,
    "netProfit" : -6.80
  }, {
    "date" : "2020-09-30",
    "sales" : 178.30,
    "salesGrowthYoY" : -9.90,
    "grossProfitMargin" : 44.25,
    "grossProfit" : 78.90,
    "operatingProfitMargin" : 12.90,
    "operatingProfit" : 23.00,
    "netProfitMargin" : 6.52,
    "netProfit" : 11.63
  }, {
    "date" : "2020-12-31",
    "sales" : 193.30,
    "salesGrowthYoY" : 1.90,
    "grossProfitMargin" : 44.90,
    "grossProfit" : 86.79,
    "operatingProfitMargin" : 12.78,
    "operatingProfit" : 24.70,
    "netProfitMargin" : 6.73,
    "netProfit" : 13.01
  }, {
    "date" : "2021-03-31",
    "sales" : 227.90,
    "salesGrowthYoY" : 36.88,
    "grossProfitMargin" : 48.18,
    "grossProfit" : 109.80,
    "operatingProfitMargin" : 15.40,
    "operatingProfit" : 35.10,
    "netProfitMargin" : 9.21,
    "netProfit" : 20.99
  }, {
    "date" : "2021-06-30",
    "sales" : 211.90,
    "salesGrowthYoY" : 142.73,
    "grossProfitMargin" : 48.80,
    "grossProfit" : 103.41,
    "operatingProfitMargin" : 17.56,
    "operatingProfit" : 37.21,
    "netProfitMargin" : 10.24,
    "netProfit" : 21.70
  }, {
    "date" : "2021-09-30",
    "sales" : 237.50,
    "salesGrowthYoY" : 33.20,
    "grossProfitMargin" : 50.32,
    "grossProfit" : 119.51,
    "operatingProfitMargin" : 19.07,
    "operatingProfit" : 45.29,
    "netProfitMargin" : 11.92,
    "netProfit" : 28.31
  }, {
    "date" : "2021-12-31",
    "sales" : 239.00,
    "salesGrowthYoY" : 23.64,
    "grossProfitMargin" : 50.13,
    "grossProfit" : 119.81,
    "operatingProfitMargin" : 19.21,
    "operatingProfit" : 45.91,
    "netProfitMargin" : 12.72,
    "netProfit" : 30.40
  }, {
    "date" : "2022-03-31",
    "sales" : 245.70,
    "salesGrowthYoY" : 7.81,
    "grossProfitMargin" : 49.90,
    "grossProfit" : 122.60,
    "operatingProfitMargin" : 17.38,
    "operatingProfit" : 42.70,
    "netProfitMargin" : 10.95,
    "netProfit" : 26.90
  }, {
    "date" : "2022-06-30",
    "sales" : 268.60,
    "salesGrowthYoY" : 26.76,
    "grossProfitMargin" : 47.99,
    "grossProfit" : 128.90,
    "operatingProfitMargin" : 16.87,
    "operatingProfit" : 45.31,
    "netProfitMargin" : 10.54,
    "netProfit" : 28.31
  }, {
    "date" : "2022-09-30",
    "sales" : 267.30,
    "salesGrowthYoY" : 12.55,
    "grossProfitMargin" : 48.00,
    "grossProfit" : 128.30,
    "operatingProfitMargin" : 17.51,
    "operatingProfit" : 46.80,
    "netProfitMargin" : 11.75,
    "netProfit" : 31.41
  }, {
    "date" : "2022-12-31",
    "sales" : 274.80,
    "salesGrowthYoY" : 14.98,
    "grossProfitMargin" : 44.61,
    "grossProfit" : 122.59,
    "operatingProfitMargin" : 13.72,
    "operatingProfit" : 37.70,
    "netProfitMargin" : 7.97,
    "netProfit" : 21.90
  }, {
    "date" : "2023-03-31",
    "sales" : 255.70,
    "salesGrowthYoY" : 4.07,
    "grossProfitMargin" : 42.98,
    "grossProfit" : 109.90,
    "operatingProfitMargin" : 11.93,
    "operatingProfit" : 30.51,
    "netProfitMargin" : 6.10,
    "netProfit" : 15.60
  }, {
    "date" : "2023-06-30",
    "sales" : 279.30,
    "salesGrowthYoY" : 3.98,
    "grossProfitMargin" : 41.60,
    "grossProfit" : 116.19,
    "operatingProfitMargin" : 13.07,
    "operatingProfit" : 36.50,
    "netProfitMargin" : 6.70,
    "netProfit" : 18.71
  }, {
    "date" : "2023-09-30",
    "sales" : 257.90,
    "salesGrowthYoY" : -3.52,
    "grossProfitMargin" : 45.79,
    "grossProfit" : 118.09,
    "operatingProfitMargin" : 13.53,
    "operatingProfit" : 34.89,
    "netProfitMargin" : 6.63,
    "netProfit" : 17.10
  }, {
    "date" : "2023-12-31",
    "sales" : 270.80,
    "salesGrowthYoY" : -1.46,
    "grossProfitMargin" : 45.97,
    "grossProfit" : 124.49,
    "operatingProfitMargin" : 15.77,
    "operatingProfit" : 42.71,
    "netProfitMargin" : 9.19,
    "netProfit" : 24.89
  }, {
    "date" : "2024-03-31",
    "sales" : 268.80,
    "salesGrowthYoY" : 5.12,
    "grossProfitMargin" : 48.81,
    "grossProfit" : 131.20,
    "operatingProfitMargin" : 16.74,
    "operatingProfit" : 45.00,
    "netProfitMargin" : 10.75,
    "netProfit" : 28.90
  }, {
    "date" : "2024-06-30",
    "sales" : 302.40,
    "salesGrowthYoY" : 8.27,
    "grossProfitMargin" : 45.77,
    "grossProfit" : 138.41,
    "operatingProfitMargin" : 16.10,
    "operatingProfit" : 48.69,
    "netProfitMargin" : 10.02,
    "netProfit" : 30.30
  }, {
    "date" : "2024-09-30",
    "sales" : 270.40,
    "salesGrowthYoY" : 4.85,
    "grossProfitMargin" : 48.45,
    "grossProfit" : 131.01,
    "operatingProfitMargin" : 15.64,
    "operatingProfit" : 42.29,
    "netProfitMargin" : 9.25,
    "netProfit" : 25.01
  }, {
    "date" : "2024-12-31",
    "sales" : 287.00,
    "salesGrowthYoY" : 5.98,
    "grossProfitMargin" : 46.97,
    "grossProfit" : 134.80,
    "operatingProfitMargin" : 14.15,
    "operatingProfit" : 40.61,
    "netProfitMargin" : 7.74,
    "netProfit" : 22.21
  }, {
    "date" : "2025-03-31",
    "sales" : 289.60,
    "salesGrowthYoY" : 7.74,
    "grossProfitMargin" : 46.17,
    "grossProfit" : 133.71,
    "operatingProfitMargin" : 13.78,
    "operatingProfit" : 39.91,
    "netProfitMargin" : 8.43,
    "netProfit" : 24.41
  }, {
    "date" : "2025-06-30",
    "sales" : 323.40,
    "salesGrowthYoY" : 6.94,
    "grossProfitMargin" : 44.59,
    "grossProfit" : 144.20,
    "operatingProfitMargin" : 15.28,
    "operatingProfit" : 49.42,
    "netProfitMargin" : 9.68,
    "netProfit" : 31.31
  }, {
    "date" : "2025-09-30",
    "sales" : 296.00,
    "salesGrowthYoY" : 9.47,
    "grossProfitMargin" : 47.91,
    "grossProfit" : 141.81,
    "operatingProfitMargin" : 17.80,
    "operatingProfit" : 52.69,
    "netProfitMargin" : 10.61,
    "netProfit" : 31.41
  } ],
  "latestQuarterlyResult" : {
    "date" : "2025-09-30",
    "sales" : 296.00,
    "salesGrowthYoY" : 9.47,
    "grossProfitMargin" : 47.91,
    "grossProfit" : 141.81,
    "operatingProfitMargin" : 17.80,
    "operatingProfit" : 52.69,
    "netProfitMargin" : 10.61,
    "netProfit" : 31.41
  },
  "companyScore" : {
    "priceHigherThanDma50" : 0.00,
    "priceHigherThanDma100" : 0.00,
    "priceHigherThanDma200" : 0.00,
    "dma50HigherThanDma100" : 5.00,
    "dma50HigherThanDma200" : 0.00,
    "dma100HigherThanDma200" : 0.00,
    "pricePercentageAboveDma50" : 5.06,
    "pricePercentageAboveDma100" : 5.03,
    "pricePercentageAboveDma200" : 5.29,
    "weeklyVolumeHigherThanYearlyVolume" : 5.00,
    "salesGrowthPercentile" : 10.38,
    "operatingProfitMarginPercentile" : 15.00,
    "netProfitMarginPercentile" : 6.97,
    "totalTechnicalScore" : 25.37,
    "totalFundamentalScore" : 32.35,
    "totalScore" : 57.72
  }
}