{
  "metadata" : {
    "screenerCompanyId" : "1270979",
    "companyCode" : "KIRLPNU",
    "companyName" : "Kirl.Pneumatic",
    "screenerCompanyLink" : "https://www.screener.in/company/KIRLPNU/",
    "screenerTechnicalHistoryLink" : "https://www.screener.in/api/company/1270979/chart/?q=Price-DMA50-DMA200-Volume&days=365",
    "screenerQuarterlyResultsLink" : "https://www.screener.in/api/company/1270979/chart/?q=GPM-OPM-NPM-Quarter+Sales&days=10000",
    "attributes" : {
      "companyCode" : "KIRLPNU",
      "companyName" : "Kirl.Pneumatic",
      "marketCap" : 7432.00,
      "peRatio" : 35.40,
      "description" : "Kirloskar Pneumatic Company Ltd, incorporated in 1958, is part of the Pune-based Kirloskar group. The Co. is engaged in the business of Compression & Transmission segments. It also undertakes O&M services for Compression Packages and has also entered logistic services by operating RoadRailer trains for end to end transportation of goods. It serves a variety of sectors like Oil & Gas, Steel, Cement, Food & Beverages, Railways, Marine and other industries. [1] [2]"
    },
    "companyScore" : {
      "priceHigherThanDma50" : 5.00,
      "priceHigherThanDma100" : 5.00,
      "priceHigherThanDma200" : 0.00,
      "dma50HigherThanDma100" : 0.00,
      "dma50HigherThanDma200" : 0.00,
      "dma100HigherThanDma200" : 0.00,
      "pricePercentageAboveDma50" : 4.73,
      "pricePercentageAboveDma100" : 4.91,
      "pricePercentageAboveDma200" : 5.11,
      "weeklyVolumeHigherThanYearlyVolume" : 5.00,
      "salesGrowthPercentile" : 13.25,
      "operatingProfitMarginPercentile" : 19.29,
      "netProfitMarginPercentile" : 9.40,
      "totalTechnicalScore" : 29.75,
      "totalFundamentalScore" : 41.94,
      "totalScore" : 71.69
    }
  },
  "attributes" : {
    "companyCode" : "KIRLPNU",
    "companyName" : "Kirl.Pneumatic",
    "marketCap" : 7432.00,
    "peRatio" : 35.40,
    "description" : "Kirloskar Pneumatic Company Ltd, incorporated in 1958, is part of the Pune-based Kirloskar group. The Co. is engaged in the business of Compression & Transmission segments. It also undertakes O&M services for Compression Packages and has also entered logistic services by operating RoadRailer trains for end to end transportation of goods. It serves a variety of sectors like Oil & Gas, Steel, Cement, Food & Beverages, Railways, Marine and other industries. [1] [2]"
  },
  "technicalHistory" : [ {
    "date" : "2025-01-30",
    "price" : 1113.45,
    "dma50" : 1416.75,
    "dma100" : null,
    "dma200" : 1306.86,
    "volume" : 166957.00
  }, {
    "date" : "2025-01-31",
    "price" : 1133.30,
    "dma50" : 1405.63,
    "dma100" : null,
    "dma200" : 1305.13,
    "volume" : 97523.00
  }, {
    "date" : "2025-02-01",
    "price" : 1135.25,
    "dma50" : 1395.03,
    "dma100" : null,
    "dma200" : 1303.44,
    "volume" : 72088.00
  }, {
    "date" : "2025-02-03",
    "price" : 1074.30,
    "dma50" : 1382.45,
    "dma100" : null,
    "dma200" : 1301.16,
    "volume" : 415349.00
  }, {
    "date" : "2025-02-04",
    "price" : 1076.15,
    "dma50" : 1370.44,
    "dma100" : null,
    "dma200" : 1298.92,
    "volume" : 114202.00
  }, {
    "date" : "2025-02-05",
    "price" : 1116.55,
    "dma50" : 1360.48,
    "dma100" : null,
    "dma200" : 1297.11,
    "volume" : 177232.00
  }, {
    "date" : "2025-02-06",
    "price" : 1117.20,
    "dma50" : 1350.94,
    "dma100" : null,
    "dma200" : 1295.32,
    "volume" : 106053.00
  }, {
    "date" : "2025-02-07",
    "price" : 1078.60,
    "dma50" : 1340.26,
    "dma100" : null,
    "dma200" : 1293.16,
    "volume" : 356724.00
  }, {
    "date" : "2025-02-10",
    "price" : 1076.90,
    "dma50" : 1329.93,
    "dma100" : null,
    "dma200" : 1291.01,
    "volume" : 193693.00
  }, {
    "date" : "2025-02-11",
    "price" : 1045.50,
    "dma50" : 1318.78,
    "dma100" : null,
    "dma200" : 1288.56,
    "volume" : 93240.00
  }, {
    "date" : "2025-02-12",
    "price" : 1060.90,
    "dma50" : 1308.67,
    "dma100" : null,
    "dma200" : 1286.30,
    "volume" : 100187.00
  }, {
    "date" : "2025-02-13",
    "price" : 1029.90,
    "dma50" : 1297.73,
    "dma100" : null,
    "dma200" : 1283.75,
    "volume" : 103924.00
  }, {
    "date" : "2025-02-14",
    "price" : 1026.65,
    "dma50" : 1287.10,
    "dma100" : null,
    "dma200" : 1281.19,
    "volume" : 190825.00
  }, {
    "date" : "2025-02-17",
    "price" : 1015.75,
    "dma50" : 1276.46,
    "dma100" : null,
    "dma200" : 1278.55,
    "volume" : 87754.00
  }, {
    "date" : "2025-02-18",
    "price" : 1005.50,
    "dma50" : 1265.84,
    "dma100" : null,
    "dma200" : 1275.83,
    "volume" : 87703.00
  }, {
    "date" : "2025-02-19",
    "price" : 1000.95,
    "dma50" : 1255.45,
    "dma100" : null,
    "dma200" : 1273.10,
    "volume" : 118367.00
  }, {
    "date" : "2025-02-20",
    "price" : 1018.60,
    "dma50" : 1246.16,
    "dma100" : null,
    "dma200" : 1270.56,
    "volume" : 55882.00
  }, {
    "date" : "2025-02-21",
    "price" : 1046.65,
    "dma50" : 1238.34,
    "dma100" : null,
    "dma200" : 1268.34,
    "volume" : 102630.00
  }, {
    "date" : "2025-02-24",
    "price" : 1063.75,
    "dma50" : 1231.49,
    "dma100" : null,
    "dma200" : 1266.30,
    "volume" : 114832.00
  }, {
    "date" : "2025-02-25",
    "price" : 1042.20,
    "dma50" : 1224.07,
    "dma100" : null,
    "dma200" : 1264.07,
    "volume" : 55920.00
  }, {
    "date" : "2025-02-27",
    "price" : 1002.40,
    "dma50" : 1215.37,
    "dma100" : null,
    "dma200" : 1261.47,
    "volume" : 91072.00
  }, {
    "date" : "2025-02-28",
    "price" : 999.45,
    "dma50" : 1206.91,
    "dma100" : null,
    "dma200" : 1258.86,
    "volume" : 180955.00
  }, {
    "date" : "2025-03-03",
    "price" : 979.70,
    "dma50" : 1198.00,
    "dma100" : null,
    "dma200" : 1256.08,
    "volume" : 100607.00
  }, {
    "date" : "2025-03-04",
    "price" : 1058.90,
    "dma50" : 1192.54,
    "dma100" : null,
    "dma200" : 1254.12,
    "volume" : 120734.00
  }, {
    "date" : "2025-03-05",
    "price" : 1029.35,
    "dma50" : 1186.14,
    "dma100" : null,
    "dma200" : 1251.88,
    "volume" : 311680.00
  }, {
    "date" : "2025-03-06",
    "price" : 1044.35,
    "dma50" : 1180.58,
    "dma100" : null,
    "dma200" : 1249.82,
    "volume" : 93987.00
  }, {
    "date" : "2025-03-07",
    "price" : 1033.45,
    "dma50" : 1174.81,
    "dma100" : null,
    "dma200" : 1247.67,
    "volume" : 96753.00
  }, {
    "date" : "2025-03-10",
    "price" : 987.55,
    "dma50" : 1167.47,
    "dma100" : null,
    "dma200" : 1245.08,
    "volume" : 70024.00
  }, {
    "date" : "2025-03-11",
    "price" : 1025.95,
    "dma50" : 1161.92,
    "dma100" : null,
    "dma200" : 1242.90,
    "volume" : 99854.00
  }, {
    "date" : "2025-03-12",
    "price" : 1007.20,
    "dma50" : 1155.85,
    "dma100" : null,
    "dma200" : 1240.55,
    "volume" : 55628.00
  }, {
    "date" : "2025-03-13",
    "price" : 1025.55,
    "dma50" : 1150.74,
    "dma100" : null,
    "dma200" : 1238.41,
    "volume" : 102771.00
  }, {
    "date" : "2025-03-17",
    "price" : 1066.60,
    "dma50" : 1147.44,
    "dma100" : null,
    "dma200" : 1236.70,
    "volume" : 101040.00
  }, {
    "date" : "2025-03-18",
    "price" : 1150.40,
    "dma50" : 1147.56,
    "dma100" : null,
    "dma200" : 1235.84,
    "volume" : 200408.00
  }, {
    "date" : "2025-03-19",
    "price" : 1166.55,
    "dma50" : 1148.30,
    "dma100" : null,
    "dma200" : 1235.15,
    "volume" : 211485.00
  }, {
    "date" : "2025-03-20",
    "price" : 1200.25,
    "dma50" : 1150.34,
    "dma100" : null,
    "dma200" : 1234.81,
    "volume" : 150728.00
  }, {
    "date" : "2025-03-21",
    "price" : 1212.60,
    "dma50" : 1152.78,
    "dma100" : null,
    "dma200" : 1234.59,
    "volume" : 148862.00
  }, {
    "date" : "2025-03-24",
    "price" : 1374.80,
    "dma50" : 1161.49,
    "dma100" : null,
    "dma200" : 1235.98,
    "volume" : 361438.00
  }, {
    "date" : "2025-03-25",
    "price" : 1241.40,
    "dma50" : 1164.62,
    "dma100" : null,
    "dma200" : 1236.04,
    "volume" : 413640.00
  }, {
    "date" : "2025-03-26",
    "price" : 1183.20,
    "dma50" : 1165.35,
    "dma100" : null,
    "dma200" : 1235.51,
    "volume" : 137347.00
  }, {
    "date" : "2025-03-27",
    "price" : 1202.50,
    "dma50" : 1166.81,
    "dma100" : null,
    "dma200" : 1235.18,
    "volume" : 84797.00
  }, {
    "date" : "2025-03-28",
    "price" : 1182.65,
    "dma50" : 1167.43,
    "dma100" : null,
    "dma200" : 1234.66,
    "volume" : 57044.00
  }, {
    "date" : "2025-04-01",
    "price" : 1206.25,
    "dma50" : 1168.95,
    "dma100" : null,
    "dma200" : 1234.38,
    "volume" : 69282.00
  }, {
    "date" : "2025-04-02",
    "price" : 1203.90,
    "dma50" : 1170.32,
    "dma100" : null,
    "dma200" : 1234.07,
    "volume" : 27654.00
  }, {
    "date" : "2025-04-03",
    "price" : 1200.85,
    "dma50" : 1171.52,
    "dma100" : null,
    "dma200" : 1233.74,
    "volume" : 42385.00
  }, {
    "date" : "2025-04-04",
    "price" : 1167.75,
    "dma50" : 1171.37,
    "dma100" : null,
    "dma200" : 1233.09,
    "volume" : 64415.00
  }, {
    "date" : "2025-04-07",
    "price" : 1091.20,
    "dma50" : 1168.23,
    "dma100" : null,
    "dma200" : 1231.67,
    "volume" : 104035.00
  }, {
    "date" : "2025-04-08",
    "price" : 1102.55,
    "dma50" : 1165.65,
    "dma100" : null,
    "dma200" : 1230.39,
    "volume" : 51959.00
  }, {
    "date" : "2025-04-09",
    "price" : 1071.80,
    "dma50" : 1161.97,
    "dma100" : null,
    "dma200" : 1228.81,
    "volume" : 100471.00
  }, {
    "date" : "2025-04-11",
    "price" : 1101.85,
    "dma50" : 1159.61,
    "dma100" : null,
    "dma200" : 1227.55,
    "volume" : 155817.00
  }, {
    "date" : "2025-04-15",
    "price" : 1127.10,
    "dma50" : 1158.34,
    "dma100" : null,
    "dma200" : 1226.55,
    "volume" : 135327.00
  }, {
    "date" : "2025-04-16",
    "price" : 1161.20,
    "dma50" : 1158.45,
    "dma100" : null,
    "dma200" : 1225.90,
    "volume" : 180339.00
  }, {
    "date" : "2025-04-17",
    "price" : 1164.60,
    "dma50" : 1158.69,
    "dma100" : null,
    "dma200" : 1225.29,
    "volume" : 170583.00
  }, {
    "date" : "2025-04-21",
    "price" : 1199.30,
    "dma50" : 1160.28,
    "dma100" : null,
    "dma200" : 1225.03,
    "volume" : 311016.00
  }, {
    "date" : "2025-04-22",
    "price" : 1207.80,
    "dma50" : 1162.15,
    "dma100" : null,
    "dma200" : 1224.86,
    "volume" : 276026.00
  }, {
    "date" : "2025-04-23",
    "price" : 1280.50,
    "dma50" : 1166.79,
    "dma100" : null,
    "dma200" : 1225.41,
    "volume" : 772785.00
  }, {
    "date" : "2025-04-24",
    "price" : 1230.40,
    "dma50" : 1169.28,
    "dma100" : null,
    "dma200" : 1225.46,
    "volume" : 2072540.00
  }, {
    "date" : "2025-04-25",
    "price" : 1152.10,
    "dma50" : 1168.61,
    "dma100" : null,
    "dma200" : 1224.73,
    "volume" : 731481.00
  }, {
    "date" : "2025-04-28",
    "price" : 1150.00,
    "dma50" : 1167.88,
    "dma100" : null,
    "dma200" : 1223.99,
    "volume" : 243013.00
  }, {
    "date" : "2025-04-29",
    "price" : 1140.40,
    "dma50" : 1166.80,
    "dma100" : null,
    "dma200" : 1223.16,
    "volume" : 203815.00
  }, {
    "date" : "2025-04-30",
    "price" : 1131.60,
    "dma50" : 1165.42,
    "dma100" : null,
    "dma200" : 1222.24,
    "volume" : 241700.00
  }, {
    "date" : "2025-05-02",
    "price" : 1120.70,
    "dma50" : 1163.67,
    "dma100" : null,
    "dma200" : 1221.23,
    "volume" : 130515.00
  }, {
    "date" : "2025-05-05",
    "price" : 1150.60,
    "dma50" : 1163.16,
    "dma100" : null,
    "dma200" : 1220.53,
    "volume" : 109498.00
  }, {
    "date" : "2025-05-06",
    "price" : 1107.60,
    "dma50" : 1160.98,
    "dma100" : null,
    "dma200" : 1219.41,
    "volume" : 118650.00
  }, {
    "date" : "2025-05-07",
    "price" : 1138.40,
    "dma50" : 1160.09,
    "dma100" : null,
    "dma200" : 1218.60,
    "volume" : 112347.00
  }, {
    "date" : "2025-05-08",
    "price" : 1113.60,
    "dma50" : 1158.27,
    "dma100" : null,
    "dma200" : 1217.56,
    "volume" : 89649.00
  }, {
    "date" : "2025-05-09",
    "price" : 1139.40,
    "dma50" : 1157.53,
    "dma100" : null,
    "dma200" : 1216.78,
    "volume" : 105989.00
  }, {
    "date" : "2025-05-12",
    "price" : 1197.60,
    "dma50" : 1159.10,
    "dma100" : null,
    "dma200" : 1216.59,
    "volume" : 286542.00
  }, {
    "date" : "2025-05-13",
    "price" : 1169.70,
    "dma50" : 1159.52,
    "dma100" : null,
    "dma200" : 1216.12,
    "volume" : 169682.00
  }, {
    "date" : "2025-05-14",
    "price" : 1201.70,
    "dma50" : 1161.17,
    "dma100" : null,
    "dma200" : 1215.98,
    "volume" : 306786.00
  }, {
    "date" : "2025-05-15",
    "price" : 1223.40,
    "dma50" : 1163.61,
    "dma100" : null,
    "dma200" : 1216.05,
    "volume" : 136636.00
  }, {
    "date" : "2025-05-16",
    "price" : 1212.10,
    "dma50" : 1165.51,
    "dma100" : null,
    "dma200" : 1216.01,
    "volume" : 212711.00
  }, {
    "date" : "2025-05-19",
    "price" : 1222.20,
    "dma50" : 1167.73,
    "dma100" : null,
    "dma200" : 1216.07,
    "volume" : 206067.00
  }, {
    "date" : "2025-05-20",
    "price" : 1206.40,
    "dma50" : 1169.25,
    "dma100" : null,
    "dma200" : 1215.98,
    "volume" : 132908.00
  }, {
    "date" : "2025-05-21",
    "price" : 1219.10,
    "dma50" : 1171.21,
    "dma100" : null,
    "dma200" : 1216.01,
    "volume" : 97980.00
  }, {
    "date" : "2025-05-22",
    "price" : 1220.70,
    "dma50" : 1173.15,
    "dma100" : null,
    "dma200" : 1216.06,
    "volume" : 85062.00
  }, {
    "date" : "2025-05-23",
    "price" : 1253.00,
    "dma50" : 1176.28,
    "dma100" : null,
    "dma200" : 1216.42,
    "volume" : 229049.00
  }, {
    "date" : "2025-05-26",
    "price" : 1259.70,
    "dma50" : 1179.55,
    "dma100" : null,
    "dma200" : 1216.85,
    "volume" : 187342.00
  }, {
    "date" : "2025-05-27",
    "price" : 1267.80,
    "dma50" : 1183.01,
    "dma100" : null,
    "dma200" : 1217.36,
    "volume" : 109393.00
  }, {
    "date" : "2025-05-28",
    "price" : 1278.70,
    "dma50" : 1186.76,
    "dma100" : null,
    "dma200" : 1217.97,
    "volume" : 126983.00
  }, {
    "date" : "2025-05-29",
    "price" : 1262.80,
    "dma50" : 1189.74,
    "dma100" : null,
    "dma200" : 1218.42,
    "volume" : 105460.00
  }, {
    "date" : "2025-05-30",
    "price" : 1253.80,
    "dma50" : 1192.26,
    "dma100" : null,
    "dma200" : 1218.77,
    "volume" : 108065.00
  }, {
    "date" : "2025-06-02",
    "price" : 1311.50,
    "dma50" : 1196.93,
    "dma100" : null,
    "dma200" : 1219.69,
    "volume" : 338053.00
  }, {
    "date" : "2025-06-03",
    "price" : 1305.20,
    "dma50" : 1201.18,
    "dma100" : null,
    "dma200" : 1220.54,
    "volume" : 313632.00
  }, {
    "date" : "2025-06-04",
    "price" : 1330.10,
    "dma50" : 1206.23,
    "dma100" : null,
    "dma200" : 1221.63,
    "volume" : 258168.00
  }, {
    "date" : "2025-06-05",
    "price" : 1338.70,
    "dma50" : 1211.43,
    "dma100" : null,
    "dma200" : 1222.80,
    "volume" : 170932.00
  }, {
    "date" : "2025-06-06",
    "price" : 1377.30,
    "dma50" : 1217.93,
    "dma100" : null,
    "dma200" : 1224.34,
    "volume" : 369785.00
  }, {
    "date" : "2025-06-09",
    "price" : 1358.20,
    "dma50" : 1223.43,
    "dma100" : null,
    "dma200" : 1225.67,
    "volume" : 137527.00
  }, {
    "date" : "2025-06-10",
    "price" : 1372.50,
    "dma50" : 1229.28,
    "dma100" : null,
    "dma200" : 1227.13,
    "volume" : 88658.00
  }, {
    "date" : "2025-06-11",
    "price" : 1345.00,
    "dma50" : 1233.82,
    "dma100" : null,
    "dma200" : 1228.30,
    "volume" : 75076.00
  }, {
    "date" : "2025-06-12",
    "price" : 1324.90,
    "dma50" : 1237.39,
    "dma100" : null,
    "dma200" : 1229.26,
    "volume" : 87408.00
  }, {
    "date" : "2025-06-13",
    "price" : 1321.60,
    "dma50" : 1240.69,
    "dma100" : null,
    "dma200" : 1230.18,
    "volume" : 89325.00
  }, {
    "date" : "2025-06-16",
    "price" : 1349.00,
    "dma50" : 1244.94,
    "dma100" : null,
    "dma200" : 1231.36,
    "volume" : 277802.00
  }, {
    "date" : "2025-06-17",
    "price" : 1320.90,
    "dma50" : 1247.92,
    "dma100" : null,
    "dma200" : 1232.25,
    "volume" : 107613.00
  }, {
    "date" : "2025-06-18",
    "price" : 1332.70,
    "dma50" : 1251.24,
    "dma100" : null,
    "dma200" : 1233.25,
    "volume" : 97737.00
  }, {
    "date" : "2025-06-19",
    "price" : 1292.80,
    "dma50" : 1252.87,
    "dma100" : null,
    "dma200" : 1233.85,
    "volume" : 87318.00
  }, {
    "date" : "2025-06-20",
    "price" : 1345.10,
    "dma50" : 1256.49,
    "dma100" : null,
    "dma200" : 1234.95,
    "volume" : 151615.00
  }, {
    "date" : "2025-06-23",
    "price" : 1399.20,
    "dma50" : 1262.09,
    "dma100" : null,
    "dma200" : 1236.59,
    "volume" : 224977.00
  }, {
    "date" : "2025-06-24",
    "price" : 1389.30,
    "dma50" : 1267.08,
    "dma100" : null,
    "dma200" : 1238.11,
    "volume" : 125858.00
  }, {
    "date" : "2025-06-25",
    "price" : 1430.80,
    "dma50" : 1273.50,
    "dma100" : null,
    "dma200" : 1240.02,
    "volume" : 221256.00
  }, {
    "date" : "2025-06-26",
    "price" : 1431.10,
    "dma50" : 1279.68,
    "dma100" : null,
    "dma200" : 1241.93,
    "volume" : 160334.00
  }, {
    "date" : "2025-06-27",
    "price" : 1428.00,
    "dma50" : 1285.49,
    "dma100" : 1177.53,
    "dma200" : 1243.78,
    "volume" : 173855.00
  }, {
    "date" : "2025-06-30",
    "price" : 1417.20,
    "dma50" : 1290.66,
    "dma100" : 1180.37,
    "dma200" : 1245.50,
    "volume" : 119463.00
  }, {
    "date" : "2025-07-01",
    "price" : 1457.80,
    "dma50" : 1297.21,
    "dma100" : 1183.60,
    "dma200" : 1247.62,
    "volume" : 269264.00
  }, {
    "date" : "2025-07-02",
    "price" : 1457.10,
    "dma50" : 1303.48,
    "dma100" : 1187.43,
    "dma200" : 1249.70,
    "volume" : 212286.00
  }, {
    "date" : "2025-07-03",
    "price" : 1454.40,
    "dma50" : 1309.40,
    "dma100" : 1191.21,
    "dma200" : 1251.74,
    "volume" : 78464.00
  }, {
    "date" : "2025-07-04",
    "price" : 1442.70,
    "dma50" : 1314.63,
    "dma100" : 1194.47,
    "dma200" : 1253.64,
    "volume" : 113832.00
  }, {
    "date" : "2025-07-07",
    "price" : 1411.80,
    "dma50" : 1318.44,
    "dma100" : 1197.42,
    "dma200" : 1255.21,
    "volume" : 78927.00
  }, {
    "date" : "2025-07-08",
    "price" : 1411.90,
    "dma50" : 1322.10,
    "dma100" : 1200.75,
    "dma200" : 1256.77,
    "volume" : 102579.00
  }, {
    "date" : "2025-07-09",
    "price" : 1418.80,
    "dma50" : 1325.90,
    "dma100" : 1204.17,
    "dma200" : 1258.38,
    "volume" : 99593.00
  }, {
    "date" : "2025-07-10",
    "price" : 1433.30,
    "dma50" : 1330.11,
    "dma100" : 1208.05,
    "dma200" : 1260.12,
    "volume" : 52276.00
  }, {
    "date" : "2025-07-11",
    "price" : 1401.60,
    "dma50" : 1332.91,
    "dma100" : 1211.45,
    "dma200" : 1261.53,
    "volume" : 98436.00
  }, {
    "date" : "2025-07-14",
    "price" : 1378.60,
    "dma50" : 1334.70,
    "dma100" : 1214.94,
    "dma200" : 1262.69,
    "volume" : 128901.00
  }, {
    "date" : "2025-07-15",
    "price" : 1403.10,
    "dma50" : 1337.39,
    "dma100" : 1218.71,
    "dma200" : 1264.09,
    "volume" : 157319.00
  }, {
    "date" : "2025-07-16",
    "price" : 1511.20,
    "dma50" : 1344.20,
    "dma100" : 1223.66,
    "dma200" : 1266.55,
    "volume" : 667032.00
  }, {
    "date" : "2025-07-17",
    "price" : 1482.10,
    "dma50" : 1349.61,
    "dma100" : 1228.43,
    "dma200" : 1268.70,
    "volume" : 205282.00
  }, {
    "date" : "2025-07-18",
    "price" : 1471.30,
    "dma50" : 1354.38,
    "dma100" : 1233.13,
    "dma200" : 1270.71,
    "volume" : 94716.00
  }, {
    "date" : "2025-07-21",
    "price" : 1483.50,
    "dma50" : 1359.45,
    "dma100" : 1237.78,
    "dma200" : 1272.83,
    "volume" : 136908.00
  }, {
    "date" : "2025-07-22",
    "price" : 1317.70,
    "dma50" : 1357.81,
    "dma100" : 1240.49,
    "dma200" : 1273.28,
    "volume" : 1072396.00
  }, {
    "date" : "2025-07-23",
    "price" : 1316.60,
    "dma50" : 1356.19,
    "dma100" : 1243.02,
    "dma200" : 1273.71,
    "volume" : 326480.00
  }, {
    "date" : "2025-07-24",
    "price" : 1304.50,
    "dma50" : 1354.16,
    "dma100" : 1245.64,
    "dma200" : 1274.01,
    "volume" : 207947.00
  }, {
    "date" : "2025-07-25",
    "price" : 1298.20,
    "dma50" : 1351.97,
    "dma100" : 1248.60,
    "dma200" : 1274.25,
    "volume" : 188030.00
  }, {
    "date" : "2025-07-28",
    "price" : 1231.60,
    "dma50" : 1347.25,
    "dma100" : 1250.92,
    "dma200" : 1273.83,
    "volume" : 255952.00
  }, {
    "date" : "2025-07-29",
    "price" : 1257.60,
    "dma50" : 1343.73,
    "dma100" : 1253.70,
    "dma200" : 1273.67,
    "volume" : 105947.00
  }, {
    "date" : "2025-07-30",
    "price" : 1260.90,
    "dma50" : 1340.49,
    "dma100" : 1255.72,
    "dma200" : 1273.54,
    "volume" : 100845.00
  }, {
    "date" : "2025-07-31",
    "price" : 1319.10,
    "dma50" : 1339.65,
    "dma100" : 1258.62,
    "dma200" : 1273.99,
    "volume" : 220721.00
  }, {
    "date" : "2025-08-01",
    "price" : 1312.40,
    "dma50" : 1338.58,
    "dma100" : 1261.30,
    "dma200" : 1274.38,
    "volume" : 84697.00
  }, {
    "date" : "2025-08-04",
    "price" : 1356.30,
    "dma50" : 1339.27,
    "dma100" : 1264.53,
    "dma200" : 1275.19,
    "volume" : 128755.00
  }, {
    "date" : "2025-08-05",
    "price" : 1354.70,
    "dma50" : 1339.88,
    "dma100" : 1268.20,
    "dma200" : 1275.98,
    "volume" : 100272.00
  }, {
    "date" : "2025-08-06",
    "price" : 1366.50,
    "dma50" : 1340.92,
    "dma100" : 1271.60,
    "dma200" : 1276.88,
    "volume" : 106933.00
  }, {
    "date" : "2025-08-07",
    "price" : 1323.30,
    "dma50" : 1340.23,
    "dma100" : 1274.76,
    "dma200" : 1277.34,
    "volume" : 71141.00
  }, {
    "date" : "2025-08-08",
    "price" : 1289.20,
    "dma50" : 1338.23,
    "dma100" : 1277.40,
    "dma200" : 1277.46,
    "volume" : 55649.00
  }, {
    "date" : "2025-08-11",
    "price" : 1271.60,
    "dma50" : 1335.62,
    "dma100" : 1279.45,
    "dma200" : 1277.40,
    "volume" : 51806.00
  }, {
    "date" : "2025-08-12",
    "price" : 1312.30,
    "dma50" : 1334.70,
    "dma100" : 1281.07,
    "dma200" : 1277.75,
    "volume" : 59275.00
  }, {
    "date" : "2025-08-13",
    "price" : 1310.20,
    "dma50" : 1333.74,
    "dma100" : 1282.51,
    "dma200" : 1278.07,
    "volume" : 45631.00
  }, {
    "date" : "2025-08-14",
    "price" : 1291.50,
    "dma50" : 1332.09,
    "dma100" : 1283.42,
    "dma200" : 1278.21,
    "volume" : 41137.00
  }, {
    "date" : "2025-08-18",
    "price" : 1278.90,
    "dma50" : 1330.00,
    "dma100" : 1284.08,
    "dma200" : 1278.22,
    "volume" : 64150.00
  }, {
    "date" : "2025-08-19",
    "price" : 1275.10,
    "dma50" : 1327.85,
    "dma100" : 1283.08,
    "dma200" : 1278.18,
    "volume" : 47301.00
  }, {
    "date" : "2025-08-20",
    "price" : 1266.60,
    "dma50" : 1325.44,
    "dma100" : 1283.34,
    "dma200" : 1278.07,
    "volume" : 47100.00
  }, {
    "date" : "2025-08-21",
    "price" : 1279.90,
    "dma50" : 1323.66,
    "dma100" : 1284.30,
    "dma200" : 1278.09,
    "volume" : 30640.00
  }, {
    "date" : "2025-08-22",
    "price" : 1299.80,
    "dma50" : 1322.72,
    "dma100" : 1285.28,
    "dma200" : 1278.30,
    "volume" : 48420.00
  }, {
    "date" : "2025-08-25",
    "price" : 1254.30,
    "dma50" : 1320.04,
    "dma100" : 1285.99,
    "dma200" : 1278.06,
    "volume" : 59814.00
  }, {
    "date" : "2025-08-26",
    "price" : 1234.90,
    "dma50" : 1316.70,
    "dma100" : 1286.28,
    "dma200" : 1277.63,
    "volume" : 77708.00
  }, {
    "date" : "2025-08-28",
    "price" : 1235.60,
    "dma50" : 1313.52,
    "dma100" : 1286.60,
    "dma200" : 1277.22,
    "volume" : 63121.00
  }, {
    "date" : "2025-08-29",
    "price" : 1218.70,
    "dma50" : 1309.80,
    "dma100" : 1286.77,
    "dma200" : 1276.63,
    "volume" : 53411.00
  }, {
    "date" : "2025-09-01",
    "price" : 1265.00,
    "dma50" : 1308.05,
    "dma100" : 1287.75,
    "dma200" : 1276.52,
    "volume" : 55248.00
  }, {
    "date" : "2025-09-02",
    "price" : 1285.60,
    "dma50" : 1307.17,
    "dma100" : 1289.69,
    "dma200" : 1276.61,
    "volume" : 51790.00
  }, {
    "date" : "2025-09-03",
    "price" : 1300.60,
    "dma50" : 1306.91,
    "dma100" : 1291.67,
    "dma200" : 1276.85,
    "volume" : 57605.00
  }, {
    "date" : "2025-09-04",
    "price" : 1280.40,
    "dma50" : 1305.87,
    "dma100" : 1293.76,
    "dma200" : 1276.88,
    "volume" : 24160.00
  }, {
    "date" : "2025-09-05",
    "price" : 1274.80,
    "dma50" : 1304.65,
    "dma100" : 1295.49,
    "dma200" : 1276.86,
    "volume" : 22696.00
  }, {
    "date" : "2025-09-08",
    "price" : 1270.20,
    "dma50" : 1303.30,
    "dma100" : 1296.92,
    "dma200" : 1276.80,
    "volume" : 29199.00
  }, {
    "date" : "2025-09-09",
    "price" : 1266.40,
    "dma50" : 1301.85,
    "dma100" : 1297.97,
    "dma200" : 1276.69,
    "volume" : 29722.00
  }, {
    "date" : "2025-09-10",
    "price" : 1268.50,
    "dma50" : 1300.54,
    "dma100" : 1299.01,
    "dma200" : 1276.61,
    "volume" : 22386.00
  }, {
    "date" : "2025-09-11",
    "price" : 1256.70,
    "dma50" : 1298.82,
    "dma100" : 1299.58,
    "dma200" : 1276.41,
    "volume" : 33633.00
  }, {
    "date" : "2025-09-12",
    "price" : 1262.10,
    "dma50" : 1297.38,
    "dma100" : 1300.13,
    "dma200" : 1276.27,
    "volume" : 37713.00
  }, {
    "date" : "2025-09-15",
    "price" : 1259.90,
    "dma50" : 1295.91,
    "dma100" : 1299.92,
    "dma200" : 1276.11,
    "volume" : 26329.00
  }, {
    "date" : "2025-09-16",
    "price" : 1245.30,
    "dma50" : 1293.93,
    "dma100" : 1300.07,
    "dma200" : 1275.80,
    "volume" : 93746.00
  }, {
    "date" : "2025-09-17",
    "price" : 1249.90,
    "dma50" : 1292.20,
    "dma100" : 1301.05,
    "dma200" : 1275.54,
    "volume" : 85702.00
  }, {
    "date" : "2025-09-18",
    "price" : 1258.30,
    "dma50" : 1290.87,
    "dma100" : 1302.13,
    "dma200" : 1275.37,
    "volume" : 40645.00
  }, {
    "date" : "2025-09-19",
    "price" : 1258.40,
    "dma50" : 1289.60,
    "dma100" : 1303.31,
    "dma200" : 1275.20,
    "volume" : 62335.00
  }, {
    "date" : "2025-09-22",
    "price" : 1244.40,
    "dma50" : 1287.83,
    "dma100" : 1304.44,
    "dma200" : 1274.90,
    "volume" : 39345.00
  }, {
    "date" : "2025-09-23",
    "price" : 1236.00,
    "dma50" : 1285.79,
    "dma100" : 1305.59,
    "dma200" : 1274.51,
    "volume" : 36714.00
  }, {
    "date" : "2025-09-24",
    "price" : 1238.30,
    "dma50" : 1283.93,
    "dma100" : 1306.47,
    "dma200" : 1274.15,
    "volume" : 45610.00
  }, {
    "date" : "2025-09-25",
    "price" : 1230.40,
    "dma50" : 1281.83,
    "dma100" : 1307.70,
    "dma200" : 1273.71,
    "volume" : 25044.00
  }, {
    "date" : "2025-09-26",
    "price" : 1206.10,
    "dma50" : 1278.86,
    "dma100" : 1308.37,
    "dma200" : 1273.04,
    "volume" : 47049.00
  }, {
    "date" : "2025-09-29",
    "price" : 1195.40,
    "dma50" : 1275.59,
    "dma100" : 1309.19,
    "dma200" : 1272.27,
    "volume" : 49667.00
  }, {
    "date" : "2025-09-30",
    "price" : 1203.40,
    "dma50" : 1272.76,
    "dma100" : 1309.83,
    "dma200" : 1271.58,
    "volume" : 32639.00
  }, {
    "date" : "2025-10-01",
    "price" : 1217.50,
    "dma50" : 1270.59,
    "dma100" : 1310.03,
    "dma200" : 1271.04,
    "volume" : 30187.00
  }, {
    "date" : "2025-10-03",
    "price" : 1219.80,
    "dma50" : 1268.60,
    "dma100" : 1310.53,
    "dma200" : 1270.54,
    "volume" : 36105.00
  }, {
    "date" : "2025-10-06",
    "price" : 1198.30,
    "dma50" : 1265.84,
    "dma100" : 1310.50,
    "dma200" : 1269.82,
    "volume" : 42561.00
  }, {
    "date" : "2025-10-07",
    "price" : 1196.70,
    "dma50" : 1263.13,
    "dma100" : 1310.23,
    "dma200" : 1269.09,
    "volume" : 30830.00
  }, {
    "date" : "2025-10-08",
    "price" : 1193.50,
    "dma50" : 1260.40,
    "dma100" : 1310.04,
    "dma200" : 1268.34,
    "volume" : 33226.00
  }, {
    "date" : "2025-10-09",
    "price" : 1180.40,
    "dma50" : 1257.26,
    "dma100" : 1309.63,
    "dma200" : 1267.46,
    "volume" : 22315.00
  }, {
    "date" : "2025-10-10",
    "price" : 1180.30,
    "dma50" : 1254.25,
    "dma100" : 1309.37,
    "dma200" : 1266.59,
    "volume" : 20742.00
  }, {
    "date" : "2025-10-13",
    "price" : 1170.40,
    "dma50" : 1250.96,
    "dma100" : 1308.88,
    "dma200" : 1265.64,
    "volume" : 38055.00
  }, {
    "date" : "2025-10-14",
    "price" : 1177.40,
    "dma50" : 1248.07,
    "dma100" : 1308.45,
    "dma200" : 1264.76,
    "volume" : 45061.00
  }, {
    "date" : "2025-10-15",
    "price" : 1165.70,
    "dma50" : 1244.84,
    "dma100" : 1307.57,
    "dma200" : 1263.77,
    "volume" : 55546.00
  }, {
    "date" : "2025-10-16",
    "price" : 1154.50,
    "dma50" : 1241.30,
    "dma100" : 1306.52,
    "dma200" : 1262.69,
    "volume" : 31438.00
  }, {
    "date" : "2025-10-17",
    "price" : 1160.80,
    "dma50" : 1238.14,
    "dma100" : 1305.45,
    "dma200" : 1261.67,
    "volume" : 92796.00
  }, {
    "date" : "2025-10-20",
    "price" : 1157.40,
    "dma50" : 1234.98,
    "dma100" : 1304.24,
    "dma200" : 1260.63,
    "volume" : 30270.00
  }, {
    "date" : "2025-10-21",
    "price" : 1181.10,
    "dma50" : 1232.86,
    "dma100" : 1303.42,
    "dma200" : 1259.84,
    "volume" : 10871.00
  }, {
    "date" : "2025-10-23",
    "price" : 1182.60,
    "dma50" : 1230.89,
    "dma100" : 1302.71,
    "dma200" : 1259.07,
    "volume" : 42713.00
  }, {
    "date" : "2025-10-24",
    "price" : 1187.70,
    "dma50" : 1229.20,
    "dma100" : 1301.47,
    "dma200" : 1258.36,
    "volume" : 67341.00
  }, {
    "date" : "2025-10-27",
    "price" : 1160.60,
    "dma50" : 1226.51,
    "dma100" : 1300.02,
    "dma200" : 1257.39,
    "volume" : 49316.00
  }, {
    "date" : "2025-10-28",
    "price" : 1153.10,
    "dma50" : 1223.63,
    "dma100" : 1298.25,
    "dma200" : 1256.35,
    "volume" : 443551.00
  }, {
    "date" : "2025-10-29",
    "price" : 1147.40,
    "dma50" : 1220.64,
    "dma100" : 1296.34,
    "dma200" : 1255.27,
    "volume" : 185006.00
  }, {
    "date" : "2025-10-30",
    "price" : 1139.40,
    "dma50" : 1217.45,
    "dma100" : 1293.96,
    "dma200" : 1254.12,
    "volume" : 180624.00
  }, {
    "date" : "2025-10-31",
    "price" : 1118.60,
    "dma50" : 1213.58,
    "dma100" : 1291.57,
    "dma200" : 1252.77,
    "volume" : 198984.00
  }, {
    "date" : "2025-11-03",
    "price" : 1119.00,
    "dma50" : 1209.87,
    "dma100" : 1289.03,
    "dma200" : 1251.44,
    "volume" : 39382.00
  }, {
    "date" : "2025-11-04",
    "price" : 1104.20,
    "dma50" : 1205.73,
    "dma100" : 1286.62,
    "dma200" : 1249.97,
    "volume" : 119402.00
  }, {
    "date" : "2025-11-06",
    "price" : 1076.40,
    "dma50" : 1200.65,
    "dma100" : 1284.14,
    "dma200" : 1248.25,
    "volume" : 115886.00
  }, {
    "date" : "2025-11-07",
    "price" : 1069.20,
    "dma50" : 1195.50,
    "dma100" : 1281.61,
    "dma200" : 1246.46,
    "volume" : 102260.00
  }, {
    "date" : "2025-11-10",
    "price" : 1054.10,
    "dma50" : 1189.95,
    "dma100" : 1278.66,
    "dma200" : 1244.55,
    "volume" : 136663.00
  }, {
    "date" : "2025-11-11",
    "price" : 1079.80,
    "dma50" : 1185.63,
    "dma100" : 1276.25,
    "dma200" : 1242.91,
    "volume" : 75968.00
  }, {
    "date" : "2025-11-12",
    "price" : 1084.40,
    "dma50" : 1181.66,
    "dma100" : 1273.77,
    "dma200" : 1241.33,
    "volume" : 65281.00
  }, {
    "date" : "2025-11-13",
    "price" : 1111.20,
    "dma50" : 1178.90,
    "dma100" : 1271.95,
    "dma200" : 1240.04,
    "volume" : 116274.00
  }, {
    "date" : "2025-11-14",
    "price" : 1106.60,
    "dma50" : 1176.07,
    "dma100" : 1269.57,
    "dma200" : 1238.71,
    "volume" : 47334.00
  }, {
    "date" : "2025-11-17",
    "price" : 1125.70,
    "dma50" : 1174.09,
    "dma100" : 1266.83,
    "dma200" : 1237.59,
    "volume" : 56911.00
  }, {
    "date" : "2025-11-18",
    "price" : 1124.30,
    "dma50" : 1172.14,
    "dma100" : 1264.18,
    "dma200" : 1236.46,
    "volume" : 52767.00
  }, {
    "date" : "2025-11-19",
    "price" : 1131.60,
    "dma50" : 1170.55,
    "dma100" : 1261.19,
    "dma200" : 1235.42,
    "volume" : 39377.00
  }, {
    "date" : "2025-11-20",
    "price" : 1098.20,
    "dma50" : 1167.71,
    "dma100" : 1257.86,
    "dma200" : 1234.05,
    "volume" : 153299.00
  }, {
    "date" : "2025-11-21",
    "price" : 1090.00,
    "dma50" : 1164.66,
    "dma100" : 1254.48,
    "dma200" : 1232.62,
    "volume" : 114752.00
  }, {
    "date" : "2025-11-24",
    "price" : 1068.30,
    "dma50" : 1160.88,
    "dma100" : 1250.99,
    "dma200" : 1230.98,
    "volume" : 117826.00
  }, {
    "date" : "2025-11-25",
    "price" : 1064.60,
    "dma50" : 1157.11,
    "dma100" : 1247.06,
    "dma200" : 1229.33,
    "volume" : 41788.00
  }, {
    "date" : "2025-11-26",
    "price" : 1092.60,
    "dma50" : 1154.58,
    "dma100" : 1243.42,
    "dma200" : 1227.97,
    "volume" : 34725.00
  }, {
    "date" : "2025-11-27",
    "price" : 1080.70,
    "dma50" : 1151.68,
    "dma100" : 1239.68,
    "dma200" : 1226.50,
    "volume" : 60839.00
  }, {
    "date" : "2025-11-28",
    "price" : 1086.80,
    "dma50" : 1149.14,
    "dma100" : 1236.12,
    "dma200" : 1225.11,
    "volume" : 31721.00
  }, {
    "date" : "2025-12-01",
    "price" : 1071.80,
    "dma50" : 1146.10,
    "dma100" : 1232.72,
    "dma200" : 1223.59,
    "volume" : 36261.00
  }, {
    "date" : "2025-12-02",
    "price" : 1065.30,
    "dma50" : 1142.94,
    "dma100" : 1229.26,
    "dma200" : 1222.01,
    "volume" : 31035.00
  }, {
    "date" : "2025-12-03",
    "price" : 1052.00,
    "dma50" : 1139.37,
    "dma100" : 1225.59,
    "dma200" : 1220.32,
    "volume" : 160115.00
  }, {
    "date" : "2025-12-04",
    "price" : 1058.40,
    "dma50" : 1136.19,
    "dma100" : 1221.84,
    "dma200" : 1218.71,
    "volume" : 53394.00
  }, {
    "date" : "2025-12-05",
    "price" : 1033.30,
    "dma50" : 1132.16,
    "dma100" : 1218.16,
    "dma200" : 1216.86,
    "volume" : 83046.00
  }, {
    "date" : "2025-12-08",
    "price" : 999.50,
    "dma50" : 1126.96,
    "dma100" : 1214.36,
    "dma200" : 1214.70,
    "volume" : 314238.00
  }, {
    "date" : "2025-12-09",
    "price" : 1047.80,
    "dma50" : 1123.85,
    "dma100" : 1210.81,
    "dma200" : 1213.04,
    "volume" : 113666.00
  }, {
    "date" : "2025-12-10",
    "price" : 1034.50,
    "dma50" : 1120.35,
    "dma100" : 1206.04,
    "dma200" : 1211.26,
    "volume" : 48356.00
  }, {
    "date" : "2025-12-11",
    "price" : 1038.60,
    "dma50" : 1117.14,
    "dma100" : 1201.61,
    "dma200" : 1209.54,
    "volume" : 29650.00
  }, {
    "date" : "2025-12-12",
    "price" : 1042.40,
    "dma50" : 1114.21,
    "dma100" : 1197.32,
    "dma200" : 1207.88,
    "volume" : 28439.00
  }, {
    "date" : "2025-12-15",
    "price" : 1044.90,
    "dma50" : 1111.49,
    "dma100" : 1192.93,
    "dma200" : 1206.26,
    "volume" : 21906.00
  }, {
    "date" : "2025-12-16",
    "price" : 1043.60,
    "dma50" : 1108.83,
    "dma100" : 1190.19,
    "dma200" : 1204.64,
    "volume" : 25060.00
  }, {
    "date" : "2025-12-17",
    "price" : 1061.30,
    "dma50" : 1106.97,
    "dma100" : 1187.64,
    "dma200" : 1203.21,
    "volume" : 98234.00
  }, {
    "date" : "2025-12-18",
    "price" : 1019.40,
    "dma50" : 1103.53,
    "dma100" : 1184.79,
    "dma200" : 1201.39,
    "volume" : 141993.00
  }, {
    "date" : "2025-12-19",
    "price" : 1036.50,
    "dma50" : 1100.90,
    "dma100" : 1182.17,
    "dma200" : 1199.75,
    "volume" : 115115.00
  }, {
    "date" : "2025-12-22",
    "price" : 1044.10,
    "dma50" : 1098.68,
    "dma100" : 1180.30,
    "dma200" : 1198.20,
    "volume" : 217288.00
  }, {
    "date" : "2025-12-23",
    "price" : 1037.00,
    "dma50" : 1096.26,
    "dma100" : 1178.09,
    "dma200" : 1196.59,
    "volume" : 66388.00
  }, {
    "date" : "2025-12-24",
    "price" : 1024.30,
    "dma50" : 1093.44,
    "dma100" : 1175.73,
    "dma200" : 1194.88,
    "volume" : 44181.00
  }, {
    "date" : "2025-12-26",
    "price" : 1028.20,
    "dma50" : 1090.88,
    "dma100" : 1172.82,
    "dma200" : 1193.22,
    "volume" : 47084.00
  }, {
    "date" : "2025-12-29",
    "price" : 1036.00,
    "dma50" : 1088.73,
    "dma100" : 1170.05,
    "dma200" : 1191.66,
    "volume" : 78845.00
  }, {
    "date" : "2025-12-30",
    "price" : 1029.20,
    "dma50" : 1086.39,
    "dma100" : 1166.78,
    "dma200" : 1190.04,
    "volume" : 35044.00
  }, {
    "date" : "2025-12-31",
    "price" : 1059.80,
    "dma50" : 1085.35,
    "dma100" : 1163.83,
    "dma200" : 1188.74,
    "volume" : 160344.00
  }, {
    "date" : "2026-01-01",
    "price" : 1039.20,
    "dma50" : 1083.54,
    "dma100" : 1160.56,
    "dma200" : 1187.25,
    "volume" : 24950.00
  }, {
    "date" : "2026-01-02",
    "price" : 1058.60,
    "dma50" : 1082.56,
    "dma100" : 1157.91,
    "dma200" : 1185.97,
    "volume" : 138171.00
  }, {
    "date" : "2026-01-05",
    "price" : 1046.80,
    "dma50" : 1081.16,
    "dma100" : 1155.49,
    "dma200" : 1184.59,
    "volume" : 207474.00
  }, {
    "date" : "2026-01-06",
    "price" : 1051.50,
    "dma50" : 1080.00,
    "dma100" : 1153.29,
    "dma200" : 1183.27,
    "volume" : 312010.00
  }, {
    "date" : "2026-01-07",
    "price" : 1057.90,
    "dma50" : 1079.13,
    "dma100" : 1150.74,
    "dma200" : 1182.02,
    "volume" : 102316.00
  }, {
    "date" : "2026-01-08",
    "price" : 1069.90,
    "dma50" : 1078.77,
    "dma100" : 1148.34,
    "dma200" : 1180.90,
    "volume" : 285414.00
  }, {
    "date" : "2026-01-09",
    "price" : 1049.80,
    "dma50" : 1077.63,
    "dma100" : 1145.92,
    "dma200" : 1179.60,
    "volume" : 68120.00
  }, {
    "date" : "2026-01-12",
    "price" : 1040.00,
    "dma50" : 1076.16,
    "dma100" : 1143.53,
    "dma200" : 1178.21,
    "volume" : 81254.00
  }, {
    "date" : "2026-01-13",
    "price" : 1051.10,
    "dma50" : 1075.17,
    "dma100" : 1141.29,
    "dma200" : 1176.94,
    "volume" : 231443.00
  }, {
    "date" : "2026-01-14",
    "price" : 1069.60,
    "dma50" : 1074.95,
    "dma100" : 1139.32,
    "dma200" : 1175.88,
    "volume" : 45524.00
  }, {
    "date" : "2026-01-16",
    "price" : 1110.60,
    "dma50" : 1076.35,
    "dma100" : 1137.63,
    "dma200" : 1175.23,
    "volume" : 82487.00
  }, {
    "date" : "2026-01-19",
    "price" : 1115.20,
    "dma50" : 1077.88,
    "dma100" : 1135.79,
    "dma200" : 1174.63,
    "volume" : 63452.00
  }, {
    "date" : "2026-01-20",
    "price" : 1100.10,
    "dma50" : 1078.75,
    "dma100" : 1134.24,
    "dma200" : 1173.89,
    "volume" : 143979.00
  }, {
    "date" : "2026-01-21",
    "price" : 1085.50,
    "dma50" : 1079.01,
    "dma100" : 1132.75,
    "dma200" : 1173.01,
    "volume" : 92111.00
  }, {
    "date" : "2026-01-22",
    "price" : 1113.80,
    "dma50" : 1080.38,
    "dma100" : 1131.53,
    "dma200" : 1172.42,
    "volume" : 50778.00
  }, {
    "date" : "2026-01-23",
    "price" : 1068.00,
    "dma50" : 1079.89,
    "dma100" : 1130.02,
    "dma200" : 1171.38,
    "volume" : 189615.00
  }, {
    "date" : "2026-01-27",
    "price" : 1102.50,
    "dma50" : 1080.78,
    "dma100" : 1128.40,
    "dma200" : 1170.69,
    "volume" : 263282.00
  }, {
    "date" : "2026-01-28",
    "price" : 1126.30,
    "dma50" : 1082.56,
    "dma100" : 1126.81,
    "dma200" : 1170.25,
    "volume" : 246627.00
  }, {
    "date" : "2026-01-29",
    "price" : 1144.60,
    "dma50" : 1085.00,
    "dma100" : 1125.25,
    "dma200" : 1170.00,
    "volume" : 67540.00
  } ],
  "latestTechnicalAttributes" : {
    "date" : "2026-01-29",
    "price" : 1144.60,
    "dma50" : 1085.00,
    "dma100" : 1125.25,
    "dma200" : 1170.00,
    "volume" : 67540.00
  },
  "quarterlyResults" : [ {
    "date" : "2005-03-31",
    "sales" : 91.06,
    "salesGrowthYoY" : null,
    "grossProfitMargin" : 43.89,
    "grossProfit" : 39.97,
    "operatingProfitMargin" : 4.28,
    "operatingProfit" : 3.90,
    "netProfitMargin" : 2.57,
    "netProfit" : 2.34
  }, {
    "date" : "2005-06-30",
    "sales" : 54.70,
    "salesGrowthYoY" : null,
    "grossProfitMargin" : 42.58,
    "grossProfit" : 23.29,
    "operatingProfitMargin" : -1.46,
    "operatingProfit" : -0.80,
    "netProfitMargin" : -3.49,
    "netProfit" : -1.91
  }, {
    "date" : "2005-09-30",
    "sales" : 54.69,
    "salesGrowthYoY" : null,
    "grossProfitMargin" : 46.96,
    "grossProfit" : 25.68,
    "operatingProfitMargin" : 0.29,
    "operatingProfit" : 0.16,
    "netProfitMargin" : 0.48,
    "netProfit" : 0.26
  }, {
    "date" : "2005-12-31",
    "sales" : 90.15,
    "salesGrowthYoY" : null,
    "grossProfitMargin" : 39.09,
    "grossProfit" : 35.24,
    "operatingProfitMargin" : 5.65,
    "operatingProfit" : 5.09,
    "netProfitMargin" : 3.90,
    "netProfit" : 3.52
  }, {
    "date" : "2006-03-31",
    "sales" : 104.11,
    "salesGrowthYoY" : 14.33,
    "grossProfitMargin" : 43.20,
    "grossProfit" : 44.98,
    "operatingProfitMargin" : 7.42,
    "operatingProfit" : 7.72,
    "netProfitMargin" : 8.39,
    "netProfit" : 8.73
  }, {
    "date" : "2006-06-30",
    "sales" : 50.86,
    "salesGrowthYoY" : -7.02,
    "grossProfitMargin" : 47.15,
    "grossProfit" : 23.98,
    "operatingProfitMargin" : 3.97,
    "operatingProfit" : 2.02,
    "netProfitMargin" : 1.36,
    "netProfit" : 0.69
  }, {
    "date" : "2006-09-30",
    "sales" : 55.11,
    "salesGrowthYoY" : 0.77,
    "grossProfitMargin" : 43.02,
    "grossProfit" : 23.71,
    "operatingProfitMargin" : 4.21,
    "operatingProfit" : 2.32,
    "netProfitMargin" : 2.79,
    "netProfit" : 1.54
  }, {
    "date" : "2006-12-31",
    "sales" : 81.32,
    "salesGrowthYoY" : -9.79,
    "grossProfitMargin" : 44.95,
    "grossProfit" : 36.55,
    "operatingProfitMargin" : 6.64,
    "operatingProfit" : 5.40,
    "netProfitMargin" : 5.42,
    "netProfit" : 4.41
  }, {
    "date" : "2007-03-31",
    "sales" : 169.27,
    "salesGrowthYoY" : 62.59,
    "grossProfitMargin" : 35.17,
    "grossProfit" : 59.53,
    "operatingProfitMargin" : 14.58,
    "operatingProfit" : 24.68,
    "netProfitMargin" : 11.12,
    "netProfit" : 18.82
  }, {
    "date" : "2007-06-30",
    "sales" : 62.38,
    "salesGrowthYoY" : 22.65,
    "grossProfitMargin" : 45.74,
    "grossProfit" : 28.53,
    "operatingProfitMargin" : 3.82,
    "operatingProfit" : 2.38,
    "netProfitMargin" : 1.62,
    "netProfit" : 1.01
  }, {
    "date" : "2007-09-30",
    "sales" : 72.22,
    "salesGrowthYoY" : 31.05,
    "grossProfitMargin" : 45.20,
    "grossProfit" : 32.64,
    "operatingProfitMargin" : 4.67,
    "operatingProfit" : 3.37,
    "netProfitMargin" : 5.88,
    "netProfit" : 4.25
  }, {
    "date" : "2007-12-31",
    "sales" : 98.32,
    "salesGrowthYoY" : 20.91,
    "grossProfitMargin" : 39.84,
    "grossProfit" : 39.17,
    "operatingProfitMargin" : 5.97,
    "operatingProfit" : 5.87,
    "netProfitMargin" : 5.28,
    "netProfit" : 5.19
  }, {
    "date" : "2008-03-31",
    "sales" : 169.90,
    "salesGrowthYoY" : 0.37,
    "grossProfitMargin" : 41.30,
    "grossProfit" : 70.17,
    "operatingProfitMargin" : 13.87,
    "operatingProfit" : 23.57,
    "netProfitMargin" : 11.49,
    "netProfit" : 19.52
  }, {
    "date" : "2008-06-30",
    "sales" : 107.96,
    "salesGrowthYoY" : 73.07,
    "grossProfitMargin" : 39.67,
    "grossProfit" : 42.83,
    "operatingProfitMargin" : 9.74,
    "operatingProfit" : 10.52,
    "netProfitMargin" : 5.74,
    "netProfit" : 6.20
  }, {
    "date" : "2008-09-30",
    "sales" : 114.45,
    "salesGrowthYoY" : 58.47,
    "grossProfitMargin" : 40.70,
    "grossProfit" : 46.58,
    "operatingProfitMargin" : 8.56,
    "operatingProfit" : 9.80,
    "netProfitMargin" : 6.08,
    "netProfit" : 6.96
  }, {
    "date" : "2008-12-31",
    "sales" : 137.92,
    "salesGrowthYoY" : 40.28,
    "grossProfitMargin" : 39.39,
    "grossProfit" : 54.33,
    "operatingProfitMargin" : 13.13,
    "operatingProfit" : 18.11,
    "netProfitMargin" : 8.44,
    "netProfit" : 11.64
  }, {
    "date" : "2009-03-31",
    "sales" : 158.15,
    "salesGrowthYoY" : -6.92,
    "grossProfitMargin" : 41.63,
    "grossProfit" : 65.84,
    "operatingProfitMargin" : 15.54,
    "operatingProfit" : 24.58,
    "netProfitMargin" : 10.70,
    "netProfit" : 16.92
  }, {
    "date" : "2009-06-30",
    "sales" : 52.12,
    "salesGrowthYoY" : -51.72,
    "grossProfitMargin" : 44.22,
    "grossProfit" : 23.05,
    "operatingProfitMargin" : -7.43,
    "operatingProfit" : -3.87,
    "netProfitMargin" : -9.34,
    "netProfit" : -4.87
  }, {
    "date" : "2009-09-30",
    "sales" : 110.11,
    "salesGrowthYoY" : -3.79,
    "grossProfitMargin" : 44.44,
    "grossProfit" : 48.93,
    "operatingProfitMargin" : 18.14,
    "operatingProfit" : 19.97,
    "netProfitMargin" : 12.71,
    "netProfit" : 13.99
  }, {
    "date" : "2009-12-31",
    "sales" : 130.78,
    "salesGrowthYoY" : -5.18,
    "grossProfitMargin" : 44.78,
    "grossProfit" : 58.56,
    "operatingProfitMargin" : 18.20,
    "operatingProfit" : 23.80,
    "netProfitMargin" : 11.71,
    "netProfit" : 15.31
  }, {
    "date" : "2010-03-31",
    "sales" : 160.27,
    "salesGrowthYoY" : 1.34,
    "grossProfitMargin" : 40.72,
    "grossProfit" : 65.26,
    "operatingProfitMargin" : 16.88,
    "operatingProfit" : 27.05,
    "netProfitMargin" : 14.63,
    "netProfit" : 23.45
  }, {
    "date" : "2010-06-30",
    "sales" : 86.68,
    "salesGrowthYoY" : 66.31,
    "grossProfitMargin" : 41.73,
    "grossProfit" : 36.17,
    "operatingProfitMargin" : 5.35,
    "operatingProfit" : 4.64,
    "netProfitMargin" : 2.66,
    "netProfit" : 2.31
  }, {
    "date" : "2010-09-30",
    "sales" : 120.08,
    "salesGrowthYoY" : 9.05,
    "grossProfitMargin" : 43.30,
    "grossProfit" : 51.99,
    "operatingProfitMargin" : 12.43,
    "operatingProfit" : 14.93,
    "netProfitMargin" : 8.47,
    "netProfit" : 10.17
  }, {
    "date" : "2010-12-31",
    "sales" : 97.71,
    "salesGrowthYoY" : -25.29,
    "grossProfitMargin" : 50.97,
    "grossProfit" : 49.80,
    "operatingProfitMargin" : 12.74,
    "operatingProfit" : 12.45,
    "netProfitMargin" : 8.16,
    "netProfit" : 7.97
  }, {
    "date" : "2011-03-31",
    "sales" : 189.62,
    "salesGrowthYoY" : 18.31,
    "grossProfitMargin" : 44.20,
    "grossProfit" : 83.81,
    "operatingProfitMargin" : 20.41,
    "operatingProfit" : 38.70,
    "netProfitMargin" : 12.38,
    "netProfit" : 23.47
  }, {
    "date" : "2011-06-30",
    "sales" : 213.45,
    "salesGrowthYoY" : 146.25,
    "grossProfitMargin" : 41.42,
    "grossProfit" : 88.41,
    "operatingProfitMargin" : 18.90,
    "operatingProfit" : 40.34,
    "netProfitMargin" : 12.19,
    "netProfit" : 26.02
  }, {
    "date" : "2011-09-30",
    "sales" : 124.75,
    "salesGrowthYoY" : 3.89,
    "grossProfitMargin" : 46.53,
    "grossProfit" : 58.05,
    "operatingProfitMargin" : 11.68,
    "operatingProfit" : 14.57,
    "netProfitMargin" : 9.38,
    "netProfit" : 11.70
  }, {
    "date" : "2011-12-31",
    "sales" : 138.06,
    "salesGrowthYoY" : 41.30,
    "grossProfitMargin" : 47.75,
    "grossProfit" : 65.92,
    "operatingProfitMargin" : 13.69,
    "operatingProfit" : 18.90,
    "netProfitMargin" : 8.36,
    "netProfit" : 11.54
  }, {
    "date" : "2012-03-31",
    "sales" : 195.37,
    "salesGrowthYoY" : 3.03,
    "grossProfitMargin" : 34.48,
    "grossProfit" : 67.36,
    "operatingProfitMargin" : 10.35,
    "operatingProfit" : 20.22,
    "netProfitMargin" : 6.46,
    "netProfit" : 12.62
  }, {
    "date" : "2012-06-30",
    "sales" : 149.24,
    "salesGrowthYoY" : -30.08,
    "grossProfitMargin" : 51.80,
    "grossProfit" : 77.31,
    "operatingProfitMargin" : 14.98,
    "operatingProfit" : 22.36,
    "netProfitMargin" : 9.68,
    "netProfit" : 14.45
  }, {
    "date" : "2012-09-30",
    "sales" : 133.70,
    "salesGrowthYoY" : 7.17,
    "grossProfitMargin" : 46.59,
    "grossProfit" : 62.29,
    "operatingProfitMargin" : 12.71,
    "operatingProfit" : 16.99,
    "netProfitMargin" : 8.12,
    "netProfit" : 10.86
  }, {
    "date" : "2012-12-31",
    "sales" : 121.79,
    "salesGrowthYoY" : -11.78,
    "grossProfitMargin" : 50.00,
    "grossProfit" : 60.90,
    "operatingProfitMargin" : 12.58,
    "operatingProfit" : 15.32,
    "netProfitMargin" : 6.48,
    "netProfit" : 7.89
  }, {
    "date" : "2013-03-31",
    "sales" : 149.56,
    "salesGrowthYoY" : -23.45,
    "grossProfitMargin" : 46.23,
    "grossProfit" : 69.14,
    "operatingProfitMargin" : 13.91,
    "operatingProfit" : 20.80,
    "netProfitMargin" : 9.29,
    "netProfit" : 13.89
  }, {
    "date" : "2013-06-30",
    "sales" : 121.14,
    "salesGrowthYoY" : -18.83,
    "grossProfitMargin" : 51.10,
    "grossProfit" : 61.90,
    "operatingProfitMargin" : 13.73,
    "operatingProfit" : 16.63,
    "netProfitMargin" : 9.73,
    "netProfit" : 11.79
  }, {
    "date" : "2013-09-30",
    "sales" : 139.12,
    "salesGrowthYoY" : 4.05,
    "grossProfitMargin" : 46.88,
    "grossProfit" : 65.22,
    "operatingProfitMargin" : 12.06,
    "operatingProfit" : 16.78,
    "netProfitMargin" : 6.22,
    "netProfit" : 8.65
  }, {
    "date" : "2013-12-31",
    "sales" : 91.58,
    "salesGrowthYoY" : -24.80,
    "grossProfitMargin" : 53.04,
    "grossProfit" : 48.57,
    "operatingProfitMargin" : 5.12,
    "operatingProfit" : 4.69,
    "netProfitMargin" : 2.05,
    "netProfit" : 1.88
  }, {
    "date" : "2014-03-31",
    "sales" : 164.03,
    "salesGrowthYoY" : 9.68,
    "grossProfitMargin" : 46.88,
    "grossProfit" : 76.90,
    "operatingProfitMargin" : 16.35,
    "operatingProfit" : 26.82,
    "netProfitMargin" : 10.07,
    "netProfit" : 16.52
  }, {
    "date" : "2014-06-30",
    "sales" : 73.31,
    "salesGrowthYoY" : -39.48,
    "grossProfitMargin" : 52.75,
    "grossProfit" : 38.67,
    "operatingProfitMargin" : -8.74,
    "operatingProfit" : -6.41,
    "netProfitMargin" : -0.34,
    "netProfit" : -0.25
  }, {
    "date" : "2014-09-30",
    "sales" : 91.85,
    "salesGrowthYoY" : -33.98,
    "grossProfitMargin" : 50.34,
    "grossProfit" : 46.24,
    "operatingProfitMargin" : 2.56,
    "operatingProfit" : 2.35,
    "netProfitMargin" : 0.02,
    "netProfit" : 0.02
  }, {
    "date" : "2014-12-31",
    "sales" : 101.85,
    "salesGrowthYoY" : 11.21,
    "grossProfitMargin" : 50.51,
    "grossProfit" : 51.44,
    "operatingProfitMargin" : 7.67,
    "operatingProfit" : 7.81,
    "netProfitMargin" : 2.46,
    "netProfit" : 2.51
  }, {
    "date" : "2015-03-31",
    "sales" : 177.69,
    "salesGrowthYoY" : 8.33,
    "grossProfitMargin" : 46.59,
    "grossProfit" : 82.79,
    "operatingProfitMargin" : 15.84,
    "operatingProfit" : 28.15,
    "netProfitMargin" : 11.42,
    "netProfit" : 20.29
  }, {
    "date" : "2015-06-30",
    "sales" : 98.47,
    "salesGrowthYoY" : 34.32,
    "grossProfitMargin" : 48.17,
    "grossProfit" : 47.43,
    "operatingProfitMargin" : 4.77,
    "operatingProfit" : 4.70,
    "netProfitMargin" : 3.11,
    "netProfit" : 3.06
  }, {
    "date" : "2015-09-30",
    "sales" : 128.86,
    "salesGrowthYoY" : 40.29,
    "grossProfitMargin" : 49.89,
    "grossProfit" : 64.29,
    "operatingProfitMargin" : 9.26,
    "operatingProfit" : 11.93,
    "netProfitMargin" : 5.64,
    "netProfit" : 7.27
  }, {
    "date" : "2015-12-31",
    "sales" : 103.61,
    "salesGrowthYoY" : 1.73,
    "grossProfitMargin" : 51.15,
    "grossProfit" : 53.00,
    "operatingProfitMargin" : 7.07,
    "operatingProfit" : 7.33,
    "netProfitMargin" : 4.97,
    "netProfit" : 5.15
  }, {
    "date" : "2016-03-31",
    "sales" : 183.81,
    "salesGrowthYoY" : 3.44,
    "grossProfitMargin" : 44.02,
    "grossProfit" : 80.91,
    "operatingProfitMargin" : 17.18,
    "operatingProfit" : 31.58,
    "netProfitMargin" : 11.38,
    "netProfit" : 20.92
  }, {
    "date" : "2016-06-30",
    "sales" : 116.74,
    "salesGrowthYoY" : 18.55,
    "grossProfitMargin" : 48.79,
    "grossProfit" : 56.96,
    "operatingProfitMargin" : 11.38,
    "operatingProfit" : 13.29,
    "netProfitMargin" : 8.09,
    "netProfit" : 9.44
  }, {
    "date" : "2016-09-30",
    "sales" : 113.84,
    "salesGrowthYoY" : -11.66,
    "grossProfitMargin" : 46.85,
    "grossProfit" : 53.33,
    "operatingProfitMargin" : 5.68,
    "operatingProfit" : 6.47,
    "netProfitMargin" : 5.58,
    "netProfit" : 6.35
  }, {
    "date" : "2016-12-31",
    "sales" : 120.89,
    "salesGrowthYoY" : 16.68,
    "grossProfitMargin" : 49.14,
    "grossProfit" : 59.41,
    "operatingProfitMargin" : 11.72,
    "operatingProfit" : 14.17,
    "netProfitMargin" : 16.62,
    "netProfit" : 20.09
  }, {
    "date" : "2017-03-31",
    "sales" : 163.02,
    "salesGrowthYoY" : -11.31,
    "grossProfitMargin" : 50.92,
    "grossProfit" : 83.01,
    "operatingProfitMargin" : 16.46,
    "operatingProfit" : 26.83,
    "netProfitMargin" : 10.98,
    "netProfit" : 17.90
  }, {
    "date" : "2017-06-30",
    "sales" : 86.36,
    "salesGrowthYoY" : -26.02,
    "grossProfitMargin" : 51.08,
    "grossProfit" : 44.11,
    "operatingProfitMargin" : -5.78,
    "operatingProfit" : -4.99,
    "netProfitMargin" : -2.84,
    "netProfit" : -2.45
  }, {
    "date" : "2017-09-30",
    "sales" : 87.19,
    "salesGrowthYoY" : -23.41,
    "grossProfitMargin" : 49.94,
    "grossProfit" : 43.54,
    "operatingProfitMargin" : -5.21,
    "operatingProfit" : -4.54,
    "netProfitMargin" : -1.82,
    "netProfit" : -1.59
  }, {
    "date" : "2017-12-31",
    "sales" : 118.24,
    "salesGrowthYoY" : -2.19,
    "grossProfitMargin" : 50.50,
    "grossProfit" : 59.71,
    "operatingProfitMargin" : 7.74,
    "operatingProfit" : 9.15,
    "netProfitMargin" : 5.01,
    "netProfit" : 5.92
  }, {
    "date" : "2018-03-31",
    "sales" : 308.71,
    "salesGrowthYoY" : 89.37,
    "grossProfitMargin" : 45.84,
    "grossProfit" : 141.51,
    "operatingProfitMargin" : 24.04,
    "operatingProfit" : 74.21,
    "netProfitMargin" : 15.57,
    "netProfit" : 48.07
  }, {
    "date" : "2018-06-30",
    "sales" : 133.99,
    "salesGrowthYoY" : 55.15,
    "grossProfitMargin" : 44.64,
    "grossProfit" : 59.81,
    "operatingProfitMargin" : 2.61,
    "operatingProfit" : 3.50,
    "netProfitMargin" : 1.52,
    "netProfit" : 2.04
  }, {
    "date" : "2018-09-30",
    "sales" : 190.41,
    "salesGrowthYoY" : 118.39,
    "grossProfitMargin" : 47.23,
    "grossProfit" : 89.93,
    "operatingProfitMargin" : 15.19,
    "operatingProfit" : 28.92,
    "netProfitMargin" : 9.37,
    "netProfit" : 17.84
  }, {
    "date" : "2018-12-31",
    "sales" : 133.83,
    "salesGrowthYoY" : 13.19,
    "grossProfitMargin" : 49.58,
    "grossProfit" : 66.35,
    "operatingProfitMargin" : 5.62,
    "operatingProfit" : 7.52,
    "netProfitMargin" : 2.09,
    "netProfit" : 2.80
  }, {
    "date" : "2019-03-31",
    "sales" : 252.02,
    "salesGrowthYoY" : -18.36,
    "grossProfitMargin" : 47.78,
    "grossProfit" : 120.42,
    "operatingProfitMargin" : 18.96,
    "operatingProfit" : 47.78,
    "netProfitMargin" : 12.93,
    "netProfit" : 32.59
  }, {
    "date" : "2019-06-30",
    "sales" : 180.13,
    "salesGrowthYoY" : 34.44,
    "grossProfitMargin" : 42.76,
    "grossProfit" : 77.02,
    "operatingProfitMargin" : 5.40,
    "operatingProfit" : 9.73,
    "netProfitMargin" : 1.92,
    "netProfit" : 3.46
  }, {
    "date" : "2019-09-30",
    "sales" : 196.84,
    "salesGrowthYoY" : 3.38,
    "grossProfitMargin" : 41.91,
    "grossProfit" : 82.50,
    "operatingProfitMargin" : 5.59,
    "operatingProfit" : 11.00,
    "netProfitMargin" : 3.98,
    "netProfit" : 7.83
  }, {
    "date" : "2019-12-31",
    "sales" : 222.39,
    "salesGrowthYoY" : 66.17,
    "grossProfitMargin" : 46.13,
    "grossProfit" : 102.59,
    "operatingProfitMargin" : 14.74,
    "operatingProfit" : 32.78,
    "netProfitMargin" : 8.17,
    "netProfit" : 18.17
  }, {
    "date" : "2020-03-31",
    "sales" : 227.10,
    "salesGrowthYoY" : -9.89,
    "grossProfitMargin" : 52.81,
    "grossProfit" : 119.93,
    "operatingProfitMargin" : 17.15,
    "operatingProfit" : 38.95,
    "netProfitMargin" : 10.58,
    "netProfit" : 24.03
  }, {
    "date" : "2020-06-30",
    "sales" : 80.35,
    "salesGrowthYoY" : -55.39,
    "grossProfitMargin" : 57.70,
    "grossProfit" : 46.36,
    "operatingProfitMargin" : -1.00,
    "operatingProfit" : -0.80,
    "netProfitMargin" : -7.07,
    "netProfit" : -5.68
  }, {
    "date" : "2020-09-30",
    "sales" : 147.52,
    "salesGrowthYoY" : -25.06,
    "grossProfitMargin" : 49.27,
    "grossProfit" : 72.68,
    "operatingProfitMargin" : 10.60,
    "operatingProfit" : 15.64,
    "netProfitMargin" : 4.01,
    "netProfit" : 5.92
  }, {
    "date" : "2020-12-31",
    "sales" : 180.31,
    "salesGrowthYoY" : -18.92,
    "grossProfitMargin" : 50.06,
    "grossProfit" : 90.26,
    "operatingProfitMargin" : 14.44,
    "operatingProfit" : 26.04,
    "netProfitMargin" : 7.36,
    "netProfit" : 13.27
  }, {
    "date" : "2021-03-31",
    "sales" : 415.08,
    "salesGrowthYoY" : 82.77,
    "grossProfitMargin" : 39.32,
    "grossProfit" : 163.21,
    "operatingProfitMargin" : 17.39,
    "operatingProfit" : 72.18,
    "netProfitMargin" : 12.12,
    "netProfit" : 50.31
  }, {
    "date" : "2021-06-30",
    "sales" : 168.91,
    "salesGrowthYoY" : 110.22,
    "grossProfitMargin" : 48.01,
    "grossProfit" : 81.09,
    "operatingProfitMargin" : 9.90,
    "operatingProfit" : 16.72,
    "netProfitMargin" : 4.19,
    "netProfit" : 7.08
  }, {
    "date" : "2021-09-30",
    "sales" : 226.59,
    "salesGrowthYoY" : 53.60,
    "grossProfitMargin" : 44.15,
    "grossProfit" : 100.04,
    "operatingProfitMargin" : 10.03,
    "operatingProfit" : 22.73,
    "netProfitMargin" : 5.02,
    "netProfit" : 11.37
  }, {
    "date" : "2021-12-31",
    "sales" : 227.28,
    "salesGrowthYoY" : 26.05,
    "grossProfitMargin" : 45.89,
    "grossProfit" : 104.30,
    "operatingProfitMargin" : 9.69,
    "operatingProfit" : 22.02,
    "netProfitMargin" : 5.33,
    "netProfit" : 12.11
  }, {
    "date" : "2022-03-31",
    "sales" : 398.40,
    "salesGrowthYoY" : -4.02,
    "grossProfitMargin" : 44.03,
    "grossProfit" : 175.42,
    "operatingProfitMargin" : 19.50,
    "operatingProfit" : 77.69,
    "netProfitMargin" : 13.65,
    "netProfit" : 54.38
  }, {
    "date" : "2022-06-30",
    "sales" : 272.28,
    "salesGrowthYoY" : 61.20,
    "grossProfitMargin" : 41.36,
    "grossProfit" : 112.62,
    "operatingProfitMargin" : 10.31,
    "operatingProfit" : 28.07,
    "netProfitMargin" : 5.98,
    "netProfit" : 16.28
  }, {
    "date" : "2022-09-30",
    "sales" : 295.20,
    "salesGrowthYoY" : 30.28,
    "grossProfitMargin" : 44.41,
    "grossProfit" : 131.10,
    "operatingProfitMargin" : 13.47,
    "operatingProfit" : 39.76,
    "netProfitMargin" : 9.22,
    "netProfit" : 27.22
  }, {
    "date" : "2022-12-31",
    "sales" : 312.28,
    "salesGrowthYoY" : 37.40,
    "grossProfitMargin" : 43.66,
    "grossProfit" : 136.34,
    "operatingProfitMargin" : 16.01,
    "operatingProfit" : 50.00,
    "netProfitMargin" : 10.52,
    "netProfit" : 32.85
  }, {
    "date" : "2023-03-31",
    "sales" : 359.58,
    "salesGrowthYoY" : -9.74,
    "grossProfitMargin" : 45.09,
    "grossProfit" : 162.13,
    "operatingProfitMargin" : 13.32,
    "operatingProfit" : 47.90,
    "netProfitMargin" : 8.97,
    "netProfit" : 32.25
  }, {
    "date" : "2023-06-30",
    "sales" : 242.22,
    "salesGrowthYoY" : -11.04,
    "grossProfitMargin" : 48.84,
    "grossProfit" : 118.30,
    "operatingProfitMargin" : 10.94,
    "operatingProfit" : 26.50,
    "netProfitMargin" : 7.40,
    "netProfit" : 17.92
  }, {
    "date" : "2023-09-30",
    "sales" : 281.92,
    "salesGrowthYoY" : -4.50,
    "grossProfitMargin" : 45.87,
    "grossProfit" : 129.32,
    "operatingProfitMargin" : 11.23,
    "operatingProfit" : 31.66,
    "netProfitMargin" : 7.16,
    "netProfit" : 20.19
  }, {
    "date" : "2023-12-31",
    "sales" : 308.52,
    "salesGrowthYoY" : -1.20,
    "grossProfitMargin" : 48.14,
    "grossProfit" : 148.52,
    "operatingProfitMargin" : 17.06,
    "operatingProfit" : 52.63,
    "netProfitMargin" : 11.33,
    "netProfit" : 34.96
  }, {
    "date" : "2024-03-31",
    "sales" : 489.96,
    "salesGrowthYoY" : 36.26,
    "grossProfitMargin" : 43.78,
    "grossProfit" : 214.50,
    "operatingProfitMargin" : 18.69,
    "operatingProfit" : 91.57,
    "netProfitMargin" : 13.53,
    "netProfit" : 66.29
  }, {
    "date" : "2024-06-30",
    "sales" : 275.30,
    "salesGrowthYoY" : 13.66,
    "grossProfitMargin" : 51.07,
    "grossProfit" : 140.60,
    "operatingProfitMargin" : 14.24,
    "operatingProfit" : 39.20,
    "netProfitMargin" : 9.77,
    "netProfit" : 26.90
  }, {
    "date" : "2024-09-30",
    "sales" : 430.70,
    "salesGrowthYoY" : 52.77,
    "grossProfitMargin" : 48.99,
    "grossProfit" : 211.00,
    "operatingProfitMargin" : 21.73,
    "operatingProfit" : 93.59,
    "netProfitMargin" : 15.70,
    "netProfit" : 67.62
  }, {
    "date" : "2024-12-31",
    "sales" : 340.00,
    "salesGrowthYoY" : 10.20,
    "grossProfitMargin" : 48.24,
    "grossProfit" : 164.02,
    "operatingProfitMargin" : 14.26,
    "operatingProfit" : 48.48,
    "netProfitMargin" : 10.59,
    "netProfit" : 36.01
  }, {
    "date" : "2025-03-31",
    "sales" : 582.60,
    "salesGrowthYoY" : 18.91,
    "grossProfitMargin" : 43.65,
    "grossProfit" : 254.30,
    "operatingProfitMargin" : 18.86,
    "operatingProfit" : 109.88,
    "netProfitMargin" : 14.33,
    "netProfit" : 83.49
  }, {
    "date" : "2025-06-30",
    "sales" : 272.00,
    "salesGrowthYoY" : -1.20,
    "grossProfitMargin" : 52.79,
    "grossProfit" : 143.59,
    "operatingProfitMargin" : 13.16,
    "operatingProfit" : 35.80,
    "netProfitMargin" : 10.33,
    "netProfit" : 28.10
  }, {
    "date" : "2025-09-30",
    "sales" : 378.10,
    "salesGrowthYoY" : -12.21,
    "grossProfitMargin" : 47.92,
    "grossProfit" : 181.19,
    "operatingProfitMargin" : 15.37,
    "operatingProfit" : 58.11,
    "netProfitMargin" : 11.43,
    "netProfit" : 43.22
  }, {
    "date" : "2025-12-31",
    "sales" : 403.50,
    "salesGrowthYoY" : 18.68,
    "grossProfitMargin" : 51.87,
    "grossProfit" : 209.30,
    "operatingProfitMargin" : 20.00,
    "operatingProfit" : 80.70,
    "netProfitMargin" : 13.68,
    "netProfit" : 55.20
  } ],
  "latestQuarterlyResult" : {
    "date" : "2025-12-31",
    "sales" : 403.50,
    "salesGrowthYoY" : 18.68,
    "grossProfitMargin" : 51.87,
    "grossProfit" : 209.30,
    "operatingProfitMargin" : 20.00,
    "operatingProfit" : 80.70,
    "netProfitMargin" : 13.68,
    "netProfit" : 55.20
  },
  "companyScore" : {
    "priceHigherThanDma50" : 5.00,
    "priceHigherThanDma100" : 5.00,
    "priceHigherThanDma200" : 0.00,
    "dma50HigherThanDma100" : 0.00,
    "dma50HigherThanDma200" : 0.00,
    "dma100HigherThanDma200" : 0.00,
    "pricePercentageAboveDma50" : 4.73,
    "pricePercentageAboveDma100" : 4.91,
    "pricePercentageAboveDma200" : 5.11,
    "weeklyVolumeHigherThanYearlyVolume" : 5.00,
    "salesGrowthPercentile" : 13.25,
    "operatingProfitMarginPercentile" : 19.29,
    "netProfitMarginPercentile" : 9.40,
    "totalTechnicalScore" : 29.75,
    "totalFundamentalScore" : 41.94,
    "totalScore" : 71.69
  }
}