{
  "metadata" : {
    "screenerCompanyId" : "1757",
    "companyCode" : "KKCL",
    "companyName" : "Kewal Kir.Cloth.",
    "screenerCompanyLink" : "https://www.screener.in/company/KKCL/consolidated/",
    "screenerTechnicalHistoryLink" : "https://www.screener.in/api/company/1757/chart/?q=Price-DMA50-DMA200-Volume&days=365",
    "screenerQuarterlyResultsLink" : "https://www.screener.in/api/company/1757/chart/?q=GPM-OPM-NPM-Quarter+Sales&days=10000",
    "attributes" : {
      "companyCode" : "KKCL",
      "companyName" : "Kewal Kir.Cloth.",
      "marketCap" : 3195.00,
      "peRatio" : 22.90,
      "description" : "Kewal Kiran Clothing Limited was incorporated in 1992. The Company is engaged in manufacturing, marketing and retailing of branded readymade garments and finished accessories. The company has consumers in Asia, Middle East and CIS (Commonwealth of Independent States). Its registered office is in Mumbai. [1][2]"
    },
    "companyScore" : {
      "priceHigherThanDma50" : 5.00,
      "priceHigherThanDma100" : 5.00,
      "priceHigherThanDma200" : 5.00,
      "dma50HigherThanDma100" : 0.00,
      "dma50HigherThanDma200" : 0.00,
      "dma100HigherThanDma200" : 0.00,
      "pricePercentageAboveDma50" : 4.77,
      "pricePercentageAboveDma100" : 4.85,
      "pricePercentageAboveDma200" : 4.95,
      "weeklyVolumeHigherThanYearlyVolume" : 0.00,
      "salesGrowthPercentile" : 9.87,
      "operatingProfitMarginPercentile" : 19.13,
      "netProfitMarginPercentile" : 9.20,
      "totalTechnicalScore" : 29.57,
      "totalFundamentalScore" : 38.20,
      "totalScore" : 67.77
    }
  },
  "attributes" : {
    "companyCode" : "KKCL",
    "companyName" : "Kewal Kir.Cloth.",
    "marketCap" : 3195.00,
    "peRatio" : 22.90,
    "description" : "Kewal Kiran Clothing Limited was incorporated in 1992. The Company is engaged in manufacturing, marketing and retailing of branded readymade garments and finished accessories. The company has consumers in Asia, Middle East and CIS (Commonwealth of Independent States). Its registered office is in Mumbai. [1][2]"
  },
  "technicalHistory" : [ {
    "date" : "2025-02-24",
    "price" : 495.15,
    "dma50" : 555.22,
    "dma100" : null,
    "dma200" : 615.01,
    "volume" : 106982.00
  }, {
    "date" : "2025-02-25",
    "price" : 494.10,
    "dma50" : 552.82,
    "dma100" : null,
    "dma200" : 613.81,
    "volume" : 68663.00
  }, {
    "date" : "2025-02-27",
    "price" : 487.15,
    "dma50" : 550.25,
    "dma100" : null,
    "dma200" : 612.55,
    "volume" : 18925.00
  }, {
    "date" : "2025-02-28",
    "price" : 465.75,
    "dma50" : 546.93,
    "dma100" : null,
    "dma200" : 611.09,
    "volume" : 95485.00
  }, {
    "date" : "2025-03-03",
    "price" : 473.20,
    "dma50" : 544.04,
    "dma100" : null,
    "dma200" : 609.72,
    "volume" : 82661.00
  }, {
    "date" : "2025-03-04",
    "price" : 464.90,
    "dma50" : 540.94,
    "dma100" : null,
    "dma200" : 608.28,
    "volume" : 93963.00
  }, {
    "date" : "2025-03-05",
    "price" : 479.50,
    "dma50" : 538.53,
    "dma100" : null,
    "dma200" : 606.99,
    "volume" : 47793.00
  }, {
    "date" : "2025-03-06",
    "price" : 489.80,
    "dma50" : 536.62,
    "dma100" : null,
    "dma200" : 605.83,
    "volume" : 30455.00
  }, {
    "date" : "2025-03-07",
    "price" : 491.05,
    "dma50" : 534.83,
    "dma100" : null,
    "dma200" : 604.69,
    "volume" : 32419.00
  }, {
    "date" : "2025-03-10",
    "price" : 468.65,
    "dma50" : 532.24,
    "dma100" : null,
    "dma200" : 603.33,
    "volume" : 31391.00
  }, {
    "date" : "2025-03-11",
    "price" : 460.80,
    "dma50" : 529.44,
    "dma100" : null,
    "dma200" : 601.91,
    "volume" : 51667.00
  }, {
    "date" : "2025-03-12",
    "price" : 460.30,
    "dma50" : 526.72,
    "dma100" : null,
    "dma200" : 600.51,
    "volume" : 113171.00
  }, {
    "date" : "2025-03-13",
    "price" : 469.10,
    "dma50" : 524.46,
    "dma100" : null,
    "dma200" : 599.20,
    "volume" : 57902.00
  }, {
    "date" : "2025-03-17",
    "price" : 473.15,
    "dma50" : 522.45,
    "dma100" : null,
    "dma200" : 597.94,
    "volume" : 35762.00
  }, {
    "date" : "2025-03-18",
    "price" : 464.90,
    "dma50" : 520.19,
    "dma100" : null,
    "dma200" : 596.62,
    "volume" : 298623.00
  }, {
    "date" : "2025-03-19",
    "price" : 473.55,
    "dma50" : 518.37,
    "dma100" : null,
    "dma200" : 595.40,
    "volume" : 57194.00
  }, {
    "date" : "2025-03-20",
    "price" : 481.90,
    "dma50" : 516.94,
    "dma100" : null,
    "dma200" : 594.27,
    "volume" : 98029.00
  }, {
    "date" : "2025-03-21",
    "price" : 484.20,
    "dma50" : 515.65,
    "dma100" : null,
    "dma200" : 593.17,
    "volume" : 65978.00
  }, {
    "date" : "2025-03-24",
    "price" : 483.00,
    "dma50" : 514.37,
    "dma100" : null,
    "dma200" : 592.07,
    "volume" : 89879.00
  }, {
    "date" : "2025-03-25",
    "price" : 477.05,
    "dma50" : 512.91,
    "dma100" : null,
    "dma200" : 590.93,
    "volume" : 74141.00
  }, {
    "date" : "2025-03-26",
    "price" : 472.05,
    "dma50" : 511.31,
    "dma100" : null,
    "dma200" : 589.75,
    "volume" : 66419.00
  }, {
    "date" : "2025-03-27",
    "price" : 461.05,
    "dma50" : 509.33,
    "dma100" : null,
    "dma200" : 588.47,
    "volume" : 91691.00
  }, {
    "date" : "2025-03-28",
    "price" : 460.25,
    "dma50" : 507.41,
    "dma100" : null,
    "dma200" : 587.19,
    "volume" : 39469.00
  }, {
    "date" : "2025-04-01",
    "price" : 460.70,
    "dma50" : 505.58,
    "dma100" : null,
    "dma200" : 585.93,
    "volume" : 45185.00
  }, {
    "date" : "2025-04-02",
    "price" : 460.50,
    "dma50" : 503.81,
    "dma100" : null,
    "dma200" : 584.68,
    "volume" : 32552.00
  }, {
    "date" : "2025-04-03",
    "price" : 468.50,
    "dma50" : 502.43,
    "dma100" : null,
    "dma200" : 583.53,
    "volume" : 58070.00
  }, {
    "date" : "2025-04-04",
    "price" : 460.65,
    "dma50" : 500.79,
    "dma100" : null,
    "dma200" : 582.31,
    "volume" : 27439.00
  }, {
    "date" : "2025-04-07",
    "price" : 440.20,
    "dma50" : 498.41,
    "dma100" : null,
    "dma200" : 580.89,
    "volume" : 66514.00
  }, {
    "date" : "2025-04-08",
    "price" : 440.95,
    "dma50" : 496.16,
    "dma100" : null,
    "dma200" : 579.50,
    "volume" : 27852.00
  }, {
    "date" : "2025-04-09",
    "price" : 437.85,
    "dma50" : 493.87,
    "dma100" : null,
    "dma200" : 578.09,
    "volume" : 79279.00
  }, {
    "date" : "2025-04-11",
    "price" : 448.55,
    "dma50" : 492.09,
    "dma100" : null,
    "dma200" : 576.80,
    "volume" : 55924.00
  }, {
    "date" : "2025-04-15",
    "price" : 458.45,
    "dma50" : 490.77,
    "dma100" : null,
    "dma200" : 575.62,
    "volume" : 22051.00
  }, {
    "date" : "2025-04-16",
    "price" : 461.20,
    "dma50" : 489.61,
    "dma100" : null,
    "dma200" : 574.48,
    "volume" : 32487.00
  }, {
    "date" : "2025-04-17",
    "price" : 461.05,
    "dma50" : 488.49,
    "dma100" : null,
    "dma200" : 573.36,
    "volume" : 23852.00
  }, {
    "date" : "2025-04-21",
    "price" : 465.45,
    "dma50" : 487.59,
    "dma100" : null,
    "dma200" : 572.28,
    "volume" : 50081.00
  }, {
    "date" : "2025-04-22",
    "price" : 464.05,
    "dma50" : 486.67,
    "dma100" : null,
    "dma200" : 571.21,
    "volume" : 91191.00
  }, {
    "date" : "2025-04-23",
    "price" : 468.55,
    "dma50" : 485.96,
    "dma100" : null,
    "dma200" : 570.18,
    "volume" : 62870.00
  }, {
    "date" : "2025-04-24",
    "price" : 470.10,
    "dma50" : 485.34,
    "dma100" : null,
    "dma200" : 569.19,
    "volume" : 44583.00
  }, {
    "date" : "2025-04-25",
    "price" : 459.70,
    "dma50" : 484.33,
    "dma100" : null,
    "dma200" : 568.10,
    "volume" : 41702.00
  }, {
    "date" : "2025-04-28",
    "price" : 452.90,
    "dma50" : 483.10,
    "dma100" : null,
    "dma200" : 566.95,
    "volume" : 33654.00
  }, {
    "date" : "2025-04-29",
    "price" : 451.10,
    "dma50" : 481.84,
    "dma100" : null,
    "dma200" : 565.80,
    "volume" : 22998.00
  }, {
    "date" : "2025-04-30",
    "price" : 438.15,
    "dma50" : 480.13,
    "dma100" : null,
    "dma200" : 564.53,
    "volume" : 25253.00
  }, {
    "date" : "2025-05-02",
    "price" : 438.05,
    "dma50" : 478.48,
    "dma100" : null,
    "dma200" : 563.27,
    "volume" : 145124.00
  }, {
    "date" : "2025-05-05",
    "price" : 441.00,
    "dma50" : 477.01,
    "dma100" : null,
    "dma200" : 562.05,
    "volume" : 49433.00
  }, {
    "date" : "2025-05-06",
    "price" : 430.75,
    "dma50" : 475.20,
    "dma100" : null,
    "dma200" : 560.75,
    "volume" : 33525.00
  }, {
    "date" : "2025-05-07",
    "price" : 440.75,
    "dma50" : 473.84,
    "dma100" : null,
    "dma200" : 559.55,
    "volume" : 56367.00
  }, {
    "date" : "2025-05-08",
    "price" : 440.55,
    "dma50" : 472.54,
    "dma100" : null,
    "dma200" : 558.37,
    "volume" : 25037.00
  }, {
    "date" : "2025-05-09",
    "price" : 440.15,
    "dma50" : 471.27,
    "dma100" : null,
    "dma200" : 557.19,
    "volume" : 12774.00
  }, {
    "date" : "2025-05-12",
    "price" : 469.35,
    "dma50" : 471.19,
    "dma100" : null,
    "dma200" : 556.32,
    "volume" : 72907.00
  }, {
    "date" : "2025-05-13",
    "price" : 455.65,
    "dma50" : 470.58,
    "dma100" : null,
    "dma200" : 555.32,
    "volume" : 150989.00
  }, {
    "date" : "2025-05-14",
    "price" : 458.50,
    "dma50" : 470.11,
    "dma100" : null,
    "dma200" : 554.35,
    "volume" : 42396.00
  }, {
    "date" : "2025-05-15",
    "price" : 462.50,
    "dma50" : 469.81,
    "dma100" : null,
    "dma200" : 553.44,
    "volume" : 23971.00
  }, {
    "date" : "2025-05-16",
    "price" : 454.95,
    "dma50" : 469.23,
    "dma100" : null,
    "dma200" : 552.46,
    "volume" : 32809.00
  }, {
    "date" : "2025-05-19",
    "price" : 459.75,
    "dma50" : 468.86,
    "dma100" : null,
    "dma200" : 551.54,
    "volume" : 83435.00
  }, {
    "date" : "2025-05-20",
    "price" : 451.00,
    "dma50" : 468.16,
    "dma100" : null,
    "dma200" : 550.54,
    "volume" : 32700.00
  }, {
    "date" : "2025-05-21",
    "price" : 451.80,
    "dma50" : 467.52,
    "dma100" : null,
    "dma200" : 549.55,
    "volume" : 51474.00
  }, {
    "date" : "2025-05-22",
    "price" : 449.90,
    "dma50" : 466.82,
    "dma100" : null,
    "dma200" : 548.56,
    "volume" : 50022.00
  }, {
    "date" : "2025-05-23",
    "price" : 449.85,
    "dma50" : 466.16,
    "dma100" : null,
    "dma200" : 547.58,
    "volume" : 25606.00
  }, {
    "date" : "2025-05-26",
    "price" : 443.50,
    "dma50" : 465.27,
    "dma100" : null,
    "dma200" : 546.55,
    "volume" : 42514.00
  }, {
    "date" : "2025-05-27",
    "price" : 440.80,
    "dma50" : 464.31,
    "dma100" : null,
    "dma200" : 545.49,
    "volume" : 47309.00
  }, {
    "date" : "2025-05-28",
    "price" : 435.15,
    "dma50" : 463.17,
    "dma100" : null,
    "dma200" : 544.40,
    "volume" : 48238.00
  }, {
    "date" : "2025-05-29",
    "price" : 430.95,
    "dma50" : 461.90,
    "dma100" : null,
    "dma200" : 543.27,
    "volume" : 71236.00
  }, {
    "date" : "2025-05-30",
    "price" : 433.25,
    "dma50" : 460.78,
    "dma100" : null,
    "dma200" : 542.17,
    "volume" : 52820.00
  }, {
    "date" : "2025-06-02",
    "price" : 441.10,
    "dma50" : 460.01,
    "dma100" : null,
    "dma200" : 541.17,
    "volume" : 64941.00
  }, {
    "date" : "2025-06-03",
    "price" : 440.45,
    "dma50" : 459.24,
    "dma100" : null,
    "dma200" : 540.16,
    "volume" : 53513.00
  }, {
    "date" : "2025-06-04",
    "price" : 441.70,
    "dma50" : 458.55,
    "dma100" : null,
    "dma200" : 539.18,
    "volume" : 24965.00
  }, {
    "date" : "2025-06-05",
    "price" : 452.95,
    "dma50" : 458.33,
    "dma100" : null,
    "dma200" : 538.33,
    "volume" : 192802.00
  }, {
    "date" : "2025-06-06",
    "price" : 484.40,
    "dma50" : 459.36,
    "dma100" : null,
    "dma200" : 537.79,
    "volume" : 249916.00
  }, {
    "date" : "2025-06-09",
    "price" : 499.30,
    "dma50" : 460.92,
    "dma100" : null,
    "dma200" : 537.41,
    "volume" : 238903.00
  }, {
    "date" : "2025-06-10",
    "price" : 513.80,
    "dma50" : 463.00,
    "dma100" : null,
    "dma200" : 537.17,
    "volume" : 184814.00
  }, {
    "date" : "2025-06-11",
    "price" : 523.40,
    "dma50" : 465.36,
    "dma100" : null,
    "dma200" : 537.03,
    "volume" : 241506.00
  }, {
    "date" : "2025-06-12",
    "price" : 518.90,
    "dma50" : 467.46,
    "dma100" : null,
    "dma200" : 536.85,
    "volume" : 122496.00
  }, {
    "date" : "2025-06-13",
    "price" : 511.00,
    "dma50" : 469.17,
    "dma100" : null,
    "dma200" : 536.60,
    "volume" : 66633.00
  }, {
    "date" : "2025-06-16",
    "price" : 505.60,
    "dma50" : 470.60,
    "dma100" : null,
    "dma200" : 536.29,
    "volume" : 76986.00
  }, {
    "date" : "2025-06-17",
    "price" : 499.90,
    "dma50" : 471.75,
    "dma100" : null,
    "dma200" : 535.93,
    "volume" : 172335.00
  }, {
    "date" : "2025-06-18",
    "price" : 496.30,
    "dma50" : 472.71,
    "dma100" : null,
    "dma200" : 535.53,
    "volume" : 197203.00
  }, {
    "date" : "2025-06-19",
    "price" : 480.25,
    "dma50" : 473.01,
    "dma100" : null,
    "dma200" : 534.98,
    "volume" : 48770.00
  }, {
    "date" : "2025-06-20",
    "price" : 496.70,
    "dma50" : 473.94,
    "dma100" : null,
    "dma200" : 534.60,
    "volume" : 260921.00
  }, {
    "date" : "2025-06-23",
    "price" : 501.70,
    "dma50" : 475.03,
    "dma100" : null,
    "dma200" : 534.27,
    "volume" : 138678.00
  }, {
    "date" : "2025-06-24",
    "price" : 497.00,
    "dma50" : 475.89,
    "dma100" : null,
    "dma200" : 533.90,
    "volume" : 67213.00
  }, {
    "date" : "2025-06-25",
    "price" : 499.00,
    "dma50" : 476.79,
    "dma100" : null,
    "dma200" : 533.56,
    "volume" : 47119.00
  }, {
    "date" : "2025-06-26",
    "price" : 500.30,
    "dma50" : 477.72,
    "dma100" : null,
    "dma200" : 533.22,
    "volume" : 76927.00
  }, {
    "date" : "2025-06-27",
    "price" : 501.25,
    "dma50" : 478.64,
    "dma100" : null,
    "dma200" : 532.91,
    "volume" : 102204.00
  }, {
    "date" : "2025-06-30",
    "price" : 515.30,
    "dma50" : 480.08,
    "dma100" : null,
    "dma200" : 532.73,
    "volume" : 277399.00
  }, {
    "date" : "2025-07-01",
    "price" : 524.40,
    "dma50" : 481.81,
    "dma100" : null,
    "dma200" : 532.65,
    "volume" : 127313.00
  }, {
    "date" : "2025-07-02",
    "price" : 549.30,
    "dma50" : 484.46,
    "dma100" : null,
    "dma200" : 532.81,
    "volume" : 426544.00
  }, {
    "date" : "2025-07-03",
    "price" : 577.50,
    "dma50" : 488.11,
    "dma100" : null,
    "dma200" : 533.26,
    "volume" : 324432.00
  }, {
    "date" : "2025-07-04",
    "price" : 578.65,
    "dma50" : 491.66,
    "dma100" : null,
    "dma200" : 533.71,
    "volume" : 108731.00
  }, {
    "date" : "2025-07-07",
    "price" : 571.20,
    "dma50" : 494.78,
    "dma100" : null,
    "dma200" : 534.08,
    "volume" : 65012.00
  }, {
    "date" : "2025-07-08",
    "price" : 564.60,
    "dma50" : 497.52,
    "dma100" : null,
    "dma200" : 534.39,
    "volume" : 52739.00
  }, {
    "date" : "2025-07-09",
    "price" : 566.20,
    "dma50" : 500.21,
    "dma100" : null,
    "dma200" : 534.70,
    "volume" : 67824.00
  }, {
    "date" : "2025-07-10",
    "price" : 570.50,
    "dma50" : 502.97,
    "dma100" : null,
    "dma200" : 535.06,
    "volume" : 63353.00
  }, {
    "date" : "2025-07-11",
    "price" : 556.50,
    "dma50" : 505.07,
    "dma100" : null,
    "dma200" : 535.27,
    "volume" : 66295.00
  }, {
    "date" : "2025-07-14",
    "price" : 549.50,
    "dma50" : 506.81,
    "dma100" : null,
    "dma200" : 535.41,
    "volume" : 56667.00
  }, {
    "date" : "2025-07-15",
    "price" : 548.50,
    "dma50" : 508.44,
    "dma100" : null,
    "dma200" : 535.54,
    "volume" : 50019.00
  }, {
    "date" : "2025-07-16",
    "price" : 563.65,
    "dma50" : 510.61,
    "dma100" : null,
    "dma200" : 535.82,
    "volume" : 38016.00
  }, {
    "date" : "2025-07-17",
    "price" : 561.30,
    "dma50" : 512.60,
    "dma100" : null,
    "dma200" : 536.08,
    "volume" : 150267.00
  }, {
    "date" : "2025-07-18",
    "price" : 555.40,
    "dma50" : 514.28,
    "dma100" : null,
    "dma200" : 536.27,
    "volume" : 32185.00
  }, {
    "date" : "2025-07-21",
    "price" : 549.85,
    "dma50" : 515.67,
    "dma100" : null,
    "dma200" : 536.41,
    "volume" : 35126.00
  }, {
    "date" : "2025-07-22",
    "price" : 558.80,
    "dma50" : 517.36,
    "dma100" : null,
    "dma200" : 536.63,
    "volume" : 40759.00
  }, {
    "date" : "2025-07-23",
    "price" : 563.10,
    "dma50" : 519.16,
    "dma100" : 483.11,
    "dma200" : 536.89,
    "volume" : 92156.00
  }, {
    "date" : "2025-07-24",
    "price" : 553.60,
    "dma50" : 520.51,
    "dma100" : 483.71,
    "dma200" : 537.06,
    "volume" : 19169.00
  }, {
    "date" : "2025-07-25",
    "price" : 546.90,
    "dma50" : 521.54,
    "dma100" : 484.31,
    "dma200" : 537.16,
    "volume" : 20252.00
  }, {
    "date" : "2025-07-28",
    "price" : 534.30,
    "dma50" : 522.04,
    "dma100" : 484.99,
    "dma200" : 537.13,
    "volume" : 86204.00
  }, {
    "date" : "2025-07-29",
    "price" : 561.85,
    "dma50" : 523.60,
    "dma100" : 485.88,
    "dma200" : 537.37,
    "volume" : 70676.00
  }, {
    "date" : "2025-07-30",
    "price" : 558.55,
    "dma50" : 524.97,
    "dma100" : 486.82,
    "dma200" : 537.58,
    "volume" : 19633.00
  }, {
    "date" : "2025-07-31",
    "price" : 556.05,
    "dma50" : 526.19,
    "dma100" : 487.58,
    "dma200" : 537.77,
    "volume" : 75783.00
  }, {
    "date" : "2025-08-01",
    "price" : 557.10,
    "dma50" : 527.40,
    "dma100" : 488.25,
    "dma200" : 537.96,
    "volume" : 34484.00
  }, {
    "date" : "2025-08-04",
    "price" : 551.85,
    "dma50" : 528.36,
    "dma100" : 488.86,
    "dma200" : 538.10,
    "volume" : 27227.00
  }, {
    "date" : "2025-08-05",
    "price" : 565.35,
    "dma50" : 529.81,
    "dma100" : 489.83,
    "dma200" : 538.37,
    "volume" : 43313.00
  }, {
    "date" : "2025-08-06",
    "price" : 557.80,
    "dma50" : 530.91,
    "dma100" : 490.80,
    "dma200" : 538.56,
    "volume" : 29352.00
  }, {
    "date" : "2025-08-07",
    "price" : 567.95,
    "dma50" : 532.36,
    "dma100" : 491.88,
    "dma200" : 538.86,
    "volume" : 47345.00
  }, {
    "date" : "2025-08-08",
    "price" : 548.65,
    "dma50" : 533.00,
    "dma100" : 492.67,
    "dma200" : 538.95,
    "volume" : 76263.00
  }, {
    "date" : "2025-08-11",
    "price" : 524.30,
    "dma50" : 532.66,
    "dma100" : 493.18,
    "dma200" : 538.81,
    "volume" : 82687.00
  }, {
    "date" : "2025-08-12",
    "price" : 510.85,
    "dma50" : 531.81,
    "dma100" : 493.64,
    "dma200" : 538.53,
    "volume" : 43884.00
  }, {
    "date" : "2025-08-13",
    "price" : 508.20,
    "dma50" : 530.88,
    "dma100" : 493.99,
    "dma200" : 538.23,
    "volume" : 78550.00
  }, {
    "date" : "2025-08-14",
    "price" : 493.45,
    "dma50" : 529.41,
    "dma100" : 494.10,
    "dma200" : 537.78,
    "volume" : 115560.00
  }, {
    "date" : "2025-08-18",
    "price" : 505.30,
    "dma50" : 528.47,
    "dma100" : 494.31,
    "dma200" : 537.46,
    "volume" : 171295.00
  }, {
    "date" : "2025-08-19",
    "price" : 504.50,
    "dma50" : 527.53,
    "dma100" : 494.53,
    "dma200" : 537.13,
    "volume" : 33262.00
  }, {
    "date" : "2025-08-20",
    "price" : 514.35,
    "dma50" : 527.01,
    "dma100" : 494.90,
    "dma200" : 536.90,
    "volume" : 85251.00
  }, {
    "date" : "2025-08-21",
    "price" : 516.35,
    "dma50" : 526.59,
    "dma100" : 495.35,
    "dma200" : 536.70,
    "volume" : 32594.00
  }, {
    "date" : "2025-08-22",
    "price" : 515.20,
    "dma50" : 526.14,
    "dma100" : 495.89,
    "dma200" : 536.49,
    "volume" : 20783.00
  }, {
    "date" : "2025-08-25",
    "price" : 509.35,
    "dma50" : 525.49,
    "dma100" : 496.38,
    "dma200" : 536.22,
    "volume" : 13253.00
  }, {
    "date" : "2025-08-26",
    "price" : 521.40,
    "dma50" : 525.33,
    "dma100" : 496.98,
    "dma200" : 536.07,
    "volume" : 108337.00
  }, {
    "date" : "2025-08-28",
    "price" : 508.90,
    "dma50" : 524.68,
    "dma100" : 497.47,
    "dma200" : 535.80,
    "volume" : 24263.00
  }, {
    "date" : "2025-08-29",
    "price" : 502.65,
    "dma50" : 523.82,
    "dma100" : 497.81,
    "dma200" : 535.47,
    "volume" : 18289.00
  }, {
    "date" : "2025-09-01",
    "price" : 515.30,
    "dma50" : 523.48,
    "dma100" : 498.36,
    "dma200" : 535.27,
    "volume" : 14739.00
  }, {
    "date" : "2025-09-02",
    "price" : 513.70,
    "dma50" : 523.10,
    "dma100" : 499.09,
    "dma200" : 535.05,
    "volume" : 17840.00
  }, {
    "date" : "2025-09-03",
    "price" : 520.25,
    "dma50" : 522.99,
    "dma100" : 499.88,
    "dma200" : 534.91,
    "volume" : 14574.00
  }, {
    "date" : "2025-09-04",
    "price" : 530.25,
    "dma50" : 523.27,
    "dma100" : 500.81,
    "dma200" : 534.86,
    "volume" : 40362.00
  }, {
    "date" : "2025-09-05",
    "price" : 523.25,
    "dma50" : 523.27,
    "dma100" : 501.56,
    "dma200" : 534.74,
    "volume" : 16575.00
  }, {
    "date" : "2025-09-08",
    "price" : 520.30,
    "dma50" : 523.16,
    "dma100" : 502.17,
    "dma200" : 534.60,
    "volume" : 23269.00
  }, {
    "date" : "2025-09-09",
    "price" : 532.75,
    "dma50" : 523.53,
    "dma100" : 502.89,
    "dma200" : 534.58,
    "volume" : 18455.00
  }, {
    "date" : "2025-09-10",
    "price" : 535.95,
    "dma50" : 524.02,
    "dma100" : 503.64,
    "dma200" : 534.59,
    "volume" : 39152.00
  }, {
    "date" : "2025-09-11",
    "price" : 534.85,
    "dma50" : 524.44,
    "dma100" : 504.33,
    "dma200" : 534.60,
    "volume" : 54570.00
  }, {
    "date" : "2025-09-12",
    "price" : 527.40,
    "dma50" : 524.56,
    "dma100" : 504.97,
    "dma200" : 534.53,
    "volume" : 24619.00
  }, {
    "date" : "2025-09-15",
    "price" : 534.25,
    "dma50" : 524.94,
    "dma100" : 505.62,
    "dma200" : 534.52,
    "volume" : 39625.00
  }, {
    "date" : "2025-09-16",
    "price" : 558.80,
    "dma50" : 526.27,
    "dma100" : 506.51,
    "dma200" : 534.76,
    "volume" : 166277.00
  }, {
    "date" : "2025-09-17",
    "price" : 549.85,
    "dma50" : 527.19,
    "dma100" : 507.41,
    "dma200" : 534.91,
    "volume" : 104933.00
  }, {
    "date" : "2025-09-18",
    "price" : 565.00,
    "dma50" : 528.67,
    "dma100" : 508.53,
    "dma200" : 535.21,
    "volume" : 88453.00
  }, {
    "date" : "2025-09-19",
    "price" : 570.40,
    "dma50" : 530.31,
    "dma100" : 509.73,
    "dma200" : 535.56,
    "volume" : 195501.00
  }, {
    "date" : "2025-09-22",
    "price" : 581.85,
    "dma50" : 532.33,
    "dma100" : 511.16,
    "dma200" : 536.02,
    "volume" : 110126.00
  }, {
    "date" : "2025-09-23",
    "price" : 592.00,
    "dma50" : 534.67,
    "dma100" : 512.70,
    "dma200" : 536.58,
    "volume" : 73825.00
  }, {
    "date" : "2025-09-24",
    "price" : 579.40,
    "dma50" : 536.43,
    "dma100" : 514.09,
    "dma200" : 537.01,
    "volume" : 45036.00
  }, {
    "date" : "2025-09-25",
    "price" : 572.70,
    "dma50" : 537.85,
    "dma100" : 515.51,
    "dma200" : 537.36,
    "volume" : 29329.00
  }, {
    "date" : "2025-09-26",
    "price" : 548.95,
    "dma50" : 538.28,
    "dma100" : 516.59,
    "dma200" : 537.48,
    "volume" : 38476.00
  }, {
    "date" : "2025-09-29",
    "price" : 533.70,
    "dma50" : 538.10,
    "dma100" : 517.52,
    "dma200" : 537.44,
    "volume" : 35989.00
  }, {
    "date" : "2025-09-30",
    "price" : 526.95,
    "dma50" : 537.67,
    "dma100" : 518.39,
    "dma200" : 537.34,
    "volume" : 34910.00
  }, {
    "date" : "2025-10-01",
    "price" : 540.65,
    "dma50" : 537.78,
    "dma100" : 519.10,
    "dma200" : 537.37,
    "volume" : 26960.00
  }, {
    "date" : "2025-10-03",
    "price" : 557.65,
    "dma50" : 538.56,
    "dma100" : 520.12,
    "dma200" : 537.57,
    "volume" : 25713.00
  }, {
    "date" : "2025-10-06",
    "price" : 554.35,
    "dma50" : 539.18,
    "dma100" : 521.08,
    "dma200" : 537.74,
    "volume" : 40245.00
  }, {
    "date" : "2025-10-07",
    "price" : 544.95,
    "dma50" : 539.41,
    "dma100" : 521.90,
    "dma200" : 537.81,
    "volume" : 31175.00
  }, {
    "date" : "2025-10-08",
    "price" : 536.60,
    "dma50" : 539.30,
    "dma100" : 522.72,
    "dma200" : 537.80,
    "volume" : 26659.00
  }, {
    "date" : "2025-10-09",
    "price" : 539.65,
    "dma50" : 539.31,
    "dma100" : 523.52,
    "dma200" : 537.82,
    "volume" : 72581.00
  }, {
    "date" : "2025-10-10",
    "price" : 547.55,
    "dma50" : 539.63,
    "dma100" : 524.48,
    "dma200" : 537.91,
    "volume" : 20957.00
  }, {
    "date" : "2025-10-13",
    "price" : 549.40,
    "dma50" : 540.02,
    "dma100" : 525.46,
    "dma200" : 538.03,
    "volume" : 58097.00
  }, {
    "date" : "2025-10-14",
    "price" : 544.95,
    "dma50" : 540.21,
    "dma100" : 526.41,
    "dma200" : 538.10,
    "volume" : 38298.00
  }, {
    "date" : "2025-10-15",
    "price" : 561.30,
    "dma50" : 541.04,
    "dma100" : 527.53,
    "dma200" : 538.33,
    "volume" : 74349.00
  }, {
    "date" : "2025-10-16",
    "price" : 536.65,
    "dma50" : 540.87,
    "dma100" : 528.46,
    "dma200" : 538.31,
    "volume" : 141870.00
  }, {
    "date" : "2025-10-17",
    "price" : 532.40,
    "dma50" : 540.53,
    "dma100" : 529.37,
    "dma200" : 538.25,
    "volume" : 42746.00
  }, {
    "date" : "2025-10-20",
    "price" : 530.25,
    "dma50" : 540.13,
    "dma100" : 530.32,
    "dma200" : 538.17,
    "volume" : 80713.00
  }, {
    "date" : "2025-10-21",
    "price" : 537.75,
    "dma50" : 540.04,
    "dma100" : 531.39,
    "dma200" : 538.17,
    "volume" : 8992.00
  }, {
    "date" : "2025-10-23",
    "price" : 535.90,
    "dma50" : 539.88,
    "dma100" : 532.42,
    "dma200" : 538.15,
    "volume" : 24102.00
  }, {
    "date" : "2025-10-24",
    "price" : 538.65,
    "dma50" : 539.83,
    "dma100" : 533.39,
    "dma200" : 538.15,
    "volume" : 14825.00
  }, {
    "date" : "2025-10-27",
    "price" : 524.60,
    "dma50" : 539.23,
    "dma100" : 534.24,
    "dma200" : 538.02,
    "volume" : 24777.00
  }, {
    "date" : "2025-10-28",
    "price" : 523.65,
    "dma50" : 538.62,
    "dma100" : 535.05,
    "dma200" : 537.87,
    "volume" : 35501.00
  }, {
    "date" : "2025-10-29",
    "price" : 520.85,
    "dma50" : 537.92,
    "dma100" : 535.73,
    "dma200" : 537.70,
    "volume" : 17432.00
  }, {
    "date" : "2025-10-30",
    "price" : 517.20,
    "dma50" : 537.11,
    "dma100" : 536.06,
    "dma200" : 537.50,
    "volume" : 12142.00
  }, {
    "date" : "2025-10-31",
    "price" : 519.65,
    "dma50" : 536.42,
    "dma100" : 536.27,
    "dma200" : 537.32,
    "volume" : 10847.00
  }, {
    "date" : "2025-11-03",
    "price" : 517.55,
    "dma50" : 535.68,
    "dma100" : 536.30,
    "dma200" : 537.12,
    "volume" : 19444.00
  }, {
    "date" : "2025-11-04",
    "price" : 518.70,
    "dma50" : 535.02,
    "dma100" : 536.26,
    "dma200" : 536.94,
    "volume" : 20314.00
  }, {
    "date" : "2025-11-06",
    "price" : 512.40,
    "dma50" : 534.13,
    "dma100" : 536.19,
    "dma200" : 536.70,
    "volume" : 12414.00
  }, {
    "date" : "2025-11-07",
    "price" : 512.25,
    "dma50" : 533.27,
    "dma100" : 536.20,
    "dma200" : 536.45,
    "volume" : 13443.00
  }, {
    "date" : "2025-11-10",
    "price" : 519.50,
    "dma50" : 532.73,
    "dma100" : 536.34,
    "dma200" : 536.29,
    "volume" : 40219.00
  }, {
    "date" : "2025-11-11",
    "price" : 508.75,
    "dma50" : 531.79,
    "dma100" : 536.43,
    "dma200" : 536.01,
    "volume" : 13720.00
  }, {
    "date" : "2025-11-12",
    "price" : 513.25,
    "dma50" : 531.07,
    "dma100" : 536.60,
    "dma200" : 535.78,
    "volume" : 7708.00
  }, {
    "date" : "2025-11-13",
    "price" : 529.05,
    "dma50" : 530.99,
    "dma100" : 537.09,
    "dma200" : 535.72,
    "volume" : 65786.00
  }, {
    "date" : "2025-11-14",
    "price" : 517.25,
    "dma50" : 530.45,
    "dma100" : 537.29,
    "dma200" : 535.53,
    "volume" : 11018.00
  }, {
    "date" : "2025-11-17",
    "price" : 512.10,
    "dma50" : 529.73,
    "dma100" : 537.40,
    "dma200" : 535.30,
    "volume" : 19683.00
  }, {
    "date" : "2025-11-18",
    "price" : 507.40,
    "dma50" : 528.85,
    "dma100" : 537.50,
    "dma200" : 535.02,
    "volume" : 14221.00
  }, {
    "date" : "2025-11-19",
    "price" : 529.25,
    "dma50" : 528.87,
    "dma100" : 537.80,
    "dma200" : 534.97,
    "volume" : 93184.00
  }, {
    "date" : "2025-11-20",
    "price" : 515.50,
    "dma50" : 528.34,
    "dma100" : 537.96,
    "dma200" : 534.77,
    "volume" : 22652.00
  }, {
    "date" : "2025-11-21",
    "price" : 508.55,
    "dma50" : 527.57,
    "dma100" : 538.03,
    "dma200" : 534.51,
    "volume" : 27108.00
  }, {
    "date" : "2025-11-24",
    "price" : 500.20,
    "dma50" : 526.49,
    "dma100" : 537.88,
    "dma200" : 534.17,
    "volume" : 28162.00
  }, {
    "date" : "2025-11-25",
    "price" : 498.25,
    "dma50" : 525.39,
    "dma100" : 537.62,
    "dma200" : 533.81,
    "volume" : 10936.00
  }, {
    "date" : "2025-11-26",
    "price" : 502.90,
    "dma50" : 524.51,
    "dma100" : 537.15,
    "dma200" : 533.50,
    "volume" : 18152.00
  }, {
    "date" : "2025-11-27",
    "price" : 492.65,
    "dma50" : 523.26,
    "dma100" : 536.30,
    "dma200" : 533.10,
    "volume" : 18458.00
  }, {
    "date" : "2025-11-28",
    "price" : 501.40,
    "dma50" : 522.40,
    "dma100" : 535.53,
    "dma200" : 532.78,
    "volume" : 11011.00
  }, {
    "date" : "2025-12-01",
    "price" : 497.25,
    "dma50" : 521.41,
    "dma100" : 534.79,
    "dma200" : 532.43,
    "volume" : 20876.00
  }, {
    "date" : "2025-12-02",
    "price" : 499.25,
    "dma50" : 520.54,
    "dma100" : 534.14,
    "dma200" : 532.10,
    "volume" : 9038.00
  }, {
    "date" : "2025-12-03",
    "price" : 507.30,
    "dma50" : 520.02,
    "dma100" : 533.55,
    "dma200" : 531.85,
    "volume" : 34193.00
  }, {
    "date" : "2025-12-04",
    "price" : 509.80,
    "dma50" : 519.62,
    "dma100" : 532.94,
    "dma200" : 531.63,
    "volume" : 26452.00
  }, {
    "date" : "2025-12-05",
    "price" : 504.65,
    "dma50" : 519.04,
    "dma100" : 532.42,
    "dma200" : 531.36,
    "volume" : 37739.00
  }, {
    "date" : "2025-12-08",
    "price" : 503.35,
    "dma50" : 518.42,
    "dma100" : 531.96,
    "dma200" : 531.09,
    "volume" : 24143.00
  }, {
    "date" : "2025-12-09",
    "price" : 495.75,
    "dma50" : 517.53,
    "dma100" : 531.44,
    "dma200" : 530.73,
    "volume" : 28620.00
  }, {
    "date" : "2025-12-10",
    "price" : 488.25,
    "dma50" : 516.38,
    "dma100" : 530.68,
    "dma200" : 530.31,
    "volume" : 46608.00
  }, {
    "date" : "2025-12-11",
    "price" : 488.85,
    "dma50" : 515.30,
    "dma100" : 529.96,
    "dma200" : 529.90,
    "volume" : 11888.00
  }, {
    "date" : "2025-12-12",
    "price" : 490.30,
    "dma50" : 514.32,
    "dma100" : 529.31,
    "dma200" : 529.50,
    "volume" : 21512.00
  }, {
    "date" : "2025-12-15",
    "price" : 481.15,
    "dma50" : 513.02,
    "dma100" : 528.62,
    "dma200" : 529.02,
    "volume" : 22454.00
  }, {
    "date" : "2025-12-16",
    "price" : 500.00,
    "dma50" : 512.51,
    "dma100" : 528.03,
    "dma200" : 528.73,
    "volume" : 56008.00
  }, {
    "date" : "2025-12-17",
    "price" : 497.50,
    "dma50" : 511.92,
    "dma100" : 527.37,
    "dma200" : 528.42,
    "volume" : 14616.00
  }, {
    "date" : "2025-12-18",
    "price" : 484.35,
    "dma50" : 510.84,
    "dma100" : 526.68,
    "dma200" : 527.99,
    "volume" : 14986.00
  }, {
    "date" : "2025-12-19",
    "price" : 489.80,
    "dma50" : 510.02,
    "dma100" : 526.11,
    "dma200" : 527.61,
    "volume" : 31276.00
  }, {
    "date" : "2025-12-22",
    "price" : 491.70,
    "dma50" : 509.30,
    "dma100" : 525.69,
    "dma200" : 527.25,
    "volume" : 26527.00
  }, {
    "date" : "2025-12-23",
    "price" : 484.65,
    "dma50" : 508.33,
    "dma100" : 524.91,
    "dma200" : 526.82,
    "volume" : 8256.00
  }, {
    "date" : "2025-12-24",
    "price" : 484.20,
    "dma50" : 507.39,
    "dma100" : 524.17,
    "dma200" : 526.40,
    "volume" : 10510.00
  }, {
    "date" : "2025-12-26",
    "price" : 483.10,
    "dma50" : 506.43,
    "dma100" : 523.44,
    "dma200" : 525.97,
    "volume" : 12738.00
  }, {
    "date" : "2025-12-29",
    "price" : 476.50,
    "dma50" : 505.26,
    "dma100" : 522.63,
    "dma200" : 525.48,
    "volume" : 22788.00
  }, {
    "date" : "2025-12-30",
    "price" : 492.30,
    "dma50" : 504.75,
    "dma100" : 522.04,
    "dma200" : 525.15,
    "volume" : 23248.00
  }, {
    "date" : "2025-12-31",
    "price" : 489.35,
    "dma50" : 504.15,
    "dma100" : 521.28,
    "dma200" : 524.79,
    "volume" : 9625.00
  }, {
    "date" : "2026-01-01",
    "price" : 483.60,
    "dma50" : 503.34,
    "dma100" : 520.54,
    "dma200" : 524.38,
    "volume" : 10989.00
  }, {
    "date" : "2026-01-02",
    "price" : 483.95,
    "dma50" : 502.58,
    "dma100" : 519.70,
    "dma200" : 523.98,
    "volume" : 31068.00
  }, {
    "date" : "2026-01-05",
    "price" : 476.05,
    "dma50" : 501.54,
    "dma100" : 518.97,
    "dma200" : 523.50,
    "volume" : 30169.00
  }, {
    "date" : "2026-01-06",
    "price" : 467.65,
    "dma50" : 500.21,
    "dma100" : 518.40,
    "dma200" : 522.95,
    "volume" : 28866.00
  }, {
    "date" : "2026-01-07",
    "price" : 468.25,
    "dma50" : 498.96,
    "dma100" : 517.98,
    "dma200" : 522.40,
    "volume" : 26528.00
  }, {
    "date" : "2026-01-08",
    "price" : 462.95,
    "dma50" : 497.55,
    "dma100" : 517.53,
    "dma200" : 521.81,
    "volume" : 9715.00
  }, {
    "date" : "2026-01-09",
    "price" : 455.50,
    "dma50" : 495.90,
    "dma100" : 517.15,
    "dma200" : 521.15,
    "volume" : 39860.00
  }, {
    "date" : "2026-01-12",
    "price" : 474.80,
    "dma50" : 495.07,
    "dma100" : 516.84,
    "dma200" : 520.69,
    "volume" : 27732.00
  }, {
    "date" : "2026-01-13",
    "price" : 467.45,
    "dma50" : 493.99,
    "dma100" : 516.47,
    "dma200" : 520.16,
    "volume" : 20003.00
  }, {
    "date" : "2026-01-14",
    "price" : 493.65,
    "dma50" : 493.97,
    "dma100" : 516.26,
    "dma200" : 519.90,
    "volume" : 42029.00
  }, {
    "date" : "2026-01-16",
    "price" : 496.70,
    "dma50" : 494.08,
    "dma100" : 516.07,
    "dma200" : 519.66,
    "volume" : 22863.00
  }, {
    "date" : "2026-01-19",
    "price" : 484.65,
    "dma50" : 493.71,
    "dma100" : 515.76,
    "dma200" : 519.32,
    "volume" : 13098.00
  }, {
    "date" : "2026-01-20",
    "price" : 468.80,
    "dma50" : 492.73,
    "dma100" : 515.36,
    "dma200" : 518.81,
    "volume" : 14270.00
  }, {
    "date" : "2026-01-21",
    "price" : 460.30,
    "dma50" : 491.46,
    "dma100" : 514.75,
    "dma200" : 518.23,
    "volume" : 23252.00
  }, {
    "date" : "2026-01-22",
    "price" : 466.35,
    "dma50" : 490.48,
    "dma100" : 514.32,
    "dma200" : 517.72,
    "volume" : 24282.00
  }, {
    "date" : "2026-01-23",
    "price" : 457.10,
    "dma50" : 489.17,
    "dma100" : 513.86,
    "dma200" : 517.11,
    "volume" : 43120.00
  }, {
    "date" : "2026-01-27",
    "price" : 460.65,
    "dma50" : 488.05,
    "dma100" : 513.32,
    "dma200" : 516.55,
    "volume" : 44154.00
  }, {
    "date" : "2026-01-28",
    "price" : 470.75,
    "dma50" : 487.37,
    "dma100" : 512.89,
    "dma200" : 516.09,
    "volume" : 28225.00
  }, {
    "date" : "2026-01-29",
    "price" : 460.70,
    "dma50" : 486.33,
    "dma100" : 512.29,
    "dma200" : 515.54,
    "volume" : 23352.00
  }, {
    "date" : "2026-01-30",
    "price" : 460.15,
    "dma50" : 485.30,
    "dma100" : 511.59,
    "dma200" : 514.99,
    "volume" : 17696.00
  }, {
    "date" : "2026-02-01",
    "price" : 447.90,
    "dma50" : 483.83,
    "dma100" : 510.84,
    "dma200" : 514.32,
    "volume" : 18996.00
  }, {
    "date" : "2026-02-02",
    "price" : 456.45,
    "dma50" : 482.76,
    "dma100" : 510.20,
    "dma200" : 513.75,
    "volume" : 12273.00
  }, {
    "date" : "2026-02-03",
    "price" : 470.15,
    "dma50" : 482.26,
    "dma100" : 509.57,
    "dma200" : 513.32,
    "volume" : 38310.00
  }, {
    "date" : "2026-02-04",
    "price" : 483.70,
    "dma50" : 482.32,
    "dma100" : 509.05,
    "dma200" : 513.02,
    "volume" : 373771.00
  }, {
    "date" : "2026-02-05",
    "price" : 483.60,
    "dma50" : 482.37,
    "dma100" : 508.54,
    "dma200" : 512.73,
    "volume" : 15321.00
  }, {
    "date" : "2026-02-06",
    "price" : 480.85,
    "dma50" : 482.31,
    "dma100" : 508.07,
    "dma200" : 512.41,
    "volume" : 15417.00
  }, {
    "date" : "2026-02-09",
    "price" : 491.25,
    "dma50" : 482.66,
    "dma100" : 507.64,
    "dma200" : 512.20,
    "volume" : 39024.00
  }, {
    "date" : "2026-02-10",
    "price" : 506.95,
    "dma50" : 483.61,
    "dma100" : 507.12,
    "dma200" : 512.15,
    "volume" : 66547.00
  }, {
    "date" : "2026-02-11",
    "price" : 537.10,
    "dma50" : 485.71,
    "dma100" : 507.00,
    "dma200" : 512.40,
    "volume" : 439378.00
  }, {
    "date" : "2026-02-12",
    "price" : 514.60,
    "dma50" : 486.84,
    "dma100" : 506.49,
    "dma200" : 512.42,
    "volume" : 56857.00
  }, {
    "date" : "2026-02-13",
    "price" : 525.60,
    "dma50" : 488.36,
    "dma100" : 506.05,
    "dma200" : 512.55,
    "volume" : 61966.00
  }, {
    "date" : "2026-02-16",
    "price" : 527.80,
    "dma50" : 489.91,
    "dma100" : 505.50,
    "dma200" : 512.70,
    "volume" : 88244.00
  }, {
    "date" : "2026-02-17",
    "price" : 532.40,
    "dma50" : 491.58,
    "dma100" : 504.91,
    "dma200" : 512.90,
    "volume" : 31813.00
  }, {
    "date" : "2026-02-18",
    "price" : 535.00,
    "dma50" : 493.28,
    "dma100" : 504.46,
    "dma200" : 513.12,
    "volume" : 21267.00
  }, {
    "date" : "2026-02-19",
    "price" : 518.15,
    "dma50" : 494.26,
    "dma100" : 503.92,
    "dma200" : 513.17,
    "volume" : 42367.00
  }, {
    "date" : "2026-02-20",
    "price" : 518.45,
    "dma50" : 495.20,
    "dma100" : 503.61,
    "dma200" : 513.22,
    "volume" : 50448.00
  } ],
  "latestTechnicalAttributes" : {
    "date" : "2026-02-20",
    "price" : 518.45,
    "dma50" : 495.20,
    "dma100" : 503.61,
    "dma200" : 513.22,
    "volume" : 50448.00
  },
  "quarterlyResults" : [ {
    "date" : "2005-12-31",
    "sales" : 26.16,
    "salesGrowthYoY" : null,
    "grossProfitMargin" : 58.37,
    "grossProfit" : 15.27,
    "operatingProfitMargin" : 21.83,
    "operatingProfit" : 5.71,
    "netProfitMargin" : 12.84,
    "netProfit" : 3.36
  }, {
    "date" : "2006-03-31",
    "sales" : 25.16,
    "salesGrowthYoY" : null,
    "grossProfitMargin" : 60.06,
    "grossProfit" : 15.11,
    "operatingProfitMargin" : 25.64,
    "operatingProfit" : 6.45,
    "netProfitMargin" : 15.74,
    "netProfit" : 3.96
  }, {
    "date" : "2006-06-30",
    "sales" : 29.31,
    "salesGrowthYoY" : null,
    "grossProfitMargin" : 60.83,
    "grossProfit" : 17.83,
    "operatingProfitMargin" : 21.97,
    "operatingProfit" : 6.44,
    "netProfitMargin" : 15.59,
    "netProfit" : 4.57
  }, {
    "date" : "2006-09-30",
    "sales" : 42.10,
    "salesGrowthYoY" : null,
    "grossProfitMargin" : 55.11,
    "grossProfit" : 23.20,
    "operatingProfitMargin" : 23.97,
    "operatingProfit" : 10.09,
    "netProfitMargin" : 17.24,
    "netProfit" : 7.26
  }, {
    "date" : "2006-12-31",
    "sales" : 31.56,
    "salesGrowthYoY" : 20.64,
    "grossProfitMargin" : 59.51,
    "grossProfit" : 18.78,
    "operatingProfitMargin" : 13.69,
    "operatingProfit" : 4.32,
    "netProfitMargin" : 11.47,
    "netProfit" : 3.62
  }, {
    "date" : "2007-03-31",
    "sales" : 30.64,
    "salesGrowthYoY" : 21.78,
    "grossProfitMargin" : 58.16,
    "grossProfit" : 17.82,
    "operatingProfitMargin" : 14.36,
    "operatingProfit" : 4.40,
    "netProfitMargin" : 10.48,
    "netProfit" : 3.21
  }, {
    "date" : "2007-06-30",
    "sales" : 35.54,
    "salesGrowthYoY" : 21.26,
    "grossProfitMargin" : 54.59,
    "grossProfit" : 19.40,
    "operatingProfitMargin" : 20.23,
    "operatingProfit" : 7.19,
    "netProfitMargin" : 14.83,
    "netProfit" : 5.27
  }, {
    "date" : "2007-09-30",
    "sales" : 46.11,
    "salesGrowthYoY" : 9.52,
    "grossProfitMargin" : 56.56,
    "grossProfit" : 26.08,
    "operatingProfitMargin" : 23.70,
    "operatingProfit" : 10.93,
    "netProfitMargin" : 17.07,
    "netProfit" : 7.87
  }, {
    "date" : "2007-12-31",
    "sales" : 42.75,
    "salesGrowthYoY" : 35.46,
    "grossProfitMargin" : 55.60,
    "grossProfit" : 23.77,
    "operatingProfitMargin" : 16.70,
    "operatingProfit" : 7.14,
    "netProfitMargin" : 11.93,
    "netProfit" : 5.10
  }, {
    "date" : "2008-03-31",
    "sales" : 35.20,
    "salesGrowthYoY" : 14.88,
    "grossProfitMargin" : 56.42,
    "grossProfit" : 19.86,
    "operatingProfitMargin" : 13.84,
    "operatingProfit" : 4.87,
    "netProfitMargin" : 7.53,
    "netProfit" : 2.65
  }, {
    "date" : "2008-06-30",
    "sales" : 27.47,
    "salesGrowthYoY" : -22.71,
    "grossProfitMargin" : 56.10,
    "grossProfit" : 15.41,
    "operatingProfitMargin" : 7.10,
    "operatingProfit" : 1.95,
    "netProfitMargin" : 4.55,
    "netProfit" : 1.25
  }, {
    "date" : "2008-09-30",
    "sales" : 48.45,
    "salesGrowthYoY" : 5.07,
    "grossProfitMargin" : 52.20,
    "grossProfit" : 25.29,
    "operatingProfitMargin" : 16.06,
    "operatingProfit" : 7.78,
    "netProfitMargin" : 11.29,
    "netProfit" : 5.47
  }, {
    "date" : "2008-12-31",
    "sales" : 35.44,
    "salesGrowthYoY" : -17.10,
    "grossProfitMargin" : 54.12,
    "grossProfit" : 19.18,
    "operatingProfitMargin" : 12.58,
    "operatingProfit" : 4.46,
    "netProfitMargin" : 8.58,
    "netProfit" : 3.04
  }, {
    "date" : "2009-03-31",
    "sales" : 34.17,
    "salesGrowthYoY" : -2.93,
    "grossProfitMargin" : 60.84,
    "grossProfit" : 20.79,
    "operatingProfitMargin" : 19.67,
    "operatingProfit" : 6.72,
    "netProfitMargin" : 13.20,
    "netProfit" : 4.51
  }, {
    "date" : "2009-06-30",
    "sales" : 33.27,
    "salesGrowthYoY" : 21.11,
    "grossProfitMargin" : 63.69,
    "grossProfit" : 21.19,
    "operatingProfitMargin" : 24.80,
    "operatingProfit" : 8.25,
    "netProfitMargin" : 18.85,
    "netProfit" : 6.27
  }, {
    "date" : "2009-09-30",
    "sales" : 57.53,
    "salesGrowthYoY" : 18.74,
    "grossProfitMargin" : 61.32,
    "grossProfit" : 35.28,
    "operatingProfitMargin" : 28.33,
    "operatingProfit" : 16.30,
    "netProfitMargin" : 19.94,
    "netProfit" : 11.47
  }, {
    "date" : "2009-12-31",
    "sales" : 38.90,
    "salesGrowthYoY" : 9.76,
    "grossProfitMargin" : 63.44,
    "grossProfit" : 24.68,
    "operatingProfitMargin" : 23.60,
    "operatingProfit" : 9.18,
    "netProfitMargin" : 16.35,
    "netProfit" : 6.36
  }, {
    "date" : "2010-03-31",
    "sales" : 46.38,
    "salesGrowthYoY" : 35.73,
    "grossProfitMargin" : 64.66,
    "grossProfit" : 29.99,
    "operatingProfitMargin" : 27.86,
    "operatingProfit" : 12.92,
    "netProfitMargin" : 18.11,
    "netProfit" : 8.40
  }, {
    "date" : "2010-06-30",
    "sales" : 45.41,
    "salesGrowthYoY" : 36.49,
    "grossProfitMargin" : 62.50,
    "grossProfit" : 28.38,
    "operatingProfitMargin" : 28.56,
    "operatingProfit" : 12.97,
    "netProfitMargin" : 19.49,
    "netProfit" : 8.85
  }, {
    "date" : "2010-09-30",
    "sales" : 72.77,
    "salesGrowthYoY" : 26.49,
    "grossProfitMargin" : 62.26,
    "grossProfit" : 45.31,
    "operatingProfitMargin" : 30.73,
    "operatingProfit" : 22.36,
    "netProfitMargin" : 20.64,
    "netProfit" : 15.02
  }, {
    "date" : "2010-12-31",
    "sales" : 63.34,
    "salesGrowthYoY" : 62.83,
    "grossProfitMargin" : 62.13,
    "grossProfit" : 39.35,
    "operatingProfitMargin" : 27.14,
    "operatingProfit" : 17.19,
    "netProfitMargin" : 17.79,
    "netProfit" : 11.27
  }, {
    "date" : "2011-03-31",
    "sales" : 55.04,
    "salesGrowthYoY" : 18.67,
    "grossProfitMargin" : 61.25,
    "grossProfit" : 33.71,
    "operatingProfitMargin" : 29.18,
    "operatingProfit" : 16.06,
    "netProfitMargin" : 20.15,
    "netProfit" : 11.09
  }, {
    "date" : "2011-06-30",
    "sales" : 69.33,
    "salesGrowthYoY" : 52.68,
    "grossProfitMargin" : 60.38,
    "grossProfit" : 41.86,
    "operatingProfitMargin" : 24.97,
    "operatingProfit" : 17.31,
    "netProfitMargin" : 18.20,
    "netProfit" : 12.62
  }, {
    "date" : "2011-09-30",
    "sales" : 100.78,
    "salesGrowthYoY" : 38.49,
    "grossProfitMargin" : 56.85,
    "grossProfit" : 57.29,
    "operatingProfitMargin" : 26.11,
    "operatingProfit" : 26.31,
    "netProfitMargin" : 18.22,
    "netProfit" : 18.36
  }, {
    "date" : "2011-12-31",
    "sales" : 64.61,
    "salesGrowthYoY" : 2.01,
    "grossProfitMargin" : 54.14,
    "grossProfit" : 34.98,
    "operatingProfitMargin" : 18.63,
    "operatingProfit" : 12.04,
    "netProfitMargin" : 13.54,
    "netProfit" : 8.75
  }, {
    "date" : "2012-03-31",
    "sales" : 67.17,
    "salesGrowthYoY" : 22.04,
    "grossProfitMargin" : 54.92,
    "grossProfit" : 36.89,
    "operatingProfitMargin" : 26.40,
    "operatingProfit" : 17.73,
    "netProfitMargin" : 18.48,
    "netProfit" : 12.41
  }, {
    "date" : "2012-06-30",
    "sales" : 56.86,
    "salesGrowthYoY" : -17.99,
    "grossProfitMargin" : 61.22,
    "grossProfit" : 34.81,
    "operatingProfitMargin" : 16.76,
    "operatingProfit" : 9.53,
    "netProfitMargin" : 12.79,
    "netProfit" : 7.27
  }, {
    "date" : "2012-09-30",
    "sales" : 91.64,
    "salesGrowthYoY" : -9.07,
    "grossProfitMargin" : 60.87,
    "grossProfit" : 55.78,
    "operatingProfitMargin" : 27.71,
    "operatingProfit" : 25.39,
    "netProfitMargin" : 19.26,
    "netProfit" : 17.65
  }, {
    "date" : "2012-12-31",
    "sales" : 77.45,
    "salesGrowthYoY" : 19.87,
    "grossProfitMargin" : 53.88,
    "grossProfit" : 41.73,
    "operatingProfitMargin" : 21.72,
    "operatingProfit" : 16.82,
    "netProfitMargin" : 15.49,
    "netProfit" : 12.00
  }, {
    "date" : "2013-03-31",
    "sales" : 77.12,
    "salesGrowthYoY" : 14.81,
    "grossProfitMargin" : 57.35,
    "grossProfit" : 44.23,
    "operatingProfitMargin" : 28.22,
    "operatingProfit" : 21.76,
    "netProfitMargin" : 21.38,
    "netProfit" : 16.49
  }, {
    "date" : "2013-06-30",
    "sales" : 74.49,
    "salesGrowthYoY" : 31.01,
    "grossProfitMargin" : 61.98,
    "grossProfit" : 46.17,
    "operatingProfitMargin" : 23.41,
    "operatingProfit" : 17.44,
    "netProfitMargin" : 16.35,
    "netProfit" : 12.18
  }, {
    "date" : "2013-09-30",
    "sales" : 116.55,
    "salesGrowthYoY" : 27.18,
    "grossProfitMargin" : 60.77,
    "grossProfit" : 70.83,
    "operatingProfitMargin" : 30.73,
    "operatingProfit" : 35.82,
    "netProfitMargin" : 20.19,
    "netProfit" : 23.53
  }, {
    "date" : "2013-12-31",
    "sales" : 86.95,
    "salesGrowthYoY" : 12.27,
    "grossProfitMargin" : 55.07,
    "grossProfit" : 47.88,
    "operatingProfitMargin" : 19.78,
    "operatingProfit" : 17.20,
    "netProfitMargin" : 12.21,
    "netProfit" : 10.62
  }, {
    "date" : "2014-03-31",
    "sales" : 88.54,
    "salesGrowthYoY" : 14.81,
    "grossProfitMargin" : 55.74,
    "grossProfit" : 49.35,
    "operatingProfitMargin" : 25.89,
    "operatingProfit" : 22.92,
    "netProfitMargin" : 23.37,
    "netProfit" : 20.69
  }, {
    "date" : "2014-06-30",
    "sales" : 85.31,
    "salesGrowthYoY" : 14.53,
    "grossProfitMargin" : 55.81,
    "grossProfit" : 47.61,
    "operatingProfitMargin" : 18.81,
    "operatingProfit" : 16.05,
    "netProfitMargin" : 11.89,
    "netProfit" : 10.14
  }, {
    "date" : "2014-09-30",
    "sales" : 129.83,
    "salesGrowthYoY" : 11.39,
    "grossProfitMargin" : 57.38,
    "grossProfit" : 74.50,
    "operatingProfitMargin" : 27.54,
    "operatingProfit" : 35.76,
    "netProfitMargin" : 18.69,
    "netProfit" : 24.27
  }, {
    "date" : "2014-12-31",
    "sales" : 88.53,
    "salesGrowthYoY" : 1.82,
    "grossProfitMargin" : 55.81,
    "grossProfit" : 49.41,
    "operatingProfitMargin" : 18.65,
    "operatingProfit" : 16.51,
    "netProfitMargin" : 11.79,
    "netProfit" : 10.44
  }, {
    "date" : "2015-03-31",
    "sales" : 104.74,
    "salesGrowthYoY" : 18.30,
    "grossProfitMargin" : 55.27,
    "grossProfit" : 57.89,
    "operatingProfitMargin" : 26.88,
    "operatingProfit" : 28.15,
    "netProfitMargin" : 20.44,
    "netProfit" : 21.41
  }, {
    "date" : "2015-06-30",
    "sales" : 92.41,
    "salesGrowthYoY" : 8.32,
    "grossProfitMargin" : 56.64,
    "grossProfit" : 52.34,
    "operatingProfitMargin" : 16.48,
    "operatingProfit" : 15.23,
    "netProfitMargin" : 12.30,
    "netProfit" : 11.37
  }, {
    "date" : "2015-09-30",
    "sales" : 142.17,
    "salesGrowthYoY" : 9.50,
    "grossProfitMargin" : 57.20,
    "grossProfit" : 81.32,
    "operatingProfitMargin" : 26.48,
    "operatingProfit" : 37.65,
    "netProfitMargin" : 16.97,
    "netProfit" : 24.13
  }, {
    "date" : "2015-12-31",
    "sales" : 96.19,
    "salesGrowthYoY" : 8.65,
    "grossProfitMargin" : 56.58,
    "grossProfit" : 54.42,
    "operatingProfitMargin" : 17.85,
    "operatingProfit" : 17.17,
    "netProfitMargin" : 11.09,
    "netProfit" : 10.67
  }, {
    "date" : "2016-03-31",
    "sales" : 126.65,
    "salesGrowthYoY" : 20.92,
    "grossProfitMargin" : 58.29,
    "grossProfit" : 73.82,
    "operatingProfitMargin" : 26.88,
    "operatingProfit" : 34.04,
    "netProfitMargin" : 17.20,
    "netProfit" : 21.78
  }, {
    "date" : "2016-06-30",
    "sales" : 104.32,
    "salesGrowthYoY" : 12.89,
    "grossProfitMargin" : 58.72,
    "grossProfit" : 61.26,
    "operatingProfitMargin" : 18.72,
    "operatingProfit" : 19.53,
    "netProfitMargin" : 14.85,
    "netProfit" : 15.49
  }, {
    "date" : "2016-09-30",
    "sales" : 148.98,
    "salesGrowthYoY" : 4.79,
    "grossProfitMargin" : 59.42,
    "grossProfit" : 88.52,
    "operatingProfitMargin" : 25.09,
    "operatingProfit" : 37.38,
    "netProfitMargin" : 18.13,
    "netProfit" : 27.01
  }, {
    "date" : "2016-12-31",
    "sales" : 94.18,
    "salesGrowthYoY" : -2.09,
    "grossProfitMargin" : 52.40,
    "grossProfit" : 49.35,
    "operatingProfitMargin" : 11.47,
    "operatingProfit" : 10.80,
    "netProfitMargin" : 8.80,
    "netProfit" : 8.29
  }, {
    "date" : "2017-03-31",
    "sales" : 121.41,
    "salesGrowthYoY" : -4.14,
    "grossProfitMargin" : 55.83,
    "grossProfit" : 67.78,
    "operatingProfitMargin" : 25.64,
    "operatingProfit" : 31.13,
    "netProfitMargin" : 19.59,
    "netProfit" : 23.78
  }, {
    "date" : "2017-06-30",
    "sales" : 78.37,
    "salesGrowthYoY" : -24.88,
    "grossProfitMargin" : 60.62,
    "grossProfit" : 47.51,
    "operatingProfitMargin" : 9.29,
    "operatingProfit" : 7.28,
    "netProfitMargin" : 10.50,
    "netProfit" : 8.23
  }, {
    "date" : "2017-09-30",
    "sales" : 167.51,
    "salesGrowthYoY" : 12.44,
    "grossProfitMargin" : 57.39,
    "grossProfit" : 96.13,
    "operatingProfitMargin" : 29.16,
    "operatingProfit" : 48.85,
    "netProfitMargin" : 21.00,
    "netProfit" : 35.18
  }, {
    "date" : "2017-12-31",
    "sales" : 94.38,
    "salesGrowthYoY" : 0.21,
    "grossProfitMargin" : 59.35,
    "grossProfit" : 56.01,
    "operatingProfitMargin" : 16.68,
    "operatingProfit" : 15.74,
    "netProfitMargin" : 11.00,
    "netProfit" : 10.38
  }, {
    "date" : "2018-03-31",
    "sales" : 120.02,
    "salesGrowthYoY" : -1.14,
    "grossProfitMargin" : 55.94,
    "grossProfit" : 67.14,
    "operatingProfitMargin" : 21.90,
    "operatingProfit" : 26.28,
    "netProfitMargin" : 16.25,
    "netProfit" : 19.50
  }, {
    "date" : "2018-06-30",
    "sales" : 105.92,
    "salesGrowthYoY" : 35.15,
    "grossProfitMargin" : 62.42,
    "grossProfit" : 66.12,
    "operatingProfitMargin" : 20.29,
    "operatingProfit" : 21.49,
    "netProfitMargin" : 13.13,
    "netProfit" : 13.91
  }, {
    "date" : "2018-09-30",
    "sales" : 152.26,
    "salesGrowthYoY" : -9.10,
    "grossProfitMargin" : 63.01,
    "grossProfit" : 95.94,
    "operatingProfitMargin" : 31.41,
    "operatingProfit" : 47.82,
    "netProfitMargin" : 22.05,
    "netProfit" : 33.57
  }, {
    "date" : "2018-12-31",
    "sales" : 111.45,
    "salesGrowthYoY" : 18.09,
    "grossProfitMargin" : 59.35,
    "grossProfit" : 66.15,
    "operatingProfitMargin" : 13.93,
    "operatingProfit" : 15.52,
    "netProfitMargin" : 11.38,
    "netProfit" : 12.68
  }, {
    "date" : "2019-03-31",
    "sales" : 133.11,
    "salesGrowthYoY" : 10.91,
    "grossProfitMargin" : 61.87,
    "grossProfit" : 82.36,
    "operatingProfitMargin" : 20.66,
    "operatingProfit" : 27.50,
    "netProfitMargin" : 15.13,
    "netProfit" : 20.14
  }, {
    "date" : "2019-06-30",
    "sales" : 110.19,
    "salesGrowthYoY" : 4.03,
    "grossProfitMargin" : 62.68,
    "grossProfit" : 69.07,
    "operatingProfitMargin" : 20.39,
    "operatingProfit" : 22.47,
    "netProfitMargin" : 12.83,
    "netProfit" : 14.14
  }, {
    "date" : "2019-09-30",
    "sales" : 166.65,
    "salesGrowthYoY" : 9.45,
    "grossProfitMargin" : 58.28,
    "grossProfit" : 97.12,
    "operatingProfitMargin" : 22.68,
    "operatingProfit" : 37.80,
    "netProfitMargin" : 18.96,
    "netProfit" : 31.60
  }, {
    "date" : "2019-12-31",
    "sales" : 126.19,
    "salesGrowthYoY" : 13.23,
    "grossProfitMargin" : 58.67,
    "grossProfit" : 74.04,
    "operatingProfitMargin" : 10.58,
    "operatingProfit" : 13.35,
    "netProfitMargin" : 9.15,
    "netProfit" : 11.55
  }, {
    "date" : "2020-03-31",
    "sales" : 126.64,
    "salesGrowthYoY" : -4.86,
    "grossProfitMargin" : 60.31,
    "grossProfit" : 76.38,
    "operatingProfitMargin" : 16.97,
    "operatingProfit" : 21.49,
    "netProfitMargin" : 12.46,
    "netProfit" : 15.78
  }, {
    "date" : "2020-06-30",
    "sales" : 7.01,
    "salesGrowthYoY" : -93.64,
    "grossProfitMargin" : 70.61,
    "grossProfit" : 4.95,
    "operatingProfitMargin" : -230.53,
    "operatingProfit" : -16.16,
    "netProfitMargin" : -125.82,
    "netProfit" : -8.82
  }, {
    "date" : "2020-09-30",
    "sales" : 67.48,
    "salesGrowthYoY" : -59.51,
    "grossProfitMargin" : 58.46,
    "grossProfit" : 39.45,
    "operatingProfitMargin" : 16.63,
    "operatingProfit" : 11.22,
    "netProfitMargin" : 13.54,
    "netProfit" : 9.14
  }, {
    "date" : "2020-12-31",
    "sales" : 118.04,
    "salesGrowthYoY" : -6.46,
    "grossProfitMargin" : 41.38,
    "grossProfit" : 48.84,
    "operatingProfitMargin" : 11.40,
    "operatingProfit" : 13.46,
    "netProfitMargin" : 9.20,
    "netProfit" : 10.86
  }, {
    "date" : "2021-03-31",
    "sales" : 110.70,
    "salesGrowthYoY" : -12.59,
    "grossProfitMargin" : 46.31,
    "grossProfit" : 51.27,
    "operatingProfitMargin" : 9.18,
    "operatingProfit" : 10.16,
    "netProfitMargin" : 7.44,
    "netProfit" : 8.24
  }, {
    "date" : "2021-06-30",
    "sales" : 91.55,
    "salesGrowthYoY" : 1205.99,
    "grossProfitMargin" : 55.22,
    "grossProfit" : 50.55,
    "operatingProfitMargin" : 8.65,
    "operatingProfit" : 7.92,
    "netProfitMargin" : 9.33,
    "netProfit" : 8.54
  }, {
    "date" : "2021-09-30",
    "sales" : 175.08,
    "salesGrowthYoY" : 159.45,
    "grossProfitMargin" : 51.84,
    "grossProfit" : 90.76,
    "operatingProfitMargin" : 18.44,
    "operatingProfit" : 32.28,
    "netProfitMargin" : 15.43,
    "netProfit" : 27.01
  }, {
    "date" : "2021-12-31",
    "sales" : 171.41,
    "salesGrowthYoY" : 45.21,
    "grossProfitMargin" : 48.08,
    "grossProfit" : 82.41,
    "operatingProfitMargin" : 16.07,
    "operatingProfit" : 27.55,
    "netProfitMargin" : 12.43,
    "netProfit" : 21.31
  }, {
    "date" : "2022-03-31",
    "sales" : 169.57,
    "salesGrowthYoY" : 53.18,
    "grossProfitMargin" : 56.55,
    "grossProfit" : 95.89,
    "operatingProfitMargin" : 18.96,
    "operatingProfit" : 32.15,
    "netProfitMargin" : 14.61,
    "netProfit" : 24.77
  }, {
    "date" : "2022-06-30",
    "sales" : 154.54,
    "salesGrowthYoY" : 68.80,
    "grossProfitMargin" : 54.45,
    "grossProfit" : 84.15,
    "operatingProfitMargin" : 18.99,
    "operatingProfit" : 29.35,
    "netProfitMargin" : 13.97,
    "netProfit" : 21.59
  }, {
    "date" : "2022-09-30",
    "sales" : 226.34,
    "salesGrowthYoY" : 29.28,
    "grossProfitMargin" : 50.54,
    "grossProfit" : 114.39,
    "operatingProfitMargin" : 22.10,
    "operatingProfit" : 50.02,
    "netProfitMargin" : 17.29,
    "netProfit" : 39.13
  }, {
    "date" : "2022-12-31",
    "sales" : 199.09,
    "salesGrowthYoY" : 16.15,
    "grossProfitMargin" : 50.34,
    "grossProfit" : 100.22,
    "operatingProfitMargin" : 16.86,
    "operatingProfit" : 33.57,
    "netProfitMargin" : 13.55,
    "netProfit" : 26.98
  }, {
    "date" : "2023-03-31",
    "sales" : 199.48,
    "salesGrowthYoY" : 17.64,
    "grossProfitMargin" : 54.36,
    "grossProfit" : 108.44,
    "operatingProfitMargin" : 19.57,
    "operatingProfit" : 39.04,
    "netProfitMargin" : 15.84,
    "netProfit" : 31.60
  }, {
    "date" : "2023-06-30",
    "sales" : 178.40,
    "salesGrowthYoY" : 15.44,
    "grossProfitMargin" : 50.63,
    "grossProfit" : 90.32,
    "operatingProfitMargin" : 19.14,
    "operatingProfit" : 34.15,
    "netProfitMargin" : 18.97,
    "netProfit" : 33.84
  }, {
    "date" : "2023-09-30",
    "sales" : 262.48,
    "salesGrowthYoY" : 15.97,
    "grossProfitMargin" : 48.41,
    "grossProfit" : 127.07,
    "operatingProfitMargin" : 23.52,
    "operatingProfit" : 61.74,
    "netProfitMargin" : 18.97,
    "netProfit" : 49.79
  }, {
    "date" : "2023-12-31",
    "sales" : 200.20,
    "salesGrowthYoY" : 0.56,
    "grossProfitMargin" : 50.45,
    "grossProfit" : 101.00,
    "operatingProfitMargin" : 19.41,
    "operatingProfit" : 38.86,
    "netProfitMargin" : 16.63,
    "netProfit" : 33.29
  }, {
    "date" : "2024-03-31",
    "sales" : 219.42,
    "salesGrowthYoY" : 10.00,
    "grossProfitMargin" : 52.65,
    "grossProfit" : 115.52,
    "operatingProfitMargin" : 19.34,
    "operatingProfit" : 42.44,
    "netProfitMargin" : 17.13,
    "netProfit" : 37.59
  }, {
    "date" : "2024-06-30",
    "sales" : 151.25,
    "salesGrowthYoY" : -15.22,
    "grossProfitMargin" : 53.49,
    "grossProfit" : 80.90,
    "operatingProfitMargin" : 18.23,
    "operatingProfit" : 27.57,
    "netProfitMargin" : 16.73,
    "netProfit" : 25.30
  }, {
    "date" : "2024-09-30",
    "sales" : 253.17,
    "salesGrowthYoY" : -3.55,
    "grossProfitMargin" : 50.17,
    "grossProfit" : 127.02,
    "operatingProfitMargin" : 21.07,
    "operatingProfit" : 53.34,
    "netProfitMargin" : 25.47,
    "netProfit" : 64.48
  }, {
    "date" : "2024-12-31",
    "sales" : 201.74,
    "salesGrowthYoY" : 0.77,
    "grossProfitMargin" : 49.58,
    "grossProfit" : 100.02,
    "operatingProfitMargin" : 18.06,
    "operatingProfit" : 36.43,
    "netProfitMargin" : 11.46,
    "netProfit" : 23.12
  }, {
    "date" : "2025-03-31",
    "sales" : 234.19,
    "salesGrowthYoY" : 6.73,
    "grossProfitMargin" : 49.50,
    "grossProfit" : 115.92,
    "operatingProfitMargin" : 18.05,
    "operatingProfit" : 42.27,
    "netProfitMargin" : 11.94,
    "netProfit" : 27.96
  }, {
    "date" : "2025-06-30",
    "sales" : 181.28,
    "salesGrowthYoY" : 19.85,
    "grossProfitMargin" : 50.14,
    "grossProfit" : 90.89,
    "operatingProfitMargin" : 18.17,
    "operatingProfit" : 32.94,
    "netProfitMargin" : 16.85,
    "netProfit" : 30.55
  }, {
    "date" : "2025-09-30",
    "sales" : 287.84,
    "salesGrowthYoY" : 13.69,
    "grossProfitMargin" : 49.19,
    "grossProfit" : 141.59,
    "operatingProfitMargin" : 20.02,
    "operatingProfit" : 57.63,
    "netProfitMargin" : 14.78,
    "netProfit" : 42.54
  }, {
    "date" : "2025-12-31",
    "sales" : 227.69,
    "salesGrowthYoY" : 12.86,
    "grossProfitMargin" : 49.59,
    "grossProfit" : 112.91,
    "operatingProfitMargin" : 20.04,
    "operatingProfit" : 45.63,
    "netProfitMargin" : 13.34,
    "netProfit" : 30.37
  } ],
  "latestQuarterlyResult" : {
    "date" : "2025-12-31",
    "sales" : 227.69,
    "salesGrowthYoY" : 12.86,
    "grossProfitMargin" : 49.59,
    "grossProfit" : 112.91,
    "operatingProfitMargin" : 20.04,
    "operatingProfit" : 45.63,
    "netProfitMargin" : 13.34,
    "netProfit" : 30.37
  },
  "companyScore" : {
    "priceHigherThanDma50" : 5.00,
    "priceHigherThanDma100" : 5.00,
    "priceHigherThanDma200" : 5.00,
    "dma50HigherThanDma100" : 0.00,
    "dma50HigherThanDma200" : 0.00,
    "dma100HigherThanDma200" : 0.00,
    "pricePercentageAboveDma50" : 4.77,
    "pricePercentageAboveDma100" : 4.85,
    "pricePercentageAboveDma200" : 4.95,
    "weeklyVolumeHigherThanYearlyVolume" : 0.00,
    "salesGrowthPercentile" : 9.87,
    "operatingProfitMarginPercentile" : 19.13,
    "netProfitMarginPercentile" : 9.20,
    "totalTechnicalScore" : 29.57,
    "totalFundamentalScore" : 38.20,
    "totalScore" : 67.77
  }
}