{
  "metadata" : {
    "screenerCompanyId" : "1828",
    "companyCode" : "KRBL",
    "companyName" : "KRBL",
    "screenerCompanyLink" : "https://www.screener.in/company/KRBL/consolidated/",
    "screenerTechnicalHistoryLink" : "https://www.screener.in/api/company/1828/chart/?q=Price-DMA50-DMA200-Volume&days=365",
    "screenerQuarterlyResultsLink" : "https://www.screener.in/api/company/1828/chart/?q=GPM-OPM-NPM-Quarter+Sales&days=10000",
    "attributes" : {
      "companyCode" : "KRBL",
      "companyName" : "KRBL",
      "marketCap" : 9027.00,
      "peRatio" : 14.80,
      "description" : "KRBL is worlds leading basmati rice producer and has fully integrated operations in every aspect of basmati value chain, right from seed development, contract farming, procurement of paddy, storage, processing, packaging, branding and marketing.(Source : 202003 Annual Report Page No:181)"
    },
    "companyScore" : {
      "priceHigherThanDma50" : 0.00,
      "priceHigherThanDma100" : 0.00,
      "priceHigherThanDma200" : 5.00,
      "dma50HigherThanDma100" : 0.00,
      "dma50HigherThanDma200" : 5.00,
      "dma100HigherThanDma200" : 5.00,
      "pricePercentageAboveDma50" : 5.00,
      "pricePercentageAboveDma100" : 5.10,
      "pricePercentageAboveDma200" : 4.70,
      "weeklyVolumeHigherThanYearlyVolume" : 0.00,
      "salesGrowthPercentile" : 11.90,
      "operatingProfitMarginPercentile" : 9.16,
      "netProfitMarginPercentile" : 6.67,
      "totalTechnicalScore" : 29.81,
      "totalFundamentalScore" : 27.73,
      "totalScore" : 57.53
    }
  },
  "attributes" : {
    "companyCode" : "KRBL",
    "companyName" : "KRBL",
    "marketCap" : 9027.00,
    "peRatio" : 14.80,
    "description" : "KRBL is worlds leading basmati rice producer and has fully integrated operations in every aspect of basmati value chain, right from seed development, contract farming, procurement of paddy, storage, processing, packaging, branding and marketing.(Source : 202003 Annual Report Page No:181)"
  },
  "technicalHistory" : [ {
    "date" : "2024-12-23",
    "price" : 293.20,
    "dma50" : 299.09,
    "dma100" : null,
    "dma200" : 305.55,
    "volume" : 420210.00
  }, {
    "date" : "2024-12-24",
    "price" : 295.80,
    "dma50" : 298.96,
    "dma100" : null,
    "dma200" : 305.45,
    "volume" : 356090.00
  }, {
    "date" : "2024-12-26",
    "price" : 288.00,
    "dma50" : 298.53,
    "dma100" : null,
    "dma200" : 305.28,
    "volume" : 299494.00
  }, {
    "date" : "2024-12-27",
    "price" : 292.55,
    "dma50" : 298.30,
    "dma100" : null,
    "dma200" : 305.15,
    "volume" : 371964.00
  }, {
    "date" : "2024-12-30",
    "price" : 290.50,
    "dma50" : 297.99,
    "dma100" : null,
    "dma200" : 305.01,
    "volume" : 399808.00
  }, {
    "date" : "2024-12-31",
    "price" : 300.65,
    "dma50" : 298.10,
    "dma100" : null,
    "dma200" : 304.96,
    "volume" : 611337.00
  }, {
    "date" : "2025-01-01",
    "price" : 304.10,
    "dma50" : 298.33,
    "dma100" : null,
    "dma200" : 304.95,
    "volume" : 295508.00
  }, {
    "date" : "2025-01-02",
    "price" : 306.75,
    "dma50" : 298.66,
    "dma100" : null,
    "dma200" : 304.97,
    "volume" : 841236.00
  }, {
    "date" : "2025-01-03",
    "price" : 305.10,
    "dma50" : 298.92,
    "dma100" : null,
    "dma200" : 304.97,
    "volume" : 324450.00
  }, {
    "date" : "2025-01-06",
    "price" : 292.25,
    "dma50" : 298.65,
    "dma100" : null,
    "dma200" : 304.85,
    "volume" : 461075.00
  }, {
    "date" : "2025-01-07",
    "price" : 295.30,
    "dma50" : 298.52,
    "dma100" : null,
    "dma200" : 304.75,
    "volume" : 268304.00
  }, {
    "date" : "2025-01-08",
    "price" : 292.30,
    "dma50" : 298.28,
    "dma100" : null,
    "dma200" : 304.63,
    "volume" : 275694.00
  }, {
    "date" : "2025-01-09",
    "price" : 288.45,
    "dma50" : 297.89,
    "dma100" : null,
    "dma200" : 304.47,
    "volume" : 454085.00
  }, {
    "date" : "2025-01-10",
    "price" : 280.90,
    "dma50" : 297.23,
    "dma100" : null,
    "dma200" : 304.23,
    "volume" : 300916.00
  }, {
    "date" : "2025-01-13",
    "price" : 271.80,
    "dma50" : 296.23,
    "dma100" : null,
    "dma200" : 303.91,
    "volume" : 518166.00
  }, {
    "date" : "2025-01-14",
    "price" : 279.10,
    "dma50" : 295.56,
    "dma100" : null,
    "dma200" : 303.66,
    "volume" : 305496.00
  }, {
    "date" : "2025-01-15",
    "price" : 284.80,
    "dma50" : 295.14,
    "dma100" : null,
    "dma200" : 303.48,
    "volume" : 345645.00
  }, {
    "date" : "2025-01-16",
    "price" : 287.75,
    "dma50" : 294.85,
    "dma100" : null,
    "dma200" : 303.32,
    "volume" : 214793.00
  }, {
    "date" : "2025-01-17",
    "price" : 285.85,
    "dma50" : 294.49,
    "dma100" : null,
    "dma200" : 303.15,
    "volume" : 141333.00
  }, {
    "date" : "2025-01-20",
    "price" : 288.65,
    "dma50" : 294.26,
    "dma100" : null,
    "dma200" : 303.00,
    "volume" : 217923.00
  }, {
    "date" : "2025-01-21",
    "price" : 283.85,
    "dma50" : 293.86,
    "dma100" : null,
    "dma200" : 302.81,
    "volume" : 183146.00
  }, {
    "date" : "2025-01-22",
    "price" : 278.40,
    "dma50" : 293.25,
    "dma100" : null,
    "dma200" : 302.57,
    "volume" : 388774.00
  }, {
    "date" : "2025-01-23",
    "price" : 278.10,
    "dma50" : 292.66,
    "dma100" : null,
    "dma200" : 302.32,
    "volume" : 186147.00
  }, {
    "date" : "2025-01-24",
    "price" : 273.65,
    "dma50" : 291.91,
    "dma100" : null,
    "dma200" : 302.04,
    "volume" : 258900.00
  }, {
    "date" : "2025-01-27",
    "price" : 268.75,
    "dma50" : 291.00,
    "dma100" : null,
    "dma200" : 301.71,
    "volume" : 381430.00
  }, {
    "date" : "2025-01-28",
    "price" : 263.60,
    "dma50" : 289.93,
    "dma100" : null,
    "dma200" : 301.33,
    "volume" : 632530.00
  }, {
    "date" : "2025-01-29",
    "price" : 274.15,
    "dma50" : 289.31,
    "dma100" : null,
    "dma200" : 301.06,
    "volume" : 303533.00
  }, {
    "date" : "2025-01-30",
    "price" : 271.20,
    "dma50" : 288.60,
    "dma100" : null,
    "dma200" : 300.76,
    "volume" : 245681.00
  }, {
    "date" : "2025-01-31",
    "price" : 276.30,
    "dma50" : 288.12,
    "dma100" : null,
    "dma200" : 300.52,
    "volume" : 222950.00
  }, {
    "date" : "2025-02-01",
    "price" : 277.35,
    "dma50" : 287.69,
    "dma100" : null,
    "dma200" : 300.29,
    "volume" : 179574.00
  }, {
    "date" : "2025-02-03",
    "price" : 279.65,
    "dma50" : 287.38,
    "dma100" : null,
    "dma200" : 300.08,
    "volume" : 275430.00
  }, {
    "date" : "2025-02-04",
    "price" : 283.00,
    "dma50" : 287.21,
    "dma100" : null,
    "dma200" : 299.91,
    "volume" : 172045.00
  }, {
    "date" : "2025-02-05",
    "price" : 284.30,
    "dma50" : 287.09,
    "dma100" : null,
    "dma200" : 299.76,
    "volume" : 325378.00
  }, {
    "date" : "2025-02-06",
    "price" : 287.25,
    "dma50" : 287.10,
    "dma100" : null,
    "dma200" : 299.63,
    "volume" : 410929.00
  }, {
    "date" : "2025-02-07",
    "price" : 301.30,
    "dma50" : 287.66,
    "dma100" : null,
    "dma200" : 299.65,
    "volume" : 1453592.00
  }, {
    "date" : "2025-02-10",
    "price" : 296.75,
    "dma50" : 288.01,
    "dma100" : null,
    "dma200" : 299.62,
    "volume" : 604835.00
  }, {
    "date" : "2025-02-11",
    "price" : 284.45,
    "dma50" : 287.87,
    "dma100" : null,
    "dma200" : 299.47,
    "volume" : 420079.00
  }, {
    "date" : "2025-02-12",
    "price" : 282.80,
    "dma50" : 287.67,
    "dma100" : null,
    "dma200" : 299.30,
    "volume" : 471410.00
  }, {
    "date" : "2025-02-13",
    "price" : 281.65,
    "dma50" : 287.44,
    "dma100" : null,
    "dma200" : 299.13,
    "volume" : 261973.00
  }, {
    "date" : "2025-02-14",
    "price" : 268.20,
    "dma50" : 286.68,
    "dma100" : null,
    "dma200" : 298.82,
    "volume" : 356857.00
  }, {
    "date" : "2025-02-17",
    "price" : 269.05,
    "dma50" : 285.99,
    "dma100" : null,
    "dma200" : 298.52,
    "volume" : 386001.00
  }, {
    "date" : "2025-02-18",
    "price" : 264.85,
    "dma50" : 285.16,
    "dma100" : null,
    "dma200" : 298.19,
    "volume" : 223479.00
  }, {
    "date" : "2025-02-19",
    "price" : 270.05,
    "dma50" : 284.57,
    "dma100" : null,
    "dma200" : 297.91,
    "volume" : 211905.00
  }, {
    "date" : "2025-02-20",
    "price" : 280.95,
    "dma50" : 284.43,
    "dma100" : null,
    "dma200" : 297.74,
    "volume" : 280875.00
  }, {
    "date" : "2025-02-21",
    "price" : 274.65,
    "dma50" : 284.04,
    "dma100" : null,
    "dma200" : 297.51,
    "volume" : 212995.00
  }, {
    "date" : "2025-02-24",
    "price" : 269.00,
    "dma50" : 283.45,
    "dma100" : null,
    "dma200" : 297.23,
    "volume" : 194502.00
  }, {
    "date" : "2025-02-25",
    "price" : 267.60,
    "dma50" : 282.83,
    "dma100" : null,
    "dma200" : 296.93,
    "volume" : 243806.00
  }, {
    "date" : "2025-02-27",
    "price" : 263.85,
    "dma50" : 282.09,
    "dma100" : null,
    "dma200" : 296.60,
    "volume" : 213878.00
  }, {
    "date" : "2025-02-28",
    "price" : 253.20,
    "dma50" : 280.96,
    "dma100" : null,
    "dma200" : 296.17,
    "volume" : 492539.00
  }, {
    "date" : "2025-03-03",
    "price" : 248.25,
    "dma50" : 279.67,
    "dma100" : null,
    "dma200" : 295.69,
    "volume" : 495822.00
  }, {
    "date" : "2025-03-04",
    "price" : 252.30,
    "dma50" : 278.60,
    "dma100" : null,
    "dma200" : 295.26,
    "volume" : 439831.00
  }, {
    "date" : "2025-03-05",
    "price" : 264.45,
    "dma50" : 278.04,
    "dma100" : null,
    "dma200" : 294.95,
    "volume" : 518395.00
  }, {
    "date" : "2025-03-06",
    "price" : 276.15,
    "dma50" : 277.97,
    "dma100" : null,
    "dma200" : 294.77,
    "volume" : 1250490.00
  }, {
    "date" : "2025-03-07",
    "price" : 270.75,
    "dma50" : 277.69,
    "dma100" : null,
    "dma200" : 294.53,
    "volume" : 382013.00
  }, {
    "date" : "2025-03-10",
    "price" : 265.80,
    "dma50" : 277.22,
    "dma100" : null,
    "dma200" : 294.24,
    "volume" : 666445.00
  }, {
    "date" : "2025-03-11",
    "price" : 263.00,
    "dma50" : 276.66,
    "dma100" : null,
    "dma200" : 293.93,
    "volume" : 363396.00
  }, {
    "date" : "2025-03-12",
    "price" : 263.95,
    "dma50" : 276.16,
    "dma100" : null,
    "dma200" : 293.63,
    "volume" : 271491.00
  }, {
    "date" : "2025-03-13",
    "price" : 261.70,
    "dma50" : 275.60,
    "dma100" : null,
    "dma200" : 293.32,
    "volume" : 196776.00
  }, {
    "date" : "2025-03-17",
    "price" : 259.85,
    "dma50" : 274.98,
    "dma100" : null,
    "dma200" : 292.98,
    "volume" : 294781.00
  }, {
    "date" : "2025-03-18",
    "price" : 264.40,
    "dma50" : 274.57,
    "dma100" : null,
    "dma200" : 292.70,
    "volume" : 298284.00
  }, {
    "date" : "2025-03-19",
    "price" : 270.05,
    "dma50" : 274.39,
    "dma100" : null,
    "dma200" : 292.47,
    "volume" : 442992.00
  }, {
    "date" : "2025-03-20",
    "price" : 272.20,
    "dma50" : 274.30,
    "dma100" : null,
    "dma200" : 292.27,
    "volume" : 320148.00
  }, {
    "date" : "2025-03-21",
    "price" : 282.45,
    "dma50" : 274.62,
    "dma100" : null,
    "dma200" : 292.17,
    "volume" : 658295.00
  }, {
    "date" : "2025-03-24",
    "price" : 289.95,
    "dma50" : 275.22,
    "dma100" : null,
    "dma200" : 292.15,
    "volume" : 1202002.00
  }, {
    "date" : "2025-03-25",
    "price" : 279.50,
    "dma50" : 275.39,
    "dma100" : null,
    "dma200" : 292.03,
    "volume" : 462942.00
  }, {
    "date" : "2025-03-26",
    "price" : 275.70,
    "dma50" : 275.40,
    "dma100" : null,
    "dma200" : 291.86,
    "volume" : 406814.00
  }, {
    "date" : "2025-03-27",
    "price" : 274.00,
    "dma50" : 275.35,
    "dma100" : null,
    "dma200" : 291.69,
    "volume" : 629980.00
  }, {
    "date" : "2025-03-28",
    "price" : 274.60,
    "dma50" : 275.32,
    "dma100" : null,
    "dma200" : 291.52,
    "volume" : 418020.00
  }, {
    "date" : "2025-04-01",
    "price" : 279.25,
    "dma50" : 275.47,
    "dma100" : null,
    "dma200" : 291.39,
    "volume" : 279698.00
  }, {
    "date" : "2025-04-02",
    "price" : 288.55,
    "dma50" : 275.99,
    "dma100" : null,
    "dma200" : 291.37,
    "volume" : 442477.00
  }, {
    "date" : "2025-04-03",
    "price" : 289.95,
    "dma50" : 276.53,
    "dma100" : null,
    "dma200" : 291.35,
    "volume" : 354326.00
  }, {
    "date" : "2025-04-04",
    "price" : 281.90,
    "dma50" : 276.74,
    "dma100" : null,
    "dma200" : 291.26,
    "volume" : 334379.00
  }, {
    "date" : "2025-04-07",
    "price" : 269.00,
    "dma50" : 276.44,
    "dma100" : null,
    "dma200" : 291.04,
    "volume" : 515619.00
  }, {
    "date" : "2025-04-08",
    "price" : 280.30,
    "dma50" : 276.59,
    "dma100" : null,
    "dma200" : 290.93,
    "volume" : 351224.00
  }, {
    "date" : "2025-04-09",
    "price" : 281.60,
    "dma50" : 276.79,
    "dma100" : null,
    "dma200" : 290.84,
    "volume" : 221512.00
  }, {
    "date" : "2025-04-11",
    "price" : 288.45,
    "dma50" : 277.25,
    "dma100" : null,
    "dma200" : 290.81,
    "volume" : 356190.00
  }, {
    "date" : "2025-04-15",
    "price" : 292.80,
    "dma50" : 277.86,
    "dma100" : null,
    "dma200" : 290.83,
    "volume" : 299796.00
  }, {
    "date" : "2025-04-16",
    "price" : 294.35,
    "dma50" : 278.50,
    "dma100" : null,
    "dma200" : 290.87,
    "volume" : 276159.00
  }, {
    "date" : "2025-04-17",
    "price" : 306.60,
    "dma50" : 279.60,
    "dma100" : null,
    "dma200" : 291.02,
    "volume" : 1607549.00
  }, {
    "date" : "2025-04-21",
    "price" : 311.60,
    "dma50" : 280.86,
    "dma100" : null,
    "dma200" : 291.23,
    "volume" : 812847.00
  }, {
    "date" : "2025-04-22",
    "price" : 312.20,
    "dma50" : 282.09,
    "dma100" : null,
    "dma200" : 291.44,
    "volume" : 575211.00
  }, {
    "date" : "2025-04-23",
    "price" : 316.25,
    "dma50" : 283.43,
    "dma100" : null,
    "dma200" : 291.68,
    "volume" : 622646.00
  }, {
    "date" : "2025-04-24",
    "price" : 316.30,
    "dma50" : 284.72,
    "dma100" : null,
    "dma200" : 291.93,
    "volume" : 1046956.00
  }, {
    "date" : "2025-04-25",
    "price" : 307.30,
    "dma50" : 285.60,
    "dma100" : null,
    "dma200" : 292.08,
    "volume" : 663586.00
  }, {
    "date" : "2025-04-28",
    "price" : 311.50,
    "dma50" : 286.62,
    "dma100" : null,
    "dma200" : 292.27,
    "volume" : 317348.00
  }, {
    "date" : "2025-04-29",
    "price" : 308.65,
    "dma50" : 287.48,
    "dma100" : null,
    "dma200" : 292.44,
    "volume" : 380790.00
  }, {
    "date" : "2025-04-30",
    "price" : 310.45,
    "dma50" : 288.38,
    "dma100" : null,
    "dma200" : 292.62,
    "volume" : 1155880.00
  }, {
    "date" : "2025-05-02",
    "price" : 304.10,
    "dma50" : 289.00,
    "dma100" : null,
    "dma200" : 292.73,
    "volume" : 346103.00
  }, {
    "date" : "2025-05-05",
    "price" : 304.15,
    "dma50" : 289.59,
    "dma100" : null,
    "dma200" : 292.85,
    "volume" : 250064.00
  }, {
    "date" : "2025-05-06",
    "price" : 295.30,
    "dma50" : 289.82,
    "dma100" : null,
    "dma200" : 292.87,
    "volume" : 296899.00
  }, {
    "date" : "2025-05-07",
    "price" : 307.05,
    "dma50" : 290.49,
    "dma100" : null,
    "dma200" : 293.01,
    "volume" : 775508.00
  }, {
    "date" : "2025-05-08",
    "price" : 308.15,
    "dma50" : 291.19,
    "dma100" : null,
    "dma200" : 293.16,
    "volume" : 413222.00
  }, {
    "date" : "2025-05-09",
    "price" : 300.95,
    "dma50" : 291.57,
    "dma100" : null,
    "dma200" : 293.24,
    "volume" : 377840.00
  }, {
    "date" : "2025-05-12",
    "price" : 314.50,
    "dma50" : 292.47,
    "dma100" : null,
    "dma200" : 293.45,
    "volume" : 574289.00
  }, {
    "date" : "2025-05-13",
    "price" : 318.10,
    "dma50" : 293.47,
    "dma100" : null,
    "dma200" : 293.70,
    "volume" : 410363.00
  }, {
    "date" : "2025-05-14",
    "price" : 317.50,
    "dma50" : 294.41,
    "dma100" : null,
    "dma200" : 293.93,
    "volume" : 307382.00
  }, {
    "date" : "2025-05-15",
    "price" : 321.55,
    "dma50" : 295.48,
    "dma100" : null,
    "dma200" : 294.21,
    "volume" : 855917.00
  }, {
    "date" : "2025-05-16",
    "price" : 323.95,
    "dma50" : 296.60,
    "dma100" : null,
    "dma200" : 294.50,
    "volume" : 753836.00
  }, {
    "date" : "2025-05-19",
    "price" : 349.50,
    "dma50" : 298.67,
    "dma100" : null,
    "dma200" : 295.05,
    "volume" : 6383307.00
  }, {
    "date" : "2025-05-20",
    "price" : 347.45,
    "dma50" : 300.58,
    "dma100" : null,
    "dma200" : 295.57,
    "volume" : 1353914.00
  }, {
    "date" : "2025-05-21",
    "price" : 358.25,
    "dma50" : 302.84,
    "dma100" : 287.65,
    "dma200" : 296.20,
    "volume" : 1872536.00
  }, {
    "date" : "2025-05-22",
    "price" : 353.90,
    "dma50" : 304.85,
    "dma100" : 288.23,
    "dma200" : 296.77,
    "volume" : 739058.00
  }, {
    "date" : "2025-05-23",
    "price" : 363.25,
    "dma50" : 307.14,
    "dma100" : 288.98,
    "dma200" : 297.43,
    "volume" : 1213373.00
  }, {
    "date" : "2025-05-26",
    "price" : 364.25,
    "dma50" : 309.38,
    "dma100" : 289.70,
    "dma200" : 298.10,
    "volume" : 1197179.00
  }, {
    "date" : "2025-05-27",
    "price" : 361.70,
    "dma50" : 311.43,
    "dma100" : 290.41,
    "dma200" : 298.73,
    "volume" : 419240.00
  }, {
    "date" : "2025-05-28",
    "price" : 365.85,
    "dma50" : 313.56,
    "dma100" : 291.06,
    "dma200" : 299.40,
    "volume" : 583017.00
  }, {
    "date" : "2025-05-29",
    "price" : 358.45,
    "dma50" : 315.32,
    "dma100" : 291.61,
    "dma200" : 299.98,
    "volume" : 564729.00
  }, {
    "date" : "2025-05-30",
    "price" : 352.85,
    "dma50" : 316.79,
    "dma100" : 292.07,
    "dma200" : 300.51,
    "volume" : 641051.00
  }, {
    "date" : "2025-06-02",
    "price" : 360.35,
    "dma50" : 318.50,
    "dma100" : 292.62,
    "dma200" : 301.11,
    "volume" : 572036.00
  }, {
    "date" : "2025-06-03",
    "price" : 364.55,
    "dma50" : 320.31,
    "dma100" : 293.34,
    "dma200" : 301.74,
    "volume" : 522957.00
  }, {
    "date" : "2025-06-04",
    "price" : 366.60,
    "dma50" : 322.12,
    "dma100" : 294.06,
    "dma200" : 302.38,
    "volume" : 905975.00
  }, {
    "date" : "2025-06-05",
    "price" : 366.60,
    "dma50" : 323.87,
    "dma100" : 294.80,
    "dma200" : 303.02,
    "volume" : 624020.00
  }, {
    "date" : "2025-06-06",
    "price" : 372.30,
    "dma50" : 325.77,
    "dma100" : 295.64,
    "dma200" : 303.71,
    "volume" : 694587.00
  }, {
    "date" : "2025-06-09",
    "price" : 371.15,
    "dma50" : 327.55,
    "dma100" : 296.54,
    "dma200" : 304.38,
    "volume" : 535944.00
  }, {
    "date" : "2025-06-10",
    "price" : 373.75,
    "dma50" : 329.36,
    "dma100" : 297.56,
    "dma200" : 305.07,
    "volume" : 549185.00
  }, {
    "date" : "2025-06-11",
    "price" : 380.00,
    "dma50" : 331.34,
    "dma100" : 298.57,
    "dma200" : 305.82,
    "volume" : 1006710.00
  }, {
    "date" : "2025-06-12",
    "price" : 373.55,
    "dma50" : 333.00,
    "dma100" : 299.46,
    "dma200" : 306.49,
    "volume" : 560217.00
  }, {
    "date" : "2025-06-13",
    "price" : 360.45,
    "dma50" : 334.08,
    "dma100" : 300.18,
    "dma200" : 307.03,
    "volume" : 694552.00
  }, {
    "date" : "2025-06-16",
    "price" : 360.05,
    "dma50" : 335.09,
    "dma100" : 300.93,
    "dma200" : 307.56,
    "volume" : 762805.00
  }, {
    "date" : "2025-06-17",
    "price" : 356.65,
    "dma50" : 335.94,
    "dma100" : 301.61,
    "dma200" : 308.04,
    "volume" : 414340.00
  }, {
    "date" : "2025-06-18",
    "price" : 350.25,
    "dma50" : 336.50,
    "dma100" : 302.27,
    "dma200" : 308.46,
    "volume" : 561773.00
  }, {
    "date" : "2025-06-19",
    "price" : 345.50,
    "dma50" : 336.85,
    "dma100" : 302.94,
    "dma200" : 308.83,
    "volume" : 541828.00
  }, {
    "date" : "2025-06-20",
    "price" : 342.35,
    "dma50" : 337.07,
    "dma100" : 303.58,
    "dma200" : 309.17,
    "volume" : 599280.00
  }, {
    "date" : "2025-06-23",
    "price" : 332.90,
    "dma50" : 336.91,
    "dma100" : 304.18,
    "dma200" : 309.40,
    "volume" : 685906.00
  }, {
    "date" : "2025-06-24",
    "price" : 356.15,
    "dma50" : 337.66,
    "dma100" : 305.05,
    "dma200" : 309.87,
    "volume" : 2174371.00
  }, {
    "date" : "2025-06-25",
    "price" : 359.30,
    "dma50" : 338.51,
    "dma100" : 306.01,
    "dma200" : 310.36,
    "volume" : 955029.00
  }, {
    "date" : "2025-06-26",
    "price" : 356.25,
    "dma50" : 339.21,
    "dma100" : 306.83,
    "dma200" : 310.82,
    "volume" : 378898.00
  }, {
    "date" : "2025-06-27",
    "price" : 367.45,
    "dma50" : 340.31,
    "dma100" : 307.79,
    "dma200" : 311.38,
    "volume" : 845019.00
  }, {
    "date" : "2025-06-30",
    "price" : 365.70,
    "dma50" : 341.31,
    "dma100" : 308.69,
    "dma200" : 311.92,
    "volume" : 634401.00
  }, {
    "date" : "2025-07-01",
    "price" : 375.30,
    "dma50" : 342.64,
    "dma100" : 309.67,
    "dma200" : 312.55,
    "volume" : 1201186.00
  }, {
    "date" : "2025-07-02",
    "price" : 379.50,
    "dma50" : 344.09,
    "dma100" : 310.66,
    "dma200" : 313.22,
    "volume" : 1322274.00
  }, {
    "date" : "2025-07-03",
    "price" : 396.80,
    "dma50" : 346.15,
    "dma100" : 311.80,
    "dma200" : 314.05,
    "volume" : 2576581.00
  }, {
    "date" : "2025-07-04",
    "price" : 396.80,
    "dma50" : 348.14,
    "dma100" : 312.93,
    "dma200" : 314.87,
    "volume" : 1330663.00
  }, {
    "date" : "2025-07-07",
    "price" : 391.85,
    "dma50" : 349.85,
    "dma100" : 313.97,
    "dma200" : 315.64,
    "volume" : 602246.00
  }, {
    "date" : "2025-07-08",
    "price" : 396.55,
    "dma50" : 351.69,
    "dma100" : 314.92,
    "dma200" : 316.44,
    "volume" : 752955.00
  }, {
    "date" : "2025-07-09",
    "price" : 401.60,
    "dma50" : 353.64,
    "dma100" : 315.97,
    "dma200" : 317.29,
    "volume" : 581969.00
  }, {
    "date" : "2025-07-10",
    "price" : 398.75,
    "dma50" : 355.41,
    "dma100" : 317.12,
    "dma200" : 318.10,
    "volume" : 655013.00
  }, {
    "date" : "2025-07-11",
    "price" : 388.55,
    "dma50" : 356.71,
    "dma100" : 318.17,
    "dma200" : 318.80,
    "volume" : 568209.00
  }, {
    "date" : "2025-07-14",
    "price" : 378.75,
    "dma50" : 357.58,
    "dma100" : 319.14,
    "dma200" : 319.40,
    "volume" : 566963.00
  }, {
    "date" : "2025-07-15",
    "price" : 379.65,
    "dma50" : 358.44,
    "dma100" : 320.26,
    "dma200" : 320.00,
    "volume" : 283768.00
  }, {
    "date" : "2025-07-16",
    "price" : 393.15,
    "dma50" : 359.80,
    "dma100" : 321.50,
    "dma200" : 320.73,
    "volume" : 2233925.00
  }, {
    "date" : "2025-07-17",
    "price" : 396.00,
    "dma50" : 361.22,
    "dma100" : 322.81,
    "dma200" : 321.47,
    "volume" : 604676.00
  }, {
    "date" : "2025-07-18",
    "price" : 406.80,
    "dma50" : 363.01,
    "dma100" : 324.18,
    "dma200" : 322.32,
    "volume" : 2319121.00
  }, {
    "date" : "2025-07-21",
    "price" : 414.00,
    "dma50" : 365.01,
    "dma100" : 325.51,
    "dma200" : 323.24,
    "volume" : 837567.00
  }, {
    "date" : "2025-07-22",
    "price" : 413.55,
    "dma50" : 366.91,
    "dma100" : 326.90,
    "dma200" : 324.13,
    "volume" : 711701.00
  }, {
    "date" : "2025-07-23",
    "price" : 409.55,
    "dma50" : 368.58,
    "dma100" : 328.30,
    "dma200" : 324.98,
    "volume" : 307398.00
  }, {
    "date" : "2025-07-24",
    "price" : 404.90,
    "dma50" : 370.01,
    "dma100" : 329.68,
    "dma200" : 325.78,
    "volume" : 385574.00
  }, {
    "date" : "2025-07-25",
    "price" : 390.15,
    "dma50" : 370.80,
    "dma100" : 330.94,
    "dma200" : 326.42,
    "volume" : 524420.00
  }, {
    "date" : "2025-07-28",
    "price" : 385.30,
    "dma50" : 371.37,
    "dma100" : 332.26,
    "dma200" : 327.01,
    "volume" : 363207.00
  }, {
    "date" : "2025-07-29",
    "price" : 397.40,
    "dma50" : 372.39,
    "dma100" : 333.75,
    "dma200" : 327.71,
    "volume" : 416340.00
  }, {
    "date" : "2025-07-30",
    "price" : 393.05,
    "dma50" : 373.20,
    "dma100" : 335.16,
    "dma200" : 328.36,
    "volume" : 292462.00
  }, {
    "date" : "2025-07-31",
    "price" : 384.65,
    "dma50" : 373.65,
    "dma100" : 336.36,
    "dma200" : 328.92,
    "volume" : 275368.00
  }, {
    "date" : "2025-08-01",
    "price" : 369.95,
    "dma50" : 373.50,
    "dma100" : 337.30,
    "dma200" : 329.33,
    "volume" : 464209.00
  }, {
    "date" : "2025-08-04",
    "price" : 379.90,
    "dma50" : 373.75,
    "dma100" : 338.39,
    "dma200" : 329.83,
    "volume" : 377431.00
  }, {
    "date" : "2025-08-05",
    "price" : 377.95,
    "dma50" : 373.92,
    "dma100" : 339.51,
    "dma200" : 330.31,
    "volume" : 255101.00
  }, {
    "date" : "2025-08-06",
    "price" : 373.00,
    "dma50" : 373.88,
    "dma100" : 340.61,
    "dma200" : 330.73,
    "volume" : 300742.00
  }, {
    "date" : "2025-08-07",
    "price" : 371.85,
    "dma50" : 373.80,
    "dma100" : 341.69,
    "dma200" : 331.14,
    "volume" : 431684.00
  }, {
    "date" : "2025-08-08",
    "price" : 427.90,
    "dma50" : 375.92,
    "dma100" : 343.35,
    "dma200" : 332.10,
    "volume" : 28686031.00
  }, {
    "date" : "2025-08-11",
    "price" : 446.85,
    "dma50" : 378.71,
    "dma100" : 345.22,
    "dma200" : 333.25,
    "volume" : 9745965.00
  }, {
    "date" : "2025-08-12",
    "price" : 450.80,
    "dma50" : 381.53,
    "dma100" : 347.09,
    "dma200" : 334.42,
    "volume" : 8268228.00
  }, {
    "date" : "2025-08-13",
    "price" : 487.15,
    "dma50" : 385.67,
    "dma100" : 349.26,
    "dma200" : 335.94,
    "volume" : 6278147.00
  }, {
    "date" : "2025-08-14",
    "price" : 469.55,
    "dma50" : 388.96,
    "dma100" : 351.23,
    "dma200" : 337.26,
    "volume" : 2502300.00
  }, {
    "date" : "2025-08-18",
    "price" : 475.60,
    "dma50" : 392.36,
    "dma100" : 353.16,
    "dma200" : 338.64,
    "volume" : 1596444.00
  }, {
    "date" : "2025-08-19",
    "price" : 472.15,
    "dma50" : 395.49,
    "dma100" : 354.99,
    "dma200" : 339.97,
    "volume" : 585092.00
  }, {
    "date" : "2025-08-20",
    "price" : 469.75,
    "dma50" : 398.40,
    "dma100" : 356.89,
    "dma200" : 341.26,
    "volume" : 516173.00
  }, {
    "date" : "2025-08-21",
    "price" : 477.75,
    "dma50" : 401.51,
    "dma100" : 358.91,
    "dma200" : 342.62,
    "volume" : 1027614.00
  }, {
    "date" : "2025-08-22",
    "price" : 473.30,
    "dma50" : 404.33,
    "dma100" : 360.90,
    "dma200" : 343.92,
    "volume" : 1090926.00
  }, {
    "date" : "2025-08-25",
    "price" : 450.70,
    "dma50" : 406.15,
    "dma100" : 362.66,
    "dma200" : 344.98,
    "volume" : 1197200.00
  }, {
    "date" : "2025-08-26",
    "price" : 447.05,
    "dma50" : 407.75,
    "dma100" : 364.34,
    "dma200" : 346.00,
    "volume" : 787075.00
  }, {
    "date" : "2025-08-28",
    "price" : 440.45,
    "dma50" : 409.03,
    "dma100" : 365.86,
    "dma200" : 346.94,
    "volume" : 646514.00
  }, {
    "date" : "2025-08-29",
    "price" : 431.10,
    "dma50" : 409.90,
    "dma100" : 367.27,
    "dma200" : 347.77,
    "volume" : 453122.00
  }, {
    "date" : "2025-09-01",
    "price" : 447.25,
    "dma50" : 411.36,
    "dma100" : 368.93,
    "dma200" : 348.76,
    "volume" : 813572.00
  }, {
    "date" : "2025-09-02",
    "price" : 465.60,
    "dma50" : 413.49,
    "dma100" : 370.89,
    "dma200" : 349.93,
    "volume" : 787092.00
  }, {
    "date" : "2025-09-03",
    "price" : 456.90,
    "dma50" : 415.19,
    "dma100" : 372.66,
    "dma200" : 350.99,
    "volume" : 649718.00
  }, {
    "date" : "2025-09-04",
    "price" : 455.90,
    "dma50" : 416.79,
    "dma100" : 374.40,
    "dma200" : 352.04,
    "volume" : 480321.00
  }, {
    "date" : "2025-09-05",
    "price" : 455.95,
    "dma50" : 418.33,
    "dma100" : 376.08,
    "dma200" : 353.07,
    "volume" : 461370.00
  }, {
    "date" : "2025-09-08",
    "price" : 467.55,
    "dma50" : 420.26,
    "dma100" : 377.82,
    "dma200" : 354.21,
    "volume" : 1056255.00
  }, {
    "date" : "2025-09-09",
    "price" : 461.85,
    "dma50" : 421.89,
    "dma100" : 379.50,
    "dma200" : 355.28,
    "volume" : 689686.00
  }, {
    "date" : "2025-09-10",
    "price" : 440.20,
    "dma50" : 422.60,
    "dma100" : 380.83,
    "dma200" : 356.12,
    "volume" : 1022365.00
  }, {
    "date" : "2025-09-11",
    "price" : 447.15,
    "dma50" : 423.57,
    "dma100" : 382.19,
    "dma200" : 357.03,
    "volume" : 558800.00
  }, {
    "date" : "2025-09-12",
    "price" : 444.10,
    "dma50" : 424.37,
    "dma100" : 383.51,
    "dma200" : 357.90,
    "volume" : 333587.00
  }, {
    "date" : "2025-09-15",
    "price" : 401.45,
    "dma50" : 423.47,
    "dma100" : 384.36,
    "dma200" : 358.33,
    "volume" : 12318536.00
  }, {
    "date" : "2025-09-16",
    "price" : 403.85,
    "dma50" : 422.70,
    "dma100" : 385.24,
    "dma200" : 358.78,
    "volume" : 2469119.00
  }, {
    "date" : "2025-09-17",
    "price" : 404.75,
    "dma50" : 422.00,
    "dma100" : 386.21,
    "dma200" : 359.24,
    "volume" : 2756108.00
  }, {
    "date" : "2025-09-18",
    "price" : 402.35,
    "dma50" : 421.23,
    "dma100" : 387.12,
    "dma200" : 359.67,
    "volume" : 765686.00
  }, {
    "date" : "2025-09-19",
    "price" : 395.45,
    "dma50" : 420.22,
    "dma100" : 387.99,
    "dma200" : 360.03,
    "volume" : 780640.00
  }, {
    "date" : "2025-09-22",
    "price" : 389.75,
    "dma50" : 419.02,
    "dma100" : 388.78,
    "dma200" : 360.32,
    "volume" : 609558.00
  }, {
    "date" : "2025-09-23",
    "price" : 371.65,
    "dma50" : 417.17,
    "dma100" : 389.46,
    "dma200" : 360.43,
    "volume" : 1476591.00
  }, {
    "date" : "2025-09-24",
    "price" : 367.05,
    "dma50" : 415.20,
    "dma100" : 390.08,
    "dma200" : 360.50,
    "volume" : 1337364.00
  }, {
    "date" : "2025-09-25",
    "price" : 362.50,
    "dma50" : 413.13,
    "dma100" : 390.76,
    "dma200" : 360.52,
    "volume" : 728468.00
  }, {
    "date" : "2025-09-26",
    "price" : 350.90,
    "dma50" : 410.69,
    "dma100" : 391.20,
    "dma200" : 360.42,
    "volume" : 682637.00
  }, {
    "date" : "2025-09-29",
    "price" : 347.10,
    "dma50" : 408.20,
    "dma100" : 391.58,
    "dma200" : 360.29,
    "volume" : 919827.00
  }, {
    "date" : "2025-09-30",
    "price" : 344.45,
    "dma50" : 405.70,
    "dma100" : 392.02,
    "dma200" : 360.13,
    "volume" : 530942.00
  }, {
    "date" : "2025-10-01",
    "price" : 343.70,
    "dma50" : 403.27,
    "dma100" : 392.31,
    "dma200" : 359.97,
    "volume" : 865165.00
  }, {
    "date" : "2025-10-03",
    "price" : 348.50,
    "dma50" : 401.12,
    "dma100" : 392.62,
    "dma200" : 359.86,
    "volume" : 989164.00
  }, {
    "date" : "2025-10-06",
    "price" : 346.20,
    "dma50" : 398.97,
    "dma100" : 392.90,
    "dma200" : 359.72,
    "volume" : 553481.00
  }, {
    "date" : "2025-10-07",
    "price" : 347.75,
    "dma50" : 396.96,
    "dma100" : 393.16,
    "dma200" : 359.60,
    "volume" : 378406.00
  }, {
    "date" : "2025-10-08",
    "price" : 349.40,
    "dma50" : 395.09,
    "dma100" : 393.42,
    "dma200" : 359.50,
    "volume" : 482914.00
  }, {
    "date" : "2025-10-09",
    "price" : 347.35,
    "dma50" : 393.22,
    "dma100" : 393.40,
    "dma200" : 359.38,
    "volume" : 305260.00
  }, {
    "date" : "2025-10-10",
    "price" : 370.90,
    "dma50" : 392.35,
    "dma100" : 393.63,
    "dma200" : 359.49,
    "volume" : 2213953.00
  }, {
    "date" : "2025-10-13",
    "price" : 368.05,
    "dma50" : 391.39,
    "dma100" : 393.73,
    "dma200" : 359.58,
    "volume" : 664141.00
  }, {
    "date" : "2025-10-14",
    "price" : 368.15,
    "dma50" : 390.48,
    "dma100" : 393.87,
    "dma200" : 359.66,
    "volume" : 781805.00
  }, {
    "date" : "2025-10-15",
    "price" : 378.25,
    "dma50" : 390.00,
    "dma100" : 394.02,
    "dma200" : 359.85,
    "volume" : 1266349.00
  }, {
    "date" : "2025-10-16",
    "price" : 377.95,
    "dma50" : 389.53,
    "dma100" : 394.16,
    "dma200" : 360.03,
    "volume" : 578357.00
  }, {
    "date" : "2025-10-17",
    "price" : 381.10,
    "dma50" : 389.20,
    "dma100" : 394.35,
    "dma200" : 360.24,
    "volume" : 688527.00
  }, {
    "date" : "2025-10-20",
    "price" : 382.25,
    "dma50" : 388.93,
    "dma100" : 394.52,
    "dma200" : 360.46,
    "volume" : 461479.00
  }, {
    "date" : "2025-10-21",
    "price" : 383.60,
    "dma50" : 388.72,
    "dma100" : 394.77,
    "dma200" : 360.69,
    "volume" : 122292.00
  }, {
    "date" : "2025-10-23",
    "price" : 384.90,
    "dma50" : 388.57,
    "dma100" : 395.09,
    "dma200" : 360.93,
    "volume" : 539837.00
  }, {
    "date" : "2025-10-24",
    "price" : 379.60,
    "dma50" : 388.22,
    "dma100" : 395.28,
    "dma200" : 361.11,
    "volume" : 251696.00
  }, {
    "date" : "2025-10-27",
    "price" : 378.40,
    "dma50" : 387.83,
    "dma100" : 395.42,
    "dma200" : 361.29,
    "volume" : 236709.00
  }, {
    "date" : "2025-10-28",
    "price" : 377.20,
    "dma50" : 387.41,
    "dma100" : 395.53,
    "dma200" : 361.44,
    "volume" : 299101.00
  }, {
    "date" : "2025-10-29",
    "price" : 378.15,
    "dma50" : 387.05,
    "dma100" : 395.64,
    "dma200" : 361.61,
    "volume" : 283088.00
  }, {
    "date" : "2025-10-30",
    "price" : 377.40,
    "dma50" : 386.67,
    "dma100" : 395.69,
    "dma200" : 361.77,
    "volume" : 277653.00
  }, {
    "date" : "2025-10-31",
    "price" : 373.25,
    "dma50" : 386.15,
    "dma100" : 395.71,
    "dma200" : 361.88,
    "volume" : 219311.00
  }, {
    "date" : "2025-11-03",
    "price" : 379.90,
    "dma50" : 385.90,
    "dma100" : 395.78,
    "dma200" : 362.06,
    "volume" : 394109.00
  }, {
    "date" : "2025-11-04",
    "price" : 375.20,
    "dma50" : 385.48,
    "dma100" : 395.73,
    "dma200" : 362.19,
    "volume" : 183101.00
  }, {
    "date" : "2025-11-06",
    "price" : 377.40,
    "dma50" : 385.16,
    "dma100" : 395.77,
    "dma200" : 362.34,
    "volume" : 574644.00
  }, {
    "date" : "2025-11-07",
    "price" : 383.45,
    "dma50" : 385.10,
    "dma100" : 396.00,
    "dma200" : 362.55,
    "volume" : 358128.00
  }, {
    "date" : "2025-11-10",
    "price" : 377.85,
    "dma50" : 384.81,
    "dma100" : 396.17,
    "dma200" : 362.71,
    "volume" : 403275.00
  }, {
    "date" : "2025-11-11",
    "price" : 376.90,
    "dma50" : 384.50,
    "dma100" : 396.38,
    "dma200" : 362.85,
    "volume" : 217409.00
  }, {
    "date" : "2025-11-12",
    "price" : 389.65,
    "dma50" : 384.70,
    "dma100" : 396.77,
    "dma200" : 363.11,
    "volume" : 608498.00
  }, {
    "date" : "2025-11-13",
    "price" : 379.10,
    "dma50" : 384.48,
    "dma100" : 397.11,
    "dma200" : 363.27,
    "volume" : 446149.00
  }, {
    "date" : "2025-11-14",
    "price" : 429.35,
    "dma50" : 386.24,
    "dma100" : 397.98,
    "dma200" : 363.93,
    "volume" : 18484172.00
  }, {
    "date" : "2025-11-17",
    "price" : 425.10,
    "dma50" : 387.77,
    "dma100" : 398.90,
    "dma200" : 364.54,
    "volume" : 3564864.00
  }, {
    "date" : "2025-11-18",
    "price" : 428.35,
    "dma50" : 389.36,
    "dma100" : 399.62,
    "dma200" : 365.17,
    "volume" : 2644891.00
  }, {
    "date" : "2025-11-19",
    "price" : 428.35,
    "dma50" : 390.89,
    "dma100" : 400.31,
    "dma200" : 365.80,
    "volume" : 786067.00
  }, {
    "date" : "2025-11-20",
    "price" : 423.80,
    "dma50" : 392.18,
    "dma100" : 400.99,
    "dma200" : 366.38,
    "volume" : 576927.00
  }, {
    "date" : "2025-11-21",
    "price" : 415.85,
    "dma50" : 393.11,
    "dma100" : 401.47,
    "dma200" : 366.87,
    "volume" : 536107.00
  }, {
    "date" : "2025-11-24",
    "price" : 412.60,
    "dma50" : 393.87,
    "dma100" : 401.94,
    "dma200" : 367.33,
    "volume" : 510236.00
  }, {
    "date" : "2025-11-25",
    "price" : 412.85,
    "dma50" : 394.62,
    "dma100" : 402.31,
    "dma200" : 367.78,
    "volume" : 390352.00
  }, {
    "date" : "2025-11-26",
    "price" : 413.50,
    "dma50" : 395.36,
    "dma100" : 402.65,
    "dma200" : 368.23,
    "volume" : 331938.00
  }, {
    "date" : "2025-11-27",
    "price" : 409.85,
    "dma50" : 395.92,
    "dma100" : 402.79,
    "dma200" : 368.65,
    "volume" : 398874.00
  }, {
    "date" : "2025-11-28",
    "price" : 408.50,
    "dma50" : 396.42,
    "dma100" : 402.90,
    "dma200" : 369.05,
    "volume" : 342188.00
  }, {
    "date" : "2025-12-01",
    "price" : 402.75,
    "dma50" : 396.67,
    "dma100" : 403.01,
    "dma200" : 369.38,
    "volume" : 270411.00
  }, {
    "date" : "2025-12-02",
    "price" : 397.20,
    "dma50" : 396.69,
    "dma100" : 403.02,
    "dma200" : 369.66,
    "volume" : 297951.00
  }, {
    "date" : "2025-12-03",
    "price" : 394.95,
    "dma50" : 396.62,
    "dma100" : 402.95,
    "dma200" : 369.91,
    "volume" : 344729.00
  }, {
    "date" : "2025-12-04",
    "price" : 398.30,
    "dma50" : 396.69,
    "dma100" : 402.95,
    "dma200" : 370.19,
    "volume" : 213386.00
  }, {
    "date" : "2025-12-05",
    "price" : 394.00,
    "dma50" : 396.58,
    "dma100" : 403.00,
    "dma200" : 370.43,
    "volume" : 266030.00
  }, {
    "date" : "2025-12-08",
    "price" : 381.15,
    "dma50" : 395.97,
    "dma100" : 403.03,
    "dma200" : 370.54,
    "volume" : 347092.00
  }, {
    "date" : "2025-12-09",
    "price" : 392.80,
    "dma50" : 395.85,
    "dma100" : 403.16,
    "dma200" : 370.76,
    "volume" : 2225018.00
  }, {
    "date" : "2025-12-10",
    "price" : 390.30,
    "dma50" : 395.63,
    "dma100" : 403.13,
    "dma200" : 370.95,
    "volume" : 358790.00
  }, {
    "date" : "2025-12-11",
    "price" : 394.30,
    "dma50" : 395.58,
    "dma100" : 403.11,
    "dma200" : 371.18,
    "volume" : 145244.00
  }, {
    "date" : "2025-12-12",
    "price" : 390.05,
    "dma50" : 395.36,
    "dma100" : 402.94,
    "dma200" : 371.37,
    "volume" : 290412.00
  }, {
    "date" : "2025-12-15",
    "price" : 395.85,
    "dma50" : 395.38,
    "dma100" : 402.76,
    "dma200" : 371.61,
    "volume" : 235384.00
  }, {
    "date" : "2025-12-16",
    "price" : 392.35,
    "dma50" : 395.26,
    "dma100" : 402.55,
    "dma200" : 371.82,
    "volume" : 140804.00
  }, {
    "date" : "2025-12-17",
    "price" : 388.80,
    "dma50" : 395.01,
    "dma100" : 402.34,
    "dma200" : 371.99,
    "volume" : 159856.00
  }, {
    "date" : "2025-12-18",
    "price" : 388.20,
    "dma50" : 394.74,
    "dma100" : 402.18,
    "dma200" : 372.15,
    "volume" : 160461.00
  }, {
    "date" : "2025-12-19",
    "price" : 394.40,
    "dma50" : 394.73,
    "dma100" : 402.22,
    "dma200" : 372.37,
    "volume" : 249619.00
  } ],
  "latestTechnicalAttributes" : {
    "date" : "2025-12-19",
    "price" : 394.40,
    "dma50" : 394.73,
    "dma100" : 402.22,
    "dma200" : 372.37,
    "volume" : 249619.00
  },
  "quarterlyResults" : [ {
    "date" : "2005-03-31",
    "sales" : 169.37,
    "salesGrowthYoY" : null,
    "grossProfitMargin" : 22.08,
    "grossProfit" : 37.40,
    "operatingProfitMargin" : 6.58,
    "operatingProfit" : 11.14,
    "netProfitMargin" : 1.15,
    "netProfit" : 1.95
  }, {
    "date" : "2005-06-30",
    "sales" : 151.21,
    "salesGrowthYoY" : null,
    "grossProfitMargin" : 25.09,
    "grossProfit" : 37.94,
    "operatingProfitMargin" : 11.42,
    "operatingProfit" : 17.27,
    "netProfitMargin" : 5.13,
    "netProfit" : 7.76
  }, {
    "date" : "2005-09-30",
    "sales" : 177.45,
    "salesGrowthYoY" : null,
    "grossProfitMargin" : 22.60,
    "grossProfit" : 40.10,
    "operatingProfitMargin" : 11.63,
    "operatingProfit" : 20.64,
    "netProfitMargin" : 4.54,
    "netProfit" : 8.06
  }, {
    "date" : "2005-12-31",
    "sales" : 214.84,
    "salesGrowthYoY" : null,
    "grossProfitMargin" : 29.52,
    "grossProfit" : 63.42,
    "operatingProfitMargin" : 12.39,
    "operatingProfit" : 26.62,
    "netProfitMargin" : 4.90,
    "netProfit" : 10.53
  }, {
    "date" : "2006-03-31",
    "sales" : 181.43,
    "salesGrowthYoY" : 7.12,
    "grossProfitMargin" : 29.21,
    "grossProfit" : 53.00,
    "operatingProfitMargin" : 10.17,
    "operatingProfit" : 18.45,
    "netProfitMargin" : 3.14,
    "netProfit" : 5.70
  }, {
    "date" : "2006-06-30",
    "sales" : 190.29,
    "salesGrowthYoY" : 25.84,
    "grossProfitMargin" : 33.89,
    "grossProfit" : 64.49,
    "operatingProfitMargin" : 15.42,
    "operatingProfit" : 29.34,
    "netProfitMargin" : 7.38,
    "netProfit" : 14.04
  }, {
    "date" : "2006-09-30",
    "sales" : 227.77,
    "salesGrowthYoY" : 28.36,
    "grossProfitMargin" : 26.98,
    "grossProfit" : 61.45,
    "operatingProfitMargin" : 13.81,
    "operatingProfit" : 31.46,
    "netProfitMargin" : 6.64,
    "netProfit" : 15.12
  }, {
    "date" : "2006-12-31",
    "sales" : 279.52,
    "salesGrowthYoY" : 30.11,
    "grossProfitMargin" : 29.73,
    "grossProfit" : 83.10,
    "operatingProfitMargin" : 13.77,
    "operatingProfit" : 38.49,
    "netProfitMargin" : 6.80,
    "netProfit" : 19.01
  }, {
    "date" : "2007-03-31",
    "sales" : 215.45,
    "salesGrowthYoY" : 18.75,
    "grossProfitMargin" : 21.09,
    "grossProfit" : 45.44,
    "operatingProfitMargin" : 6.95,
    "operatingProfit" : 14.97,
    "netProfitMargin" : 0.55,
    "netProfit" : 1.18
  }, {
    "date" : "2007-06-30",
    "sales" : 136.03,
    "salesGrowthYoY" : -28.51,
    "grossProfitMargin" : 33.82,
    "grossProfit" : 46.01,
    "operatingProfitMargin" : 14.20,
    "operatingProfit" : 19.32,
    "netProfitMargin" : 0.09,
    "netProfit" : 0.12
  }, {
    "date" : "2007-09-30",
    "sales" : 256.12,
    "salesGrowthYoY" : 12.45,
    "grossProfitMargin" : 29.11,
    "grossProfit" : 74.56,
    "operatingProfitMargin" : 12.84,
    "operatingProfit" : 32.89,
    "netProfitMargin" : 5.56,
    "netProfit" : 14.24
  }, {
    "date" : "2007-12-31",
    "sales" : 270.29,
    "salesGrowthYoY" : -3.30,
    "grossProfitMargin" : 27.95,
    "grossProfit" : 75.55,
    "operatingProfitMargin" : 15.22,
    "operatingProfit" : 41.14,
    "netProfitMargin" : 7.26,
    "netProfit" : 19.62
  }, {
    "date" : "2008-03-31",
    "sales" : 334.08,
    "salesGrowthYoY" : 55.06,
    "grossProfitMargin" : 31.71,
    "grossProfit" : 105.94,
    "operatingProfitMargin" : 15.05,
    "operatingProfit" : 50.28,
    "netProfitMargin" : 6.22,
    "netProfit" : 20.78
  }, {
    "date" : "2008-06-30",
    "sales" : 357.92,
    "salesGrowthYoY" : 163.12,
    "grossProfitMargin" : 32.05,
    "grossProfit" : 114.71,
    "operatingProfitMargin" : 18.24,
    "operatingProfit" : 65.28,
    "netProfitMargin" : 7.85,
    "netProfit" : 28.10
  }, {
    "date" : "2008-09-30",
    "sales" : 333.01,
    "salesGrowthYoY" : 30.02,
    "grossProfitMargin" : 36.72,
    "grossProfit" : 122.28,
    "operatingProfitMargin" : 17.33,
    "operatingProfit" : 57.71,
    "netProfitMargin" : 6.64,
    "netProfit" : 22.11
  }, {
    "date" : "2008-12-31",
    "sales" : 346.53,
    "salesGrowthYoY" : 28.21,
    "grossProfitMargin" : 26.00,
    "grossProfit" : 90.10,
    "operatingProfitMargin" : 10.42,
    "operatingProfit" : 36.11,
    "netProfitMargin" : 0.10,
    "netProfit" : 0.35
  }, {
    "date" : "2009-03-31",
    "sales" : 209.15,
    "salesGrowthYoY" : -37.40,
    "grossProfitMargin" : 25.81,
    "grossProfit" : 53.98,
    "operatingProfitMargin" : 10.77,
    "operatingProfit" : 22.53,
    "netProfitMargin" : -2.01,
    "netProfit" : -4.20
  }, {
    "date" : "2009-06-30",
    "sales" : 401.45,
    "salesGrowthYoY" : 12.16,
    "grossProfitMargin" : 25.02,
    "grossProfit" : 100.44,
    "operatingProfitMargin" : 15.24,
    "operatingProfit" : 61.18,
    "netProfitMargin" : 7.60,
    "netProfit" : 30.51
  }, {
    "date" : "2009-09-30",
    "sales" : 432.85,
    "salesGrowthYoY" : 29.98,
    "grossProfitMargin" : 20.48,
    "grossProfit" : 88.65,
    "operatingProfitMargin" : 12.10,
    "operatingProfit" : 52.37,
    "netProfitMargin" : 7.07,
    "netProfit" : 30.60
  }, {
    "date" : "2009-12-31",
    "sales" : 304.27,
    "salesGrowthYoY" : -12.20,
    "grossProfitMargin" : 33.02,
    "grossProfit" : 100.47,
    "operatingProfitMargin" : 14.98,
    "operatingProfit" : 45.58,
    "netProfitMargin" : 8.97,
    "netProfit" : 27.29
  }, {
    "date" : "2010-03-31",
    "sales" : 443.49,
    "salesGrowthYoY" : 112.04,
    "grossProfitMargin" : 17.25,
    "grossProfit" : 76.50,
    "operatingProfitMargin" : 9.43,
    "operatingProfit" : 41.82,
    "netProfitMargin" : 4.22,
    "netProfit" : 18.72
  }, {
    "date" : "2010-06-30",
    "sales" : 313.83,
    "salesGrowthYoY" : -21.83,
    "grossProfitMargin" : 25.69,
    "grossProfit" : 80.62,
    "operatingProfitMargin" : 14.76,
    "operatingProfit" : 46.32,
    "netProfitMargin" : 7.46,
    "netProfit" : 23.41
  }, {
    "date" : "2010-09-30",
    "sales" : 405.59,
    "salesGrowthYoY" : -6.30,
    "grossProfitMargin" : 25.06,
    "grossProfit" : 101.64,
    "operatingProfitMargin" : 13.01,
    "operatingProfit" : 52.77,
    "netProfitMargin" : 6.77,
    "netProfit" : 27.46
  }, {
    "date" : "2010-12-31",
    "sales" : 375.36,
    "salesGrowthYoY" : 23.36,
    "grossProfitMargin" : 27.64,
    "grossProfit" : 103.75,
    "operatingProfitMargin" : 14.34,
    "operatingProfit" : 53.83,
    "netProfitMargin" : 6.88,
    "netProfit" : 25.82
  }, {
    "date" : "2011-03-31",
    "sales" : 448.24,
    "salesGrowthYoY" : 1.07,
    "grossProfitMargin" : 24.13,
    "grossProfit" : 108.16,
    "operatingProfitMargin" : 15.43,
    "operatingProfit" : 69.16,
    "netProfitMargin" : 6.46,
    "netProfit" : 28.96
  }, {
    "date" : "2011-06-30",
    "sales" : 313.31,
    "salesGrowthYoY" : -0.17,
    "grossProfitMargin" : 28.84,
    "grossProfit" : 90.36,
    "operatingProfitMargin" : 18.27,
    "operatingProfit" : 57.24,
    "netProfitMargin" : 7.33,
    "netProfit" : 22.97
  }, {
    "date" : "2011-09-30",
    "sales" : 392.10,
    "salesGrowthYoY" : -3.33,
    "grossProfitMargin" : 21.32,
    "grossProfit" : 83.60,
    "operatingProfitMargin" : 9.86,
    "operatingProfit" : 38.66,
    "netProfitMargin" : 5.31,
    "netProfit" : 20.82
  }, {
    "date" : "2011-12-31",
    "sales" : 453.19,
    "salesGrowthYoY" : 20.73,
    "grossProfitMargin" : 26.00,
    "grossProfit" : 117.83,
    "operatingProfitMargin" : 15.38,
    "operatingProfit" : 69.70,
    "netProfitMargin" : 7.48,
    "netProfit" : 33.90
  }, {
    "date" : "2012-03-31",
    "sales" : 472.57,
    "salesGrowthYoY" : 5.43,
    "grossProfitMargin" : 24.79,
    "grossProfit" : 117.15,
    "operatingProfitMargin" : 13.17,
    "operatingProfit" : 62.24,
    "netProfitMargin" : 5.18,
    "netProfit" : 24.48
  }, {
    "date" : "2012-06-30",
    "sales" : 516.45,
    "salesGrowthYoY" : 64.84,
    "grossProfitMargin" : 28.38,
    "grossProfit" : 146.57,
    "operatingProfitMargin" : 18.78,
    "operatingProfit" : 96.99,
    "netProfitMargin" : 13.64,
    "netProfit" : 70.44
  }, {
    "date" : "2012-09-30",
    "sales" : 571.25,
    "salesGrowthYoY" : 45.69,
    "grossProfitMargin" : 22.73,
    "grossProfit" : 129.85,
    "operatingProfitMargin" : 12.95,
    "operatingProfit" : 73.98,
    "netProfitMargin" : 5.19,
    "netProfit" : 29.65
  }, {
    "date" : "2012-12-31",
    "sales" : 500.26,
    "salesGrowthYoY" : 10.39,
    "grossProfitMargin" : 22.96,
    "grossProfit" : 114.86,
    "operatingProfitMargin" : 13.88,
    "operatingProfit" : 69.44,
    "netProfitMargin" : 6.19,
    "netProfit" : 30.97
  }, {
    "date" : "2013-03-31",
    "sales" : 492.40,
    "salesGrowthYoY" : 4.20,
    "grossProfitMargin" : 20.29,
    "grossProfit" : 99.91,
    "operatingProfitMargin" : 11.08,
    "operatingProfit" : 54.56,
    "netProfitMargin" : 3.32,
    "netProfit" : 16.35
  }, {
    "date" : "2013-06-30",
    "sales" : 688.77,
    "salesGrowthYoY" : 33.37,
    "grossProfitMargin" : 22.37,
    "grossProfit" : 154.08,
    "operatingProfitMargin" : 15.82,
    "operatingProfit" : 108.96,
    "netProfitMargin" : 9.31,
    "netProfit" : 64.12
  }, {
    "date" : "2013-09-30",
    "sales" : 652.32,
    "salesGrowthYoY" : 14.19,
    "grossProfitMargin" : 24.00,
    "grossProfit" : 156.56,
    "operatingProfitMargin" : 16.45,
    "operatingProfit" : 107.31,
    "netProfitMargin" : 13.35,
    "netProfit" : 87.08
  }, {
    "date" : "2013-12-31",
    "sales" : 648.25,
    "salesGrowthYoY" : 29.58,
    "grossProfitMargin" : 22.05,
    "grossProfit" : 142.94,
    "operatingProfitMargin" : 14.14,
    "operatingProfit" : 91.66,
    "netProfitMargin" : 7.20,
    "netProfit" : 46.67
  }, {
    "date" : "2014-03-31",
    "sales" : 801.96,
    "salesGrowthYoY" : 62.87,
    "grossProfitMargin" : 19.37,
    "grossProfit" : 155.34,
    "operatingProfitMargin" : 11.89,
    "operatingProfit" : 95.35,
    "netProfitMargin" : 7.96,
    "netProfit" : 63.84
  }, {
    "date" : "2014-06-30",
    "sales" : 805.46,
    "salesGrowthYoY" : 16.94,
    "grossProfitMargin" : 24.22,
    "grossProfit" : 195.08,
    "operatingProfitMargin" : 16.57,
    "operatingProfit" : 133.46,
    "netProfitMargin" : 9.17,
    "netProfit" : 73.86
  }, {
    "date" : "2014-09-30",
    "sales" : 700.08,
    "salesGrowthYoY" : 7.32,
    "grossProfitMargin" : 27.54,
    "grossProfit" : 192.80,
    "operatingProfitMargin" : 19.25,
    "operatingProfit" : 134.77,
    "netProfitMargin" : 12.17,
    "netProfit" : 85.20
  }, {
    "date" : "2014-12-31",
    "sales" : 764.31,
    "salesGrowthYoY" : 17.90,
    "grossProfitMargin" : 25.90,
    "grossProfit" : 197.96,
    "operatingProfitMargin" : 17.49,
    "operatingProfit" : 133.68,
    "netProfitMargin" : 11.11,
    "netProfit" : 84.91
  }, {
    "date" : "2015-03-31",
    "sales" : 843.17,
    "salesGrowthYoY" : 5.14,
    "grossProfitMargin" : 19.86,
    "grossProfit" : 167.45,
    "operatingProfitMargin" : 10.16,
    "operatingProfit" : 85.67,
    "netProfitMargin" : 4.62,
    "netProfit" : 38.95
  }, {
    "date" : "2015-06-30",
    "sales" : 979.36,
    "salesGrowthYoY" : 21.59,
    "grossProfitMargin" : 21.37,
    "grossProfit" : 209.29,
    "operatingProfitMargin" : 14.23,
    "operatingProfit" : 139.36,
    "netProfitMargin" : 12.21,
    "netProfit" : 119.58
  }, {
    "date" : "2015-09-30",
    "sales" : 918.76,
    "salesGrowthYoY" : 31.24,
    "grossProfitMargin" : 22.99,
    "grossProfit" : 211.22,
    "operatingProfitMargin" : 15.30,
    "operatingProfit" : 140.57,
    "netProfitMargin" : 9.58,
    "netProfit" : 88.02
  }, {
    "date" : "2015-12-31",
    "sales" : 733.17,
    "salesGrowthYoY" : -4.07,
    "grossProfitMargin" : 18.12,
    "grossProfit" : 132.85,
    "operatingProfitMargin" : 9.76,
    "operatingProfit" : 71.56,
    "netProfitMargin" : 5.08,
    "netProfit" : 37.25
  }, {
    "date" : "2016-03-31",
    "sales" : 714.18,
    "salesGrowthYoY" : -15.30,
    "grossProfitMargin" : 22.84,
    "grossProfit" : 163.12,
    "operatingProfitMargin" : 14.14,
    "operatingProfit" : 100.99,
    "netProfitMargin" : 12.08,
    "netProfit" : 86.27
  }, {
    "date" : "2016-06-30",
    "sales" : 721.51,
    "salesGrowthYoY" : -26.33,
    "grossProfitMargin" : 27.85,
    "grossProfit" : 200.94,
    "operatingProfitMargin" : 19.09,
    "operatingProfit" : 137.74,
    "netProfitMargin" : 11.09,
    "netProfit" : 80.02
  }, {
    "date" : "2016-09-30",
    "sales" : 714.44,
    "salesGrowthYoY" : -22.24,
    "grossProfitMargin" : 30.04,
    "grossProfit" : 214.62,
    "operatingProfitMargin" : 21.45,
    "operatingProfit" : 153.25,
    "netProfitMargin" : 13.81,
    "netProfit" : 98.66
  }, {
    "date" : "2016-12-31",
    "sales" : 797.31,
    "salesGrowthYoY" : 8.75,
    "grossProfitMargin" : 30.47,
    "grossProfit" : 242.94,
    "operatingProfitMargin" : 22.67,
    "operatingProfit" : 180.75,
    "netProfitMargin" : 14.02,
    "netProfit" : 111.78
  }, {
    "date" : "2017-03-31",
    "sales" : 913.34,
    "salesGrowthYoY" : 27.89,
    "grossProfitMargin" : 28.46,
    "grossProfit" : 259.94,
    "operatingProfitMargin" : 19.39,
    "operatingProfit" : 177.10,
    "netProfitMargin" : 11.99,
    "netProfit" : 109.51
  }, {
    "date" : "2017-06-30",
    "sales" : 871.96,
    "salesGrowthYoY" : 20.85,
    "grossProfitMargin" : 32.49,
    "grossProfit" : 283.30,
    "operatingProfitMargin" : 23.48,
    "operatingProfit" : 204.74,
    "netProfitMargin" : 12.92,
    "netProfit" : 112.66
  }, {
    "date" : "2017-09-30",
    "sales" : 715.51,
    "salesGrowthYoY" : 0.15,
    "grossProfitMargin" : 35.77,
    "grossProfit" : 255.94,
    "operatingProfitMargin" : 26.26,
    "operatingProfit" : 187.89,
    "netProfitMargin" : 18.06,
    "netProfit" : 129.22
  }, {
    "date" : "2017-12-31",
    "sales" : 783.33,
    "salesGrowthYoY" : -1.75,
    "grossProfitMargin" : 32.21,
    "grossProfit" : 252.31,
    "operatingProfitMargin" : 23.16,
    "operatingProfit" : 181.42,
    "netProfitMargin" : 15.80,
    "netProfit" : 123.77
  }, {
    "date" : "2018-03-31",
    "sales" : 875.65,
    "salesGrowthYoY" : -4.13,
    "grossProfitMargin" : 32.65,
    "grossProfit" : 285.90,
    "operatingProfitMargin" : 23.39,
    "operatingProfit" : 204.81,
    "netProfitMargin" : 10.97,
    "netProfit" : 96.06
  }, {
    "date" : "2018-06-30",
    "sales" : 743.29,
    "salesGrowthYoY" : -14.76,
    "grossProfitMargin" : 36.12,
    "grossProfit" : 268.48,
    "operatingProfitMargin" : 24.50,
    "operatingProfit" : 182.11,
    "netProfitMargin" : 13.53,
    "netProfit" : 100.57
  }, {
    "date" : "2018-09-30",
    "sales" : 1244.46,
    "salesGrowthYoY" : 73.93,
    "grossProfitMargin" : 26.72,
    "grossProfit" : 332.52,
    "operatingProfitMargin" : 18.89,
    "operatingProfit" : 235.08,
    "netProfitMargin" : 12.68,
    "netProfit" : 157.80
  }, {
    "date" : "2018-12-31",
    "sales" : 935.79,
    "salesGrowthYoY" : 19.46,
    "grossProfitMargin" : 29.74,
    "grossProfit" : 278.30,
    "operatingProfitMargin" : 21.81,
    "operatingProfit" : 204.10,
    "netProfitMargin" : 11.55,
    "netProfit" : 108.08
  }, {
    "date" : "2019-03-31",
    "sales" : 1196.03,
    "salesGrowthYoY" : 36.59,
    "grossProfitMargin" : 29.04,
    "grossProfit" : 347.33,
    "operatingProfitMargin" : 19.14,
    "operatingProfit" : 228.92,
    "netProfitMargin" : 11.44,
    "netProfit" : 136.83
  }, {
    "date" : "2019-06-30",
    "sales" : 1217.59,
    "salesGrowthYoY" : 63.81,
    "grossProfitMargin" : 27.58,
    "grossProfit" : 335.81,
    "operatingProfitMargin" : 19.51,
    "operatingProfit" : 237.55,
    "netProfitMargin" : 11.18,
    "netProfit" : 136.13
  }, {
    "date" : "2019-09-30",
    "sales" : 889.78,
    "salesGrowthYoY" : -28.50,
    "grossProfitMargin" : 28.72,
    "grossProfit" : 255.54,
    "operatingProfitMargin" : 18.73,
    "operatingProfit" : 166.66,
    "netProfitMargin" : 12.80,
    "netProfit" : 113.89
  }, {
    "date" : "2019-12-31",
    "sales" : 1328.98,
    "salesGrowthYoY" : 42.02,
    "grossProfitMargin" : 26.81,
    "grossProfit" : 356.30,
    "operatingProfitMargin" : 17.98,
    "operatingProfit" : 238.95,
    "netProfitMargin" : 11.98,
    "netProfit" : 159.21
  }, {
    "date" : "2020-03-31",
    "sales" : 1062.29,
    "salesGrowthYoY" : -11.18,
    "grossProfitMargin" : 31.03,
    "grossProfit" : 329.63,
    "operatingProfitMargin" : 21.52,
    "operatingProfit" : 228.60,
    "netProfitMargin" : 14.13,
    "netProfit" : 150.10
  }, {
    "date" : "2020-06-30",
    "sales" : 764.02,
    "salesGrowthYoY" : -37.25,
    "grossProfitMargin" : 33.80,
    "grossProfit" : 258.24,
    "operatingProfitMargin" : 24.02,
    "operatingProfit" : 183.52,
    "netProfitMargin" : 16.49,
    "netProfit" : 125.99
  }, {
    "date" : "2020-09-30",
    "sales" : 1133.20,
    "salesGrowthYoY" : 27.36,
    "grossProfitMargin" : 29.65,
    "grossProfit" : 335.99,
    "operatingProfitMargin" : 19.50,
    "operatingProfit" : 220.97,
    "netProfitMargin" : 13.24,
    "netProfit" : 150.04
  }, {
    "date" : "2020-12-31",
    "sales" : 1120.69,
    "salesGrowthYoY" : -15.67,
    "grossProfitMargin" : 28.66,
    "grossProfit" : 321.19,
    "operatingProfitMargin" : 18.71,
    "operatingProfit" : 209.68,
    "netProfitMargin" : 13.00,
    "netProfit" : 145.69
  }, {
    "date" : "2021-03-31",
    "sales" : 973.97,
    "salesGrowthYoY" : -8.31,
    "grossProfitMargin" : 32.59,
    "grossProfit" : 317.42,
    "operatingProfitMargin" : 21.52,
    "operatingProfit" : 209.60,
    "netProfitMargin" : 14.22,
    "netProfit" : 138.50
  }, {
    "date" : "2021-06-30",
    "sales" : 1015.91,
    "salesGrowthYoY" : 32.97,
    "grossProfitMargin" : 30.49,
    "grossProfit" : 309.75,
    "operatingProfitMargin" : 19.04,
    "operatingProfit" : 193.43,
    "netProfitMargin" : 13.89,
    "netProfit" : 141.11
  }, {
    "date" : "2021-09-30",
    "sales" : 1053.69,
    "salesGrowthYoY" : -7.02,
    "grossProfitMargin" : 28.82,
    "grossProfit" : 303.67,
    "operatingProfitMargin" : 18.85,
    "operatingProfit" : 198.62,
    "netProfitMargin" : 12.96,
    "netProfit" : 136.56
  }, {
    "date" : "2021-12-31",
    "sales" : 1153.56,
    "salesGrowthYoY" : 2.93,
    "grossProfitMargin" : 20.31,
    "grossProfit" : 234.29,
    "operatingProfitMargin" : 9.39,
    "operatingProfit" : 108.32,
    "netProfitMargin" : 6.36,
    "netProfit" : 73.37
  }, {
    "date" : "2022-03-31",
    "sales" : 987.40,
    "salesGrowthYoY" : 1.38,
    "grossProfitMargin" : 30.49,
    "grossProfit" : 301.06,
    "operatingProfitMargin" : 16.46,
    "operatingProfit" : 162.53,
    "netProfitMargin" : 11.04,
    "netProfit" : 109.01
  }, {
    "date" : "2022-06-30",
    "sales" : 1228.23,
    "salesGrowthYoY" : 20.90,
    "grossProfitMargin" : 31.88,
    "grossProfit" : 391.56,
    "operatingProfitMargin" : 18.85,
    "operatingProfit" : 231.52,
    "netProfitMargin" : 13.39,
    "netProfit" : 164.46
  }, {
    "date" : "2022-09-30",
    "sales" : 1319.28,
    "salesGrowthYoY" : 25.21,
    "grossProfitMargin" : 33.52,
    "grossProfit" : 442.22,
    "operatingProfitMargin" : 21.59,
    "operatingProfit" : 284.83,
    "netProfitMargin" : 16.15,
    "netProfit" : 213.06
  }, {
    "date" : "2022-12-31",
    "sales" : 1535.99,
    "salesGrowthYoY" : 33.15,
    "grossProfitMargin" : 28.43,
    "grossProfit" : 436.68,
    "operatingProfitMargin" : 18.14,
    "operatingProfit" : 278.63,
    "netProfitMargin" : 13.36,
    "netProfit" : 205.21
  }, {
    "date" : "2023-03-31",
    "sales" : 1280.26,
    "salesGrowthYoY" : 29.66,
    "grossProfitMargin" : 24.08,
    "grossProfit" : 308.29,
    "operatingProfitMargin" : 11.23,
    "operatingProfit" : 143.77,
    "netProfitMargin" : 9.20,
    "netProfit" : 117.78
  }, {
    "date" : "2023-06-30",
    "sales" : 1414.23,
    "salesGrowthYoY" : 15.14,
    "grossProfitMargin" : 27.45,
    "grossProfit" : 388.21,
    "operatingProfitMargin" : 17.79,
    "operatingProfit" : 251.59,
    "netProfitMargin" : 13.77,
    "netProfit" : 194.74
  }, {
    "date" : "2023-09-30",
    "sales" : 1214.18,
    "salesGrowthYoY" : -7.97,
    "grossProfitMargin" : 27.10,
    "grossProfit" : 329.04,
    "operatingProfitMargin" : 16.01,
    "operatingProfit" : 194.39,
    "netProfitMargin" : 12.61,
    "netProfit" : 153.11
  }, {
    "date" : "2023-12-31",
    "sales" : 1437.98,
    "salesGrowthYoY" : -6.38,
    "grossProfitMargin" : 23.34,
    "grossProfit" : 335.62,
    "operatingProfitMargin" : 12.37,
    "operatingProfit" : 177.88,
    "netProfitMargin" : 9.30,
    "netProfit" : 133.73
  }, {
    "date" : "2024-03-31",
    "sales" : 1318.30,
    "salesGrowthYoY" : 2.97,
    "grossProfitMargin" : 25.18,
    "grossProfit" : 331.95,
    "operatingProfitMargin" : 13.52,
    "operatingProfit" : 178.23,
    "netProfitMargin" : 8.64,
    "netProfit" : 113.90
  }, {
    "date" : "2024-06-30",
    "sales" : 1199.18,
    "salesGrowthYoY" : -15.21,
    "grossProfitMargin" : 21.81,
    "grossProfit" : 261.54,
    "operatingProfitMargin" : 9.77,
    "operatingProfit" : 117.16,
    "netProfitMargin" : 7.21,
    "netProfit" : 86.46
  }, {
    "date" : "2024-09-30",
    "sales" : 1270.48,
    "salesGrowthYoY" : 4.64,
    "grossProfitMargin" : 21.56,
    "grossProfit" : 273.92,
    "operatingProfitMargin" : 9.64,
    "operatingProfit" : 122.47,
    "netProfitMargin" : 8.07,
    "netProfit" : 102.53
  }, {
    "date" : "2024-12-31",
    "sales" : 1681.90,
    "salesGrowthYoY" : 16.96,
    "grossProfitMargin" : 23.61,
    "grossProfit" : 397.10,
    "operatingProfitMargin" : 11.58,
    "operatingProfit" : 194.76,
    "netProfitMargin" : 7.88,
    "netProfit" : 132.53
  }, {
    "date" : "2025-03-31",
    "sales" : 1442.25,
    "salesGrowthYoY" : 9.40,
    "grossProfitMargin" : 30.98,
    "grossProfit" : 446.81,
    "operatingProfitMargin" : 15.51,
    "operatingProfit" : 223.69,
    "netProfitMargin" : 10.70,
    "netProfit" : 154.32
  }, {
    "date" : "2025-06-30",
    "sales" : 1584.35,
    "salesGrowthYoY" : 32.12,
    "grossProfitMargin" : 24.15,
    "grossProfit" : 382.62,
    "operatingProfitMargin" : 12.16,
    "operatingProfit" : 192.66,
    "netProfitMargin" : 9.50,
    "netProfit" : 150.51
  }, {
    "date" : "2025-09-30",
    "sales" : 1511.08,
    "salesGrowthYoY" : 18.94,
    "grossProfitMargin" : 27.82,
    "grossProfit" : 420.38,
    "operatingProfitMargin" : 14.98,
    "operatingProfit" : 226.36,
    "netProfitMargin" : 11.38,
    "netProfit" : 171.96
  } ],
  "latestQuarterlyResult" : {
    "date" : "2025-09-30",
    "sales" : 1511.08,
    "salesGrowthYoY" : 18.94,
    "grossProfitMargin" : 27.82,
    "grossProfit" : 420.38,
    "operatingProfitMargin" : 14.98,
    "operatingProfit" : 226.36,
    "netProfitMargin" : 11.38,
    "netProfit" : 171.96
  },
  "companyScore" : {
    "priceHigherThanDma50" : 0.00,
    "priceHigherThanDma100" : 0.00,
    "priceHigherThanDma200" : 5.00,
    "dma50HigherThanDma100" : 0.00,
    "dma50HigherThanDma200" : 5.00,
    "dma100HigherThanDma200" : 5.00,
    "pricePercentageAboveDma50" : 5.00,
    "pricePercentageAboveDma100" : 5.10,
    "pricePercentageAboveDma200" : 4.70,
    "weeklyVolumeHigherThanYearlyVolume" : 0.00,
    "salesGrowthPercentile" : 11.90,
    "operatingProfitMarginPercentile" : 9.16,
    "netProfitMarginPercentile" : 6.67,
    "totalTechnicalScore" : 29.81,
    "totalFundamentalScore" : 27.73,
    "totalScore" : 57.53
  }
}