{
  "metadata" : {
    "screenerCompanyId" : "1893",
    "companyCode" : "LINCOLN",
    "companyName" : "Lincoln Pharma.",
    "screenerCompanyLink" : "https://www.screener.in/company/LINCOLN/consolidated/",
    "screenerTechnicalHistoryLink" : "https://www.screener.in/api/company/1893/chart/?q=Price-DMA50-DMA200-Volume&days=365",
    "screenerQuarterlyResultsLink" : "https://www.screener.in/api/company/1893/chart/?q=GPM-OPM-NPM-Quarter+Sales&days=10000",
    "attributes" : {
      "companyCode" : "LINCOLN",
      "companyName" : "Lincoln Pharma.",
      "marketCap" : 1316.00,
      "peRatio" : 15.00,
      "description" : "Incorporated in 1979, Lincoln Pharmaceuticals Ltd is in the business of manufacturing and trading of pharmaceutical products [1]"
    },
    "companyScore" : {
      "priceHigherThanDma50" : 5.00,
      "priceHigherThanDma100" : 5.00,
      "priceHigherThanDma200" : 5.00,
      "dma50HigherThanDma100" : 0.00,
      "dma50HigherThanDma200" : 0.00,
      "dma100HigherThanDma200" : 0.00,
      "pricePercentageAboveDma50" : 3.40,
      "pricePercentageAboveDma100" : 3.53,
      "pricePercentageAboveDma200" : 3.87,
      "weeklyVolumeHigherThanYearlyVolume" : 5.00,
      "salesGrowthPercentile" : 11.50,
      "operatingProfitMarginPercentile" : 13.55,
      "netProfitMarginPercentile" : 9.52,
      "totalTechnicalScore" : 30.80,
      "totalFundamentalScore" : 34.57,
      "totalScore" : 65.37
    }
  },
  "attributes" : {
    "companyCode" : "LINCOLN",
    "companyName" : "Lincoln Pharma.",
    "marketCap" : 1316.00,
    "peRatio" : 15.00,
    "description" : "Incorporated in 1979, Lincoln Pharmaceuticals Ltd is in the business of manufacturing and trading of pharmaceutical products [1]"
  },
  "technicalHistory" : [ {
    "date" : "2025-02-14",
    "price" : 562.00,
    "dma50" : 735.19,
    "dma100" : null,
    "dma200" : 697.50,
    "volume" : 655495.00
  }, {
    "date" : "2025-02-17",
    "price" : 575.50,
    "dma50" : 728.92,
    "dma100" : null,
    "dma200" : 696.28,
    "volume" : 124507.00
  }, {
    "date" : "2025-02-18",
    "price" : 564.75,
    "dma50" : 722.49,
    "dma100" : null,
    "dma200" : 694.97,
    "volume" : 104018.00
  }, {
    "date" : "2025-02-19",
    "price" : 571.15,
    "dma50" : 716.55,
    "dma100" : null,
    "dma200" : 693.74,
    "volume" : 123297.00
  }, {
    "date" : "2025-02-20",
    "price" : 564.45,
    "dma50" : 710.59,
    "dma100" : null,
    "dma200" : 692.45,
    "volume" : 63623.00
  }, {
    "date" : "2025-02-21",
    "price" : 567.10,
    "dma50" : 704.96,
    "dma100" : null,
    "dma200" : 691.21,
    "volume" : 82243.00
  }, {
    "date" : "2025-02-24",
    "price" : 561.55,
    "dma50" : 699.34,
    "dma100" : null,
    "dma200" : 689.92,
    "volume" : 67631.00
  }, {
    "date" : "2025-02-25",
    "price" : 562.45,
    "dma50" : 693.97,
    "dma100" : null,
    "dma200" : 688.65,
    "volume" : 13120.00
  }, {
    "date" : "2025-02-27",
    "price" : 564.25,
    "dma50" : 688.88,
    "dma100" : null,
    "dma200" : 687.41,
    "volume" : 104210.00
  }, {
    "date" : "2025-02-28",
    "price" : 521.05,
    "dma50" : 682.30,
    "dma100" : null,
    "dma200" : 685.76,
    "volume" : 137247.00
  }, {
    "date" : "2025-03-03",
    "price" : 541.50,
    "dma50" : 676.78,
    "dma100" : null,
    "dma200" : 684.32,
    "volume" : 138628.00
  }, {
    "date" : "2025-03-04",
    "price" : 541.50,
    "dma50" : 671.47,
    "dma100" : null,
    "dma200" : 682.90,
    "volume" : 45888.00
  }, {
    "date" : "2025-03-05",
    "price" : 559.45,
    "dma50" : 667.08,
    "dma100" : null,
    "dma200" : 681.67,
    "volume" : 61909.00
  }, {
    "date" : "2025-03-06",
    "price" : 562.30,
    "dma50" : 662.97,
    "dma100" : null,
    "dma200" : 680.48,
    "volume" : 48910.00
  }, {
    "date" : "2025-03-07",
    "price" : 566.05,
    "dma50" : 659.17,
    "dma100" : null,
    "dma200" : 679.34,
    "volume" : 33596.00
  }, {
    "date" : "2025-03-10",
    "price" : 544.40,
    "dma50" : 654.67,
    "dma100" : null,
    "dma200" : 678.00,
    "volume" : 49387.00
  }, {
    "date" : "2025-03-11",
    "price" : 523.45,
    "dma50" : 649.52,
    "dma100" : null,
    "dma200" : 676.46,
    "volume" : 122058.00
  }, {
    "date" : "2025-03-12",
    "price" : 526.80,
    "dma50" : 644.71,
    "dma100" : null,
    "dma200" : 674.97,
    "volume" : 42009.00
  }, {
    "date" : "2025-03-13",
    "price" : 526.95,
    "dma50" : 640.09,
    "dma100" : null,
    "dma200" : 673.50,
    "volume" : 52556.00
  }, {
    "date" : "2025-03-17",
    "price" : 520.30,
    "dma50" : 635.39,
    "dma100" : null,
    "dma200" : 671.98,
    "volume" : 55955.00
  }, {
    "date" : "2025-03-18",
    "price" : 539.95,
    "dma50" : 631.65,
    "dma100" : null,
    "dma200" : 670.66,
    "volume" : 54601.00
  }, {
    "date" : "2025-03-19",
    "price" : 554.75,
    "dma50" : 628.64,
    "dma100" : null,
    "dma200" : 669.51,
    "volume" : 63151.00
  }, {
    "date" : "2025-03-20",
    "price" : 553.10,
    "dma50" : 625.67,
    "dma100" : null,
    "dma200" : 668.35,
    "volume" : 48391.00
  }, {
    "date" : "2025-03-21",
    "price" : 557.75,
    "dma50" : 623.01,
    "dma100" : null,
    "dma200" : 667.25,
    "volume" : 64497.00
  }, {
    "date" : "2025-03-24",
    "price" : 562.60,
    "dma50" : 620.64,
    "dma100" : null,
    "dma200" : 666.21,
    "volume" : 75825.00
  }, {
    "date" : "2025-03-25",
    "price" : 556.35,
    "dma50" : 618.12,
    "dma100" : null,
    "dma200" : 665.12,
    "volume" : 77932.00
  }, {
    "date" : "2025-03-26",
    "price" : 551.55,
    "dma50" : 615.51,
    "dma100" : null,
    "dma200" : 663.99,
    "volume" : 84185.00
  }, {
    "date" : "2025-03-27",
    "price" : 549.95,
    "dma50" : 612.94,
    "dma100" : null,
    "dma200" : 662.85,
    "volume" : 81127.00
  }, {
    "date" : "2025-03-28",
    "price" : 551.50,
    "dma50" : 610.53,
    "dma100" : null,
    "dma200" : 661.74,
    "volume" : 91068.00
  }, {
    "date" : "2025-04-01",
    "price" : 552.20,
    "dma50" : 608.24,
    "dma100" : null,
    "dma200" : 660.65,
    "volume" : 45423.00
  }, {
    "date" : "2025-04-02",
    "price" : 559.30,
    "dma50" : 606.32,
    "dma100" : null,
    "dma200" : 659.65,
    "volume" : 43828.00
  }, {
    "date" : "2025-04-03",
    "price" : 574.10,
    "dma50" : 605.06,
    "dma100" : null,
    "dma200" : 658.79,
    "volume" : 116189.00
  }, {
    "date" : "2025-04-04",
    "price" : 565.10,
    "dma50" : 603.49,
    "dma100" : null,
    "dma200" : 657.86,
    "volume" : 72523.00
  }, {
    "date" : "2025-04-07",
    "price" : 536.10,
    "dma50" : 600.85,
    "dma100" : null,
    "dma200" : 656.65,
    "volume" : 111735.00
  }, {
    "date" : "2025-04-08",
    "price" : 541.70,
    "dma50" : 598.53,
    "dma100" : null,
    "dma200" : 655.51,
    "volume" : 40319.00
  }, {
    "date" : "2025-04-09",
    "price" : 536.25,
    "dma50" : 596.09,
    "dma100" : null,
    "dma200" : 654.32,
    "volume" : 57976.00
  }, {
    "date" : "2025-04-11",
    "price" : 552.60,
    "dma50" : 594.38,
    "dma100" : null,
    "dma200" : 653.31,
    "volume" : 29481.00
  }, {
    "date" : "2025-04-15",
    "price" : 566.00,
    "dma50" : 593.27,
    "dma100" : null,
    "dma200" : 652.44,
    "volume" : 24224.00
  }, {
    "date" : "2025-04-16",
    "price" : 575.40,
    "dma50" : 592.57,
    "dma100" : null,
    "dma200" : 651.67,
    "volume" : 47091.00
  }, {
    "date" : "2025-04-17",
    "price" : 565.35,
    "dma50" : 591.50,
    "dma100" : null,
    "dma200" : 650.81,
    "volume" : 53290.00
  }, {
    "date" : "2025-04-21",
    "price" : 573.95,
    "dma50" : 590.81,
    "dma100" : null,
    "dma200" : 650.05,
    "volume" : 57211.00
  }, {
    "date" : "2025-04-22",
    "price" : 577.40,
    "dma50" : 590.29,
    "dma100" : null,
    "dma200" : 649.33,
    "volume" : 51595.00
  }, {
    "date" : "2025-04-23",
    "price" : 580.70,
    "dma50" : 589.91,
    "dma100" : null,
    "dma200" : 648.64,
    "volume" : 44147.00
  }, {
    "date" : "2025-04-24",
    "price" : 599.75,
    "dma50" : 590.30,
    "dma100" : null,
    "dma200" : 648.16,
    "volume" : 161472.00
  }, {
    "date" : "2025-04-25",
    "price" : 593.20,
    "dma50" : 590.41,
    "dma100" : null,
    "dma200" : 647.61,
    "volume" : 94842.00
  }, {
    "date" : "2025-04-28",
    "price" : 588.60,
    "dma50" : 590.34,
    "dma100" : null,
    "dma200" : 647.02,
    "volume" : 32448.00
  }, {
    "date" : "2025-04-29",
    "price" : 582.65,
    "dma50" : 590.04,
    "dma100" : null,
    "dma200" : 646.38,
    "volume" : 31564.00
  }, {
    "date" : "2025-04-30",
    "price" : 567.50,
    "dma50" : 589.15,
    "dma100" : null,
    "dma200" : 645.60,
    "volume" : 30515.00
  }, {
    "date" : "2025-05-02",
    "price" : 572.80,
    "dma50" : 588.51,
    "dma100" : null,
    "dma200" : 644.87,
    "volume" : 27391.00
  }, {
    "date" : "2025-05-05",
    "price" : 564.50,
    "dma50" : 587.57,
    "dma100" : null,
    "dma200" : 644.07,
    "volume" : 24347.00
  }, {
    "date" : "2025-05-06",
    "price" : 549.85,
    "dma50" : 586.09,
    "dma100" : null,
    "dma200" : 643.14,
    "volume" : 37832.00
  }, {
    "date" : "2025-05-07",
    "price" : 566.75,
    "dma50" : 585.33,
    "dma100" : null,
    "dma200" : 642.38,
    "volume" : 40660.00
  }, {
    "date" : "2025-05-08",
    "price" : 564.35,
    "dma50" : 584.51,
    "dma100" : null,
    "dma200" : 641.60,
    "volume" : 20395.00
  }, {
    "date" : "2025-05-09",
    "price" : 557.10,
    "dma50" : 583.44,
    "dma100" : null,
    "dma200" : 640.76,
    "volume" : 32293.00
  }, {
    "date" : "2025-05-12",
    "price" : 572.30,
    "dma50" : 583.00,
    "dma100" : null,
    "dma200" : 640.08,
    "volume" : 32862.00
  }, {
    "date" : "2025-05-13",
    "price" : 590.70,
    "dma50" : 583.30,
    "dma100" : null,
    "dma200" : 639.59,
    "volume" : 56486.00
  }, {
    "date" : "2025-05-14",
    "price" : 589.25,
    "dma50" : 583.53,
    "dma100" : null,
    "dma200" : 639.09,
    "volume" : 61111.00
  }, {
    "date" : "2025-05-15",
    "price" : 601.85,
    "dma50" : 584.25,
    "dma100" : null,
    "dma200" : 638.71,
    "volume" : 70625.00
  }, {
    "date" : "2025-05-16",
    "price" : 599.45,
    "dma50" : 584.85,
    "dma100" : null,
    "dma200" : 638.32,
    "volume" : 45793.00
  }, {
    "date" : "2025-05-19",
    "price" : 603.15,
    "dma50" : 585.57,
    "dma100" : null,
    "dma200" : 637.97,
    "volume" : 56153.00
  }, {
    "date" : "2025-05-20",
    "price" : 608.95,
    "dma50" : 586.48,
    "dma100" : null,
    "dma200" : 637.69,
    "volume" : 71780.00
  }, {
    "date" : "2025-05-21",
    "price" : 605.55,
    "dma50" : 587.23,
    "dma100" : null,
    "dma200" : 637.37,
    "volume" : 150057.00
  }, {
    "date" : "2025-05-22",
    "price" : 549.80,
    "dma50" : 585.76,
    "dma100" : null,
    "dma200" : 636.49,
    "volume" : 387428.00
  }, {
    "date" : "2025-05-23",
    "price" : 558.65,
    "dma50" : 584.70,
    "dma100" : null,
    "dma200" : 635.72,
    "volume" : 151065.00
  }, {
    "date" : "2025-05-26",
    "price" : 559.75,
    "dma50" : 583.72,
    "dma100" : null,
    "dma200" : 634.96,
    "volume" : 73570.00
  }, {
    "date" : "2025-05-27",
    "price" : 549.20,
    "dma50" : 582.37,
    "dma100" : null,
    "dma200" : 634.11,
    "volume" : 63849.00
  }, {
    "date" : "2025-05-28",
    "price" : 549.75,
    "dma50" : 581.09,
    "dma100" : null,
    "dma200" : 633.27,
    "volume" : 65469.00
  }, {
    "date" : "2025-05-29",
    "price" : 542.25,
    "dma50" : 579.57,
    "dma100" : null,
    "dma200" : 632.37,
    "volume" : 44647.00
  }, {
    "date" : "2025-05-30",
    "price" : 542.05,
    "dma50" : 578.09,
    "dma100" : null,
    "dma200" : 631.47,
    "volume" : 43428.00
  }, {
    "date" : "2025-06-02",
    "price" : 547.45,
    "dma50" : 576.89,
    "dma100" : null,
    "dma200" : 630.63,
    "volume" : 34528.00
  }, {
    "date" : "2025-06-03",
    "price" : 547.30,
    "dma50" : 575.73,
    "dma100" : null,
    "dma200" : 629.80,
    "volume" : 52258.00
  }, {
    "date" : "2025-06-04",
    "price" : 548.05,
    "dma50" : 574.65,
    "dma100" : null,
    "dma200" : 628.99,
    "volume" : 54748.00
  }, {
    "date" : "2025-06-05",
    "price" : 572.25,
    "dma50" : 574.55,
    "dma100" : null,
    "dma200" : 628.42,
    "volume" : 183648.00
  }, {
    "date" : "2025-06-06",
    "price" : 570.25,
    "dma50" : 574.38,
    "dma100" : null,
    "dma200" : 627.84,
    "volume" : 39501.00
  }, {
    "date" : "2025-06-09",
    "price" : 578.65,
    "dma50" : 574.55,
    "dma100" : null,
    "dma200" : 627.36,
    "volume" : 98403.00
  }, {
    "date" : "2025-06-10",
    "price" : 578.55,
    "dma50" : 574.71,
    "dma100" : null,
    "dma200" : 626.87,
    "volume" : 45993.00
  }, {
    "date" : "2025-06-11",
    "price" : 589.45,
    "dma50" : 575.29,
    "dma100" : null,
    "dma200" : 626.50,
    "volume" : 89863.00
  }, {
    "date" : "2025-06-12",
    "price" : 597.40,
    "dma50" : 576.15,
    "dma100" : null,
    "dma200" : 626.21,
    "volume" : 207947.00
  }, {
    "date" : "2025-06-13",
    "price" : 585.95,
    "dma50" : 576.54,
    "dma100" : null,
    "dma200" : 625.81,
    "volume" : 107031.00
  }, {
    "date" : "2025-06-16",
    "price" : 577.45,
    "dma50" : 576.57,
    "dma100" : null,
    "dma200" : 625.33,
    "volume" : 64530.00
  }, {
    "date" : "2025-06-17",
    "price" : 570.40,
    "dma50" : 576.33,
    "dma100" : null,
    "dma200" : 624.78,
    "volume" : 50049.00
  }, {
    "date" : "2025-06-18",
    "price" : 574.60,
    "dma50" : 576.26,
    "dma100" : null,
    "dma200" : 624.28,
    "volume" : 32292.00
  }, {
    "date" : "2025-06-19",
    "price" : 564.45,
    "dma50" : 575.80,
    "dma100" : null,
    "dma200" : 623.68,
    "volume" : 34348.00
  }, {
    "date" : "2025-06-20",
    "price" : 561.25,
    "dma50" : 575.23,
    "dma100" : null,
    "dma200" : 623.06,
    "volume" : 41116.00
  }, {
    "date" : "2025-06-23",
    "price" : 558.45,
    "dma50" : 574.57,
    "dma100" : null,
    "dma200" : 622.42,
    "volume" : 28127.00
  }, {
    "date" : "2025-06-24",
    "price" : 558.25,
    "dma50" : 573.93,
    "dma100" : null,
    "dma200" : 621.78,
    "volume" : 25345.00
  }, {
    "date" : "2025-06-25",
    "price" : 568.50,
    "dma50" : 573.72,
    "dma100" : null,
    "dma200" : 621.25,
    "volume" : 35644.00
  }, {
    "date" : "2025-06-26",
    "price" : 563.10,
    "dma50" : 573.30,
    "dma100" : null,
    "dma200" : 620.67,
    "volume" : 25129.00
  }, {
    "date" : "2025-06-27",
    "price" : 564.60,
    "dma50" : 572.96,
    "dma100" : null,
    "dma200" : 620.12,
    "volume" : 24244.00
  }, {
    "date" : "2025-06-30",
    "price" : 565.75,
    "dma50" : 572.68,
    "dma100" : null,
    "dma200" : 619.57,
    "volume" : 47417.00
  }, {
    "date" : "2025-07-01",
    "price" : 565.30,
    "dma50" : 572.39,
    "dma100" : null,
    "dma200" : 619.03,
    "volume" : 28316.00
  }, {
    "date" : "2025-07-02",
    "price" : 558.65,
    "dma50" : 571.85,
    "dma100" : null,
    "dma200" : 618.43,
    "volume" : 72524.00
  }, {
    "date" : "2025-07-03",
    "price" : 559.15,
    "dma50" : 571.35,
    "dma100" : null,
    "dma200" : 617.84,
    "volume" : 38945.00
  }, {
    "date" : "2025-07-04",
    "price" : 562.10,
    "dma50" : 570.99,
    "dma100" : null,
    "dma200" : 617.29,
    "volume" : 24050.00
  }, {
    "date" : "2025-07-07",
    "price" : 568.90,
    "dma50" : 570.91,
    "dma100" : null,
    "dma200" : 616.81,
    "volume" : 128583.00
  }, {
    "date" : "2025-07-08",
    "price" : 564.90,
    "dma50" : 570.67,
    "dma100" : null,
    "dma200" : 616.29,
    "volume" : 30560.00
  }, {
    "date" : "2025-07-09",
    "price" : 563.55,
    "dma50" : 570.39,
    "dma100" : null,
    "dma200" : 615.77,
    "volume" : 34780.00
  }, {
    "date" : "2025-07-10",
    "price" : 557.00,
    "dma50" : 569.87,
    "dma100" : null,
    "dma200" : 615.18,
    "volume" : 35850.00
  }, {
    "date" : "2025-07-11",
    "price" : 549.85,
    "dma50" : 569.08,
    "dma100" : null,
    "dma200" : 614.53,
    "volume" : 45138.00
  }, {
    "date" : "2025-07-14",
    "price" : 547.90,
    "dma50" : 568.25,
    "dma100" : null,
    "dma200" : 613.87,
    "volume" : 49399.00
  }, {
    "date" : "2025-07-15",
    "price" : 556.25,
    "dma50" : 567.78,
    "dma100" : 563.24,
    "dma200" : 613.30,
    "volume" : 25492.00
  }, {
    "date" : "2025-07-16",
    "price" : 558.20,
    "dma50" : 567.40,
    "dma100" : 563.07,
    "dma200" : 612.75,
    "volume" : 20412.00
  }, {
    "date" : "2025-07-17",
    "price" : 566.35,
    "dma50" : 567.36,
    "dma100" : 563.08,
    "dma200" : 612.29,
    "volume" : 32709.00
  }, {
    "date" : "2025-07-18",
    "price" : 559.40,
    "dma50" : 567.05,
    "dma100" : 562.96,
    "dma200" : 611.76,
    "volume" : 18760.00
  }, {
    "date" : "2025-07-21",
    "price" : 559.30,
    "dma50" : 566.75,
    "dma100" : 562.91,
    "dma200" : 611.24,
    "volume" : 23801.00
  }, {
    "date" : "2025-07-22",
    "price" : 555.10,
    "dma50" : 566.29,
    "dma100" : 562.79,
    "dma200" : 610.68,
    "volume" : 22703.00
  }, {
    "date" : "2025-07-23",
    "price" : 550.60,
    "dma50" : 565.68,
    "dma100" : 562.68,
    "dma200" : 610.08,
    "volume" : 19295.00
  }, {
    "date" : "2025-07-24",
    "price" : 549.95,
    "dma50" : 565.06,
    "dma100" : 562.56,
    "dma200" : 609.48,
    "volume" : 21385.00
  }, {
    "date" : "2025-07-25",
    "price" : 542.40,
    "dma50" : 564.17,
    "dma100" : 562.34,
    "dma200" : 608.81,
    "volume" : 31611.00
  }, {
    "date" : "2025-07-28",
    "price" : 540.10,
    "dma50" : 563.23,
    "dma100" : 562.53,
    "dma200" : 608.13,
    "volume" : 21749.00
  }, {
    "date" : "2025-07-29",
    "price" : 543.85,
    "dma50" : 562.47,
    "dma100" : 562.55,
    "dma200" : 607.49,
    "volume" : 17845.00
  }, {
    "date" : "2025-07-30",
    "price" : 541.60,
    "dma50" : 561.65,
    "dma100" : 562.56,
    "dma200" : 606.84,
    "volume" : 15253.00
  }, {
    "date" : "2025-07-31",
    "price" : 533.45,
    "dma50" : 560.54,
    "dma100" : 562.30,
    "dma200" : 606.11,
    "volume" : 34312.00
  }, {
    "date" : "2025-08-01",
    "price" : 534.05,
    "dma50" : 559.50,
    "dma100" : 562.01,
    "dma200" : 605.39,
    "volume" : 14136.00
  }, {
    "date" : "2025-08-04",
    "price" : 531.60,
    "dma50" : 558.41,
    "dma100" : 561.67,
    "dma200" : 604.65,
    "volume" : 12136.00
  }, {
    "date" : "2025-08-05",
    "price" : 534.65,
    "dma50" : 557.48,
    "dma100" : 561.57,
    "dma200" : 603.96,
    "volume" : 28704.00
  }, {
    "date" : "2025-08-06",
    "price" : 531.15,
    "dma50" : 556.44,
    "dma100" : 561.65,
    "dma200" : 603.23,
    "volume" : 17850.00
  }, {
    "date" : "2025-08-07",
    "price" : 601.10,
    "dma50" : 558.20,
    "dma100" : 562.39,
    "dma200" : 603.21,
    "volume" : 5384202.00
  }, {
    "date" : "2025-08-08",
    "price" : 562.35,
    "dma50" : 558.36,
    "dma100" : 562.74,
    "dma200" : 602.81,
    "volume" : 1186702.00
  }, {
    "date" : "2025-08-11",
    "price" : 546.05,
    "dma50" : 557.88,
    "dma100" : 563.00,
    "dma200" : 602.24,
    "volume" : 163836.00
  }, {
    "date" : "2025-08-12",
    "price" : 546.70,
    "dma50" : 557.44,
    "dma100" : 563.07,
    "dma200" : 601.69,
    "volume" : 65483.00
  }, {
    "date" : "2025-08-13",
    "price" : 544.45,
    "dma50" : 556.93,
    "dma100" : 562.97,
    "dma200" : 601.12,
    "volume" : 47126.00
  }, {
    "date" : "2025-08-14",
    "price" : 542.65,
    "dma50" : 556.37,
    "dma100" : 562.86,
    "dma200" : 600.54,
    "volume" : 27800.00
  }, {
    "date" : "2025-08-18",
    "price" : 546.35,
    "dma50" : 555.98,
    "dma100" : 562.75,
    "dma200" : 600.00,
    "volume" : 20530.00
  }, {
    "date" : "2025-08-19",
    "price" : 560.95,
    "dma50" : 556.17,
    "dma100" : 562.73,
    "dma200" : 599.61,
    "volume" : 181468.00
  }, {
    "date" : "2025-08-20",
    "price" : 557.25,
    "dma50" : 556.21,
    "dma100" : 562.74,
    "dma200" : 599.19,
    "volume" : 20918.00
  }, {
    "date" : "2025-08-21",
    "price" : 548.25,
    "dma50" : 555.90,
    "dma100" : 562.71,
    "dma200" : 598.68,
    "volume" : 32736.00
  }, {
    "date" : "2025-08-22",
    "price" : 550.55,
    "dma50" : 555.69,
    "dma100" : 562.71,
    "dma200" : 598.20,
    "volume" : 30530.00
  }, {
    "date" : "2025-08-25",
    "price" : 544.90,
    "dma50" : 555.27,
    "dma100" : 562.65,
    "dma200" : 597.67,
    "volume" : 34033.00
  }, {
    "date" : "2025-08-26",
    "price" : 541.85,
    "dma50" : 554.74,
    "dma100" : 562.54,
    "dma200" : 597.12,
    "volume" : 24043.00
  }, {
    "date" : "2025-08-28",
    "price" : 543.20,
    "dma50" : 554.29,
    "dma100" : 562.38,
    "dma200" : 596.58,
    "volume" : 41932.00
  }, {
    "date" : "2025-08-29",
    "price" : 538.65,
    "dma50" : 553.68,
    "dma100" : 562.03,
    "dma200" : 596.00,
    "volume" : 28924.00
  }, {
    "date" : "2025-09-01",
    "price" : 543.35,
    "dma50" : 553.27,
    "dma100" : 561.81,
    "dma200" : 595.48,
    "volume" : 38347.00
  }, {
    "date" : "2025-09-02",
    "price" : 556.10,
    "dma50" : 553.38,
    "dma100" : 562.01,
    "dma200" : 595.09,
    "volume" : 32577.00
  }, {
    "date" : "2025-09-03",
    "price" : 555.45,
    "dma50" : 553.46,
    "dma100" : 562.15,
    "dma200" : 594.69,
    "volume" : 25383.00
  }, {
    "date" : "2025-09-04",
    "price" : 550.00,
    "dma50" : 553.33,
    "dma100" : 562.29,
    "dma200" : 594.25,
    "volume" : 26377.00
  }, {
    "date" : "2025-09-05",
    "price" : 558.70,
    "dma50" : 553.54,
    "dma100" : 562.35,
    "dma200" : 593.89,
    "volume" : 35330.00
  }, {
    "date" : "2025-09-08",
    "price" : 560.15,
    "dma50" : 553.80,
    "dma100" : 562.29,
    "dma200" : 593.56,
    "volume" : 22992.00
  }, {
    "date" : "2025-09-09",
    "price" : 551.80,
    "dma50" : 553.72,
    "dma100" : 562.05,
    "dma200" : 593.14,
    "volume" : 20329.00
  }, {
    "date" : "2025-09-10",
    "price" : 557.15,
    "dma50" : 553.85,
    "dma100" : 561.97,
    "dma200" : 592.79,
    "volume" : 29385.00
  }, {
    "date" : "2025-09-11",
    "price" : 558.70,
    "dma50" : 554.04,
    "dma100" : 561.82,
    "dma200" : 592.45,
    "volume" : 44944.00
  }, {
    "date" : "2025-09-12",
    "price" : 554.35,
    "dma50" : 554.06,
    "dma100" : 561.59,
    "dma200" : 592.07,
    "volume" : 32714.00
  }, {
    "date" : "2025-09-15",
    "price" : 553.50,
    "dma50" : 554.03,
    "dma100" : 561.32,
    "dma200" : 591.68,
    "volume" : 20829.00
  }, {
    "date" : "2025-09-16",
    "price" : 553.65,
    "dma50" : 554.02,
    "dma100" : 560.85,
    "dma200" : 591.30,
    "volume" : 28805.00
  }, {
    "date" : "2025-09-17",
    "price" : 555.55,
    "dma50" : 554.08,
    "dma100" : 560.48,
    "dma200" : 590.95,
    "volume" : 16989.00
  }, {
    "date" : "2025-09-18",
    "price" : 553.30,
    "dma50" : 554.05,
    "dma100" : 560.13,
    "dma200" : 590.57,
    "volume" : 14334.00
  }, {
    "date" : "2025-09-19",
    "price" : 555.00,
    "dma50" : 554.09,
    "dma100" : 559.85,
    "dma200" : 590.22,
    "volume" : 25054.00
  }, {
    "date" : "2025-09-22",
    "price" : 550.45,
    "dma50" : 553.94,
    "dma100" : 559.68,
    "dma200" : 589.82,
    "volume" : 36226.00
  }, {
    "date" : "2025-09-23",
    "price" : 548.00,
    "dma50" : 553.71,
    "dma100" : 559.43,
    "dma200" : 589.41,
    "volume" : 24890.00
  }, {
    "date" : "2025-09-24",
    "price" : 545.60,
    "dma50" : 553.39,
    "dma100" : 559.24,
    "dma200" : 588.97,
    "volume" : 10597.00
  }, {
    "date" : "2025-09-25",
    "price" : 543.90,
    "dma50" : 553.02,
    "dma100" : 559.18,
    "dma200" : 588.52,
    "volume" : 8442.00
  }, {
    "date" : "2025-09-26",
    "price" : 537.30,
    "dma50" : 552.40,
    "dma100" : 558.89,
    "dma200" : 588.01,
    "volume" : 35082.00
  }, {
    "date" : "2025-09-29",
    "price" : 531.75,
    "dma50" : 551.59,
    "dma100" : 558.56,
    "dma200" : 587.45,
    "volume" : 15695.00
  }, {
    "date" : "2025-09-30",
    "price" : 532.20,
    "dma50" : 550.83,
    "dma100" : 558.31,
    "dma200" : 586.90,
    "volume" : 9528.00
  }, {
    "date" : "2025-10-01",
    "price" : 531.95,
    "dma50" : 550.09,
    "dma100" : 557.91,
    "dma200" : 586.36,
    "volume" : 19447.00
  }, {
    "date" : "2025-10-03",
    "price" : 532.55,
    "dma50" : 549.40,
    "dma100" : 557.33,
    "dma200" : 585.82,
    "volume" : 10416.00
  }, {
    "date" : "2025-10-06",
    "price" : 528.10,
    "dma50" : 548.57,
    "dma100" : 556.72,
    "dma200" : 585.25,
    "volume" : 27438.00
  }, {
    "date" : "2025-10-07",
    "price" : 529.55,
    "dma50" : 547.82,
    "dma100" : 555.99,
    "dma200" : 584.69,
    "volume" : 14229.00
  }, {
    "date" : "2025-10-08",
    "price" : 522.65,
    "dma50" : 546.84,
    "dma100" : 555.23,
    "dma200" : 584.08,
    "volume" : 50510.00
  }, {
    "date" : "2025-10-09",
    "price" : 526.85,
    "dma50" : 546.05,
    "dma100" : 554.46,
    "dma200" : 583.51,
    "volume" : 29083.00
  }, {
    "date" : "2025-10-10",
    "price" : 528.85,
    "dma50" : 545.38,
    "dma100" : 553.66,
    "dma200" : 582.96,
    "volume" : 24684.00
  }, {
    "date" : "2025-10-13",
    "price" : 524.30,
    "dma50" : 544.55,
    "dma100" : 552.85,
    "dma200" : 582.38,
    "volume" : 10314.00
  }, {
    "date" : "2025-10-14",
    "price" : 523.80,
    "dma50" : 543.74,
    "dma100" : 552.59,
    "dma200" : 581.80,
    "volume" : 19401.00
  }, {
    "date" : "2025-10-15",
    "price" : 527.35,
    "dma50" : 543.09,
    "dma100" : 552.28,
    "dma200" : 581.26,
    "volume" : 29301.00
  }, {
    "date" : "2025-10-16",
    "price" : 525.00,
    "dma50" : 542.38,
    "dma100" : 551.93,
    "dma200" : 580.70,
    "volume" : 15823.00
  }, {
    "date" : "2025-10-17",
    "price" : 524.45,
    "dma50" : 541.68,
    "dma100" : 551.68,
    "dma200" : 580.14,
    "volume" : 15310.00
  }, {
    "date" : "2025-10-20",
    "price" : 523.40,
    "dma50" : 540.96,
    "dma100" : 551.42,
    "dma200" : 579.57,
    "volume" : 18904.00
  }, {
    "date" : "2025-10-21",
    "price" : 527.50,
    "dma50" : 540.44,
    "dma100" : 551.27,
    "dma200" : 579.05,
    "volume" : 7326.00
  }, {
    "date" : "2025-10-23",
    "price" : 524.15,
    "dma50" : 539.80,
    "dma100" : 551.09,
    "dma200" : 578.51,
    "volume" : 10577.00
  }, {
    "date" : "2025-10-24",
    "price" : 527.35,
    "dma50" : 539.31,
    "dma100" : 550.89,
    "dma200" : 578.00,
    "volume" : 25109.00
  }, {
    "date" : "2025-10-27",
    "price" : 526.50,
    "dma50" : 538.81,
    "dma100" : 550.68,
    "dma200" : 577.49,
    "volume" : 14089.00
  }, {
    "date" : "2025-10-28",
    "price" : 527.75,
    "dma50" : 538.37,
    "dma100" : 550.48,
    "dma200" : 576.99,
    "volume" : 17894.00
  }, {
    "date" : "2025-10-29",
    "price" : 532.90,
    "dma50" : 538.16,
    "dma100" : 550.09,
    "dma200" : 576.55,
    "volume" : 15477.00
  }, {
    "date" : "2025-10-30",
    "price" : 532.40,
    "dma50" : 537.93,
    "dma100" : 549.71,
    "dma200" : 576.11,
    "volume" : 13285.00
  }, {
    "date" : "2025-10-31",
    "price" : 529.80,
    "dma50" : 537.61,
    "dma100" : 549.22,
    "dma200" : 575.65,
    "volume" : 7401.00
  }, {
    "date" : "2025-11-03",
    "price" : 533.40,
    "dma50" : 537.45,
    "dma100" : 548.77,
    "dma200" : 575.23,
    "volume" : 14771.00
  }, {
    "date" : "2025-11-04",
    "price" : 523.50,
    "dma50" : 536.90,
    "dma100" : 548.11,
    "dma200" : 574.72,
    "volume" : 21013.00
  }, {
    "date" : "2025-11-06",
    "price" : 523.10,
    "dma50" : 536.36,
    "dma100" : 547.36,
    "dma200" : 574.20,
    "volume" : 9363.00
  }, {
    "date" : "2025-11-07",
    "price" : 522.35,
    "dma50" : 535.81,
    "dma100" : 546.73,
    "dma200" : 573.69,
    "volume" : 9278.00
  }, {
    "date" : "2025-11-10",
    "price" : 522.10,
    "dma50" : 535.27,
    "dma100" : 546.17,
    "dma200" : 573.17,
    "volume" : 14725.00
  }, {
    "date" : "2025-11-11",
    "price" : 523.10,
    "dma50" : 534.80,
    "dma100" : 545.70,
    "dma200" : 572.68,
    "volume" : 5479.00
  }, {
    "date" : "2025-11-12",
    "price" : 529.80,
    "dma50" : 534.60,
    "dma100" : 545.25,
    "dma200" : 572.25,
    "volume" : 22683.00
  }, {
    "date" : "2025-11-13",
    "price" : 506.00,
    "dma50" : 533.48,
    "dma100" : 544.67,
    "dma200" : 571.59,
    "volume" : 221314.00
  }, {
    "date" : "2025-11-14",
    "price" : 525.70,
    "dma50" : 533.17,
    "dma100" : 544.31,
    "dma200" : 571.13,
    "volume" : 49075.00
  }, {
    "date" : "2025-11-17",
    "price" : 532.85,
    "dma50" : 533.16,
    "dma100" : 544.06,
    "dma200" : 570.75,
    "volume" : 33209.00
  }, {
    "date" : "2025-11-18",
    "price" : 534.00,
    "dma50" : 533.19,
    "dma100" : 543.82,
    "dma200" : 570.39,
    "volume" : 14132.00
  }, {
    "date" : "2025-11-19",
    "price" : 537.85,
    "dma50" : 533.38,
    "dma100" : 543.51,
    "dma200" : 570.06,
    "volume" : 20706.00
  }, {
    "date" : "2025-11-20",
    "price" : 533.40,
    "dma50" : 533.38,
    "dma100" : 543.21,
    "dma200" : 569.70,
    "volume" : 18372.00
  }, {
    "date" : "2025-11-21",
    "price" : 529.10,
    "dma50" : 533.21,
    "dma100" : 542.86,
    "dma200" : 569.29,
    "volume" : 22609.00
  }, {
    "date" : "2025-11-24",
    "price" : 518.60,
    "dma50" : 532.64,
    "dma100" : 542.39,
    "dma200" : 568.79,
    "volume" : 19403.00
  }, {
    "date" : "2025-11-25",
    "price" : 520.10,
    "dma50" : 532.15,
    "dma100" : 541.93,
    "dma200" : 568.30,
    "volume" : 11559.00
  }, {
    "date" : "2025-11-26",
    "price" : 516.15,
    "dma50" : 531.52,
    "dma100" : 541.51,
    "dma200" : 567.79,
    "volume" : 14190.00
  }, {
    "date" : "2025-11-27",
    "price" : 515.75,
    "dma50" : 530.90,
    "dma100" : 541.07,
    "dma200" : 567.27,
    "volume" : 16365.00
  }, {
    "date" : "2025-11-28",
    "price" : 511.95,
    "dma50" : 530.16,
    "dma100" : 540.57,
    "dma200" : 566.72,
    "volume" : 12073.00
  }, {
    "date" : "2025-12-01",
    "price" : 506.75,
    "dma50" : 529.24,
    "dma100" : 539.95,
    "dma200" : 566.12,
    "volume" : 26432.00
  }, {
    "date" : "2025-12-02",
    "price" : 500.50,
    "dma50" : 528.11,
    "dma100" : 539.31,
    "dma200" : 565.47,
    "volume" : 20031.00
  }, {
    "date" : "2025-12-03",
    "price" : 503.25,
    "dma50" : 527.14,
    "dma100" : 538.70,
    "dma200" : 564.85,
    "volume" : 16559.00
  }, {
    "date" : "2025-12-04",
    "price" : 495.10,
    "dma50" : 525.88,
    "dma100" : 538.08,
    "dma200" : 564.16,
    "volume" : 13171.00
  }, {
    "date" : "2025-12-05",
    "price" : 493.15,
    "dma50" : 524.60,
    "dma100" : 537.52,
    "dma200" : 563.45,
    "volume" : 8519.00
  }, {
    "date" : "2025-12-08",
    "price" : 482.80,
    "dma50" : 522.96,
    "dma100" : 536.87,
    "dma200" : 562.65,
    "volume" : 24627.00
  }, {
    "date" : "2025-12-09",
    "price" : 487.60,
    "dma50" : 521.57,
    "dma100" : 536.18,
    "dma200" : 561.90,
    "volume" : 15752.00
  }, {
    "date" : "2025-12-10",
    "price" : 482.10,
    "dma50" : 520.02,
    "dma100" : 535.42,
    "dma200" : 561.11,
    "volume" : 9240.00
  }, {
    "date" : "2025-12-11",
    "price" : 474.65,
    "dma50" : 518.24,
    "dma100" : 534.50,
    "dma200" : 560.25,
    "volume" : 15112.00
  }, {
    "date" : "2025-12-12",
    "price" : 472.85,
    "dma50" : 516.46,
    "dma100" : 533.64,
    "dma200" : 559.38,
    "volume" : 19755.00
  }, {
    "date" : "2025-12-15",
    "price" : 484.15,
    "dma50" : 515.20,
    "dma100" : 532.89,
    "dma200" : 558.63,
    "volume" : 25300.00
  }, {
    "date" : "2025-12-16",
    "price" : 488.25,
    "dma50" : 514.14,
    "dma100" : 532.22,
    "dma200" : 557.93,
    "volume" : 21218.00
  }, {
    "date" : "2025-12-17",
    "price" : 477.00,
    "dma50" : 512.68,
    "dma100" : 531.48,
    "dma200" : 557.12,
    "volume" : 12721.00
  }, {
    "date" : "2025-12-18",
    "price" : 475.75,
    "dma50" : 511.23,
    "dma100" : 530.74,
    "dma200" : 556.31,
    "volume" : 7360.00
  }, {
    "date" : "2025-12-19",
    "price" : 483.60,
    "dma50" : 510.15,
    "dma100" : 530.15,
    "dma200" : 555.59,
    "volume" : 13295.00
  }, {
    "date" : "2025-12-22",
    "price" : 487.35,
    "dma50" : 509.26,
    "dma100" : 529.62,
    "dma200" : 554.91,
    "volume" : 14898.00
  }, {
    "date" : "2025-12-23",
    "price" : 489.70,
    "dma50" : 508.49,
    "dma100" : 529.08,
    "dma200" : 554.26,
    "volume" : 8739.00
  }, {
    "date" : "2025-12-24",
    "price" : 481.15,
    "dma50" : 507.42,
    "dma100" : 528.48,
    "dma200" : 553.53,
    "volume" : 24641.00
  }, {
    "date" : "2025-12-26",
    "price" : 480.30,
    "dma50" : 506.35,
    "dma100" : 527.95,
    "dma200" : 552.80,
    "volume" : 7618.00
  }, {
    "date" : "2025-12-29",
    "price" : 472.65,
    "dma50" : 505.03,
    "dma100" : 527.33,
    "dma200" : 552.01,
    "volume" : 12836.00
  }, {
    "date" : "2025-12-30",
    "price" : 477.70,
    "dma50" : 503.96,
    "dma100" : 526.79,
    "dma200" : 551.27,
    "volume" : 5661.00
  }, {
    "date" : "2025-12-31",
    "price" : 483.95,
    "dma50" : 503.18,
    "dma100" : 526.29,
    "dma200" : 550.60,
    "volume" : 47125.00
  }, {
    "date" : "2026-01-01",
    "price" : 479.80,
    "dma50" : 502.26,
    "dma100" : 525.77,
    "dma200" : 549.89,
    "volume" : 9332.00
  }, {
    "date" : "2026-01-02",
    "price" : 497.15,
    "dma50" : 502.06,
    "dma100" : 524.73,
    "dma200" : 549.37,
    "volume" : 23542.00
  }, {
    "date" : "2026-01-05",
    "price" : 490.55,
    "dma50" : 501.61,
    "dma100" : 524.02,
    "dma200" : 548.78,
    "volume" : 11149.00
  }, {
    "date" : "2026-01-06",
    "price" : 477.90,
    "dma50" : 500.68,
    "dma100" : 523.33,
    "dma200" : 548.08,
    "volume" : 13849.00
  }, {
    "date" : "2026-01-07",
    "price" : 486.10,
    "dma50" : 500.11,
    "dma100" : 522.73,
    "dma200" : 547.46,
    "volume" : 20596.00
  }, {
    "date" : "2026-01-08",
    "price" : 483.50,
    "dma50" : 499.46,
    "dma100" : 522.12,
    "dma200" : 546.82,
    "volume" : 14235.00
  }, {
    "date" : "2026-01-09",
    "price" : 486.80,
    "dma50" : 498.96,
    "dma100" : 521.56,
    "dma200" : 546.23,
    "volume" : 21164.00
  }, {
    "date" : "2026-01-12",
    "price" : 485.00,
    "dma50" : 498.41,
    "dma100" : 520.95,
    "dma200" : 545.62,
    "volume" : 13599.00
  }, {
    "date" : "2026-01-13",
    "price" : 478.75,
    "dma50" : 497.64,
    "dma100" : 520.12,
    "dma200" : 544.95,
    "volume" : 29820.00
  }, {
    "date" : "2026-01-14",
    "price" : 482.25,
    "dma50" : 497.04,
    "dma100" : 519.37,
    "dma200" : 544.33,
    "volume" : 7607.00
  }, {
    "date" : "2026-01-16",
    "price" : 479.40,
    "dma50" : 496.35,
    "dma100" : 518.69,
    "dma200" : 543.68,
    "volume" : 10589.00
  }, {
    "date" : "2026-01-19",
    "price" : 464.50,
    "dma50" : 495.10,
    "dma100" : 517.83,
    "dma200" : 542.89,
    "volume" : 24003.00
  }, {
    "date" : "2026-01-20",
    "price" : 461.05,
    "dma50" : 493.76,
    "dma100" : 516.99,
    "dma200" : 542.08,
    "volume" : 18679.00
  }, {
    "date" : "2026-01-21",
    "price" : 449.30,
    "dma50" : 492.02,
    "dma100" : 516.06,
    "dma200" : 541.16,
    "volume" : 26305.00
  }, {
    "date" : "2026-01-22",
    "price" : 460.35,
    "dma50" : 490.78,
    "dma100" : 515.23,
    "dma200" : 540.35,
    "volume" : 9629.00
  }, {
    "date" : "2026-01-23",
    "price" : 453.10,
    "dma50" : 489.30,
    "dma100" : 514.38,
    "dma200" : 539.49,
    "volume" : 10253.00
  }, {
    "date" : "2026-01-27",
    "price" : 449.70,
    "dma50" : 487.75,
    "dma100" : 513.44,
    "dma200" : 538.59,
    "volume" : 20181.00
  }, {
    "date" : "2026-01-28",
    "price" : 449.05,
    "dma50" : 486.23,
    "dma100" : 512.37,
    "dma200" : 537.70,
    "volume" : 20663.00
  }, {
    "date" : "2026-01-29",
    "price" : 444.20,
    "dma50" : 484.58,
    "dma100" : 511.26,
    "dma200" : 536.77,
    "volume" : 11904.00
  }, {
    "date" : "2026-01-30",
    "price" : 456.45,
    "dma50" : 483.48,
    "dma100" : 510.32,
    "dma200" : 535.97,
    "volume" : 18907.00
  }, {
    "date" : "2026-02-01",
    "price" : 461.05,
    "dma50" : 482.60,
    "dma100" : 509.35,
    "dma200" : 535.23,
    "volume" : 20137.00
  }, {
    "date" : "2026-02-02",
    "price" : 465.00,
    "dma50" : 481.91,
    "dma100" : 508.39,
    "dma200" : 534.53,
    "volume" : 11677.00
  }, {
    "date" : "2026-02-03",
    "price" : 478.30,
    "dma50" : 481.77,
    "dma100" : 507.66,
    "dma200" : 533.97,
    "volume" : 17763.00
  }, {
    "date" : "2026-02-04",
    "price" : 471.05,
    "dma50" : 481.35,
    "dma100" : 506.80,
    "dma200" : 533.34,
    "volume" : 14605.00
  }, {
    "date" : "2026-02-05",
    "price" : 461.10,
    "dma50" : 480.55,
    "dma100" : 505.82,
    "dma200" : 532.62,
    "volume" : 16198.00
  }, {
    "date" : "2026-02-06",
    "price" : 459.80,
    "dma50" : 479.74,
    "dma100" : 504.88,
    "dma200" : 531.90,
    "volume" : 8696.00
  }, {
    "date" : "2026-02-09",
    "price" : 493.90,
    "dma50" : 480.29,
    "dma100" : 504.28,
    "dma200" : 531.52,
    "volume" : 31855.00
  }, {
    "date" : "2026-02-10",
    "price" : 535.15,
    "dma50" : 482.44,
    "dma100" : 504.10,
    "dma200" : 531.56,
    "volume" : 92666.00
  }, {
    "date" : "2026-02-11",
    "price" : 528.85,
    "dma50" : 484.26,
    "dma100" : 503.83,
    "dma200" : 531.53,
    "volume" : 23457.00
  }, {
    "date" : "2026-02-12",
    "price" : 615.80,
    "dma50" : 489.42,
    "dma100" : 504.45,
    "dma200" : 532.37,
    "volume" : 1617611.00
  }, {
    "date" : "2026-02-13",
    "price" : 654.30,
    "dma50" : 495.89,
    "dma100" : 505.45,
    "dma200" : 533.58,
    "volume" : 765333.00
  } ],
  "latestTechnicalAttributes" : {
    "date" : "2026-02-13",
    "price" : 654.30,
    "dma50" : 495.89,
    "dma100" : 505.45,
    "dma200" : 533.58,
    "volume" : 765333.00
  },
  "quarterlyResults" : [ {
    "date" : "2005-03-31",
    "sales" : 7.77,
    "salesGrowthYoY" : null,
    "grossProfitMargin" : 17.89,
    "grossProfit" : 1.39,
    "operatingProfitMargin" : -4.25,
    "operatingProfit" : -0.33,
    "netProfitMargin" : -6.31,
    "netProfit" : -0.49
  }, {
    "date" : "2005-06-30",
    "sales" : 12.89,
    "salesGrowthYoY" : null,
    "grossProfitMargin" : 33.67,
    "grossProfit" : 4.34,
    "operatingProfitMargin" : 6.83,
    "operatingProfit" : 0.88,
    "netProfitMargin" : 5.59,
    "netProfit" : 0.72
  }, {
    "date" : "2005-09-30",
    "sales" : 15.39,
    "salesGrowthYoY" : null,
    "grossProfitMargin" : 34.76,
    "grossProfit" : 5.35,
    "operatingProfitMargin" : 10.79,
    "operatingProfit" : 1.66,
    "netProfitMargin" : 9.36,
    "netProfit" : 1.44
  }, {
    "date" : "2005-12-31",
    "sales" : 15.99,
    "salesGrowthYoY" : null,
    "grossProfitMargin" : 49.34,
    "grossProfit" : 7.89,
    "operatingProfitMargin" : 9.07,
    "operatingProfit" : 1.45,
    "netProfitMargin" : 8.19,
    "netProfit" : 1.31
  }, {
    "date" : "2006-03-31",
    "sales" : 12.10,
    "salesGrowthYoY" : 55.73,
    "grossProfitMargin" : 21.24,
    "grossProfit" : 2.57,
    "operatingProfitMargin" : 4.46,
    "operatingProfit" : 0.54,
    "netProfitMargin" : 0.33,
    "netProfit" : 0.04
  }, {
    "date" : "2006-06-30",
    "sales" : 16.22,
    "salesGrowthYoY" : 25.83,
    "grossProfitMargin" : 38.16,
    "grossProfit" : 6.19,
    "operatingProfitMargin" : 9.56,
    "operatingProfit" : 1.55,
    "netProfitMargin" : 7.71,
    "netProfit" : 1.25
  }, {
    "date" : "2006-09-30",
    "sales" : 19.69,
    "salesGrowthYoY" : 27.94,
    "grossProfitMargin" : 39.97,
    "grossProfit" : 7.87,
    "operatingProfitMargin" : 9.55,
    "operatingProfit" : 1.88,
    "netProfitMargin" : 7.97,
    "netProfit" : 1.57
  }, {
    "date" : "2006-12-31",
    "sales" : 18.14,
    "salesGrowthYoY" : 13.45,
    "grossProfitMargin" : 51.32,
    "grossProfit" : 9.31,
    "operatingProfitMargin" : 9.87,
    "operatingProfit" : 1.79,
    "netProfitMargin" : 7.72,
    "netProfit" : 1.40
  }, {
    "date" : "2007-03-31",
    "sales" : 11.35,
    "salesGrowthYoY" : -6.20,
    "grossProfitMargin" : 47.05,
    "grossProfit" : 5.34,
    "operatingProfitMargin" : 6.08,
    "operatingProfit" : 0.69,
    "netProfitMargin" : 0.88,
    "netProfit" : 0.10
  }, {
    "date" : "2007-06-30",
    "sales" : 17.83,
    "salesGrowthYoY" : 9.93,
    "grossProfitMargin" : 44.70,
    "grossProfit" : 7.97,
    "operatingProfitMargin" : 10.32,
    "operatingProfit" : 1.84,
    "netProfitMargin" : 8.36,
    "netProfit" : 1.49
  }, {
    "date" : "2007-09-30",
    "sales" : 20.87,
    "salesGrowthYoY" : 5.99,
    "grossProfitMargin" : 48.30,
    "grossProfit" : 10.08,
    "operatingProfitMargin" : 11.45,
    "operatingProfit" : 2.39,
    "netProfitMargin" : 9.73,
    "netProfit" : 2.03
  }, {
    "date" : "2007-12-31",
    "sales" : 22.38,
    "salesGrowthYoY" : 23.37,
    "grossProfitMargin" : 35.70,
    "grossProfit" : 7.99,
    "operatingProfitMargin" : 14.12,
    "operatingProfit" : 3.16,
    "netProfitMargin" : 12.91,
    "netProfit" : 2.89
  }, {
    "date" : "2008-03-31",
    "sales" : 26.04,
    "salesGrowthYoY" : 129.43,
    "grossProfitMargin" : 22.81,
    "grossProfit" : 5.94,
    "operatingProfitMargin" : 0.23,
    "operatingProfit" : 0.06,
    "netProfitMargin" : 0.35,
    "netProfit" : 0.09
  }, {
    "date" : "2008-06-30",
    "sales" : 28.93,
    "salesGrowthYoY" : 62.25,
    "grossProfitMargin" : 34.43,
    "grossProfit" : 9.96,
    "operatingProfitMargin" : 6.67,
    "operatingProfit" : 1.93,
    "netProfitMargin" : 5.39,
    "netProfit" : 1.56
  }, {
    "date" : "2008-09-30",
    "sales" : 35.79,
    "salesGrowthYoY" : 71.49,
    "grossProfitMargin" : 35.09,
    "grossProfit" : 12.56,
    "operatingProfitMargin" : 10.37,
    "operatingProfit" : 3.71,
    "netProfitMargin" : 8.27,
    "netProfit" : 2.96
  }, {
    "date" : "2008-12-31",
    "sales" : 27.97,
    "salesGrowthYoY" : 24.98,
    "grossProfitMargin" : 40.04,
    "grossProfit" : 11.20,
    "operatingProfitMargin" : 10.87,
    "operatingProfit" : 3.04,
    "netProfitMargin" : 10.48,
    "netProfit" : 2.93
  }, {
    "date" : "2009-03-31",
    "sales" : 21.75,
    "salesGrowthYoY" : -16.47,
    "grossProfitMargin" : 44.14,
    "grossProfit" : 9.60,
    "operatingProfitMargin" : 4.46,
    "operatingProfit" : 0.97,
    "netProfitMargin" : -1.79,
    "netProfit" : -0.39
  }, {
    "date" : "2009-06-30",
    "sales" : 30.86,
    "salesGrowthYoY" : 6.67,
    "grossProfitMargin" : 37.20,
    "grossProfit" : 11.48,
    "operatingProfitMargin" : 9.27,
    "operatingProfit" : 2.86,
    "netProfitMargin" : 6.68,
    "netProfit" : 2.06
  }, {
    "date" : "2009-09-30",
    "sales" : 31.98,
    "salesGrowthYoY" : -10.65,
    "grossProfitMargin" : 43.43,
    "grossProfit" : 13.89,
    "operatingProfitMargin" : 10.01,
    "operatingProfit" : 3.20,
    "netProfitMargin" : 8.69,
    "netProfit" : 2.78
  }, {
    "date" : "2009-12-31",
    "sales" : 33.59,
    "salesGrowthYoY" : 20.09,
    "grossProfitMargin" : 41.20,
    "grossProfit" : 13.84,
    "operatingProfitMargin" : 6.67,
    "operatingProfit" : 2.24,
    "netProfitMargin" : 6.52,
    "netProfit" : 2.19
  }, {
    "date" : "2010-03-31",
    "sales" : 29.47,
    "salesGrowthYoY" : 35.49,
    "grossProfitMargin" : 43.81,
    "grossProfit" : 12.91,
    "operatingProfitMargin" : 4.89,
    "operatingProfit" : 1.44,
    "netProfitMargin" : 2.85,
    "netProfit" : 0.84
  }, {
    "date" : "2010-06-30",
    "sales" : 32.47,
    "salesGrowthYoY" : 5.22,
    "grossProfitMargin" : 40.81,
    "grossProfit" : 13.25,
    "operatingProfitMargin" : 8.75,
    "operatingProfit" : 2.84,
    "netProfitMargin" : 6.34,
    "netProfit" : 2.06
  }, {
    "date" : "2010-09-30",
    "sales" : 44.57,
    "salesGrowthYoY" : 39.37,
    "grossProfitMargin" : 37.83,
    "grossProfit" : 16.86,
    "operatingProfitMargin" : 10.34,
    "operatingProfit" : 4.61,
    "netProfitMargin" : 6.17,
    "netProfit" : 2.75
  }, {
    "date" : "2010-12-31",
    "sales" : 40.62,
    "salesGrowthYoY" : 20.93,
    "grossProfitMargin" : 35.75,
    "grossProfit" : 14.52,
    "operatingProfitMargin" : 4.09,
    "operatingProfit" : 1.66,
    "netProfitMargin" : 1.87,
    "netProfit" : 0.76
  }, {
    "date" : "2011-03-31",
    "sales" : 57.33,
    "salesGrowthYoY" : 94.54,
    "grossProfitMargin" : 30.40,
    "grossProfit" : 17.43,
    "operatingProfitMargin" : 3.00,
    "operatingProfit" : 1.72,
    "netProfitMargin" : -1.64,
    "netProfit" : -0.94
  }, {
    "date" : "2011-06-30",
    "sales" : 35.10,
    "salesGrowthYoY" : 8.10,
    "grossProfitMargin" : 43.87,
    "grossProfit" : 15.40,
    "operatingProfitMargin" : 8.58,
    "operatingProfit" : 3.01,
    "netProfitMargin" : 5.56,
    "netProfit" : 1.95
  }, {
    "date" : "2011-09-30",
    "sales" : 47.09,
    "salesGrowthYoY" : 5.65,
    "grossProfitMargin" : 39.67,
    "grossProfit" : 18.68,
    "operatingProfitMargin" : 14.57,
    "operatingProfit" : 6.86,
    "netProfitMargin" : 4.10,
    "netProfit" : 1.93
  }, {
    "date" : "2011-12-31",
    "sales" : 53.71,
    "salesGrowthYoY" : 32.23,
    "grossProfitMargin" : 35.19,
    "grossProfit" : 18.90,
    "operatingProfitMargin" : 5.44,
    "operatingProfit" : 2.92,
    "netProfitMargin" : 0.84,
    "netProfit" : 0.45
  }, {
    "date" : "2012-03-31",
    "sales" : 41.79,
    "salesGrowthYoY" : -27.11,
    "grossProfitMargin" : 31.01,
    "grossProfit" : 12.96,
    "operatingProfitMargin" : 7.87,
    "operatingProfit" : 3.29,
    "netProfitMargin" : 1.82,
    "netProfit" : 0.76
  }, {
    "date" : "2012-06-30",
    "sales" : 30.22,
    "salesGrowthYoY" : -13.90,
    "grossProfitMargin" : 47.98,
    "grossProfit" : 14.50,
    "operatingProfitMargin" : 10.06,
    "operatingProfit" : 3.04,
    "netProfitMargin" : 3.71,
    "netProfit" : 1.12
  }, {
    "date" : "2012-09-30",
    "sales" : 53.69,
    "salesGrowthYoY" : 14.02,
    "grossProfitMargin" : 33.58,
    "grossProfit" : 18.03,
    "operatingProfitMargin" : 11.86,
    "operatingProfit" : 6.37,
    "netProfitMargin" : 6.59,
    "netProfit" : 3.54
  }, {
    "date" : "2012-12-31",
    "sales" : 49.68,
    "salesGrowthYoY" : -7.50,
    "grossProfitMargin" : 33.49,
    "grossProfit" : 16.64,
    "operatingProfitMargin" : 6.90,
    "operatingProfit" : 3.43,
    "netProfitMargin" : 3.97,
    "netProfit" : 1.97
  }, {
    "date" : "2013-03-31",
    "sales" : 59.37,
    "salesGrowthYoY" : 42.07,
    "grossProfitMargin" : 27.51,
    "grossProfit" : 16.33,
    "operatingProfitMargin" : 9.65,
    "operatingProfit" : 5.73,
    "netProfitMargin" : 5.36,
    "netProfit" : 3.18
  }, {
    "date" : "2013-06-30",
    "sales" : 39.24,
    "salesGrowthYoY" : 29.85,
    "grossProfitMargin" : 40.14,
    "grossProfit" : 15.75,
    "operatingProfitMargin" : 10.98,
    "operatingProfit" : 4.31,
    "netProfitMargin" : 8.92,
    "netProfit" : 3.50
  }, {
    "date" : "2013-09-30",
    "sales" : 55.53,
    "salesGrowthYoY" : 3.43,
    "grossProfitMargin" : 32.90,
    "grossProfit" : 18.27,
    "operatingProfitMargin" : 9.13,
    "operatingProfit" : 5.07,
    "netProfitMargin" : 6.34,
    "netProfit" : 3.52
  }, {
    "date" : "2013-12-31",
    "sales" : 51.98,
    "salesGrowthYoY" : 4.63,
    "grossProfitMargin" : 31.84,
    "grossProfit" : 16.55,
    "operatingProfitMargin" : 13.51,
    "operatingProfit" : 7.02,
    "netProfitMargin" : 7.37,
    "netProfit" : 3.83
  }, {
    "date" : "2014-03-31",
    "sales" : 63.15,
    "salesGrowthYoY" : 6.37,
    "grossProfitMargin" : 23.97,
    "grossProfit" : 15.14,
    "operatingProfitMargin" : 6.02,
    "operatingProfit" : 3.80,
    "netProfitMargin" : 0.92,
    "netProfit" : 0.58
  }, {
    "date" : "2014-06-30",
    "sales" : 48.34,
    "salesGrowthYoY" : 23.19,
    "grossProfitMargin" : 40.22,
    "grossProfit" : 19.44,
    "operatingProfitMargin" : 14.81,
    "operatingProfit" : 7.16,
    "netProfitMargin" : 7.96,
    "netProfit" : 3.85
  }, {
    "date" : "2014-09-30",
    "sales" : 59.79,
    "salesGrowthYoY" : 7.67,
    "grossProfitMargin" : 40.56,
    "grossProfit" : 24.25,
    "operatingProfitMargin" : 16.61,
    "operatingProfit" : 9.93,
    "netProfitMargin" : 10.39,
    "netProfit" : 6.21
  }, {
    "date" : "2014-12-31",
    "sales" : 59.29,
    "salesGrowthYoY" : 14.06,
    "grossProfitMargin" : 34.36,
    "grossProfit" : 20.37,
    "operatingProfitMargin" : 9.45,
    "operatingProfit" : 5.60,
    "netProfitMargin" : 4.72,
    "netProfit" : 2.80
  }, {
    "date" : "2015-03-31",
    "sales" : 61.18,
    "salesGrowthYoY" : -3.12,
    "grossProfitMargin" : 34.28,
    "grossProfit" : 20.97,
    "operatingProfitMargin" : 9.41,
    "operatingProfit" : 5.76,
    "netProfitMargin" : 3.12,
    "netProfit" : 1.91
  }, {
    "date" : "2015-06-30",
    "sales" : 60.67,
    "salesGrowthYoY" : 25.51,
    "grossProfitMargin" : 43.07,
    "grossProfit" : 26.13,
    "operatingProfitMargin" : 16.30,
    "operatingProfit" : 9.89,
    "netProfitMargin" : 10.02,
    "netProfit" : 6.08
  }, {
    "date" : "2015-09-30",
    "sales" : 78.85,
    "salesGrowthYoY" : 31.88,
    "grossProfitMargin" : 36.89,
    "grossProfit" : 29.09,
    "operatingProfitMargin" : 11.63,
    "operatingProfit" : 9.17,
    "netProfitMargin" : 6.89,
    "netProfit" : 5.43
  }, {
    "date" : "2015-12-31",
    "sales" : 82.69,
    "salesGrowthYoY" : 39.47,
    "grossProfitMargin" : 33.64,
    "grossProfit" : 27.82,
    "operatingProfitMargin" : 12.75,
    "operatingProfit" : 10.54,
    "netProfitMargin" : 6.22,
    "netProfit" : 5.14
  }, {
    "date" : "2016-03-31",
    "sales" : 86.89,
    "salesGrowthYoY" : 42.02,
    "grossProfitMargin" : 25.79,
    "grossProfit" : 22.41,
    "operatingProfitMargin" : 1.37,
    "operatingProfit" : 1.19,
    "netProfitMargin" : 5.87,
    "netProfit" : 5.10
  }, {
    "date" : "2016-06-30",
    "sales" : 76.11,
    "salesGrowthYoY" : 25.45,
    "grossProfitMargin" : 45.82,
    "grossProfit" : 34.87,
    "operatingProfitMargin" : 17.38,
    "operatingProfit" : 13.23,
    "netProfitMargin" : 13.94,
    "netProfit" : 10.61
  }, {
    "date" : "2016-09-30",
    "sales" : 69.82,
    "salesGrowthYoY" : -11.45,
    "grossProfitMargin" : 50.13,
    "grossProfit" : 35.00,
    "operatingProfitMargin" : 13.55,
    "operatingProfit" : 9.46,
    "netProfitMargin" : 11.36,
    "netProfit" : 7.93
  }, {
    "date" : "2016-12-31",
    "sales" : 62.81,
    "salesGrowthYoY" : -24.04,
    "grossProfitMargin" : 45.50,
    "grossProfit" : 28.58,
    "operatingProfitMargin" : 9.38,
    "operatingProfit" : 5.89,
    "netProfitMargin" : 7.98,
    "netProfit" : 5.01
  }, {
    "date" : "2017-03-31",
    "sales" : 87.85,
    "salesGrowthYoY" : 1.10,
    "grossProfitMargin" : 28.99,
    "grossProfit" : 25.47,
    "operatingProfitMargin" : 7.14,
    "operatingProfit" : 6.27,
    "netProfitMargin" : 4.38,
    "netProfit" : 3.85
  }, {
    "date" : "2017-06-30",
    "sales" : 87.19,
    "salesGrowthYoY" : 14.56,
    "grossProfitMargin" : 34.51,
    "grossProfit" : 30.09,
    "operatingProfitMargin" : 6.68,
    "operatingProfit" : 5.82,
    "netProfitMargin" : 5.16,
    "netProfit" : 4.50
  }, {
    "date" : "2017-09-30",
    "sales" : 85.64,
    "salesGrowthYoY" : 22.66,
    "grossProfitMargin" : 46.72,
    "grossProfit" : 40.01,
    "operatingProfitMargin" : 15.17,
    "operatingProfit" : 12.99,
    "netProfitMargin" : 11.60,
    "netProfit" : 9.93
  }, {
    "date" : "2017-12-31",
    "sales" : 75.56,
    "salesGrowthYoY" : 20.30,
    "grossProfitMargin" : 54.29,
    "grossProfit" : 41.02,
    "operatingProfitMargin" : 19.48,
    "operatingProfit" : 14.72,
    "netProfitMargin" : 14.73,
    "netProfit" : 11.13
  }, {
    "date" : "2018-03-31",
    "sales" : 72.50,
    "salesGrowthYoY" : -17.47,
    "grossProfitMargin" : 53.27,
    "grossProfit" : 38.62,
    "operatingProfitMargin" : 11.53,
    "operatingProfit" : 8.36,
    "netProfitMargin" : 9.92,
    "netProfit" : 7.19
  }, {
    "date" : "2018-06-30",
    "sales" : 96.63,
    "salesGrowthYoY" : 10.83,
    "grossProfitMargin" : 53.66,
    "grossProfit" : 51.85,
    "operatingProfitMargin" : 22.43,
    "operatingProfit" : 21.67,
    "netProfitMargin" : 16.14,
    "netProfit" : 15.60
  }, {
    "date" : "2018-09-30",
    "sales" : 97.95,
    "salesGrowthYoY" : 14.37,
    "grossProfitMargin" : 46.08,
    "grossProfit" : 45.14,
    "operatingProfitMargin" : 16.44,
    "operatingProfit" : 16.10,
    "netProfitMargin" : 14.71,
    "netProfit" : 14.41
  }, {
    "date" : "2018-12-31",
    "sales" : 81.00,
    "salesGrowthYoY" : 7.20,
    "grossProfitMargin" : 53.51,
    "grossProfit" : 43.34,
    "operatingProfitMargin" : 16.05,
    "operatingProfit" : 13.00,
    "netProfitMargin" : 11.67,
    "netProfit" : 9.45
  }, {
    "date" : "2019-03-31",
    "sales" : 77.46,
    "salesGrowthYoY" : 6.84,
    "grossProfitMargin" : 46.01,
    "grossProfit" : 35.64,
    "operatingProfitMargin" : 12.34,
    "operatingProfit" : 9.56,
    "netProfitMargin" : 9.27,
    "netProfit" : 7.18
  }, {
    "date" : "2019-06-30",
    "sales" : 94.59,
    "salesGrowthYoY" : -2.11,
    "grossProfitMargin" : 52.82,
    "grossProfit" : 49.96,
    "operatingProfitMargin" : 18.45,
    "operatingProfit" : 17.45,
    "netProfitMargin" : 12.86,
    "netProfit" : 12.16
  }, {
    "date" : "2019-09-30",
    "sales" : 110.60,
    "salesGrowthYoY" : 12.91,
    "grossProfitMargin" : 48.33,
    "grossProfit" : 53.45,
    "operatingProfitMargin" : 20.44,
    "operatingProfit" : 22.61,
    "netProfitMargin" : 16.27,
    "netProfit" : 17.99
  }, {
    "date" : "2019-12-31",
    "sales" : 95.64,
    "salesGrowthYoY" : 18.07,
    "grossProfitMargin" : 48.35,
    "grossProfit" : 46.24,
    "operatingProfitMargin" : 12.08,
    "operatingProfit" : 11.55,
    "netProfitMargin" : 10.64,
    "netProfit" : 10.18
  }, {
    "date" : "2020-03-31",
    "sales" : 75.26,
    "salesGrowthYoY" : -2.84,
    "grossProfitMargin" : 52.68,
    "grossProfit" : 39.65,
    "operatingProfitMargin" : 10.30,
    "operatingProfit" : 7.75,
    "netProfitMargin" : 12.26,
    "netProfit" : 9.23
  }, {
    "date" : "2020-06-30",
    "sales" : 101.03,
    "salesGrowthYoY" : 6.81,
    "grossProfitMargin" : 48.30,
    "grossProfit" : 48.80,
    "operatingProfitMargin" : 20.24,
    "operatingProfit" : 20.45,
    "netProfitMargin" : 14.84,
    "netProfit" : 14.99
  }, {
    "date" : "2020-09-30",
    "sales" : 122.29,
    "salesGrowthYoY" : 10.57,
    "grossProfitMargin" : 50.36,
    "grossProfit" : 61.59,
    "operatingProfitMargin" : 22.73,
    "operatingProfit" : 27.80,
    "netProfitMargin" : 16.52,
    "netProfit" : 20.20
  }, {
    "date" : "2020-12-31",
    "sales" : 114.63,
    "salesGrowthYoY" : 19.86,
    "grossProfitMargin" : 46.31,
    "grossProfit" : 53.09,
    "operatingProfitMargin" : 17.42,
    "operatingProfit" : 19.97,
    "netProfitMargin" : 11.77,
    "netProfit" : 13.49
  }, {
    "date" : "2021-03-31",
    "sales" : 79.56,
    "salesGrowthYoY" : 5.71,
    "grossProfitMargin" : 68.75,
    "grossProfit" : 54.70,
    "operatingProfitMargin" : 19.39,
    "operatingProfit" : 15.43,
    "netProfitMargin" : 15.80,
    "netProfit" : 12.57
  }, {
    "date" : "2021-06-30",
    "sales" : 119.74,
    "salesGrowthYoY" : 18.52,
    "grossProfitMargin" : 51.11,
    "grossProfit" : 61.20,
    "operatingProfitMargin" : 20.04,
    "operatingProfit" : 24.00,
    "netProfitMargin" : 14.51,
    "netProfit" : 17.37
  }, {
    "date" : "2021-09-30",
    "sales" : 127.47,
    "salesGrowthYoY" : 4.24,
    "grossProfitMargin" : 52.95,
    "grossProfit" : 67.50,
    "operatingProfitMargin" : 22.96,
    "operatingProfit" : 29.27,
    "netProfitMargin" : 18.07,
    "netProfit" : 23.03
  }, {
    "date" : "2021-12-31",
    "sales" : 119.88,
    "salesGrowthYoY" : 4.58,
    "grossProfitMargin" : 53.44,
    "grossProfit" : 64.06,
    "operatingProfitMargin" : 19.56,
    "operatingProfit" : 23.45,
    "netProfitMargin" : 14.68,
    "netProfit" : 17.60
  }, {
    "date" : "2022-03-31",
    "sales" : 102.54,
    "salesGrowthYoY" : 28.88,
    "grossProfitMargin" : 55.70,
    "grossProfit" : 57.11,
    "operatingProfitMargin" : 17.01,
    "operatingProfit" : 17.44,
    "netProfitMargin" : 10.75,
    "netProfit" : 11.02
  }, {
    "date" : "2022-06-30",
    "sales" : 123.47,
    "salesGrowthYoY" : 3.12,
    "grossProfitMargin" : 50.28,
    "grossProfit" : 62.08,
    "operatingProfitMargin" : 13.70,
    "operatingProfit" : 16.92,
    "netProfitMargin" : 12.16,
    "netProfit" : 15.01
  }, {
    "date" : "2022-09-30",
    "sales" : 140.61,
    "salesGrowthYoY" : 10.31,
    "grossProfitMargin" : 51.93,
    "grossProfit" : 73.02,
    "operatingProfitMargin" : 20.55,
    "operatingProfit" : 28.90,
    "netProfitMargin" : 16.86,
    "netProfit" : 23.71
  }, {
    "date" : "2022-12-31",
    "sales" : 133.77,
    "salesGrowthYoY" : 11.59,
    "grossProfitMargin" : 52.22,
    "grossProfit" : 69.85,
    "operatingProfitMargin" : 20.00,
    "operatingProfit" : 26.75,
    "netProfitMargin" : 16.15,
    "netProfit" : 21.60
  }, {
    "date" : "2023-03-31",
    "sales" : 112.46,
    "salesGrowthYoY" : 9.67,
    "grossProfitMargin" : 56.87,
    "grossProfit" : 63.96,
    "operatingProfitMargin" : 14.75,
    "operatingProfit" : 16.59,
    "netProfitMargin" : 11.17,
    "netProfit" : 12.56
  }, {
    "date" : "2023-06-30",
    "sales" : 135.62,
    "salesGrowthYoY" : 9.84,
    "grossProfitMargin" : 52.92,
    "grossProfit" : 71.77,
    "operatingProfitMargin" : 15.27,
    "operatingProfit" : 20.71,
    "netProfitMargin" : 14.02,
    "netProfit" : 19.01
  }, {
    "date" : "2023-09-30",
    "sales" : 155.99,
    "salesGrowthYoY" : 10.94,
    "grossProfitMargin" : 52.68,
    "grossProfit" : 82.18,
    "operatingProfitMargin" : 19.97,
    "operatingProfit" : 31.15,
    "netProfitMargin" : 17.73,
    "netProfit" : 27.66
  }, {
    "date" : "2023-12-31",
    "sales" : 146.45,
    "salesGrowthYoY" : 9.48,
    "grossProfitMargin" : 54.19,
    "grossProfit" : 79.36,
    "operatingProfitMargin" : 20.25,
    "operatingProfit" : 29.66,
    "netProfitMargin" : 19.15,
    "netProfit" : 28.05
  }, {
    "date" : "2024-03-31",
    "sales" : 142.49,
    "salesGrowthYoY" : 26.70,
    "grossProfitMargin" : 48.36,
    "grossProfit" : 68.91,
    "operatingProfitMargin" : 12.90,
    "operatingProfit" : 18.38,
    "netProfitMargin" : 13.05,
    "netProfit" : 18.59
  }, {
    "date" : "2024-06-30",
    "sales" : 147.28,
    "salesGrowthYoY" : 8.60,
    "grossProfitMargin" : 52.31,
    "grossProfit" : 77.04,
    "operatingProfitMargin" : 15.43,
    "operatingProfit" : 22.73,
    "netProfitMargin" : 16.07,
    "netProfit" : 23.67
  }, {
    "date" : "2024-09-30",
    "sales" : 161.21,
    "salesGrowthYoY" : 3.35,
    "grossProfitMargin" : 55.15,
    "grossProfit" : 88.91,
    "operatingProfitMargin" : 17.60,
    "operatingProfit" : 28.37,
    "netProfitMargin" : 16.33,
    "netProfit" : 26.33
  }, {
    "date" : "2024-12-31",
    "sales" : 146.55,
    "salesGrowthYoY" : 0.07,
    "grossProfitMargin" : 53.16,
    "grossProfit" : 77.91,
    "operatingProfitMargin" : 16.15,
    "operatingProfit" : 23.67,
    "netProfitMargin" : 14.17,
    "netProfit" : 20.77
  }, {
    "date" : "2025-03-31",
    "sales" : 168.18,
    "salesGrowthYoY" : 18.03,
    "grossProfitMargin" : 52.34,
    "grossProfit" : 88.03,
    "operatingProfitMargin" : 15.89,
    "operatingProfit" : 26.72,
    "netProfitMargin" : 6.89,
    "netProfit" : 11.59
  }, {
    "date" : "2025-06-30",
    "sales" : 154.07,
    "salesGrowthYoY" : 4.61,
    "grossProfitMargin" : 54.97,
    "grossProfit" : 84.69,
    "operatingProfitMargin" : 15.45,
    "operatingProfit" : 23.80,
    "netProfitMargin" : 17.97,
    "netProfit" : 27.69
  }, {
    "date" : "2025-09-30",
    "sales" : 163.36,
    "salesGrowthYoY" : 1.33,
    "grossProfitMargin" : 53.02,
    "grossProfit" : 86.61,
    "operatingProfitMargin" : 15.57,
    "operatingProfit" : 25.44,
    "netProfitMargin" : 12.23,
    "netProfit" : 19.98
  }, {
    "date" : "2025-12-31",
    "sales" : 166.32,
    "salesGrowthYoY" : 13.49,
    "grossProfitMargin" : 54.33,
    "grossProfit" : 90.36,
    "operatingProfitMargin" : 14.18,
    "operatingProfit" : 23.58,
    "netProfitMargin" : 17.20,
    "netProfit" : 28.61
  } ],
  "latestQuarterlyResult" : {
    "date" : "2025-12-31",
    "sales" : 166.32,
    "salesGrowthYoY" : 13.49,
    "grossProfitMargin" : 54.33,
    "grossProfit" : 90.36,
    "operatingProfitMargin" : 14.18,
    "operatingProfit" : 23.58,
    "netProfitMargin" : 17.20,
    "netProfit" : 28.61
  },
  "companyScore" : {
    "priceHigherThanDma50" : 5.00,
    "priceHigherThanDma100" : 5.00,
    "priceHigherThanDma200" : 5.00,
    "dma50HigherThanDma100" : 0.00,
    "dma50HigherThanDma200" : 0.00,
    "dma100HigherThanDma200" : 0.00,
    "pricePercentageAboveDma50" : 3.40,
    "pricePercentageAboveDma100" : 3.53,
    "pricePercentageAboveDma200" : 3.87,
    "weeklyVolumeHigherThanYearlyVolume" : 5.00,
    "salesGrowthPercentile" : 11.50,
    "operatingProfitMarginPercentile" : 13.55,
    "netProfitMarginPercentile" : 9.52,
    "totalTechnicalScore" : 30.80,
    "totalFundamentalScore" : 34.57,
    "totalScore" : 65.37
  }
}