{
  "metadata" : {
    "screenerCompanyId" : "1902",
    "companyCode" : "LLOYDSME",
    "companyName" : "Lloyds Metals",
    "screenerCompanyLink" : "https://www.screener.in/company/LLOYDSME/consolidated/",
    "screenerTechnicalHistoryLink" : "https://www.screener.in/api/company/1902/chart/?q=Price-DMA50-DMA200-Volume&days=365",
    "screenerQuarterlyResultsLink" : "https://www.screener.in/api/company/1902/chart/?q=GPM-OPM-NPM-Quarter+Sales&days=10000",
    "attributes" : {
      "companyCode" : "LLOYDSME",
      "companyName" : "Lloyds Metals",
      "marketCap" : 68374.00,
      "peRatio" : 37.90,
      "description" : "Lloyds Metals & Energy is into the business of manufacturing of Sponge Iron, Power generation and mining activities.[1]"
    },
    "companyScore" : {
      "priceHigherThanDma50" : 0.00,
      "priceHigherThanDma100" : 0.00,
      "priceHigherThanDma200" : 5.00,
      "dma50HigherThanDma100" : 0.00,
      "dma50HigherThanDma200" : 5.00,
      "dma100HigherThanDma200" : 5.00,
      "pricePercentageAboveDma50" : 5.01,
      "pricePercentageAboveDma100" : 5.06,
      "pricePercentageAboveDma200" : 4.97,
      "weeklyVolumeHigherThanYearlyVolume" : 5.00,
      "salesGrowthPercentile" : 15.70,
      "operatingProfitMarginPercentile" : 19.56,
      "netProfitMarginPercentile" : 9.52,
      "totalTechnicalScore" : 35.04,
      "totalFundamentalScore" : 44.77,
      "totalScore" : 79.82
    }
  },
  "attributes" : {
    "companyCode" : "LLOYDSME",
    "companyName" : "Lloyds Metals",
    "marketCap" : 68374.00,
    "peRatio" : 37.90,
    "description" : "Lloyds Metals & Energy is into the business of manufacturing of Sponge Iron, Power generation and mining activities.[1]"
  },
  "technicalHistory" : [ {
    "date" : "2024-12-31",
    "price" : 1231.85,
    "dma50" : 1053.18,
    "dma100" : null,
    "dma200" : 856.24,
    "volume" : 546116.00
  }, {
    "date" : "2025-01-01",
    "price" : 1263.00,
    "dma50" : 1061.41,
    "dma100" : null,
    "dma200" : 860.28,
    "volume" : 964359.00
  }, {
    "date" : "2025-01-02",
    "price" : 1340.75,
    "dma50" : 1072.37,
    "dma100" : null,
    "dma200" : 865.06,
    "volume" : 2186980.00
  }, {
    "date" : "2025-01-03",
    "price" : 1441.25,
    "dma50" : 1086.83,
    "dma100" : null,
    "dma200" : 870.80,
    "volume" : 3428913.00
  }, {
    "date" : "2025-01-06",
    "price" : 1384.35,
    "dma50" : 1098.50,
    "dma100" : null,
    "dma200" : 875.91,
    "volume" : 1858907.00
  }, {
    "date" : "2025-01-07",
    "price" : 1420.90,
    "dma50" : 1111.14,
    "dma100" : null,
    "dma200" : 881.33,
    "volume" : 800970.00
  }, {
    "date" : "2025-01-08",
    "price" : 1427.30,
    "dma50" : 1123.54,
    "dma100" : null,
    "dma200" : 886.76,
    "volume" : 568008.00
  }, {
    "date" : "2025-01-09",
    "price" : 1435.75,
    "dma50" : 1135.79,
    "dma100" : null,
    "dma200" : 892.22,
    "volume" : 882095.00
  }, {
    "date" : "2025-01-10",
    "price" : 1449.65,
    "dma50" : 1148.09,
    "dma100" : null,
    "dma200" : 897.77,
    "volume" : 1347124.00
  }, {
    "date" : "2025-01-13",
    "price" : 1371.40,
    "dma50" : 1156.85,
    "dma100" : null,
    "dma200" : 902.48,
    "volume" : 941016.00
  }, {
    "date" : "2025-01-14",
    "price" : 1418.60,
    "dma50" : 1167.12,
    "dma100" : null,
    "dma200" : 907.62,
    "volume" : 475415.00
  }, {
    "date" : "2025-01-15",
    "price" : 1432.75,
    "dma50" : 1177.53,
    "dma100" : null,
    "dma200" : 912.84,
    "volume" : 558840.00
  }, {
    "date" : "2025-01-16",
    "price" : 1434.50,
    "dma50" : 1187.61,
    "dma100" : null,
    "dma200" : 918.04,
    "volume" : 699545.00
  }, {
    "date" : "2025-01-17",
    "price" : 1423.55,
    "dma50" : 1196.86,
    "dma100" : null,
    "dma200" : 923.07,
    "volume" : 269435.00
  }, {
    "date" : "2025-01-20",
    "price" : 1396.10,
    "dma50" : 1204.68,
    "dma100" : null,
    "dma200" : 927.77,
    "volume" : 278322.00
  }, {
    "date" : "2025-01-21",
    "price" : 1414.15,
    "dma50" : 1212.89,
    "dma100" : null,
    "dma200" : 932.61,
    "volume" : 476291.00
  }, {
    "date" : "2025-01-22",
    "price" : 1378.40,
    "dma50" : 1219.38,
    "dma100" : null,
    "dma200" : 937.05,
    "volume" : 1022576.00
  }, {
    "date" : "2025-01-23",
    "price" : 1391.20,
    "dma50" : 1226.12,
    "dma100" : null,
    "dma200" : 941.57,
    "volume" : 387914.00
  }, {
    "date" : "2025-01-24",
    "price" : 1375.20,
    "dma50" : 1231.97,
    "dma100" : null,
    "dma200" : 945.88,
    "volume" : 287120.00
  }, {
    "date" : "2025-01-27",
    "price" : 1294.55,
    "dma50" : 1234.42,
    "dma100" : null,
    "dma200" : 949.35,
    "volume" : 736299.00
  }, {
    "date" : "2025-01-28",
    "price" : 1231.70,
    "dma50" : 1234.31,
    "dma100" : null,
    "dma200" : 952.16,
    "volume" : 1819155.00
  }, {
    "date" : "2025-01-29",
    "price" : 1257.95,
    "dma50" : 1235.24,
    "dma100" : null,
    "dma200" : 955.20,
    "volume" : 855222.00
  }, {
    "date" : "2025-01-30",
    "price" : 1248.60,
    "dma50" : 1235.76,
    "dma100" : null,
    "dma200" : 958.12,
    "volume" : 412039.00
  }, {
    "date" : "2025-01-31",
    "price" : 1239.10,
    "dma50" : 1235.89,
    "dma100" : null,
    "dma200" : 960.92,
    "volume" : 424471.00
  }, {
    "date" : "2025-02-01",
    "price" : 1227.95,
    "dma50" : 1235.58,
    "dma100" : null,
    "dma200" : 963.57,
    "volume" : 218393.00
  }, {
    "date" : "2025-02-03",
    "price" : 1157.60,
    "dma50" : 1232.52,
    "dma100" : null,
    "dma200" : 965.51,
    "volume" : 561779.00
  }, {
    "date" : "2025-02-04",
    "price" : 1195.25,
    "dma50" : 1231.06,
    "dma100" : null,
    "dma200" : 967.79,
    "volume" : 956575.00
  }, {
    "date" : "2025-02-05",
    "price" : 1184.55,
    "dma50" : 1229.24,
    "dma100" : null,
    "dma200" : 969.95,
    "volume" : 748884.00
  }, {
    "date" : "2025-02-06",
    "price" : 1204.00,
    "dma50" : 1228.25,
    "dma100" : null,
    "dma200" : 972.28,
    "volume" : 486180.00
  }, {
    "date" : "2025-02-07",
    "price" : 1222.85,
    "dma50" : 1228.04,
    "dma100" : null,
    "dma200" : 974.77,
    "volume" : 396563.00
  }, {
    "date" : "2025-02-10",
    "price" : 1175.20,
    "dma50" : 1225.97,
    "dma100" : null,
    "dma200" : 976.76,
    "volume" : 286541.00
  }, {
    "date" : "2025-02-11",
    "price" : 1137.90,
    "dma50" : 1222.51,
    "dma100" : null,
    "dma200" : 978.37,
    "volume" : 610303.00
  }, {
    "date" : "2025-02-12",
    "price" : 1181.05,
    "dma50" : 1220.89,
    "dma100" : null,
    "dma200" : 980.38,
    "volume" : 702504.00
  }, {
    "date" : "2025-02-13",
    "price" : 1192.20,
    "dma50" : 1219.76,
    "dma100" : null,
    "dma200" : 982.49,
    "volume" : 456059.00
  }, {
    "date" : "2025-02-14",
    "price" : 1136.50,
    "dma50" : 1216.50,
    "dma100" : null,
    "dma200" : 984.02,
    "volume" : 639944.00
  }, {
    "date" : "2025-02-17",
    "price" : 1129.75,
    "dma50" : 1213.09,
    "dma100" : null,
    "dma200" : 985.47,
    "volume" : 449120.00
  }, {
    "date" : "2025-02-18",
    "price" : 1138.00,
    "dma50" : 1210.15,
    "dma100" : null,
    "dma200" : 986.99,
    "volume" : 464975.00
  }, {
    "date" : "2025-02-19",
    "price" : 1171.90,
    "dma50" : 1208.65,
    "dma100" : null,
    "dma200" : 988.83,
    "volume" : 311126.00
  }, {
    "date" : "2025-02-20",
    "price" : 1193.10,
    "dma50" : 1208.04,
    "dma100" : null,
    "dma200" : 990.86,
    "volume" : 374461.00
  }, {
    "date" : "2025-02-21",
    "price" : 1193.55,
    "dma50" : 1207.47,
    "dma100" : null,
    "dma200" : 992.88,
    "volume" : 318453.00
  }, {
    "date" : "2025-02-24",
    "price" : 1146.65,
    "dma50" : 1205.09,
    "dma100" : null,
    "dma200" : 994.41,
    "volume" : 391947.00
  }, {
    "date" : "2025-02-25",
    "price" : 1123.95,
    "dma50" : 1201.90,
    "dma100" : null,
    "dma200" : 995.70,
    "volume" : 343883.00
  }, {
    "date" : "2025-02-27",
    "price" : 1058.00,
    "dma50" : 1196.26,
    "dma100" : null,
    "dma200" : 996.32,
    "volume" : 567944.00
  }, {
    "date" : "2025-02-28",
    "price" : 1021.10,
    "dma50" : 1189.39,
    "dma100" : null,
    "dma200" : 996.57,
    "volume" : 737743.00
  }, {
    "date" : "2025-03-03",
    "price" : 983.10,
    "dma50" : 1181.30,
    "dma100" : null,
    "dma200" : 996.43,
    "volume" : 657505.00
  }, {
    "date" : "2025-03-04",
    "price" : 970.60,
    "dma50" : 1173.04,
    "dma100" : null,
    "dma200" : 996.18,
    "volume" : 592867.00
  }, {
    "date" : "2025-03-05",
    "price" : 1027.80,
    "dma50" : 1167.34,
    "dma100" : null,
    "dma200" : 996.49,
    "volume" : 815814.00
  }, {
    "date" : "2025-03-06",
    "price" : 1103.60,
    "dma50" : 1164.84,
    "dma100" : null,
    "dma200" : 997.56,
    "volume" : 1102419.00
  }, {
    "date" : "2025-03-07",
    "price" : 1151.70,
    "dma50" : 1164.33,
    "dma100" : null,
    "dma200" : 999.09,
    "volume" : 857778.00
  }, {
    "date" : "2025-03-10",
    "price" : 1155.65,
    "dma50" : 1163.99,
    "dma100" : null,
    "dma200" : 1000.65,
    "volume" : 592690.00
  }, {
    "date" : "2025-03-11",
    "price" : 1143.45,
    "dma50" : 1163.18,
    "dma100" : null,
    "dma200" : 1002.07,
    "volume" : 457469.00
  }, {
    "date" : "2025-03-12",
    "price" : 1114.25,
    "dma50" : 1161.26,
    "dma100" : null,
    "dma200" : 1003.19,
    "volume" : 283776.00
  }, {
    "date" : "2025-03-13",
    "price" : 1121.80,
    "dma50" : 1159.72,
    "dma100" : null,
    "dma200" : 1004.37,
    "volume" : 233719.00
  }, {
    "date" : "2025-03-17",
    "price" : 1123.95,
    "dma50" : 1158.31,
    "dma100" : null,
    "dma200" : 1005.56,
    "volume" : 204780.00
  }, {
    "date" : "2025-03-18",
    "price" : 1196.10,
    "dma50" : 1159.80,
    "dma100" : null,
    "dma200" : 1007.45,
    "volume" : 595156.00
  }, {
    "date" : "2025-03-19",
    "price" : 1249.45,
    "dma50" : 1163.31,
    "dma100" : null,
    "dma200" : 1009.86,
    "volume" : 614200.00
  }, {
    "date" : "2025-03-20",
    "price" : 1256.90,
    "dma50" : 1166.98,
    "dma100" : null,
    "dma200" : 1012.32,
    "volume" : 782046.00
  }, {
    "date" : "2025-03-21",
    "price" : 1312.15,
    "dma50" : 1172.67,
    "dma100" : null,
    "dma200" : 1015.30,
    "volume" : 1057150.00
  }, {
    "date" : "2025-03-24",
    "price" : 1305.80,
    "dma50" : 1177.89,
    "dma100" : null,
    "dma200" : 1018.19,
    "volume" : 520571.00
  }, {
    "date" : "2025-03-25",
    "price" : 1279.20,
    "dma50" : 1181.87,
    "dma100" : null,
    "dma200" : 1020.79,
    "volume" : 423051.00
  }, {
    "date" : "2025-03-26",
    "price" : 1266.20,
    "dma50" : 1185.17,
    "dma100" : null,
    "dma200" : 1023.23,
    "volume" : 290126.00
  }, {
    "date" : "2025-03-27",
    "price" : 1288.15,
    "dma50" : 1189.21,
    "dma100" : null,
    "dma200" : 1025.87,
    "volume" : 348778.00
  }, {
    "date" : "2025-03-28",
    "price" : 1287.25,
    "dma50" : 1193.06,
    "dma100" : null,
    "dma200" : 1028.47,
    "volume" : 439126.00
  }, {
    "date" : "2025-04-01",
    "price" : 1276.85,
    "dma50" : 1196.34,
    "dma100" : null,
    "dma200" : 1030.94,
    "volume" : 442234.00
  }, {
    "date" : "2025-04-02",
    "price" : 1329.80,
    "dma50" : 1201.58,
    "dma100" : null,
    "dma200" : 1033.91,
    "volume" : 882483.00
  }, {
    "date" : "2025-04-03",
    "price" : 1320.45,
    "dma50" : 1206.24,
    "dma100" : null,
    "dma200" : 1036.76,
    "volume" : 423381.00
  }, {
    "date" : "2025-04-04",
    "price" : 1239.80,
    "dma50" : 1207.55,
    "dma100" : null,
    "dma200" : 1038.78,
    "volume" : 610718.00
  }, {
    "date" : "2025-04-07",
    "price" : 1118.30,
    "dma50" : 1204.05,
    "dma100" : null,
    "dma200" : 1039.57,
    "volume" : 1402736.00
  }, {
    "date" : "2025-04-08",
    "price" : 1194.95,
    "dma50" : 1203.70,
    "dma100" : null,
    "dma200" : 1041.12,
    "volume" : 600508.00
  }, {
    "date" : "2025-04-09",
    "price" : 1151.55,
    "dma50" : 1201.65,
    "dma100" : null,
    "dma200" : 1042.22,
    "volume" : 453703.00
  }, {
    "date" : "2025-04-11",
    "price" : 1197.35,
    "dma50" : 1201.48,
    "dma100" : null,
    "dma200" : 1043.76,
    "volume" : 532882.00
  }, {
    "date" : "2025-04-15",
    "price" : 1238.40,
    "dma50" : 1202.93,
    "dma100" : null,
    "dma200" : 1045.70,
    "volume" : 459138.00
  }, {
    "date" : "2025-04-16",
    "price" : 1284.10,
    "dma50" : 1206.11,
    "dma100" : null,
    "dma200" : 1048.07,
    "volume" : 401827.00
  }, {
    "date" : "2025-04-17",
    "price" : 1286.20,
    "dma50" : 1209.26,
    "dma100" : null,
    "dma200" : 1050.44,
    "volume" : 344127.00
  }, {
    "date" : "2025-04-21",
    "price" : 1289.50,
    "dma50" : 1212.40,
    "dma100" : null,
    "dma200" : 1052.82,
    "volume" : 407036.00
  }, {
    "date" : "2025-04-22",
    "price" : 1319.70,
    "dma50" : 1216.61,
    "dma100" : null,
    "dma200" : 1055.48,
    "volume" : 718963.00
  }, {
    "date" : "2025-04-23",
    "price" : 1317.70,
    "dma50" : 1220.57,
    "dma100" : null,
    "dma200" : 1058.08,
    "volume" : 367009.00
  }, {
    "date" : "2025-04-24",
    "price" : 1326.80,
    "dma50" : 1224.74,
    "dma100" : null,
    "dma200" : 1060.76,
    "volume" : 452809.00
  }, {
    "date" : "2025-04-25",
    "price" : 1280.60,
    "dma50" : 1226.93,
    "dma100" : null,
    "dma200" : 1062.95,
    "volume" : 570961.00
  }, {
    "date" : "2025-04-28",
    "price" : 1239.80,
    "dma50" : 1227.44,
    "dma100" : null,
    "dma200" : 1064.71,
    "volume" : 994426.00
  }, {
    "date" : "2025-04-29",
    "price" : 1203.20,
    "dma50" : 1226.48,
    "dma100" : null,
    "dma200" : 1066.08,
    "volume" : 466496.00
  }, {
    "date" : "2025-04-30",
    "price" : 1203.20,
    "dma50" : 1225.57,
    "dma100" : null,
    "dma200" : 1067.45,
    "volume" : 348760.00
  }, {
    "date" : "2025-05-02",
    "price" : 1193.50,
    "dma50" : 1224.31,
    "dma100" : null,
    "dma200" : 1068.70,
    "volume" : 353069.00
  }, {
    "date" : "2025-05-05",
    "price" : 1229.70,
    "dma50" : 1224.53,
    "dma100" : null,
    "dma200" : 1070.30,
    "volume" : 473480.00
  }, {
    "date" : "2025-05-06",
    "price" : 1209.10,
    "dma50" : 1223.92,
    "dma100" : null,
    "dma200" : 1071.69,
    "volume" : 217774.00
  }, {
    "date" : "2025-05-07",
    "price" : 1225.00,
    "dma50" : 1223.96,
    "dma100" : null,
    "dma200" : 1073.21,
    "volume" : 576215.00
  }, {
    "date" : "2025-05-08",
    "price" : 1197.30,
    "dma50" : 1222.92,
    "dma100" : null,
    "dma200" : 1074.45,
    "volume" : 219325.00
  }, {
    "date" : "2025-05-09",
    "price" : 1175.50,
    "dma50" : 1221.06,
    "dma100" : null,
    "dma200" : 1075.45,
    "volume" : 373916.00
  }, {
    "date" : "2025-05-12",
    "price" : 1263.00,
    "dma50" : 1222.70,
    "dma100" : null,
    "dma200" : 1077.32,
    "volume" : 493120.00
  }, {
    "date" : "2025-05-13",
    "price" : 1267.00,
    "dma50" : 1224.44,
    "dma100" : null,
    "dma200" : 1079.20,
    "volume" : 385621.00
  }, {
    "date" : "2025-05-14",
    "price" : 1330.80,
    "dma50" : 1228.61,
    "dma100" : null,
    "dma200" : 1081.71,
    "volume" : 698550.00
  }, {
    "date" : "2025-05-15",
    "price" : 1314.30,
    "dma50" : 1231.97,
    "dma100" : null,
    "dma200" : 1084.02,
    "volume" : 550699.00
  }, {
    "date" : "2025-05-16",
    "price" : 1306.60,
    "dma50" : 1234.90,
    "dma100" : null,
    "dma200" : 1086.24,
    "volume" : 416043.00
  }, {
    "date" : "2025-05-19",
    "price" : 1330.90,
    "dma50" : 1238.66,
    "dma100" : null,
    "dma200" : 1088.67,
    "volume" : 969614.00
  }, {
    "date" : "2025-05-20",
    "price" : 1325.80,
    "dma50" : 1242.08,
    "dma100" : null,
    "dma200" : 1091.03,
    "volume" : 759931.00
  }, {
    "date" : "2025-05-21",
    "price" : 1321.00,
    "dma50" : 1245.17,
    "dma100" : null,
    "dma200" : 1093.32,
    "volume" : 307566.00
  }, {
    "date" : "2025-05-22",
    "price" : 1329.40,
    "dma50" : 1248.48,
    "dma100" : null,
    "dma200" : 1095.67,
    "volume" : 300247.00
  }, {
    "date" : "2025-05-23",
    "price" : 1339.20,
    "dma50" : 1252.04,
    "dma100" : null,
    "dma200" : 1098.09,
    "volume" : 828899.00
  }, {
    "date" : "2025-05-26",
    "price" : 1349.00,
    "dma50" : 1255.84,
    "dma100" : null,
    "dma200" : 1100.59,
    "volume" : 405492.00
  }, {
    "date" : "2025-05-27",
    "price" : 1357.50,
    "dma50" : 1259.82,
    "dma100" : null,
    "dma200" : 1103.14,
    "volume" : 601587.00
  }, {
    "date" : "2025-05-28",
    "price" : 1356.10,
    "dma50" : 1263.60,
    "dma100" : 1252.38,
    "dma200" : 1105.66,
    "volume" : 291430.00
  }, {
    "date" : "2025-05-29",
    "price" : 1413.50,
    "dma50" : 1269.48,
    "dma100" : 1253.88,
    "dma200" : 1108.72,
    "volume" : 961546.00
  }, {
    "date" : "2025-05-30",
    "price" : 1393.10,
    "dma50" : 1274.33,
    "dma100" : 1254.41,
    "dma200" : 1111.55,
    "volume" : 457783.00
  }, {
    "date" : "2025-06-02",
    "price" : 1353.50,
    "dma50" : 1277.43,
    "dma100" : 1253.53,
    "dma200" : 1113.96,
    "volume" : 558772.00
  }, {
    "date" : "2025-06-03",
    "price" : 1442.10,
    "dma50" : 1283.89,
    "dma100" : 1254.11,
    "dma200" : 1117.23,
    "volume" : 1469965.00
  }, {
    "date" : "2025-06-04",
    "price" : 1500.00,
    "dma50" : 1292.36,
    "dma100" : 1254.90,
    "dma200" : 1121.04,
    "volume" : 1487672.00
  }, {
    "date" : "2025-06-05",
    "price" : 1527.60,
    "dma50" : 1301.59,
    "dma100" : 1255.90,
    "dma200" : 1125.08,
    "volume" : 625741.00
  }, {
    "date" : "2025-06-06",
    "price" : 1458.90,
    "dma50" : 1307.76,
    "dma100" : 1256.13,
    "dma200" : 1128.40,
    "volume" : 681164.00
  }, {
    "date" : "2025-06-09",
    "price" : 1492.40,
    "dma50" : 1315.00,
    "dma100" : 1256.56,
    "dma200" : 1132.02,
    "volume" : 537632.00
  }, {
    "date" : "2025-06-10",
    "price" : 1507.90,
    "dma50" : 1322.56,
    "dma100" : 1257.92,
    "dma200" : 1135.76,
    "volume" : 407369.00
  }, {
    "date" : "2025-06-11",
    "price" : 1507.40,
    "dma50" : 1329.81,
    "dma100" : 1258.81,
    "dma200" : 1139.46,
    "volume" : 409440.00
  }, {
    "date" : "2025-06-12",
    "price" : 1496.10,
    "dma50" : 1336.33,
    "dma100" : 1259.45,
    "dma200" : 1143.01,
    "volume" : 380336.00
  }, {
    "date" : "2025-06-13",
    "price" : 1486.90,
    "dma50" : 1342.24,
    "dma100" : 1259.97,
    "dma200" : 1146.43,
    "volume" : 401412.00
  }, {
    "date" : "2025-06-16",
    "price" : 1518.40,
    "dma50" : 1349.15,
    "dma100" : 1260.92,
    "dma200" : 1150.13,
    "volume" : 517067.00
  }, {
    "date" : "2025-06-17",
    "price" : 1524.60,
    "dma50" : 1356.03,
    "dma100" : 1262.20,
    "dma200" : 1153.86,
    "volume" : 781685.00
  }, {
    "date" : "2025-06-18",
    "price" : 1503.10,
    "dma50" : 1361.79,
    "dma100" : 1263.09,
    "dma200" : 1157.33,
    "volume" : 297554.00
  }, {
    "date" : "2025-06-19",
    "price" : 1467.60,
    "dma50" : 1365.94,
    "dma100" : 1263.98,
    "dma200" : 1160.42,
    "volume" : 308989.00
  }, {
    "date" : "2025-06-20",
    "price" : 1467.90,
    "dma50" : 1369.94,
    "dma100" : 1264.75,
    "dma200" : 1163.48,
    "volume" : 1356665.00
  }, {
    "date" : "2025-06-23",
    "price" : 1502.20,
    "dma50" : 1375.13,
    "dma100" : 1266.02,
    "dma200" : 1166.85,
    "volume" : 296309.00
  }, {
    "date" : "2025-06-24",
    "price" : 1526.40,
    "dma50" : 1381.06,
    "dma100" : 1268.34,
    "dma200" : 1170.43,
    "volume" : 714371.00
  }, {
    "date" : "2025-06-25",
    "price" : 1522.20,
    "dma50" : 1386.60,
    "dma100" : 1271.25,
    "dma200" : 1173.93,
    "volume" : 412017.00
  }, {
    "date" : "2025-06-26",
    "price" : 1548.00,
    "dma50" : 1392.92,
    "dma100" : 1274.15,
    "dma200" : 1177.65,
    "volume" : 1555018.00
  }, {
    "date" : "2025-06-27",
    "price" : 1548.40,
    "dma50" : 1399.02,
    "dma100" : 1277.14,
    "dma200" : 1181.34,
    "volume" : 945209.00
  }, {
    "date" : "2025-06-30",
    "price" : 1588.90,
    "dma50" : 1406.47,
    "dma100" : 1280.64,
    "dma200" : 1185.40,
    "volume" : 1015998.00
  }, {
    "date" : "2025-07-01",
    "price" : 1580.40,
    "dma50" : 1413.29,
    "dma100" : 1284.17,
    "dma200" : 1189.33,
    "volume" : 539208.00
  }, {
    "date" : "2025-07-02",
    "price" : 1525.10,
    "dma50" : 1417.67,
    "dma100" : 1287.84,
    "dma200" : 1192.67,
    "volume" : 619843.00
  }, {
    "date" : "2025-07-03",
    "price" : 1531.20,
    "dma50" : 1422.13,
    "dma100" : 1291.20,
    "dma200" : 1196.04,
    "volume" : 346735.00
  }, {
    "date" : "2025-07-04",
    "price" : 1553.70,
    "dma50" : 1427.29,
    "dma100" : 1294.89,
    "dma200" : 1199.59,
    "volume" : 405937.00
  }, {
    "date" : "2025-07-07",
    "price" : 1528.70,
    "dma50" : 1431.26,
    "dma100" : 1298.14,
    "dma200" : 1202.87,
    "volume" : 223341.00
  }, {
    "date" : "2025-07-08",
    "price" : 1488.30,
    "dma50" : 1433.50,
    "dma100" : 1300.79,
    "dma200" : 1205.71,
    "volume" : 504750.00
  }, {
    "date" : "2025-07-09",
    "price" : 1480.20,
    "dma50" : 1435.33,
    "dma100" : 1303.84,
    "dma200" : 1208.44,
    "volume" : 535596.00
  }, {
    "date" : "2025-07-10",
    "price" : 1522.50,
    "dma50" : 1438.75,
    "dma100" : 1307.69,
    "dma200" : 1211.57,
    "volume" : 586315.00
  }, {
    "date" : "2025-07-11",
    "price" : 1488.90,
    "dma50" : 1440.72,
    "dma100" : 1310.77,
    "dma200" : 1214.33,
    "volume" : 297300.00
  }, {
    "date" : "2025-07-14",
    "price" : 1478.30,
    "dma50" : 1442.19,
    "dma100" : 1313.63,
    "dma200" : 1216.95,
    "volume" : 273811.00
  }, {
    "date" : "2025-07-15",
    "price" : 1478.50,
    "dma50" : 1443.61,
    "dma100" : 1317.05,
    "dma200" : 1219.55,
    "volume" : 207889.00
  }, {
    "date" : "2025-07-16",
    "price" : 1488.40,
    "dma50" : 1445.37,
    "dma100" : 1320.64,
    "dma200" : 1222.23,
    "volume" : 177774.00
  }, {
    "date" : "2025-07-17",
    "price" : 1472.10,
    "dma50" : 1446.42,
    "dma100" : 1323.98,
    "dma200" : 1224.72,
    "volume" : 176507.00
  }, {
    "date" : "2025-07-18",
    "price" : 1472.60,
    "dma50" : 1447.44,
    "dma100" : 1326.98,
    "dma200" : 1227.18,
    "volume" : 203439.00
  }, {
    "date" : "2025-07-21",
    "price" : 1529.40,
    "dma50" : 1450.66,
    "dma100" : 1330.35,
    "dma200" : 1230.19,
    "volume" : 612918.00
  }, {
    "date" : "2025-07-22",
    "price" : 1530.80,
    "dma50" : 1453.80,
    "dma100" : 1333.72,
    "dma200" : 1233.18,
    "volume" : 454820.00
  }, {
    "date" : "2025-07-23",
    "price" : 1526.80,
    "dma50" : 1456.66,
    "dma100" : 1337.52,
    "dma200" : 1236.10,
    "volume" : 143714.00
  }, {
    "date" : "2025-07-24",
    "price" : 1533.40,
    "dma50" : 1459.67,
    "dma100" : 1341.62,
    "dma200" : 1239.06,
    "volume" : 242853.00
  }, {
    "date" : "2025-07-25",
    "price" : 1504.30,
    "dma50" : 1461.42,
    "dma100" : 1346.08,
    "dma200" : 1241.70,
    "volume" : 330208.00
  }, {
    "date" : "2025-07-28",
    "price" : 1470.50,
    "dma50" : 1461.78,
    "dma100" : 1350.57,
    "dma200" : 1243.98,
    "volume" : 231944.00
  }, {
    "date" : "2025-07-29",
    "price" : 1484.10,
    "dma50" : 1462.65,
    "dma100" : 1355.58,
    "dma200" : 1246.37,
    "volume" : 367294.00
  }, {
    "date" : "2025-07-30",
    "price" : 1518.20,
    "dma50" : 1464.83,
    "dma100" : 1361.06,
    "dma200" : 1249.07,
    "volume" : 296667.00
  }, {
    "date" : "2025-07-31",
    "price" : 1504.70,
    "dma50" : 1466.40,
    "dma100" : 1365.83,
    "dma200" : 1251.61,
    "volume" : 472305.00
  }, {
    "date" : "2025-08-01",
    "price" : 1445.60,
    "dma50" : 1465.58,
    "dma100" : 1369.25,
    "dma200" : 1253.54,
    "volume" : 317326.00
  }, {
    "date" : "2025-08-04",
    "price" : 1474.60,
    "dma50" : 1465.93,
    "dma100" : 1372.48,
    "dma200" : 1255.74,
    "volume" : 133913.00
  }, {
    "date" : "2025-08-05",
    "price" : 1451.10,
    "dma50" : 1465.35,
    "dma100" : 1375.43,
    "dma200" : 1257.69,
    "volume" : 214367.00
  }, {
    "date" : "2025-08-06",
    "price" : 1455.90,
    "dma50" : 1464.98,
    "dma100" : 1378.56,
    "dma200" : 1259.66,
    "volume" : 230541.00
  }, {
    "date" : "2025-08-07",
    "price" : 1430.70,
    "dma50" : 1463.64,
    "dma100" : 1381.72,
    "dma200" : 1261.36,
    "volume" : 217129.00
  }, {
    "date" : "2025-08-08",
    "price" : 1400.30,
    "dma50" : 1461.15,
    "dma100" : 1384.50,
    "dma200" : 1262.74,
    "volume" : 205804.00
  }, {
    "date" : "2025-08-11",
    "price" : 1389.90,
    "dma50" : 1458.36,
    "dma100" : 1387.16,
    "dma200" : 1264.01,
    "volume" : 379846.00
  }, {
    "date" : "2025-08-12",
    "price" : 1380.80,
    "dma50" : 1455.32,
    "dma100" : 1389.01,
    "dma200" : 1265.17,
    "volume" : 216719.00
  }, {
    "date" : "2025-08-13",
    "price" : 1412.70,
    "dma50" : 1453.65,
    "dma100" : 1390.64,
    "dma200" : 1266.64,
    "volume" : 792214.00
  }, {
    "date" : "2025-08-14",
    "price" : 1398.70,
    "dma50" : 1451.49,
    "dma100" : 1392.06,
    "dma200" : 1267.95,
    "volume" : 267838.00
  }, {
    "date" : "2025-08-18",
    "price" : 1379.30,
    "dma50" : 1448.66,
    "dma100" : 1392.73,
    "dma200" : 1269.06,
    "volume" : 428254.00
  }, {
    "date" : "2025-08-19",
    "price" : 1397.20,
    "dma50" : 1446.64,
    "dma100" : 1393.65,
    "dma200" : 1270.34,
    "volume" : 306566.00
  }, {
    "date" : "2025-08-20",
    "price" : 1417.00,
    "dma50" : 1445.48,
    "dma100" : 1395.03,
    "dma200" : 1271.80,
    "volume" : 690530.00
  }, {
    "date" : "2025-08-21",
    "price" : 1392.60,
    "dma50" : 1443.41,
    "dma100" : 1396.29,
    "dma200" : 1273.00,
    "volume" : 327031.00
  }, {
    "date" : "2025-08-22",
    "price" : 1353.70,
    "dma50" : 1439.89,
    "dma100" : 1396.94,
    "dma200" : 1273.80,
    "volume" : 327288.00
  }, {
    "date" : "2025-08-25",
    "price" : 1340.90,
    "dma50" : 1436.01,
    "dma100" : 1397.48,
    "dma200" : 1274.47,
    "volume" : 309220.00
  }, {
    "date" : "2025-08-26",
    "price" : 1308.50,
    "dma50" : 1431.01,
    "dma100" : 1397.80,
    "dma200" : 1274.81,
    "volume" : 255231.00
  }, {
    "date" : "2025-08-28",
    "price" : 1306.50,
    "dma50" : 1426.12,
    "dma100" : 1397.56,
    "dma200" : 1275.12,
    "volume" : 333065.00
  }, {
    "date" : "2025-08-29",
    "price" : 1288.80,
    "dma50" : 1420.74,
    "dma100" : 1397.25,
    "dma200" : 1275.26,
    "volume" : 273481.00
  }, {
    "date" : "2025-09-01",
    "price" : 1328.00,
    "dma50" : 1417.10,
    "dma100" : 1398.13,
    "dma200" : 1275.78,
    "volume" : 372969.00
  }, {
    "date" : "2025-09-02",
    "price" : 1318.00,
    "dma50" : 1413.22,
    "dma100" : 1400.13,
    "dma200" : 1276.20,
    "volume" : 195223.00
  }, {
    "date" : "2025-09-03",
    "price" : 1336.90,
    "dma50" : 1410.22,
    "dma100" : 1401.55,
    "dma200" : 1276.81,
    "volume" : 326210.00
  }, {
    "date" : "2025-09-04",
    "price" : 1298.20,
    "dma50" : 1405.83,
    "dma100" : 1403.01,
    "dma200" : 1277.02,
    "volume" : 265493.00
  }, {
    "date" : "2025-09-05",
    "price" : 1293.40,
    "dma50" : 1401.42,
    "dma100" : 1403.97,
    "dma200" : 1277.18,
    "volume" : 167904.00
  }, {
    "date" : "2025-09-08",
    "price" : 1302.90,
    "dma50" : 1397.56,
    "dma100" : 1404.62,
    "dma200" : 1277.44,
    "volume" : 246338.00
  }, {
    "date" : "2025-09-09",
    "price" : 1316.10,
    "dma50" : 1394.36,
    "dma100" : 1404.94,
    "dma200" : 1277.82,
    "volume" : 438785.00
  }, {
    "date" : "2025-09-10",
    "price" : 1314.70,
    "dma50" : 1391.24,
    "dma100" : 1405.22,
    "dma200" : 1278.19,
    "volume" : 227536.00
  }, {
    "date" : "2025-09-11",
    "price" : 1303.00,
    "dma50" : 1387.78,
    "dma100" : 1405.36,
    "dma200" : 1278.44,
    "volume" : 140632.00
  }, {
    "date" : "2025-09-12",
    "price" : 1296.50,
    "dma50" : 1384.20,
    "dma100" : 1405.13,
    "dma200" : 1278.62,
    "volume" : 203861.00
  }, {
    "date" : "2025-09-15",
    "price" : 1322.40,
    "dma50" : 1381.78,
    "dma100" : 1405.17,
    "dma200" : 1279.05,
    "volume" : 317374.00
  }, {
    "date" : "2025-09-16",
    "price" : 1313.70,
    "dma50" : 1379.11,
    "dma100" : 1405.04,
    "dma200" : 1279.40,
    "volume" : 160357.00
  }, {
    "date" : "2025-09-17",
    "price" : 1340.30,
    "dma50" : 1377.58,
    "dma100" : 1405.64,
    "dma200" : 1280.00,
    "volume" : 356238.00
  }, {
    "date" : "2025-09-18",
    "price" : 1333.50,
    "dma50" : 1375.86,
    "dma100" : 1406.58,
    "dma200" : 1280.54,
    "volume" : 251329.00
  }, {
    "date" : "2025-09-19",
    "price" : 1328.50,
    "dma50" : 1374.00,
    "dma100" : 1407.83,
    "dma200" : 1281.01,
    "volume" : 246066.00
  }, {
    "date" : "2025-09-22",
    "price" : 1313.30,
    "dma50" : 1371.62,
    "dma100" : 1408.93,
    "dma200" : 1281.33,
    "volume" : 229878.00
  }, {
    "date" : "2025-09-23",
    "price" : 1318.00,
    "dma50" : 1369.52,
    "dma100" : 1410.18,
    "dma200" : 1281.70,
    "volume" : 170511.00
  }, {
    "date" : "2025-09-24",
    "price" : 1302.80,
    "dma50" : 1366.90,
    "dma100" : 1410.91,
    "dma200" : 1281.91,
    "volume" : 141790.00
  }, {
    "date" : "2025-09-25",
    "price" : 1276.60,
    "dma50" : 1363.36,
    "dma100" : 1411.58,
    "dma200" : 1281.86,
    "volume" : 282110.00
  }, {
    "date" : "2025-09-26",
    "price" : 1246.00,
    "dma50" : 1358.76,
    "dma100" : 1411.79,
    "dma200" : 1281.50,
    "volume" : 274163.00
  }, {
    "date" : "2025-09-29",
    "price" : 1256.00,
    "dma50" : 1354.73,
    "dma100" : 1412.38,
    "dma200" : 1281.25,
    "volume" : 233791.00
  }, {
    "date" : "2025-09-30",
    "price" : 1225.00,
    "dma50" : 1349.64,
    "dma100" : 1412.87,
    "dma200" : 1280.69,
    "volume" : 696859.00
  }, {
    "date" : "2025-10-01",
    "price" : 1235.90,
    "dma50" : 1345.18,
    "dma100" : 1412.60,
    "dma200" : 1280.24,
    "volume" : 267436.00
  }, {
    "date" : "2025-10-03",
    "price" : 1312.30,
    "dma50" : 1343.89,
    "dma100" : 1413.06,
    "dma200" : 1280.56,
    "volume" : 765187.00
  }, {
    "date" : "2025-10-06",
    "price" : 1311.60,
    "dma50" : 1342.62,
    "dma100" : 1412.86,
    "dma200" : 1280.87,
    "volume" : 420651.00
  }, {
    "date" : "2025-10-07",
    "price" : 1311.40,
    "dma50" : 1341.40,
    "dma100" : 1412.83,
    "dma200" : 1281.17,
    "volume" : 196592.00
  }, {
    "date" : "2025-10-08",
    "price" : 1295.90,
    "dma50" : 1339.61,
    "dma100" : 1412.73,
    "dma200" : 1281.32,
    "volume" : 398434.00
  }, {
    "date" : "2025-10-09",
    "price" : 1350.10,
    "dma50" : 1340.03,
    "dma100" : 1412.92,
    "dma200" : 1282.00,
    "volume" : 1106149.00
  }, {
    "date" : "2025-10-10",
    "price" : 1344.20,
    "dma50" : 1340.19,
    "dma100" : 1413.10,
    "dma200" : 1282.62,
    "volume" : 297843.00
  }, {
    "date" : "2025-10-13",
    "price" : 1317.30,
    "dma50" : 1339.29,
    "dma100" : 1413.07,
    "dma200" : 1282.97,
    "volume" : 236263.00
  }, {
    "date" : "2025-10-14",
    "price" : 1323.40,
    "dma50" : 1338.67,
    "dma100" : 1413.01,
    "dma200" : 1283.37,
    "volume" : 315306.00
  }, {
    "date" : "2025-10-15",
    "price" : 1342.60,
    "dma50" : 1338.82,
    "dma100" : 1413.04,
    "dma200" : 1283.96,
    "volume" : 245516.00
  }, {
    "date" : "2025-10-16",
    "price" : 1322.60,
    "dma50" : 1338.19,
    "dma100" : 1412.78,
    "dma200" : 1284.34,
    "volume" : 440587.00
  }, {
    "date" : "2025-10-17",
    "price" : 1323.40,
    "dma50" : 1337.61,
    "dma100" : 1412.44,
    "dma200" : 1284.73,
    "volume" : 199189.00
  }, {
    "date" : "2025-10-20",
    "price" : 1320.70,
    "dma50" : 1336.94,
    "dma100" : 1412.08,
    "dma200" : 1285.09,
    "volume" : 171121.00
  }, {
    "date" : "2025-10-21",
    "price" : 1350.60,
    "dma50" : 1337.48,
    "dma100" : 1411.45,
    "dma200" : 1285.74,
    "volume" : 234826.00
  }, {
    "date" : "2025-10-23",
    "price" : 1324.20,
    "dma50" : 1336.96,
    "dma100" : 1410.76,
    "dma200" : 1286.12,
    "volume" : 243850.00
  }, {
    "date" : "2025-10-24",
    "price" : 1336.30,
    "dma50" : 1336.93,
    "dma100" : 1410.59,
    "dma200" : 1286.62,
    "volume" : 235234.00
  }, {
    "date" : "2025-10-27",
    "price" : 1327.70,
    "dma50" : 1336.57,
    "dma100" : 1409.45,
    "dma200" : 1287.03,
    "volume" : 169612.00
  }, {
    "date" : "2025-10-28",
    "price" : 1319.00,
    "dma50" : 1335.88,
    "dma100" : 1407.64,
    "dma200" : 1287.35,
    "volume" : 164569.00
  }, {
    "date" : "2025-10-29",
    "price" : 1312.40,
    "dma50" : 1334.96,
    "dma100" : 1405.49,
    "dma200" : 1287.60,
    "volume" : 271864.00
  }, {
    "date" : "2025-10-30",
    "price" : 1319.90,
    "dma50" : 1334.37,
    "dma100" : 1404.10,
    "dma200" : 1287.92,
    "volume" : 276731.00
  }, {
    "date" : "2025-10-31",
    "price" : 1304.80,
    "dma50" : 1333.21,
    "dma100" : 1402.22,
    "dma200" : 1288.09,
    "volume" : 210778.00
  }, {
    "date" : "2025-11-03",
    "price" : 1320.80,
    "dma50" : 1332.72,
    "dma100" : 1400.35,
    "dma200" : 1288.41,
    "volume" : 349982.00
  }, {
    "date" : "2025-11-04",
    "price" : 1318.00,
    "dma50" : 1332.15,
    "dma100" : 1398.45,
    "dma200" : 1288.71,
    "volume" : 272186.00
  }, {
    "date" : "2025-11-06",
    "price" : 1314.50,
    "dma50" : 1331.45,
    "dma100" : 1396.64,
    "dma200" : 1288.97,
    "volume" : 296403.00
  }, {
    "date" : "2025-11-07",
    "price" : 1315.60,
    "dma50" : 1330.83,
    "dma100" : 1394.93,
    "dma200" : 1289.23,
    "volume" : 221907.00
  }, {
    "date" : "2025-11-10",
    "price" : 1319.60,
    "dma50" : 1330.39,
    "dma100" : 1392.94,
    "dma200" : 1289.53,
    "volume" : 162668.00
  }, {
    "date" : "2025-11-11",
    "price" : 1319.50,
    "dma50" : 1329.96,
    "dma100" : 1390.89,
    "dma200" : 1289.83,
    "volume" : 219703.00
  }, {
    "date" : "2025-11-12",
    "price" : 1316.90,
    "dma50" : 1329.45,
    "dma100" : 1389.02,
    "dma200" : 1290.10,
    "volume" : 594080.00
  }, {
    "date" : "2025-11-13",
    "price" : 1271.30,
    "dma50" : 1327.17,
    "dma100" : 1387.06,
    "dma200" : 1289.91,
    "volume" : 1573191.00
  }, {
    "date" : "2025-11-14",
    "price" : 1287.30,
    "dma50" : 1325.61,
    "dma100" : 1385.26,
    "dma200" : 1289.89,
    "volume" : 394128.00
  }, {
    "date" : "2025-11-17",
    "price" : 1259.20,
    "dma50" : 1323.00,
    "dma100" : 1382.83,
    "dma200" : 1289.58,
    "volume" : 386211.00
  }, {
    "date" : "2025-11-18",
    "price" : 1249.60,
    "dma50" : 1320.13,
    "dma100" : 1380.06,
    "dma200" : 1289.18,
    "volume" : 373772.00
  }, {
    "date" : "2025-11-19",
    "price" : 1264.80,
    "dma50" : 1317.96,
    "dma100" : 1377.48,
    "dma200" : 1288.94,
    "volume" : 331924.00
  }, {
    "date" : "2025-11-20",
    "price" : 1263.90,
    "dma50" : 1315.84,
    "dma100" : 1374.64,
    "dma200" : 1288.69,
    "volume" : 265452.00
  }, {
    "date" : "2025-11-21",
    "price" : 1223.00,
    "dma50" : 1312.20,
    "dma100" : 1371.39,
    "dma200" : 1288.04,
    "volume" : 279776.00
  }, {
    "date" : "2025-11-24",
    "price" : 1191.70,
    "dma50" : 1307.47,
    "dma100" : 1367.42,
    "dma200" : 1287.08,
    "volume" : 366407.00
  }, {
    "date" : "2025-11-25",
    "price" : 1188.80,
    "dma50" : 1302.82,
    "dma100" : 1363.50,
    "dma200" : 1286.10,
    "volume" : 289776.00
  }, {
    "date" : "2025-11-26",
    "price" : 1241.00,
    "dma50" : 1300.39,
    "dma100" : 1360.66,
    "dma200" : 1285.65,
    "volume" : 553674.00
  }, {
    "date" : "2025-11-27",
    "price" : 1228.90,
    "dma50" : 1297.59,
    "dma100" : 1357.64,
    "dma200" : 1285.09,
    "volume" : 398352.00
  }, {
    "date" : "2025-11-28",
    "price" : 1220.40,
    "dma50" : 1294.56,
    "dma100" : 1354.30,
    "dma200" : 1284.44,
    "volume" : 212238.00
  }, {
    "date" : "2025-12-01",
    "price" : 1219.70,
    "dma50" : 1291.63,
    "dma100" : 1351.21,
    "dma200" : 1283.80,
    "volume" : 224682.00
  }, {
    "date" : "2025-12-02",
    "price" : 1210.80,
    "dma50" : 1288.46,
    "dma100" : 1348.44,
    "dma200" : 1283.07,
    "volume" : 150935.00
  }, {
    "date" : "2025-12-03",
    "price" : 1204.20,
    "dma50" : 1285.15,
    "dma100" : 1345.68,
    "dma200" : 1282.29,
    "volume" : 143022.00
  }, {
    "date" : "2025-12-04",
    "price" : 1195.80,
    "dma50" : 1281.65,
    "dma100" : 1342.41,
    "dma200" : 1281.43,
    "volume" : 144798.00
  }, {
    "date" : "2025-12-05",
    "price" : 1220.30,
    "dma50" : 1279.24,
    "dma100" : 1339.73,
    "dma200" : 1280.82,
    "volume" : 200471.00
  }, {
    "date" : "2025-12-08",
    "price" : 1219.50,
    "dma50" : 1276.90,
    "dma100" : 1337.14,
    "dma200" : 1280.21,
    "volume" : 338639.00
  }, {
    "date" : "2025-12-09",
    "price" : 1240.00,
    "dma50" : 1275.45,
    "dma100" : 1334.75,
    "dma200" : 1279.81,
    "volume" : 379203.00
  }, {
    "date" : "2025-12-10",
    "price" : 1282.00,
    "dma50" : 1275.71,
    "dma100" : 1332.69,
    "dma200" : 1279.83,
    "volume" : 471392.00
  }, {
    "date" : "2025-12-11",
    "price" : 1280.20,
    "dma50" : 1275.89,
    "dma100" : 1330.77,
    "dma200" : 1279.84,
    "volume" : 388804.00
  }, {
    "date" : "2025-12-12",
    "price" : 1288.30,
    "dma50" : 1276.37,
    "dma100" : 1328.93,
    "dma200" : 1279.92,
    "volume" : 219525.00
  }, {
    "date" : "2025-12-15",
    "price" : 1288.00,
    "dma50" : 1276.83,
    "dma100" : 1326.51,
    "dma200" : 1280.00,
    "volume" : 393406.00
  }, {
    "date" : "2025-12-16",
    "price" : 1309.50,
    "dma50" : 1278.11,
    "dma100" : 1324.30,
    "dma200" : 1280.29,
    "volume" : 3599782.00
  }, {
    "date" : "2025-12-17",
    "price" : 1305.40,
    "dma50" : 1279.18,
    "dma100" : 1322.09,
    "dma200" : 1280.54,
    "volume" : 455836.00
  }, {
    "date" : "2025-12-18",
    "price" : 1309.90,
    "dma50" : 1280.38,
    "dma100" : 1319.85,
    "dma200" : 1280.84,
    "volume" : 2622473.00
  }, {
    "date" : "2025-12-19",
    "price" : 1300.90,
    "dma50" : 1281.19,
    "dma100" : 1317.82,
    "dma200" : 1281.04,
    "volume" : 583679.00
  }, {
    "date" : "2025-12-22",
    "price" : 1352.50,
    "dma50" : 1283.99,
    "dma100" : 1316.64,
    "dma200" : 1281.75,
    "volume" : 833965.00
  }, {
    "date" : "2025-12-23",
    "price" : 1389.20,
    "dma50" : 1288.11,
    "dma100" : 1315.69,
    "dma200" : 1282.82,
    "volume" : 770513.00
  }, {
    "date" : "2025-12-24",
    "price" : 1375.20,
    "dma50" : 1291.53,
    "dma100" : 1314.26,
    "dma200" : 1283.74,
    "volume" : 268849.00
  }, {
    "date" : "2025-12-26",
    "price" : 1369.80,
    "dma50" : 1294.60,
    "dma100" : 1312.91,
    "dma200" : 1284.59,
    "volume" : 193178.00
  }, {
    "date" : "2025-12-29",
    "price" : 1387.40,
    "dma50" : 1298.24,
    "dma100" : 1312.33,
    "dma200" : 1285.61,
    "volume" : 391639.00
  }, {
    "date" : "2025-12-30",
    "price" : 1294.30,
    "dma50" : 1298.08,
    "dma100" : 1310.52,
    "dma200" : 1285.70,
    "volume" : 2343238.00
  } ],
  "latestTechnicalAttributes" : {
    "date" : "2025-12-30",
    "price" : 1294.30,
    "dma50" : 1298.08,
    "dma100" : 1310.52,
    "dma200" : 1285.70,
    "volume" : 2343238.00
  },
  "quarterlyResults" : [ {
    "date" : "2005-03-31",
    "sales" : 51.34,
    "salesGrowthYoY" : null,
    "grossProfitMargin" : 15.58,
    "grossProfit" : 8.00,
    "operatingProfitMargin" : 8.71,
    "operatingProfit" : 4.47,
    "netProfitMargin" : -1.25,
    "netProfit" : -0.64
  }, {
    "date" : "2005-06-30",
    "sales" : 52.18,
    "salesGrowthYoY" : null,
    "grossProfitMargin" : 16.33,
    "grossProfit" : 8.52,
    "operatingProfitMargin" : 2.76,
    "operatingProfit" : 1.44,
    "netProfitMargin" : -5.71,
    "netProfit" : -2.98
  }, {
    "date" : "2005-09-30",
    "sales" : 51.04,
    "salesGrowthYoY" : null,
    "grossProfitMargin" : 13.68,
    "grossProfit" : 6.98,
    "operatingProfitMargin" : -1.47,
    "operatingProfit" : -0.75,
    "netProfitMargin" : -10.01,
    "netProfit" : -5.11
  }, {
    "date" : "2005-12-31",
    "sales" : 79.02,
    "salesGrowthYoY" : null,
    "grossProfitMargin" : 14.00,
    "grossProfit" : 11.06,
    "operatingProfitMargin" : 0.28,
    "operatingProfit" : 0.22,
    "netProfitMargin" : -6.02,
    "netProfit" : -4.76
  }, {
    "date" : "2006-03-31",
    "sales" : 71.78,
    "salesGrowthYoY" : 39.81,
    "grossProfitMargin" : 20.98,
    "grossProfit" : 15.06,
    "operatingProfitMargin" : -1.02,
    "operatingProfit" : -0.73,
    "netProfitMargin" : -8.08,
    "netProfit" : -5.80
  }, {
    "date" : "2006-06-30",
    "sales" : 96.42,
    "salesGrowthYoY" : 84.78,
    "grossProfitMargin" : 13.84,
    "grossProfit" : 13.34,
    "operatingProfitMargin" : 2.99,
    "operatingProfit" : 2.88,
    "netProfitMargin" : -5.01,
    "netProfit" : -4.83
  }, {
    "date" : "2006-09-30",
    "sales" : 52.06,
    "salesGrowthYoY" : 2.00,
    "grossProfitMargin" : 4.42,
    "grossProfit" : 2.30,
    "operatingProfitMargin" : -15.23,
    "operatingProfit" : -7.93,
    "netProfitMargin" : -28.79,
    "netProfit" : -14.99
  }, {
    "date" : "2006-12-31",
    "sales" : 64.15,
    "salesGrowthYoY" : -18.82,
    "grossProfitMargin" : 20.47,
    "grossProfit" : 13.13,
    "operatingProfitMargin" : 5.41,
    "operatingProfit" : 3.47,
    "netProfitMargin" : -7.87,
    "netProfit" : -5.05
  }, {
    "date" : "2007-03-31",
    "sales" : 83.13,
    "salesGrowthYoY" : 15.81,
    "grossProfitMargin" : 16.47,
    "grossProfit" : 13.69,
    "operatingProfitMargin" : 3.38,
    "operatingProfit" : 2.81,
    "netProfitMargin" : -6.96,
    "netProfit" : -5.79
  }, {
    "date" : "2007-06-30",
    "sales" : 82.26,
    "salesGrowthYoY" : -14.69,
    "grossProfitMargin" : 24.78,
    "grossProfit" : 20.38,
    "operatingProfitMargin" : 13.99,
    "operatingProfit" : 11.51,
    "netProfitMargin" : 1.29,
    "netProfit" : 1.06
  }, {
    "date" : "2007-09-30",
    "sales" : 63.31,
    "salesGrowthYoY" : 21.61,
    "grossProfitMargin" : 23.84,
    "grossProfit" : 15.09,
    "operatingProfitMargin" : 11.33,
    "operatingProfit" : 7.17,
    "netProfitMargin" : -4.77,
    "netProfit" : -3.02
  }, {
    "date" : "2007-12-31",
    "sales" : 91.47,
    "salesGrowthYoY" : 42.59,
    "grossProfitMargin" : 22.76,
    "grossProfit" : 20.82,
    "operatingProfitMargin" : 14.10,
    "operatingProfit" : 12.90,
    "netProfitMargin" : 6.79,
    "netProfit" : 6.21
  }, {
    "date" : "2008-03-31",
    "sales" : 92.65,
    "salesGrowthYoY" : 11.45,
    "grossProfitMargin" : 18.28,
    "grossProfit" : 16.94,
    "operatingProfitMargin" : 6.04,
    "operatingProfit" : 5.60,
    "netProfitMargin" : 20.06,
    "netProfit" : 18.59
  }, {
    "date" : "2008-06-30",
    "sales" : 136.53,
    "salesGrowthYoY" : 65.97,
    "grossProfitMargin" : 30.73,
    "grossProfit" : 41.96,
    "operatingProfitMargin" : 23.20,
    "operatingProfit" : 31.67,
    "netProfitMargin" : 18.00,
    "netProfit" : 24.58
  }, {
    "date" : "2008-09-30",
    "sales" : 174.35,
    "salesGrowthYoY" : 175.39,
    "grossProfitMargin" : 23.14,
    "grossProfit" : 40.34,
    "operatingProfitMargin" : 13.67,
    "operatingProfit" : 23.83,
    "netProfitMargin" : 10.24,
    "netProfit" : 17.85
  }, {
    "date" : "2008-12-31",
    "sales" : 185.27,
    "salesGrowthYoY" : 102.55,
    "grossProfitMargin" : 6.19,
    "grossProfit" : 11.47,
    "operatingProfitMargin" : -8.69,
    "operatingProfit" : -16.10,
    "netProfitMargin" : -8.82,
    "netProfit" : -16.34
  }, {
    "date" : "2009-03-31",
    "sales" : 27.33,
    "salesGrowthYoY" : -70.50,
    "grossProfitMargin" : 33.26,
    "grossProfit" : 9.09,
    "operatingProfitMargin" : 35.42,
    "operatingProfit" : 9.68,
    "netProfitMargin" : 8.38,
    "netProfit" : 2.29
  }, {
    "date" : "2009-06-30",
    "sales" : 110.58,
    "salesGrowthYoY" : -19.01,
    "grossProfitMargin" : 9.01,
    "grossProfit" : 9.96,
    "operatingProfitMargin" : 3.73,
    "operatingProfit" : 4.12,
    "netProfitMargin" : -1.16,
    "netProfit" : -1.28
  }, {
    "date" : "2009-09-30",
    "sales" : 178.95,
    "salesGrowthYoY" : 2.64,
    "grossProfitMargin" : 4.25,
    "grossProfit" : 7.61,
    "operatingProfitMargin" : -0.03,
    "operatingProfit" : -0.05,
    "netProfitMargin" : -3.79,
    "netProfit" : -6.78
  }, {
    "date" : "2009-12-31",
    "sales" : 104.30,
    "salesGrowthYoY" : -43.70,
    "grossProfitMargin" : 11.24,
    "grossProfit" : 11.72,
    "operatingProfitMargin" : 4.77,
    "operatingProfit" : 4.98,
    "netProfitMargin" : -0.86,
    "netProfit" : -0.90
  }, {
    "date" : "2010-03-31",
    "sales" : 174.07,
    "salesGrowthYoY" : 536.92,
    "grossProfitMargin" : 20.08,
    "grossProfit" : 34.95,
    "operatingProfitMargin" : 14.53,
    "operatingProfit" : 25.29,
    "netProfitMargin" : 15.42,
    "netProfit" : 26.84
  }, {
    "date" : "2010-06-30",
    "sales" : 136.29,
    "salesGrowthYoY" : 23.25,
    "grossProfitMargin" : 4.87,
    "grossProfit" : 6.64,
    "operatingProfitMargin" : -2.20,
    "operatingProfit" : -3.00,
    "netProfitMargin" : -6.09,
    "netProfit" : -8.30
  }, {
    "date" : "2010-09-30",
    "sales" : 121.50,
    "salesGrowthYoY" : -32.10,
    "grossProfitMargin" : 19.44,
    "grossProfit" : 23.62,
    "operatingProfitMargin" : 11.84,
    "operatingProfit" : 14.39,
    "netProfitMargin" : 7.21,
    "netProfit" : 8.76
  }, {
    "date" : "2010-12-31",
    "sales" : 223.48,
    "salesGrowthYoY" : 114.27,
    "grossProfitMargin" : 4.90,
    "grossProfit" : 10.95,
    "operatingProfitMargin" : 1.85,
    "operatingProfit" : 4.13,
    "netProfitMargin" : 1.74,
    "netProfit" : 3.89
  }, {
    "date" : "2011-03-31",
    "sales" : 203.96,
    "salesGrowthYoY" : 17.17,
    "grossProfitMargin" : 7.83,
    "grossProfit" : 15.97,
    "operatingProfitMargin" : 3.27,
    "operatingProfit" : 6.67,
    "netProfitMargin" : 7.00,
    "netProfit" : 14.28
  }, {
    "date" : "2011-06-30",
    "sales" : 272.27,
    "salesGrowthYoY" : 99.77,
    "grossProfitMargin" : 5.37,
    "grossProfit" : 14.62,
    "operatingProfitMargin" : 0.82,
    "operatingProfit" : 2.23,
    "netProfitMargin" : -2.41,
    "netProfit" : -6.56
  }, {
    "date" : "2011-09-30",
    "sales" : 254.56,
    "salesGrowthYoY" : 109.51,
    "grossProfitMargin" : 1.35,
    "grossProfit" : 3.44,
    "operatingProfitMargin" : -2.23,
    "operatingProfit" : -5.68,
    "netProfitMargin" : -6.16,
    "netProfit" : -15.68
  }, {
    "date" : "2011-12-31",
    "sales" : 165.63,
    "salesGrowthYoY" : -25.89,
    "grossProfitMargin" : 10.16,
    "grossProfit" : 16.83,
    "operatingProfitMargin" : 4.46,
    "operatingProfit" : 7.39,
    "netProfitMargin" : -2.38,
    "netProfit" : -3.94
  }, {
    "date" : "2012-03-31",
    "sales" : 304.75,
    "salesGrowthYoY" : 49.42,
    "grossProfitMargin" : 13.16,
    "grossProfit" : 40.11,
    "operatingProfitMargin" : 7.73,
    "operatingProfit" : 23.56,
    "netProfitMargin" : 6.06,
    "netProfit" : 18.47
  }, {
    "date" : "2012-06-30",
    "sales" : 247.22,
    "salesGrowthYoY" : -9.20,
    "grossProfitMargin" : 7.51,
    "grossProfit" : 18.57,
    "operatingProfitMargin" : 2.68,
    "operatingProfit" : 6.63,
    "netProfitMargin" : 0.62,
    "netProfit" : 1.53
  }, {
    "date" : "2012-09-30",
    "sales" : 121.48,
    "salesGrowthYoY" : -52.28,
    "grossProfitMargin" : 7.76,
    "grossProfit" : 9.43,
    "operatingProfitMargin" : -4.69,
    "operatingProfit" : -5.70,
    "netProfitMargin" : -1.11,
    "netProfit" : -1.35
  }, {
    "date" : "2012-12-31",
    "sales" : 138.28,
    "salesGrowthYoY" : -16.51,
    "grossProfitMargin" : 8.79,
    "grossProfit" : 12.15,
    "operatingProfitMargin" : -0.46,
    "operatingProfit" : -0.64,
    "netProfitMargin" : -4.53,
    "netProfit" : -6.26
  }, {
    "date" : "2013-03-31",
    "sales" : 242.83,
    "salesGrowthYoY" : -20.32,
    "grossProfitMargin" : 14.14,
    "grossProfit" : 34.34,
    "operatingProfitMargin" : 8.40,
    "operatingProfit" : 20.40,
    "netProfitMargin" : 3.29,
    "netProfit" : 7.99
  }, {
    "date" : "2013-06-30",
    "sales" : 137.61,
    "salesGrowthYoY" : -44.34,
    "grossProfitMargin" : 1.80,
    "grossProfit" : 2.48,
    "operatingProfitMargin" : -6.93,
    "operatingProfit" : -9.54,
    "netProfitMargin" : -9.24,
    "netProfit" : -12.72
  }, {
    "date" : "2013-09-30",
    "sales" : 108.15,
    "salesGrowthYoY" : -10.97,
    "grossProfitMargin" : 5.16,
    "grossProfit" : 5.58,
    "operatingProfitMargin" : -5.62,
    "operatingProfit" : -6.08,
    "netProfitMargin" : -9.99,
    "netProfit" : -10.80
  }, {
    "date" : "2013-12-31",
    "sales" : 128.29,
    "salesGrowthYoY" : -7.22,
    "grossProfitMargin" : 7.71,
    "grossProfit" : 9.89,
    "operatingProfitMargin" : -1.33,
    "operatingProfit" : -1.71,
    "netProfitMargin" : -4.61,
    "netProfit" : -5.91
  }, {
    "date" : "2014-03-31",
    "sales" : 183.53,
    "salesGrowthYoY" : -24.42,
    "grossProfitMargin" : 2.91,
    "grossProfit" : 5.34,
    "operatingProfitMargin" : -4.33,
    "operatingProfit" : -7.95,
    "netProfitMargin" : -7.09,
    "netProfit" : -13.01
  }, {
    "date" : "2014-06-30",
    "sales" : 174.13,
    "salesGrowthYoY" : 26.54,
    "grossProfitMargin" : 2.29,
    "grossProfit" : 3.99,
    "operatingProfitMargin" : -5.11,
    "operatingProfit" : -8.90,
    "netProfitMargin" : -4.92,
    "netProfit" : -8.57
  }, {
    "date" : "2014-09-30",
    "sales" : 215.91,
    "salesGrowthYoY" : 99.64,
    "grossProfitMargin" : 1.41,
    "grossProfit" : 3.04,
    "operatingProfitMargin" : -3.56,
    "operatingProfit" : -7.69,
    "netProfitMargin" : -1.41,
    "netProfit" : -3.04
  }, {
    "date" : "2014-12-31",
    "sales" : 117.99,
    "salesGrowthYoY" : -8.03,
    "grossProfitMargin" : 5.36,
    "grossProfit" : 6.32,
    "operatingProfitMargin" : -5.50,
    "operatingProfit" : -6.49,
    "netProfitMargin" : -5.63,
    "netProfit" : -6.64
  }, {
    "date" : "2015-03-31",
    "sales" : 123.15,
    "salesGrowthYoY" : -32.90,
    "grossProfitMargin" : 9.14,
    "grossProfit" : 11.26,
    "operatingProfitMargin" : -2.68,
    "operatingProfit" : -3.30,
    "netProfitMargin" : -2.08,
    "netProfit" : -2.56
  }, {
    "date" : "2015-06-30",
    "sales" : 130.56,
    "salesGrowthYoY" : -25.02,
    "grossProfitMargin" : 11.45,
    "grossProfit" : 14.95,
    "operatingProfitMargin" : 1.31,
    "operatingProfit" : 1.71,
    "netProfitMargin" : 2.10,
    "netProfit" : 2.74
  }, {
    "date" : "2015-09-30",
    "sales" : 76.45,
    "salesGrowthYoY" : -64.59,
    "grossProfitMargin" : 13.77,
    "grossProfit" : 10.53,
    "operatingProfitMargin" : 1.62,
    "operatingProfit" : 1.24,
    "netProfitMargin" : 0.47,
    "netProfit" : 0.36
  }, {
    "date" : "2015-12-31",
    "sales" : 77.62,
    "salesGrowthYoY" : -34.21,
    "grossProfitMargin" : 17.80,
    "grossProfit" : 13.82,
    "operatingProfitMargin" : 1.52,
    "operatingProfit" : 1.18,
    "netProfitMargin" : 0.32,
    "netProfit" : 0.25
  }, {
    "date" : "2016-03-31",
    "sales" : 84.58,
    "salesGrowthYoY" : -31.32,
    "grossProfitMargin" : 25.03,
    "grossProfit" : 21.17,
    "operatingProfitMargin" : 10.71,
    "operatingProfit" : 9.06,
    "netProfitMargin" : 4.26,
    "netProfit" : 3.60
  }, {
    "date" : "2016-06-30",
    "sales" : 94.98,
    "salesGrowthYoY" : -27.25,
    "grossProfitMargin" : 14.56,
    "grossProfit" : 13.83,
    "operatingProfitMargin" : 0.62,
    "operatingProfit" : 0.59,
    "netProfitMargin" : 0.15,
    "netProfit" : 0.14
  }, {
    "date" : "2016-09-30",
    "sales" : 86.74,
    "salesGrowthYoY" : 13.46,
    "grossProfitMargin" : 14.08,
    "grossProfit" : 12.21,
    "operatingProfitMargin" : -0.12,
    "operatingProfit" : -0.10,
    "netProfitMargin" : 0.36,
    "netProfit" : 0.31
  }, {
    "date" : "2016-12-31",
    "sales" : 119.07,
    "salesGrowthYoY" : 53.40,
    "grossProfitMargin" : 17.75,
    "grossProfit" : 21.13,
    "operatingProfitMargin" : 5.29,
    "operatingProfit" : 6.30,
    "netProfitMargin" : 0.36,
    "netProfit" : 0.43
  }, {
    "date" : "2017-03-31",
    "sales" : 72.43,
    "salesGrowthYoY" : -14.37,
    "grossProfitMargin" : 41.30,
    "grossProfit" : 29.91,
    "operatingProfitMargin" : 16.93,
    "operatingProfit" : 12.26,
    "netProfitMargin" : 6.49,
    "netProfit" : 4.70
  }, {
    "date" : "2017-06-30",
    "sales" : 97.61,
    "salesGrowthYoY" : 2.77,
    "grossProfitMargin" : 22.96,
    "grossProfit" : 22.41,
    "operatingProfitMargin" : 7.27,
    "operatingProfit" : 7.10,
    "netProfitMargin" : 5.41,
    "netProfit" : 5.28
  }, {
    "date" : "2017-09-30",
    "sales" : 76.31,
    "salesGrowthYoY" : -12.02,
    "grossProfitMargin" : 18.79,
    "grossProfit" : 14.34,
    "operatingProfitMargin" : -1.38,
    "operatingProfit" : -1.05,
    "netProfitMargin" : 0.24,
    "netProfit" : 0.18
  }, {
    "date" : "2017-12-31",
    "sales" : 119.61,
    "salesGrowthYoY" : 0.45,
    "grossProfitMargin" : 14.79,
    "grossProfit" : 17.69,
    "operatingProfitMargin" : 1.83,
    "operatingProfit" : 2.19,
    "netProfitMargin" : 1.31,
    "netProfit" : 1.57
  }, {
    "date" : "2018-03-31",
    "sales" : 109.09,
    "salesGrowthYoY" : 50.61,
    "grossProfitMargin" : 25.26,
    "grossProfit" : 27.56,
    "operatingProfitMargin" : 7.52,
    "operatingProfit" : 8.20,
    "netProfitMargin" : 9.17,
    "netProfit" : 10.00
  }, {
    "date" : "2018-06-30",
    "sales" : 134.44,
    "salesGrowthYoY" : 37.73,
    "grossProfitMargin" : 17.69,
    "grossProfit" : 23.78,
    "operatingProfitMargin" : 5.56,
    "operatingProfit" : 7.47,
    "netProfitMargin" : 7.63,
    "netProfit" : 10.26
  }, {
    "date" : "2018-09-30",
    "sales" : 101.20,
    "salesGrowthYoY" : 32.62,
    "grossProfitMargin" : 21.21,
    "grossProfit" : 21.46,
    "operatingProfitMargin" : 4.72,
    "operatingProfit" : 4.78,
    "netProfitMargin" : 0.69,
    "netProfit" : 0.70
  }, {
    "date" : "2018-12-31",
    "sales" : 108.28,
    "salesGrowthYoY" : -9.47,
    "grossProfitMargin" : 20.99,
    "grossProfit" : 22.73,
    "operatingProfitMargin" : 6.94,
    "operatingProfit" : 7.51,
    "netProfitMargin" : 1.71,
    "netProfit" : 1.85
  }, {
    "date" : "2019-03-31",
    "sales" : 130.41,
    "salesGrowthYoY" : 19.54,
    "grossProfitMargin" : 16.97,
    "grossProfit" : 22.13,
    "operatingProfitMargin" : -3.08,
    "operatingProfit" : -4.02,
    "netProfitMargin" : 6.00,
    "netProfit" : 7.82
  }, {
    "date" : "2019-06-30",
    "sales" : 126.40,
    "salesGrowthYoY" : -5.98,
    "grossProfitMargin" : 19.45,
    "grossProfit" : 24.58,
    "operatingProfitMargin" : 6.43,
    "operatingProfit" : 8.13,
    "netProfitMargin" : 5.93,
    "netProfit" : 7.50
  }, {
    "date" : "2019-09-30",
    "sales" : 56.39,
    "salesGrowthYoY" : -44.28,
    "grossProfitMargin" : 32.88,
    "grossProfit" : 18.54,
    "operatingProfitMargin" : 4.77,
    "operatingProfit" : 2.69,
    "netProfitMargin" : 0.02,
    "netProfit" : 0.01
  }, {
    "date" : "2019-12-31",
    "sales" : 84.90,
    "salesGrowthYoY" : -21.59,
    "grossProfitMargin" : 23.25,
    "grossProfit" : 19.74,
    "operatingProfitMargin" : 7.84,
    "operatingProfit" : 6.66,
    "netProfitMargin" : 3.63,
    "netProfit" : 3.08
  }, {
    "date" : "2020-03-31",
    "sales" : 103.99,
    "salesGrowthYoY" : -20.26,
    "grossProfitMargin" : 20.16,
    "grossProfit" : 20.96,
    "operatingProfitMargin" : 3.51,
    "operatingProfit" : 3.65,
    "netProfitMargin" : 20.43,
    "netProfit" : 21.25
  }, {
    "date" : "2020-06-30",
    "sales" : 10.61,
    "salesGrowthYoY" : -91.61,
    "grossProfitMargin" : -19.51,
    "grossProfit" : -2.07,
    "operatingProfitMargin" : -72.38,
    "operatingProfit" : -7.68,
    "netProfitMargin" : -88.97,
    "netProfit" : -9.44
  }, {
    "date" : "2020-09-30",
    "sales" : 73.70,
    "salesGrowthYoY" : 30.70,
    "grossProfitMargin" : 21.22,
    "grossProfit" : 15.64,
    "operatingProfitMargin" : 4.94,
    "operatingProfit" : 3.64,
    "netProfitMargin" : 2.20,
    "netProfit" : 1.62
  }, {
    "date" : "2020-12-31",
    "sales" : 73.85,
    "salesGrowthYoY" : -13.02,
    "grossProfitMargin" : 24.92,
    "grossProfit" : 18.40,
    "operatingProfitMargin" : 10.22,
    "operatingProfit" : 7.55,
    "netProfitMargin" : 3.52,
    "netProfit" : 2.60
  }, {
    "date" : "2021-03-31",
    "sales" : 95.24,
    "salesGrowthYoY" : -8.41,
    "grossProfitMargin" : 19.38,
    "grossProfit" : 18.46,
    "operatingProfitMargin" : 7.75,
    "operatingProfit" : 7.38,
    "netProfitMargin" : 5.62,
    "netProfit" : 5.35
  }, {
    "date" : "2021-06-30",
    "sales" : 95.70,
    "salesGrowthYoY" : 801.98,
    "grossProfitMargin" : 13.97,
    "grossProfit" : 13.37,
    "operatingProfitMargin" : 2.00,
    "operatingProfit" : 1.91,
    "netProfitMargin" : -0.19,
    "netProfit" : -0.18
  }, {
    "date" : "2021-09-30",
    "sales" : 100.32,
    "salesGrowthYoY" : 36.12,
    "grossProfitMargin" : 11.68,
    "grossProfit" : 11.72,
    "operatingProfitMargin" : -0.60,
    "operatingProfit" : -0.60,
    "netProfitMargin" : 0.31,
    "netProfit" : 0.31
  }, {
    "date" : "2021-12-31",
    "sales" : 168.27,
    "salesGrowthYoY" : 127.85,
    "grossProfitMargin" : 35.06,
    "grossProfit" : 59.00,
    "operatingProfitMargin" : 19.06,
    "operatingProfit" : 32.07,
    "netProfitMargin" : 14.96,
    "netProfit" : 25.17
  }, {
    "date" : "2022-03-31",
    "sales" : 333.21,
    "salesGrowthYoY" : 249.86,
    "grossProfitMargin" : 90.20,
    "grossProfit" : 300.56,
    "operatingProfitMargin" : 33.65,
    "operatingProfit" : 112.13,
    "netProfitMargin" : 37.02,
    "netProfit" : 123.35
  }, {
    "date" : "2022-06-30",
    "sales" : 842.68,
    "salesGrowthYoY" : 780.54,
    "grossProfitMargin" : 87.29,
    "grossProfit" : 735.58,
    "operatingProfitMargin" : 31.08,
    "operatingProfit" : 261.90,
    "netProfitMargin" : 31.34,
    "netProfit" : 264.10
  }, {
    "date" : "2022-09-30",
    "sales" : 673.76,
    "salesGrowthYoY" : 571.61,
    "grossProfitMargin" : 77.91,
    "grossProfit" : 524.93,
    "operatingProfitMargin" : 23.29,
    "operatingProfit" : 156.92,
    "netProfitMargin" : 21.18,
    "netProfit" : 142.70
  }, {
    "date" : "2022-12-31",
    "sales" : 999.62,
    "salesGrowthYoY" : 494.06,
    "grossProfitMargin" : 82.06,
    "grossProfit" : 820.29,
    "operatingProfitMargin" : 22.70,
    "operatingProfit" : 226.91,
    "netProfitMargin" : 23.01,
    "netProfit" : 230.01
  }, {
    "date" : "2023-03-31",
    "sales" : 876.25,
    "salesGrowthYoY" : 162.97,
    "grossProfitMargin" : 88.03,
    "grossProfit" : 771.36,
    "operatingProfitMargin" : 18.78,
    "operatingProfit" : 164.56,
    "netProfitMargin" : 30.70,
    "netProfit" : 269.01
  }, {
    "date" : "2023-06-30",
    "sales" : 1965.52,
    "salesGrowthYoY" : 133.25,
    "grossProfitMargin" : 94.75,
    "grossProfit" : 1862.33,
    "operatingProfitMargin" : 27.26,
    "operatingProfit" : 535.80,
    "netProfitMargin" : 20.52,
    "netProfit" : 403.32
  }, {
    "date" : "2023-09-30",
    "sales" : 1091.31,
    "salesGrowthYoY" : 61.97,
    "grossProfitMargin" : 94.17,
    "grossProfit" : 1027.69,
    "operatingProfitMargin" : 26.24,
    "operatingProfit" : 286.36,
    "netProfitMargin" : 21.19,
    "netProfit" : 231.25
  }, {
    "date" : "2023-12-31",
    "sales" : 1912.34,
    "salesGrowthYoY" : 91.31,
    "grossProfitMargin" : 78.87,
    "grossProfit" : 1508.26,
    "operatingProfitMargin" : 23.51,
    "operatingProfit" : 449.59,
    "netProfitMargin" : 17.34,
    "netProfit" : 331.60
  }, {
    "date" : "2024-03-31",
    "sales" : 1554.29,
    "salesGrowthYoY" : 77.38,
    "grossProfitMargin" : 79.34,
    "grossProfit" : 1233.17,
    "operatingProfitMargin" : 29.49,
    "operatingProfit" : 458.36,
    "netProfitMargin" : 17.83,
    "netProfit" : 277.13
  }, {
    "date" : "2024-06-30",
    "sales" : 2417.24,
    "salesGrowthYoY" : 22.98,
    "grossProfitMargin" : 89.94,
    "grossProfit" : 2174.07,
    "operatingProfitMargin" : 29.73,
    "operatingProfit" : 718.65,
    "netProfitMargin" : 23.06,
    "netProfit" : 557.42
  }, {
    "date" : "2024-09-30",
    "sales" : 1435.69,
    "salesGrowthYoY" : 31.56,
    "grossProfitMargin" : 83.54,
    "grossProfit" : 1199.38,
    "operatingProfitMargin" : 28.61,
    "operatingProfit" : 410.75,
    "netProfitMargin" : 21.00,
    "netProfit" : 301.49
  }, {
    "date" : "2024-12-31",
    "sales" : 1675.17,
    "salesGrowthYoY" : -12.40,
    "grossProfitMargin" : 92.06,
    "grossProfit" : 1542.16,
    "operatingProfitMargin" : 32.03,
    "operatingProfit" : 536.56,
    "netProfitMargin" : 23.25,
    "netProfit" : 389.48
  }, {
    "date" : "2025-03-31",
    "sales" : 1193.30,
    "salesGrowthYoY" : -23.23,
    "grossProfitMargin" : 87.13,
    "grossProfit" : 1039.72,
    "operatingProfitMargin" : 21.89,
    "operatingProfit" : 261.21,
    "netProfitMargin" : 16.97,
    "netProfit" : 202.50
  }, {
    "date" : "2025-06-30",
    "sales" : 2379.88,
    "salesGrowthYoY" : -1.55,
    "grossProfitMargin" : 91.86,
    "grossProfit" : 2186.16,
    "operatingProfitMargin" : 32.78,
    "operatingProfit" : 780.12,
    "netProfitMargin" : 26.66,
    "netProfit" : 634.48
  }, {
    "date" : "2025-09-30",
    "sales" : 2547.98,
    "salesGrowthYoY" : 77.47,
    "grossProfitMargin" : 79.02,
    "grossProfit" : 2013.41,
    "operatingProfitMargin" : 33.04,
    "operatingProfit" : 841.85,
    "netProfitMargin" : 23.77,
    "netProfit" : 605.65
  } ],
  "latestQuarterlyResult" : {
    "date" : "2025-09-30",
    "sales" : 2547.98,
    "salesGrowthYoY" : 77.47,
    "grossProfitMargin" : 79.02,
    "grossProfit" : 2013.41,
    "operatingProfitMargin" : 33.04,
    "operatingProfit" : 841.85,
    "netProfitMargin" : 23.77,
    "netProfit" : 605.65
  },
  "companyScore" : {
    "priceHigherThanDma50" : 0.00,
    "priceHigherThanDma100" : 0.00,
    "priceHigherThanDma200" : 5.00,
    "dma50HigherThanDma100" : 0.00,
    "dma50HigherThanDma200" : 5.00,
    "dma100HigherThanDma200" : 5.00,
    "pricePercentageAboveDma50" : 5.01,
    "pricePercentageAboveDma100" : 5.06,
    "pricePercentageAboveDma200" : 4.97,
    "weeklyVolumeHigherThanYearlyVolume" : 5.00,
    "salesGrowthPercentile" : 15.70,
    "operatingProfitMarginPercentile" : 19.56,
    "netProfitMarginPercentile" : 9.52,
    "totalTechnicalScore" : 35.04,
    "totalFundamentalScore" : 44.77,
    "totalScore" : 79.82
  }
}