{
  "metadata" : {
    "screenerCompanyId" : "1973",
    "companyCode" : "M&M",
    "companyName" : "M & M",
    "screenerCompanyLink" : "https://www.screener.in/company/M&M/consolidated/",
    "screenerTechnicalHistoryLink" : "https://www.screener.in/api/company/1973/chart/?q=Price-DMA50-DMA200-Volume&days=365",
    "screenerQuarterlyResultsLink" : "https://www.screener.in/api/company/1973/chart/?q=GPM-OPM-NPM-Quarter+Sales&days=10000",
    "attributes" : {
      "companyCode" : "M&M",
      "companyName" : "M & M",
      "marketCap" : 436392.00,
      "peRatio" : 27.30,
      "description" : "Mahindra & Mahindra Ltd is one of the most diversified automobile company in India with presence across 2-wheelers, 3-wheelers, PVs, CVs, tractors & earthmovers. It also has presence across financial services, auto components, hospitality, infrastructure, retail, logistics, steel trading and processing, IT businesses, agri, aerospace, consulting services, defence, energy and industrial equipment through its subsidiaries and group companies. It was incorporated in 1945 by Ghulam Mohammad and two Mahindra Brothers (KC & JC Mahindra) and was later renamed as Mahindra & Mahindra in 1948.[1]"
    },
    "companyScore" : {
      "priceHigherThanDma50" : 0.00,
      "priceHigherThanDma100" : 0.00,
      "priceHigherThanDma200" : 5.00,
      "dma50HigherThanDma100" : 0.00,
      "dma50HigherThanDma200" : 5.00,
      "dma100HigherThanDma200" : 5.00,
      "pricePercentageAboveDma50" : 5.11,
      "pricePercentageAboveDma100" : 5.13,
      "pricePercentageAboveDma200" : 4.86,
      "weeklyVolumeHigherThanYearlyVolume" : 0.00,
      "salesGrowthPercentile" : 14.25,
      "operatingProfitMarginPercentile" : 17.62,
      "netProfitMarginPercentile" : 8.69,
      "totalTechnicalScore" : 30.10,
      "totalFundamentalScore" : 40.56,
      "totalScore" : 70.66
    }
  },
  "attributes" : {
    "companyCode" : "M&M",
    "companyName" : "M & M",
    "marketCap" : 436392.00,
    "peRatio" : 27.30,
    "description" : "Mahindra & Mahindra Ltd is one of the most diversified automobile company in India with presence across 2-wheelers, 3-wheelers, PVs, CVs, tractors & earthmovers. It also has presence across financial services, auto components, hospitality, infrastructure, retail, logistics, steel trading and processing, IT businesses, agri, aerospace, consulting services, defence, energy and industrial equipment through its subsidiaries and group companies. It was incorporated in 1945 by Ghulam Mohammad and two Mahindra Brothers (KC & JC Mahindra) and was later renamed as Mahindra & Mahindra in 1948.[1]"
  },
  "technicalHistory" : [ {
    "date" : "2025-02-17",
    "price" : 2831.95,
    "dma50" : 3004.30,
    "dma100" : null,
    "dma200" : 2767.16,
    "volume" : 4899037.00
  }, {
    "date" : "2025-02-18",
    "price" : 2790.05,
    "dma50" : 2995.89,
    "dma100" : null,
    "dma200" : 2767.38,
    "volume" : 2363722.00
  }, {
    "date" : "2025-02-19",
    "price" : 2757.40,
    "dma50" : 2986.54,
    "dma100" : null,
    "dma200" : 2767.28,
    "volume" : 2708154.00
  }, {
    "date" : "2025-02-20",
    "price" : 2839.45,
    "dma50" : 2980.77,
    "dma100" : null,
    "dma200" : 2768.00,
    "volume" : 3873404.00
  }, {
    "date" : "2025-02-21",
    "price" : 2669.35,
    "dma50" : 2968.56,
    "dma100" : null,
    "dma200" : 2767.02,
    "volume" : 9193510.00
  }, {
    "date" : "2025-02-24",
    "price" : 2709.20,
    "dma50" : 2958.39,
    "dma100" : null,
    "dma200" : 2766.44,
    "volume" : 6304007.00
  }, {
    "date" : "2025-02-25",
    "price" : 2777.85,
    "dma50" : 2951.31,
    "dma100" : null,
    "dma200" : 2766.56,
    "volume" : 5160148.00
  }, {
    "date" : "2025-02-27",
    "price" : 2726.55,
    "dma50" : 2942.50,
    "dma100" : null,
    "dma200" : 2766.16,
    "volume" : 2760617.00
  }, {
    "date" : "2025-02-28",
    "price" : 2585.10,
    "dma50" : 2928.48,
    "dma100" : null,
    "dma200" : 2764.36,
    "volume" : 7652149.00
  }, {
    "date" : "2025-03-03",
    "price" : 2611.90,
    "dma50" : 2916.07,
    "dma100" : null,
    "dma200" : 2762.84,
    "volume" : 4453569.00
  }, {
    "date" : "2025-03-04",
    "price" : 2613.35,
    "dma50" : 2904.19,
    "dma100" : null,
    "dma200" : 2761.35,
    "volume" : 2046181.00
  }, {
    "date" : "2025-03-05",
    "price" : 2726.60,
    "dma50" : 2897.23,
    "dma100" : null,
    "dma200" : 2761.01,
    "volume" : 3789215.00
  }, {
    "date" : "2025-03-06",
    "price" : 2742.40,
    "dma50" : 2891.16,
    "dma100" : null,
    "dma200" : 2760.82,
    "volume" : 3758306.00
  }, {
    "date" : "2025-03-07",
    "price" : 2727.85,
    "dma50" : 2884.75,
    "dma100" : null,
    "dma200" : 2760.50,
    "volume" : 1931422.00
  }, {
    "date" : "2025-03-10",
    "price" : 2702.60,
    "dma50" : 2877.61,
    "dma100" : null,
    "dma200" : 2759.92,
    "volume" : 2616423.00
  }, {
    "date" : "2025-03-11",
    "price" : 2645.60,
    "dma50" : 2868.51,
    "dma100" : null,
    "dma200" : 2758.78,
    "volume" : 3705211.00
  }, {
    "date" : "2025-03-12",
    "price" : 2653.30,
    "dma50" : 2860.07,
    "dma100" : null,
    "dma200" : 2757.73,
    "volume" : 3486543.00
  }, {
    "date" : "2025-03-13",
    "price" : 2643.50,
    "dma50" : 2851.58,
    "dma100" : null,
    "dma200" : 2756.60,
    "volume" : 2512034.00
  }, {
    "date" : "2025-03-17",
    "price" : 2705.15,
    "dma50" : 2845.84,
    "dma100" : null,
    "dma200" : 2756.08,
    "volume" : 2565129.00
  }, {
    "date" : "2025-03-18",
    "price" : 2791.40,
    "dma50" : 2843.70,
    "dma100" : null,
    "dma200" : 2756.43,
    "volume" : 3590351.00
  }, {
    "date" : "2025-03-19",
    "price" : 2789.10,
    "dma50" : 2841.56,
    "dma100" : null,
    "dma200" : 2756.76,
    "volume" : 2592356.00
  }, {
    "date" : "2025-03-20",
    "price" : 2828.10,
    "dma50" : 2841.03,
    "dma100" : null,
    "dma200" : 2757.47,
    "volume" : 2447997.00
  }, {
    "date" : "2025-03-21",
    "price" : 2801.85,
    "dma50" : 2839.50,
    "dma100" : null,
    "dma200" : 2757.91,
    "volume" : 3973159.00
  }, {
    "date" : "2025-03-24",
    "price" : 2774.70,
    "dma50" : 2836.96,
    "dma100" : null,
    "dma200" : 2758.08,
    "volume" : 5603536.00
  }, {
    "date" : "2025-03-25",
    "price" : 2736.00,
    "dma50" : 2833.00,
    "dma100" : null,
    "dma200" : 2757.86,
    "volume" : 3753845.00
  }, {
    "date" : "2025-03-26",
    "price" : 2742.25,
    "dma50" : 2829.44,
    "dma100" : null,
    "dma200" : 2757.70,
    "volume" : 3197779.00
  }, {
    "date" : "2025-03-27",
    "price" : 2733.00,
    "dma50" : 2825.66,
    "dma100" : null,
    "dma200" : 2757.46,
    "volume" : 4559759.00
  }, {
    "date" : "2025-03-28",
    "price" : 2665.80,
    "dma50" : 2819.39,
    "dma100" : null,
    "dma200" : 2756.55,
    "volume" : 6287840.00
  }, {
    "date" : "2025-04-01",
    "price" : 2637.90,
    "dma50" : 2812.27,
    "dma100" : null,
    "dma200" : 2755.36,
    "volume" : 3433022.00
  }, {
    "date" : "2025-04-02",
    "price" : 2637.55,
    "dma50" : 2805.42,
    "dma100" : null,
    "dma200" : 2754.19,
    "volume" : 2382201.00
  }, {
    "date" : "2025-04-03",
    "price" : 2611.45,
    "dma50" : 2797.81,
    "dma100" : null,
    "dma200" : 2752.77,
    "volume" : 2478483.00
  }, {
    "date" : "2025-04-04",
    "price" : 2596.55,
    "dma50" : 2789.92,
    "dma100" : null,
    "dma200" : 2751.22,
    "volume" : 3702135.00
  }, {
    "date" : "2025-04-07",
    "price" : 2491.25,
    "dma50" : 2778.21,
    "dma100" : null,
    "dma200" : 2748.63,
    "volume" : 4503591.00
  }, {
    "date" : "2025-04-08",
    "price" : 2523.65,
    "dma50" : 2768.22,
    "dma100" : null,
    "dma200" : 2746.39,
    "volume" : 4387722.00
  }, {
    "date" : "2025-04-09",
    "price" : 2523.10,
    "dma50" : 2758.61,
    "dma100" : null,
    "dma200" : 2744.17,
    "volume" : 3413291.00
  }, {
    "date" : "2025-04-11",
    "price" : 2580.35,
    "dma50" : 2751.62,
    "dma100" : null,
    "dma200" : 2742.54,
    "volume" : 3688405.00
  }, {
    "date" : "2025-04-15",
    "price" : 2646.00,
    "dma50" : 2747.48,
    "dma100" : null,
    "dma200" : 2741.58,
    "volume" : 3401832.00
  }, {
    "date" : "2025-04-16",
    "price" : 2634.60,
    "dma50" : 2743.05,
    "dma100" : null,
    "dma200" : 2740.52,
    "volume" : 3096110.00
  }, {
    "date" : "2025-04-17",
    "price" : 2679.40,
    "dma50" : 2740.56,
    "dma100" : null,
    "dma200" : 2739.91,
    "volume" : 2721704.00
  }, {
    "date" : "2025-04-21",
    "price" : 2764.00,
    "dma50" : 2741.48,
    "dma100" : null,
    "dma200" : 2740.15,
    "volume" : 3164191.00
  }, {
    "date" : "2025-04-22",
    "price" : 2817.10,
    "dma50" : 2744.44,
    "dma100" : null,
    "dma200" : 2740.91,
    "volume" : 3337840.00
  }, {
    "date" : "2025-04-23",
    "price" : 2917.80,
    "dma50" : 2751.24,
    "dma100" : null,
    "dma200" : 2742.67,
    "volume" : 4077405.00
  }, {
    "date" : "2025-04-24",
    "price" : 2901.40,
    "dma50" : 2757.13,
    "dma100" : null,
    "dma200" : 2744.25,
    "volume" : 2559470.00
  }, {
    "date" : "2025-04-25",
    "price" : 2864.20,
    "dma50" : 2761.33,
    "dma100" : null,
    "dma200" : 2745.45,
    "volume" : 2344715.00
  }, {
    "date" : "2025-04-28",
    "price" : 2930.60,
    "dma50" : 2767.96,
    "dma100" : null,
    "dma200" : 2747.29,
    "volume" : 1919390.00
  }, {
    "date" : "2025-04-29",
    "price" : 2909.60,
    "dma50" : 2773.52,
    "dma100" : null,
    "dma200" : 2748.90,
    "volume" : 2117826.00
  }, {
    "date" : "2025-04-30",
    "price" : 2928.80,
    "dma50" : 2779.61,
    "dma100" : null,
    "dma200" : 2750.69,
    "volume" : 2717866.00
  }, {
    "date" : "2025-05-02",
    "price" : 2926.20,
    "dma50" : 2785.36,
    "dma100" : null,
    "dma200" : 2752.44,
    "volume" : 3442723.00
  }, {
    "date" : "2025-05-05",
    "price" : 3021.50,
    "dma50" : 2794.62,
    "dma100" : null,
    "dma200" : 2755.12,
    "volume" : 4270891.00
  }, {
    "date" : "2025-05-06",
    "price" : 3068.40,
    "dma50" : 2805.35,
    "dma100" : null,
    "dma200" : 2758.23,
    "volume" : 5975801.00
  }, {
    "date" : "2025-05-07",
    "price" : 3119.90,
    "dma50" : 2817.69,
    "dma100" : null,
    "dma200" : 2761.83,
    "volume" : 3073261.00
  }, {
    "date" : "2025-05-08",
    "price" : 3033.10,
    "dma50" : 2826.14,
    "dma100" : null,
    "dma200" : 2764.53,
    "volume" : 3387300.00
  }, {
    "date" : "2025-05-09",
    "price" : 2982.10,
    "dma50" : 2832.25,
    "dma100" : null,
    "dma200" : 2766.70,
    "volume" : 2338746.00
  }, {
    "date" : "2025-05-12",
    "price" : 3104.70,
    "dma50" : 2842.94,
    "dma100" : null,
    "dma200" : 2770.06,
    "volume" : 2247081.00
  }, {
    "date" : "2025-05-13",
    "price" : 3053.80,
    "dma50" : 2851.21,
    "dma100" : null,
    "dma200" : 2772.88,
    "volume" : 2789137.00
  }, {
    "date" : "2025-05-14",
    "price" : 3101.80,
    "dma50" : 2861.03,
    "dma100" : null,
    "dma200" : 2776.16,
    "volume" : 2770310.00
  }, {
    "date" : "2025-05-15",
    "price" : 3144.30,
    "dma50" : 2872.14,
    "dma100" : null,
    "dma200" : 2779.82,
    "volume" : 3642684.00
  }, {
    "date" : "2025-05-16",
    "price" : 3135.60,
    "dma50" : 2882.47,
    "dma100" : null,
    "dma200" : 2783.36,
    "volume" : 2669044.00
  }, {
    "date" : "2025-05-19",
    "price" : 3128.00,
    "dma50" : 2892.10,
    "dma100" : null,
    "dma200" : 2786.79,
    "volume" : 2126367.00
  }, {
    "date" : "2025-05-20",
    "price" : 3063.50,
    "dma50" : 2898.82,
    "dma100" : null,
    "dma200" : 2789.54,
    "volume" : 2851871.00
  }, {
    "date" : "2025-05-21",
    "price" : 3090.70,
    "dma50" : 2906.35,
    "dma100" : null,
    "dma200" : 2792.54,
    "volume" : 1472373.00
  }, {
    "date" : "2025-05-22",
    "price" : 3006.30,
    "dma50" : 2910.27,
    "dma100" : null,
    "dma200" : 2794.67,
    "volume" : 3970623.00
  }, {
    "date" : "2025-05-23",
    "price" : 3012.70,
    "dma50" : 2914.28,
    "dma100" : null,
    "dma200" : 2796.83,
    "volume" : 1870813.00
  }, {
    "date" : "2025-05-26",
    "price" : 3080.20,
    "dma50" : 2920.79,
    "dma100" : null,
    "dma200" : 2799.65,
    "volume" : 2288747.00
  }, {
    "date" : "2025-05-27",
    "price" : 3039.80,
    "dma50" : 2925.46,
    "dma100" : null,
    "dma200" : 2802.04,
    "volume" : 3079241.00
  }, {
    "date" : "2025-05-28",
    "price" : 2997.80,
    "dma50" : 2928.30,
    "dma100" : null,
    "dma200" : 2803.99,
    "volume" : 1542648.00
  }, {
    "date" : "2025-05-29",
    "price" : 3009.00,
    "dma50" : 2931.46,
    "dma100" : null,
    "dma200" : 2806.03,
    "volume" : 2195330.00
  }, {
    "date" : "2025-05-30",
    "price" : 2976.80,
    "dma50" : 2933.24,
    "dma100" : null,
    "dma200" : 2807.73,
    "volume" : 3756882.00
  }, {
    "date" : "2025-06-02",
    "price" : 3025.90,
    "dma50" : 2936.87,
    "dma100" : null,
    "dma200" : 2809.90,
    "volume" : 3174771.00
  }, {
    "date" : "2025-06-03",
    "price" : 3046.50,
    "dma50" : 2941.17,
    "dma100" : null,
    "dma200" : 2812.26,
    "volume" : 4044420.00
  }, {
    "date" : "2025-06-04",
    "price" : 3053.40,
    "dma50" : 2945.57,
    "dma100" : null,
    "dma200" : 2814.66,
    "volume" : 1668578.00
  }, {
    "date" : "2025-06-05",
    "price" : 3041.60,
    "dma50" : 2949.34,
    "dma100" : null,
    "dma200" : 2816.91,
    "volume" : 3574219.00
  }, {
    "date" : "2025-06-06",
    "price" : 3106.50,
    "dma50" : 2955.50,
    "dma100" : null,
    "dma200" : 2819.80,
    "volume" : 2211578.00
  }, {
    "date" : "2025-06-09",
    "price" : 3087.40,
    "dma50" : 2960.67,
    "dma100" : null,
    "dma200" : 2822.46,
    "volume" : 1460941.00
  }, {
    "date" : "2025-06-10",
    "price" : 3067.50,
    "dma50" : 2964.86,
    "dma100" : null,
    "dma200" : 2824.90,
    "volume" : 2072921.00
  }, {
    "date" : "2025-06-11",
    "price" : 3080.70,
    "dma50" : 2969.41,
    "dma100" : null,
    "dma200" : 2827.44,
    "volume" : 1803009.00
  }, {
    "date" : "2025-06-12",
    "price" : 3019.20,
    "dma50" : 2971.36,
    "dma100" : null,
    "dma200" : 2829.35,
    "volume" : 2304553.00
  }, {
    "date" : "2025-06-13",
    "price" : 3006.00,
    "dma50" : 2972.72,
    "dma100" : null,
    "dma200" : 2831.11,
    "volume" : 2043358.00
  }, {
    "date" : "2025-06-16",
    "price" : 3023.60,
    "dma50" : 2974.71,
    "dma100" : null,
    "dma200" : 2833.02,
    "volume" : 2047155.00
  }, {
    "date" : "2025-06-17",
    "price" : 3007.20,
    "dma50" : 2975.99,
    "dma100" : null,
    "dma200" : 2834.76,
    "volume" : 1888475.00
  }, {
    "date" : "2025-06-18",
    "price" : 3041.10,
    "dma50" : 2978.54,
    "dma100" : null,
    "dma200" : 2836.81,
    "volume" : 2254421.00
  }, {
    "date" : "2025-06-19",
    "price" : 3094.80,
    "dma50" : 2983.10,
    "dma100" : null,
    "dma200" : 2839.38,
    "volume" : 2555935.00
  }, {
    "date" : "2025-06-20",
    "price" : 3184.40,
    "dma50" : 2990.99,
    "dma100" : null,
    "dma200" : 2842.81,
    "volume" : 8480242.00
  }, {
    "date" : "2025-06-23",
    "price" : 3135.00,
    "dma50" : 2996.64,
    "dma100" : null,
    "dma200" : 2845.72,
    "volume" : 1775430.00
  }, {
    "date" : "2025-06-24",
    "price" : 3150.10,
    "dma50" : 3002.66,
    "dma100" : null,
    "dma200" : 2848.74,
    "volume" : 2976633.00
  }, {
    "date" : "2025-06-25",
    "price" : 3215.50,
    "dma50" : 3011.01,
    "dma100" : null,
    "dma200" : 2852.39,
    "volume" : 2106875.00
  }, {
    "date" : "2025-06-26",
    "price" : 3215.80,
    "dma50" : 3019.04,
    "dma100" : null,
    "dma200" : 2856.01,
    "volume" : 2939940.00
  }, {
    "date" : "2025-06-27",
    "price" : 3203.30,
    "dma50" : 3026.26,
    "dma100" : null,
    "dma200" : 2859.47,
    "volume" : 5139078.00
  }, {
    "date" : "2025-06-30",
    "price" : 3183.20,
    "dma50" : 3032.42,
    "dma100" : null,
    "dma200" : 2862.69,
    "volume" : 2155318.00
  }, {
    "date" : "2025-07-01",
    "price" : 3176.10,
    "dma50" : 3038.05,
    "dma100" : null,
    "dma200" : 2865.81,
    "volume" : 1464607.00
  }, {
    "date" : "2025-07-02",
    "price" : 3165.20,
    "dma50" : 3043.04,
    "dma100" : null,
    "dma200" : 2868.78,
    "volume" : 1940391.00
  }, {
    "date" : "2025-07-03",
    "price" : 3174.40,
    "dma50" : 3048.19,
    "dma100" : null,
    "dma200" : 2871.83,
    "volume" : 2156018.00
  }, {
    "date" : "2025-07-04",
    "price" : 3162.50,
    "dma50" : 3052.67,
    "dma100" : null,
    "dma200" : 2874.72,
    "volume" : 1023854.00
  }, {
    "date" : "2025-07-07",
    "price" : 3160.20,
    "dma50" : 3056.89,
    "dma100" : null,
    "dma200" : 2877.56,
    "volume" : 926662.00
  }, {
    "date" : "2025-07-08",
    "price" : 3157.90,
    "dma50" : 3060.85,
    "dma100" : null,
    "dma200" : 2880.35,
    "volume" : 1816217.00
  }, {
    "date" : "2025-07-09",
    "price" : 3176.30,
    "dma50" : 3065.38,
    "dma100" : null,
    "dma200" : 2883.29,
    "volume" : 1260950.00
  }, {
    "date" : "2025-07-10",
    "price" : 3162.40,
    "dma50" : 3069.18,
    "dma100" : null,
    "dma200" : 2886.07,
    "volume" : 1731676.00
  }, {
    "date" : "2025-07-11",
    "price" : 3073.20,
    "dma50" : 3069.34,
    "dma100" : null,
    "dma200" : 2887.93,
    "volume" : 3107630.00
  }, {
    "date" : "2025-07-14",
    "price" : 3092.10,
    "dma50" : 3070.23,
    "dma100" : null,
    "dma200" : 2889.96,
    "volume" : 3311938.00
  }, {
    "date" : "2025-07-15",
    "price" : 3128.60,
    "dma50" : 3072.52,
    "dma100" : null,
    "dma200" : 2892.34,
    "volume" : 2866747.00
  }, {
    "date" : "2025-07-16",
    "price" : 3196.50,
    "dma50" : 3077.38,
    "dma100" : 2919.95,
    "dma200" : 2895.36,
    "volume" : 2969334.00
  }, {
    "date" : "2025-07-17",
    "price" : 3195.00,
    "dma50" : 3082.00,
    "dma100" : 2924.00,
    "dma200" : 2898.35,
    "volume" : 3328616.00
  }, {
    "date" : "2025-07-18",
    "price" : 3192.40,
    "dma50" : 3086.33,
    "dma100" : 2928.35,
    "dma200" : 2901.27,
    "volume" : 2123878.00
  }, {
    "date" : "2025-07-21",
    "price" : 3246.70,
    "dma50" : 3092.61,
    "dma100" : 2932.42,
    "dma200" : 2904.71,
    "volume" : 2512628.00
  }, {
    "date" : "2025-07-22",
    "price" : 3257.20,
    "dma50" : 3099.07,
    "dma100" : 2938.30,
    "dma200" : 2908.22,
    "volume" : 2216627.00
  }, {
    "date" : "2025-07-23",
    "price" : 3268.80,
    "dma50" : 3105.72,
    "dma100" : 2943.90,
    "dma200" : 2911.80,
    "volume" : 2248137.00
  }, {
    "date" : "2025-07-24",
    "price" : 3260.90,
    "dma50" : 3111.81,
    "dma100" : 2948.73,
    "dma200" : 2915.28,
    "volume" : 1517512.00
  }, {
    "date" : "2025-07-25",
    "price" : 3246.40,
    "dma50" : 3117.09,
    "dma100" : 2953.93,
    "dma200" : 2918.57,
    "volume" : 1505166.00
  }, {
    "date" : "2025-07-28",
    "price" : 3209.80,
    "dma50" : 3120.72,
    "dma100" : 2960.17,
    "dma200" : 2921.47,
    "volume" : 2024795.00
  }, {
    "date" : "2025-07-29",
    "price" : 3199.40,
    "dma50" : 3123.81,
    "dma100" : 2966.05,
    "dma200" : 2924.24,
    "volume" : 1932513.00
  }, {
    "date" : "2025-07-30",
    "price" : 3208.90,
    "dma50" : 3127.15,
    "dma100" : 2972.00,
    "dma200" : 2927.07,
    "volume" : 2299965.00
  }, {
    "date" : "2025-07-31",
    "price" : 3203.10,
    "dma50" : 3130.12,
    "dma100" : 2976.77,
    "dma200" : 2929.81,
    "volume" : 4592637.00
  }, {
    "date" : "2025-08-01",
    "price" : 3159.30,
    "dma50" : 3131.27,
    "dma100" : 2980.94,
    "dma200" : 2932.10,
    "volume" : 4176265.00
  }, {
    "date" : "2025-08-04",
    "price" : 3200.20,
    "dma50" : 3133.97,
    "dma100" : 2985.66,
    "dma200" : 2934.77,
    "volume" : 2767205.00
  }, {
    "date" : "2025-08-05",
    "price" : 3212.20,
    "dma50" : 3137.04,
    "dma100" : 2990.76,
    "dma200" : 2937.53,
    "volume" : 1937672.00
  }, {
    "date" : "2025-08-06",
    "price" : 3227.50,
    "dma50" : 3140.59,
    "dma100" : 2996.58,
    "dma200" : 2940.41,
    "volume" : 1926733.00
  }, {
    "date" : "2025-08-07",
    "price" : 3211.10,
    "dma50" : 3143.35,
    "dma100" : 3002.15,
    "dma200" : 2943.11,
    "volume" : 2424510.00
  }, {
    "date" : "2025-08-08",
    "price" : 3144.20,
    "dma50" : 3143.39,
    "dma100" : 3007.16,
    "dma200" : 2945.11,
    "volume" : 1741081.00
  }, {
    "date" : "2025-08-11",
    "price" : 3186.20,
    "dma50" : 3145.06,
    "dma100" : 3011.97,
    "dma200" : 2947.51,
    "volume" : 2149682.00
  }, {
    "date" : "2025-08-12",
    "price" : 3236.50,
    "dma50" : 3148.65,
    "dma100" : 3016.42,
    "dma200" : 2950.38,
    "volume" : 3355806.00
  }, {
    "date" : "2025-08-13",
    "price" : 3282.20,
    "dma50" : 3153.89,
    "dma100" : 3021.35,
    "dma200" : 2953.68,
    "volume" : 2521325.00
  }, {
    "date" : "2025-08-14",
    "price" : 3265.40,
    "dma50" : 3158.26,
    "dma100" : 3025.73,
    "dma200" : 2956.78,
    "volume" : 1606320.00
  }, {
    "date" : "2025-08-18",
    "price" : 3383.10,
    "dma50" : 3167.08,
    "dma100" : 3031.54,
    "dma200" : 2961.03,
    "volume" : 5969261.00
  }, {
    "date" : "2025-08-19",
    "price" : 3354.00,
    "dma50" : 3174.41,
    "dma100" : 3037.33,
    "dma200" : 2964.94,
    "volume" : 2640384.00
  }, {
    "date" : "2025-08-20",
    "price" : 3395.60,
    "dma50" : 3183.08,
    "dma100" : 3043.93,
    "dma200" : 2969.22,
    "volume" : 3030993.00
  }, {
    "date" : "2025-08-21",
    "price" : 3375.10,
    "dma50" : 3190.61,
    "dma100" : 3050.26,
    "dma200" : 2973.26,
    "volume" : 2075358.00
  }, {
    "date" : "2025-08-22",
    "price" : 3403.00,
    "dma50" : 3198.94,
    "dma100" : 3056.96,
    "dma200" : 2977.54,
    "volume" : 2656855.00
  }, {
    "date" : "2025-08-25",
    "price" : 3398.90,
    "dma50" : 3206.78,
    "dma100" : 3064.29,
    "dma200" : 2981.73,
    "volume" : 2102601.00
  }, {
    "date" : "2025-08-26",
    "price" : 3330.80,
    "dma50" : 3211.65,
    "dma100" : 3071.22,
    "dma200" : 2985.20,
    "volume" : 3641037.00
  }, {
    "date" : "2025-08-28",
    "price" : 3295.30,
    "dma50" : 3214.93,
    "dma100" : 3077.79,
    "dma200" : 2988.29,
    "volume" : 2991624.00
  }, {
    "date" : "2025-08-29",
    "price" : 3199.50,
    "dma50" : 3214.32,
    "dma100" : 3083.67,
    "dma200" : 2990.39,
    "volume" : 3209999.00
  }, {
    "date" : "2025-09-01",
    "price" : 3315.40,
    "dma50" : 3218.29,
    "dma100" : 3090.86,
    "dma200" : 2993.62,
    "volume" : 3598306.00
  }, {
    "date" : "2025-09-02",
    "price" : 3234.50,
    "dma50" : 3218.92,
    "dma100" : 3098.30,
    "dma200" : 2996.02,
    "volume" : 3148516.00
  }, {
    "date" : "2025-09-03",
    "price" : 3286.00,
    "dma50" : 3221.55,
    "dma100" : 3105.92,
    "dma200" : 2998.91,
    "volume" : 2846840.00
  }, {
    "date" : "2025-09-04",
    "price" : 3481.50,
    "dma50" : 3231.75,
    "dma100" : 3115.50,
    "dma200" : 3003.71,
    "volume" : 8016917.00
  }, {
    "date" : "2025-09-05",
    "price" : 3561.30,
    "dma50" : 3244.67,
    "dma100" : 3125.31,
    "dma200" : 3009.26,
    "volume" : 3837161.00
  }, {
    "date" : "2025-09-08",
    "price" : 3701.40,
    "dma50" : 3262.58,
    "dma100" : 3135.87,
    "dma200" : 3016.14,
    "volume" : 4815343.00
  }, {
    "date" : "2025-09-09",
    "price" : 3696.30,
    "dma50" : 3279.59,
    "dma100" : 3146.48,
    "dma200" : 3022.91,
    "volume" : 2998927.00
  }, {
    "date" : "2025-09-10",
    "price" : 3604.40,
    "dma50" : 3292.33,
    "dma100" : 3155.73,
    "dma200" : 3028.70,
    "volume" : 2465471.00
  }, {
    "date" : "2025-09-11",
    "price" : 3595.70,
    "dma50" : 3304.22,
    "dma100" : 3164.05,
    "dma200" : 3034.34,
    "volume" : 2208687.00
  }, {
    "date" : "2025-09-12",
    "price" : 3589.90,
    "dma50" : 3315.43,
    "dma100" : 3171.78,
    "dma200" : 3039.87,
    "volume" : 2910237.00
  }, {
    "date" : "2025-09-15",
    "price" : 3530.30,
    "dma50" : 3323.85,
    "dma100" : 3177.90,
    "dma200" : 3044.75,
    "volume" : 2591079.00
  }, {
    "date" : "2025-09-16",
    "price" : 3608.00,
    "dma50" : 3335.00,
    "dma100" : 3184.97,
    "dma200" : 3050.35,
    "volume" : 2533152.00
  }, {
    "date" : "2025-09-17",
    "price" : 3633.20,
    "dma50" : 3346.69,
    "dma100" : 3192.66,
    "dma200" : 3056.15,
    "volume" : 2388765.00
  }, {
    "date" : "2025-09-18",
    "price" : 3642.20,
    "dma50" : 3358.28,
    "dma100" : 3199.78,
    "dma200" : 3061.98,
    "volume" : 2700591.00
  }, {
    "date" : "2025-09-19",
    "price" : 3592.10,
    "dma50" : 3367.45,
    "dma100" : 3206.60,
    "dma200" : 3067.26,
    "volume" : 4056596.00
  }, {
    "date" : "2025-09-22",
    "price" : 3584.80,
    "dma50" : 3375.97,
    "dma100" : 3213.16,
    "dma200" : 3072.41,
    "volume" : 1706669.00
  }, {
    "date" : "2025-09-23",
    "price" : 3614.60,
    "dma50" : 3385.33,
    "dma100" : 3220.04,
    "dma200" : 3077.80,
    "volume" : 2576920.00
  }, {
    "date" : "2025-09-24",
    "price" : 3574.90,
    "dma50" : 3392.76,
    "dma100" : 3225.58,
    "dma200" : 3082.75,
    "volume" : 1410206.00
  }, {
    "date" : "2025-09-25",
    "price" : 3530.00,
    "dma50" : 3398.15,
    "dma100" : 3230.19,
    "dma200" : 3087.20,
    "volume" : 2195017.00
  }, {
    "date" : "2025-09-26",
    "price" : 3396.50,
    "dma50" : 3398.08,
    "dma100" : 3232.96,
    "dma200" : 3090.27,
    "volume" : 3148696.00
  }, {
    "date" : "2025-09-29",
    "price" : 3418.10,
    "dma50" : 3398.87,
    "dma100" : 3236.81,
    "dma200" : 3093.54,
    "volume" : 3284544.00
  }, {
    "date" : "2025-09-30",
    "price" : 3427.00,
    "dma50" : 3399.97,
    "dma100" : 3241.26,
    "dma200" : 3096.85,
    "volume" : 2650486.00
  }, {
    "date" : "2025-10-01",
    "price" : 3463.40,
    "dma50" : 3402.46,
    "dma100" : 3244.85,
    "dma200" : 3100.50,
    "volume" : 2653576.00
  }, {
    "date" : "2025-10-03",
    "price" : 3462.00,
    "dma50" : 3404.79,
    "dma100" : 3248.93,
    "dma200" : 3104.10,
    "volume" : 2392186.00
  }, {
    "date" : "2025-10-06",
    "price" : 3472.00,
    "dma50" : 3407.43,
    "dma100" : 3252.63,
    "dma200" : 3107.76,
    "volume" : 1218133.00
  }, {
    "date" : "2025-10-07",
    "price" : 3492.80,
    "dma50" : 3410.78,
    "dma100" : 3256.12,
    "dma200" : 3111.59,
    "volume" : 1566392.00
  }, {
    "date" : "2025-10-08",
    "price" : 3426.50,
    "dma50" : 3411.39,
    "dma100" : 3259.02,
    "dma200" : 3114.72,
    "volume" : 1532809.00
  }, {
    "date" : "2025-10-09",
    "price" : 3442.90,
    "dma50" : 3412.63,
    "dma100" : 3262.17,
    "dma200" : 3117.99,
    "volume" : 2279668.00
  }, {
    "date" : "2025-10-10",
    "price" : 3454.90,
    "dma50" : 3414.29,
    "dma100" : 3266.09,
    "dma200" : 3121.34,
    "volume" : 1444424.00
  }, {
    "date" : "2025-10-13",
    "price" : 3459.70,
    "dma50" : 3416.07,
    "dma100" : 3269.78,
    "dma200" : 3124.71,
    "volume" : 1126112.00
  }, {
    "date" : "2025-10-14",
    "price" : 3459.80,
    "dma50" : 3417.78,
    "dma100" : 3274.31,
    "dma200" : 3128.04,
    "volume" : 1564572.00
  }, {
    "date" : "2025-10-15",
    "price" : 3497.20,
    "dma50" : 3420.90,
    "dma100" : 3279.16,
    "dma200" : 3131.72,
    "volume" : 1366621.00
  }, {
    "date" : "2025-10-16",
    "price" : 3560.80,
    "dma50" : 3426.38,
    "dma100" : 3283.96,
    "dma200" : 3135.99,
    "volume" : 2406692.00
  }, {
    "date" : "2025-10-17",
    "price" : 3647.20,
    "dma50" : 3435.04,
    "dma100" : 3290.04,
    "dma200" : 3141.07,
    "volume" : 3470848.00
  }, {
    "date" : "2025-10-20",
    "price" : 3599.10,
    "dma50" : 3441.48,
    "dma100" : 3296.05,
    "dma200" : 3145.63,
    "volume" : 2892128.00
  }, {
    "date" : "2025-10-21",
    "price" : 3621.20,
    "dma50" : 3448.52,
    "dma100" : 3302.17,
    "dma200" : 3150.36,
    "volume" : 307836.00
  }, {
    "date" : "2025-10-23",
    "price" : 3623.60,
    "dma50" : 3455.39,
    "dma100" : 3308.64,
    "dma200" : 3155.07,
    "volume" : 3999673.00
  }, {
    "date" : "2025-10-24",
    "price" : 3625.00,
    "dma50" : 3462.04,
    "dma100" : 3314.63,
    "dma200" : 3159.75,
    "volume" : 1687311.00
  }, {
    "date" : "2025-10-27",
    "price" : 3611.60,
    "dma50" : 3467.91,
    "dma100" : 3320.28,
    "dma200" : 3164.24,
    "volume" : 1472246.00
  }, {
    "date" : "2025-10-28",
    "price" : 3579.10,
    "dma50" : 3472.27,
    "dma100" : 3325.54,
    "dma200" : 3168.37,
    "volume" : 2890331.00
  }, {
    "date" : "2025-10-29",
    "price" : 3534.70,
    "dma50" : 3474.71,
    "dma100" : 3330.47,
    "dma200" : 3172.02,
    "volume" : 2607690.00
  }, {
    "date" : "2025-10-30",
    "price" : 3502.10,
    "dma50" : 3475.79,
    "dma100" : 3334.43,
    "dma200" : 3175.30,
    "volume" : 2278629.00
  }, {
    "date" : "2025-10-31",
    "price" : 3487.20,
    "dma50" : 3476.24,
    "dma100" : 3338.42,
    "dma200" : 3178.40,
    "volume" : 2085739.00
  }, {
    "date" : "2025-11-03",
    "price" : 3548.90,
    "dma50" : 3479.09,
    "dma100" : 3343.24,
    "dma200" : 3182.09,
    "volume" : 1823917.00
  }, {
    "date" : "2025-11-04",
    "price" : 3581.20,
    "dma50" : 3483.09,
    "dma100" : 3348.24,
    "dma200" : 3186.06,
    "volume" : 3570414.00
  }, {
    "date" : "2025-11-06",
    "price" : 3618.50,
    "dma50" : 3488.40,
    "dma100" : 3354.24,
    "dma200" : 3190.36,
    "volume" : 5002533.00
  }, {
    "date" : "2025-11-07",
    "price" : 3690.20,
    "dma50" : 3496.31,
    "dma100" : 3361.08,
    "dma200" : 3195.34,
    "volume" : 2685045.00
  }, {
    "date" : "2025-11-10",
    "price" : 3663.90,
    "dma50" : 3502.89,
    "dma100" : 3367.48,
    "dma200" : 3200.00,
    "volume" : 1681576.00
  }, {
    "date" : "2025-11-11",
    "price" : 3749.10,
    "dma50" : 3512.54,
    "dma100" : 3374.90,
    "dma200" : 3205.46,
    "volume" : 3114274.00
  }, {
    "date" : "2025-11-12",
    "price" : 3754.30,
    "dma50" : 3522.02,
    "dma100" : 3382.03,
    "dma200" : 3210.92,
    "volume" : 2060258.00
  }, {
    "date" : "2025-11-13",
    "price" : 3699.50,
    "dma50" : 3528.98,
    "dma100" : 3388.08,
    "dma200" : 3215.79,
    "volume" : 1896816.00
  }, {
    "date" : "2025-11-14",
    "price" : 3698.60,
    "dma50" : 3535.63,
    "dma100" : 3393.22,
    "dma200" : 3220.59,
    "volume" : 1898727.00
  }, {
    "date" : "2025-11-17",
    "price" : 3734.90,
    "dma50" : 3543.45,
    "dma100" : 3399.22,
    "dma200" : 3225.71,
    "volume" : 2399332.00
  }, {
    "date" : "2025-11-18",
    "price" : 3694.80,
    "dma50" : 3549.38,
    "dma100" : 3404.67,
    "dma200" : 3230.38,
    "volume" : 2810840.00
  }, {
    "date" : "2025-11-19",
    "price" : 3722.50,
    "dma50" : 3556.17,
    "dma100" : 3409.74,
    "dma200" : 3235.27,
    "volume" : 1676362.00
  }, {
    "date" : "2025-11-20",
    "price" : 3716.70,
    "dma50" : 3562.47,
    "dma100" : 3414.75,
    "dma200" : 3240.06,
    "volume" : 2058471.00
  }, {
    "date" : "2025-11-21",
    "price" : 3749.60,
    "dma50" : 3569.81,
    "dma100" : 3420.21,
    "dma200" : 3245.13,
    "volume" : 3247976.00
  }, {
    "date" : "2025-11-24",
    "price" : 3690.80,
    "dma50" : 3574.55,
    "dma100" : 3425.29,
    "dma200" : 3249.57,
    "volume" : 4147197.00
  }, {
    "date" : "2025-11-25",
    "price" : 3669.30,
    "dma50" : 3578.27,
    "dma100" : 3430.22,
    "dma200" : 3253.74,
    "volume" : 1733915.00
  }, {
    "date" : "2025-11-26",
    "price" : 3686.40,
    "dma50" : 3582.51,
    "dma100" : 3435.43,
    "dma200" : 3258.05,
    "volume" : 2166469.00
  }, {
    "date" : "2025-11-27",
    "price" : 3681.20,
    "dma50" : 3586.38,
    "dma100" : 3440.50,
    "dma200" : 3262.26,
    "volume" : 2313455.00
  }, {
    "date" : "2025-11-28",
    "price" : 3757.30,
    "dma50" : 3593.08,
    "dma100" : 3446.45,
    "dma200" : 3267.18,
    "volume" : 3078444.00
  }, {
    "date" : "2025-12-01",
    "price" : 3741.60,
    "dma50" : 3598.90,
    "dma100" : 3452.26,
    "dma200" : 3271.91,
    "volume" : 1890374.00
  }, {
    "date" : "2025-12-02",
    "price" : 3716.50,
    "dma50" : 3603.52,
    "dma100" : 3457.85,
    "dma200" : 3276.33,
    "volume" : 2321831.00
  }, {
    "date" : "2025-12-03",
    "price" : 3649.40,
    "dma50" : 3605.32,
    "dma100" : 3462.58,
    "dma200" : 3280.04,
    "volume" : 2085773.00
  }, {
    "date" : "2025-12-04",
    "price" : 3671.60,
    "dma50" : 3607.92,
    "dma100" : 3467.67,
    "dma200" : 3283.94,
    "volume" : 2253122.00
  }, {
    "date" : "2025-12-05",
    "price" : 3717.10,
    "dma50" : 3612.20,
    "dma100" : 3474.11,
    "dma200" : 3288.25,
    "volume" : 2435435.00
  }, {
    "date" : "2025-12-08",
    "price" : 3681.70,
    "dma50" : 3614.92,
    "dma100" : 3480.00,
    "dma200" : 3292.16,
    "volume" : 1522730.00
  }, {
    "date" : "2025-12-09",
    "price" : 3635.90,
    "dma50" : 3615.75,
    "dma100" : 3485.08,
    "dma200" : 3295.58,
    "volume" : 3950943.00
  }, {
    "date" : "2025-12-10",
    "price" : 3630.00,
    "dma50" : 3616.30,
    "dma100" : 3489.41,
    "dma200" : 3298.91,
    "volume" : 1702854.00
  }, {
    "date" : "2025-12-11",
    "price" : 3665.20,
    "dma50" : 3618.22,
    "dma100" : 3494.11,
    "dma200" : 3302.56,
    "volume" : 1234836.00
  }, {
    "date" : "2025-12-12",
    "price" : 3679.60,
    "dma50" : 3620.63,
    "dma100" : 3498.99,
    "dma200" : 3306.31,
    "volume" : 1092847.00
  }, {
    "date" : "2025-12-15",
    "price" : 3608.00,
    "dma50" : 3620.13,
    "dma100" : 3502.60,
    "dma200" : 3309.31,
    "volume" : 1739026.00
  }, {
    "date" : "2025-12-16",
    "price" : 3621.00,
    "dma50" : 3620.17,
    "dma100" : 3506.24,
    "dma200" : 3312.41,
    "volume" : 1433151.00
  }, {
    "date" : "2025-12-17",
    "price" : 3612.80,
    "dma50" : 3619.88,
    "dma100" : 3509.68,
    "dma200" : 3315.40,
    "volume" : 1243735.00
  }, {
    "date" : "2025-12-18",
    "price" : 3586.60,
    "dma50" : 3618.57,
    "dma100" : 3512.93,
    "dma200" : 3318.10,
    "volume" : 3192522.00
  }, {
    "date" : "2025-12-19",
    "price" : 3603.60,
    "dma50" : 3617.99,
    "dma100" : 3516.51,
    "dma200" : 3320.94,
    "volume" : 1671983.00
  }, {
    "date" : "2025-12-22",
    "price" : 3616.70,
    "dma50" : 3617.94,
    "dma100" : 3520.57,
    "dma200" : 3323.88,
    "volume" : 1419950.00
  }, {
    "date" : "2025-12-23",
    "price" : 3625.10,
    "dma50" : 3618.22,
    "dma100" : 3524.83,
    "dma200" : 3326.88,
    "volume" : 1436527.00
  }, {
    "date" : "2025-12-24",
    "price" : 3636.70,
    "dma50" : 3618.94,
    "dma100" : 3529.11,
    "dma200" : 3329.96,
    "volume" : 922426.00
  }, {
    "date" : "2025-12-26",
    "price" : 3623.10,
    "dma50" : 3619.10,
    "dma100" : 3533.31,
    "dma200" : 3332.88,
    "volume" : 958514.00
  }, {
    "date" : "2025-12-29",
    "price" : 3592.10,
    "dma50" : 3618.05,
    "dma100" : 3537.64,
    "dma200" : 3335.46,
    "volume" : 1103650.00
  }, {
    "date" : "2025-12-30",
    "price" : 3660.30,
    "dma50" : 3619.70,
    "dma100" : 3542.24,
    "dma200" : 3338.69,
    "volume" : 2095366.00
  }, {
    "date" : "2025-12-31",
    "price" : 3709.20,
    "dma50" : 3623.21,
    "dma100" : 3547.21,
    "dma200" : 3342.38,
    "volume" : 1950879.00
  }, {
    "date" : "2026-01-01",
    "price" : 3761.00,
    "dma50" : 3628.62,
    "dma100" : 3552.54,
    "dma200" : 3346.54,
    "volume" : 1703728.00
  }, {
    "date" : "2026-01-02",
    "price" : 3802.40,
    "dma50" : 3635.43,
    "dma100" : 3558.46,
    "dma200" : 3351.08,
    "volume" : 1543235.00
  }, {
    "date" : "2026-01-05",
    "price" : 3790.30,
    "dma50" : 3641.50,
    "dma100" : 3564.92,
    "dma200" : 3355.45,
    "volume" : 1601792.00
  }, {
    "date" : "2026-01-06",
    "price" : 3785.60,
    "dma50" : 3647.15,
    "dma100" : 3570.91,
    "dma200" : 3359.73,
    "volume" : 1329582.00
  }, {
    "date" : "2026-01-07",
    "price" : 3748.80,
    "dma50" : 3651.14,
    "dma100" : 3576.03,
    "dma200" : 3363.60,
    "volume" : 1095975.00
  }, {
    "date" : "2026-01-08",
    "price" : 3724.00,
    "dma50" : 3654.00,
    "dma100" : 3580.45,
    "dma200" : 3367.19,
    "volume" : 1453643.00
  }, {
    "date" : "2026-01-09",
    "price" : 3677.30,
    "dma50" : 3654.91,
    "dma100" : 3584.57,
    "dma200" : 3370.27,
    "volume" : 1267756.00
  }, {
    "date" : "2026-01-12",
    "price" : 3682.00,
    "dma50" : 3655.97,
    "dma100" : 3587.56,
    "dma200" : 3373.37,
    "volume" : 1695179.00
  }, {
    "date" : "2026-01-13",
    "price" : 3661.50,
    "dma50" : 3656.19,
    "dma100" : 3590.64,
    "dma200" : 3376.24,
    "volume" : 1773049.00
  }, {
    "date" : "2026-01-14",
    "price" : 3649.50,
    "dma50" : 3655.93,
    "dma100" : 3593.17,
    "dma200" : 3378.96,
    "volume" : 1924411.00
  }, {
    "date" : "2026-01-16",
    "price" : 3658.20,
    "dma50" : 3656.02,
    "dma100" : 3596.01,
    "dma200" : 3381.74,
    "volume" : 2127915.00
  }, {
    "date" : "2026-01-19",
    "price" : 3657.40,
    "dma50" : 3656.07,
    "dma100" : 3598.55,
    "dma200" : 3384.48,
    "volume" : 1736911.00
  }, {
    "date" : "2026-01-20",
    "price" : 3557.50,
    "dma50" : 3652.21,
    "dma100" : 3600.14,
    "dma200" : 3386.20,
    "volume" : 1787807.00
  }, {
    "date" : "2026-01-21",
    "price" : 3553.30,
    "dma50" : 3648.33,
    "dma100" : 3602.36,
    "dma200" : 3387.86,
    "volume" : 1641658.00
  }, {
    "date" : "2026-01-22",
    "price" : 3573.70,
    "dma50" : 3645.40,
    "dma100" : 3605.14,
    "dma200" : 3389.71,
    "volume" : 2209391.00
  }, {
    "date" : "2026-01-23",
    "price" : 3543.40,
    "dma50" : 3641.40,
    "dma100" : 3608.58,
    "dma200" : 3391.24,
    "volume" : 2031904.00
  }, {
    "date" : "2026-01-27",
    "price" : 3393.50,
    "dma50" : 3631.68,
    "dma100" : 3609.36,
    "dma200" : 3391.27,
    "volume" : 8261826.00
  }, {
    "date" : "2026-01-28",
    "price" : 3449.20,
    "dma50" : 3624.52,
    "dma100" : 3611.51,
    "dma200" : 3391.84,
    "volume" : 4059436.00
  }, {
    "date" : "2026-01-29",
    "price" : 3384.40,
    "dma50" : 3615.11,
    "dma100" : 3612.50,
    "dma200" : 3391.77,
    "volume" : 5977523.00
  }, {
    "date" : "2026-01-30",
    "price" : 3431.80,
    "dma50" : 3607.92,
    "dma100" : 3612.00,
    "dma200" : 3392.17,
    "volume" : 6199425.00
  }, {
    "date" : "2026-02-01",
    "price" : 3363.80,
    "dma50" : 3598.35,
    "dma100" : 3610.02,
    "dma200" : 3391.88,
    "volume" : 1708862.00
  }, {
    "date" : "2026-02-02",
    "price" : 3463.20,
    "dma50" : 3593.05,
    "dma100" : 3607.64,
    "dma200" : 3392.59,
    "volume" : 3006712.00
  }, {
    "date" : "2026-02-03",
    "price" : 3527.90,
    "dma50" : 3590.49,
    "dma100" : 3605.96,
    "dma200" : 3393.94,
    "volume" : 5684609.00
  }, {
    "date" : "2026-02-04",
    "price" : 3574.00,
    "dma50" : 3589.84,
    "dma100" : 3605.65,
    "dma200" : 3395.73,
    "volume" : 2592371.00
  }, {
    "date" : "2026-02-05",
    "price" : 3572.00,
    "dma50" : 3589.14,
    "dma100" : 3605.42,
    "dma200" : 3397.49,
    "volume" : 1287035.00
  }, {
    "date" : "2026-02-06",
    "price" : 3578.00,
    "dma50" : 3588.71,
    "dma100" : 3605.30,
    "dma200" : 3399.28,
    "volume" : 1487118.00
  }, {
    "date" : "2026-02-09",
    "price" : 3609.60,
    "dma50" : 3589.53,
    "dma100" : 3606.09,
    "dma200" : 3401.37,
    "volume" : 1321976.00
  }, {
    "date" : "2026-02-10",
    "price" : 3675.80,
    "dma50" : 3592.91,
    "dma100" : 3606.77,
    "dma200" : 3404.10,
    "volume" : 2022498.00
  }, {
    "date" : "2026-02-11",
    "price" : 3674.90,
    "dma50" : 3596.12,
    "dma100" : 3607.19,
    "dma200" : 3406.80,
    "volume" : 4993646.00
  }, {
    "date" : "2026-02-12",
    "price" : 3593.10,
    "dma50" : 3596.01,
    "dma100" : 3606.69,
    "dma200" : 3408.65,
    "volume" : 2640642.00
  }, {
    "date" : "2026-02-13",
    "price" : 3533.40,
    "dma50" : 3593.55,
    "dma100" : 3606.11,
    "dma200" : 3409.89,
    "volume" : 1731807.00
  }, {
    "date" : "2026-02-16",
    "price" : 3509.70,
    "dma50" : 3590.26,
    "dma100" : 3605.36,
    "dma200" : 3410.89,
    "volume" : 1670724.00
  } ],
  "latestTechnicalAttributes" : {
    "date" : "2026-02-16",
    "price" : 3509.70,
    "dma50" : 3590.26,
    "dma100" : 3605.36,
    "dma200" : 3410.89,
    "volume" : 1670724.00
  },
  "quarterlyResults" : [ {
    "date" : "2005-03-31",
    "sales" : 1910.68,
    "salesGrowthYoY" : null,
    "grossProfitMargin" : 30.42,
    "grossProfit" : 581.23,
    "operatingProfitMargin" : 11.01,
    "operatingProfit" : 210.37,
    "netProfitMargin" : 8.11,
    "netProfit" : 154.96
  }, {
    "date" : "2005-06-30",
    "sales" : 1811.87,
    "salesGrowthYoY" : null,
    "grossProfitMargin" : 31.01,
    "grossProfit" : 561.86,
    "operatingProfitMargin" : 10.65,
    "operatingProfit" : 192.96,
    "netProfitMargin" : 7.98,
    "netProfit" : 144.59
  }, {
    "date" : "2005-09-30",
    "sales" : 1914.81,
    "salesGrowthYoY" : null,
    "grossProfitMargin" : 30.40,
    "grossProfit" : 582.10,
    "operatingProfitMargin" : 11.39,
    "operatingProfit" : 218.10,
    "netProfitMargin" : 8.27,
    "netProfit" : 158.35
  }, {
    "date" : "2005-12-31",
    "sales" : 2207.17,
    "salesGrowthYoY" : null,
    "grossProfitMargin" : 32.42,
    "grossProfit" : 715.56,
    "operatingProfitMargin" : 12.87,
    "operatingProfit" : 284.06,
    "netProfitMargin" : 9.07,
    "netProfit" : 200.19
  }, {
    "date" : "2006-03-31",
    "sales" : 2288.83,
    "salesGrowthYoY" : 19.79,
    "grossProfitMargin" : 28.47,
    "grossProfit" : 651.63,
    "operatingProfitMargin" : 11.80,
    "operatingProfit" : 270.08,
    "netProfitMargin" : 8.55,
    "netProfit" : 195.69
  }, {
    "date" : "2006-06-30",
    "sales" : 2236.25,
    "salesGrowthYoY" : 23.42,
    "grossProfitMargin" : 30.95,
    "grossProfit" : 692.12,
    "operatingProfitMargin" : 12.08,
    "operatingProfit" : 270.14,
    "netProfitMargin" : 9.18,
    "netProfit" : 205.29
  }, {
    "date" : "2006-09-30",
    "sales" : 2490.51,
    "salesGrowthYoY" : 30.07,
    "grossProfitMargin" : 34.90,
    "grossProfit" : 869.19,
    "operatingProfitMargin" : 14.84,
    "operatingProfit" : 369.59,
    "netProfitMargin" : 12.08,
    "netProfit" : 300.85
  }, {
    "date" : "2006-12-31",
    "sales" : 2576.06,
    "salesGrowthYoY" : 16.71,
    "grossProfitMargin" : 31.74,
    "grossProfit" : 817.64,
    "operatingProfitMargin" : 12.02,
    "operatingProfit" : 309.64,
    "netProfitMargin" : 9.40,
    "netProfit" : 242.15
  }, {
    "date" : "2007-03-31",
    "sales" : 2723.46,
    "salesGrowthYoY" : 18.99,
    "grossProfitMargin" : 30.08,
    "grossProfit" : 819.22,
    "operatingProfitMargin" : 11.51,
    "operatingProfit" : 313.47,
    "netProfitMargin" : 8.44,
    "netProfit" : 229.86
  }, {
    "date" : "2007-06-30",
    "sales" : 2612.78,
    "salesGrowthYoY" : 16.84,
    "grossProfitMargin" : 31.59,
    "grossProfit" : 825.38,
    "operatingProfitMargin" : 10.54,
    "operatingProfit" : 275.39,
    "netProfitMargin" : 7.32,
    "netProfit" : 191.26
  }, {
    "date" : "2007-09-30",
    "sales" : 2811.10,
    "salesGrowthYoY" : 12.87,
    "grossProfitMargin" : 36.48,
    "grossProfit" : 1025.49,
    "operatingProfitMargin" : 13.95,
    "operatingProfit" : 392.15,
    "netProfitMargin" : 10.17,
    "netProfit" : 285.89
  }, {
    "date" : "2007-12-31",
    "sales" : 2950.14,
    "salesGrowthYoY" : 14.52,
    "grossProfitMargin" : 32.99,
    "grossProfit" : 973.25,
    "operatingProfitMargin" : 11.50,
    "operatingProfit" : 339.27,
    "netProfitMargin" : 9.39,
    "netProfit" : 277.02
  }, {
    "date" : "2008-03-31",
    "sales" : 3159.55,
    "salesGrowthYoY" : 16.01,
    "grossProfitMargin" : 31.12,
    "grossProfit" : 983.25,
    "operatingProfitMargin" : 11.14,
    "operatingProfit" : 351.97,
    "netProfitMargin" : 6.64,
    "netProfit" : 209.79
  }, {
    "date" : "2008-06-30",
    "sales" : 3302.41,
    "salesGrowthYoY" : 26.39,
    "grossProfitMargin" : 30.45,
    "grossProfit" : 1005.58,
    "operatingProfitMargin" : 7.75,
    "operatingProfit" : 255.94,
    "netProfitMargin" : 4.82,
    "netProfit" : 159.18
  }, {
    "date" : "2008-09-30",
    "sales" : 3354.68,
    "salesGrowthYoY" : 19.34,
    "grossProfitMargin" : 29.42,
    "grossProfit" : 986.95,
    "operatingProfitMargin" : 5.85,
    "operatingProfit" : 196.25,
    "netProfitMargin" : 7.09,
    "netProfit" : 237.85
  }, {
    "date" : "2008-12-31",
    "sales" : 2882.08,
    "salesGrowthYoY" : -2.31,
    "grossProfitMargin" : 28.46,
    "grossProfit" : 820.24,
    "operatingProfitMargin" : 2.94,
    "operatingProfit" : 84.73,
    "netProfitMargin" : 1.51,
    "netProfit" : 43.52
  }, {
    "date" : "2009-03-31",
    "sales" : 3646.57,
    "salesGrowthYoY" : 15.41,
    "grossProfitMargin" : 30.13,
    "grossProfit" : 1098.71,
    "operatingProfitMargin" : 15.29,
    "operatingProfit" : 557.56,
    "netProfitMargin" : 11.46,
    "netProfit" : 417.90
  }, {
    "date" : "2009-06-30",
    "sales" : 4242.59,
    "salesGrowthYoY" : 28.47,
    "grossProfitMargin" : 33.87,
    "grossProfit" : 1436.97,
    "operatingProfitMargin" : 14.35,
    "operatingProfit" : 608.81,
    "netProfitMargin" : 9.45,
    "netProfit" : 400.92
  }, {
    "date" : "2009-09-30",
    "sales" : 4557.77,
    "salesGrowthYoY" : 35.86,
    "grossProfitMargin" : 35.74,
    "grossProfit" : 1628.95,
    "operatingProfitMargin" : 18.24,
    "operatingProfit" : 831.34,
    "netProfitMargin" : 13.95,
    "netProfit" : 635.81
  }, {
    "date" : "2009-12-31",
    "sales" : 4497.12,
    "salesGrowthYoY" : 56.04,
    "grossProfitMargin" : 32.98,
    "grossProfit" : 1483.15,
    "operatingProfitMargin" : 14.89,
    "operatingProfit" : 669.62,
    "netProfitMargin" : 9.20,
    "netProfit" : 413.74
  }, {
    "date" : "2010-03-31",
    "sales" : 5304.63,
    "salesGrowthYoY" : 45.47,
    "grossProfitMargin" : 32.43,
    "grossProfit" : 1720.29,
    "operatingProfitMargin" : 15.94,
    "operatingProfit" : 845.56,
    "netProfitMargin" : 10.75,
    "netProfit" : 570.25
  }, {
    "date" : "2010-06-30",
    "sales" : 5160.10,
    "salesGrowthYoY" : 21.63,
    "grossProfitMargin" : 30.42,
    "grossProfit" : 1569.70,
    "operatingProfitMargin" : 15.03,
    "operatingProfit" : 775.56,
    "netProfitMargin" : 10.90,
    "netProfit" : 562.45
  }, {
    "date" : "2010-09-30",
    "sales" : 5434.36,
    "salesGrowthYoY" : 19.23,
    "grossProfitMargin" : 32.85,
    "grossProfit" : 1785.19,
    "operatingProfitMargin" : 16.47,
    "operatingProfit" : 895.04,
    "netProfitMargin" : 13.96,
    "netProfit" : 758.64
  }, {
    "date" : "2010-12-31",
    "sales" : 6121.09,
    "salesGrowthYoY" : 36.11,
    "grossProfitMargin" : 30.80,
    "grossProfit" : 1885.30,
    "operatingProfitMargin" : 15.09,
    "operatingProfit" : 923.67,
    "netProfitMargin" : 10.57,
    "netProfit" : 647.00
  }, {
    "date" : "2011-03-31",
    "sales" : 6769.22,
    "salesGrowthYoY" : 27.61,
    "grossProfitMargin" : 29.26,
    "grossProfit" : 1980.67,
    "operatingProfitMargin" : 12.86,
    "operatingProfit" : 870.52,
    "netProfitMargin" : 8.96,
    "netProfit" : 606.52
  }, {
    "date" : "2011-06-30",
    "sales" : 6727.08,
    "salesGrowthYoY" : 30.37,
    "grossProfitMargin" : 28.15,
    "grossProfit" : 1893.67,
    "operatingProfitMargin" : 13.31,
    "operatingProfit" : 895.37,
    "netProfitMargin" : 8.99,
    "netProfit" : 604.76
  }, {
    "date" : "2011-09-30",
    "sales" : 7356.36,
    "salesGrowthYoY" : 35.37,
    "grossProfitMargin" : 27.39,
    "grossProfit" : 2014.91,
    "operatingProfitMargin" : 12.00,
    "operatingProfit" : 882.76,
    "netProfitMargin" : 10.02,
    "netProfit" : 737.11
  }, {
    "date" : "2011-12-31",
    "sales" : 8382.91,
    "salesGrowthYoY" : 36.95,
    "grossProfitMargin" : 25.62,
    "grossProfit" : 2147.70,
    "operatingProfitMargin" : 12.20,
    "operatingProfit" : 1022.72,
    "netProfitMargin" : 7.90,
    "netProfit" : 662.25
  }, {
    "date" : "2012-03-31",
    "sales" : 9380.84,
    "salesGrowthYoY" : 38.58,
    "grossProfitMargin" : 24.43,
    "grossProfit" : 2291.74,
    "operatingProfitMargin" : 10.27,
    "operatingProfit" : 963.41,
    "netProfitMargin" : 8.20,
    "netProfit" : 769.23
  }, {
    "date" : "2012-06-30",
    "sales" : 9367.39,
    "salesGrowthYoY" : 39.25,
    "grossProfitMargin" : 24.80,
    "grossProfit" : 2323.11,
    "operatingProfitMargin" : 11.84,
    "operatingProfit" : 1109.10,
    "netProfitMargin" : 7.75,
    "netProfit" : 725.97
  }, {
    "date" : "2012-09-30",
    "sales" : 9812.96,
    "salesGrowthYoY" : 33.39,
    "grossProfitMargin" : 24.71,
    "grossProfit" : 2424.78,
    "operatingProfitMargin" : 11.40,
    "operatingProfit" : 1118.68,
    "netProfitMargin" : 9.19,
    "netProfit" : 901.81
  }, {
    "date" : "2012-12-31",
    "sales" : 10774.28,
    "salesGrowthYoY" : 28.53,
    "grossProfitMargin" : 24.29,
    "grossProfit" : 2617.07,
    "operatingProfitMargin" : 11.24,
    "operatingProfit" : 1211.03,
    "netProfitMargin" : 7.76,
    "netProfit" : 836.08
  }, {
    "date" : "2013-03-31",
    "sales" : 10486.53,
    "salesGrowthYoY" : 11.79,
    "grossProfitMargin" : 25.29,
    "grossProfit" : 2652.04,
    "operatingProfitMargin" : 12.11,
    "operatingProfit" : 1269.92,
    "netProfitMargin" : 7.84,
    "netProfit" : 822.14
  }, {
    "date" : "2013-06-30",
    "sales" : 10022.52,
    "salesGrowthYoY" : 6.99,
    "grossProfitMargin" : 27.05,
    "grossProfit" : 2711.09,
    "operatingProfitMargin" : 12.85,
    "operatingProfit" : 1287.89,
    "netProfitMargin" : 9.36,
    "netProfit" : 938.11
  }, {
    "date" : "2013-09-30",
    "sales" : 8929.57,
    "salesGrowthYoY" : -9.00,
    "grossProfitMargin" : 28.52,
    "grossProfit" : 2546.71,
    "operatingProfitMargin" : 12.82,
    "operatingProfit" : 1144.77,
    "netProfitMargin" : 11.08,
    "netProfit" : 989.40
  }, {
    "date" : "2013-12-31",
    "sales" : 10555.68,
    "salesGrowthYoY" : -2.03,
    "grossProfitMargin" : 27.93,
    "grossProfit" : 2948.20,
    "operatingProfitMargin" : 13.09,
    "operatingProfit" : 1381.74,
    "netProfitMargin" : 8.85,
    "netProfit" : 934.18
  }, {
    "date" : "2014-03-31",
    "sales" : 11000.73,
    "salesGrowthYoY" : 4.90,
    "grossProfitMargin" : 26.08,
    "grossProfit" : 2868.99,
    "operatingProfitMargin" : 8.24,
    "operatingProfit" : 906.46,
    "netProfitMargin" : 7.67,
    "netProfit" : 843.76
  }, {
    "date" : "2014-06-30",
    "sales" : 10172.70,
    "salesGrowthYoY" : 1.50,
    "grossProfitMargin" : 27.49,
    "grossProfit" : 2796.48,
    "operatingProfitMargin" : 12.48,
    "operatingProfit" : 1269.55,
    "netProfitMargin" : 8.67,
    "netProfit" : 881.97
  }, {
    "date" : "2014-09-30",
    "sales" : 9410.51,
    "salesGrowthYoY" : 5.39,
    "grossProfitMargin" : 27.34,
    "grossProfit" : 2572.83,
    "operatingProfitMargin" : 10.72,
    "operatingProfit" : 1008.81,
    "netProfitMargin" : 10.06,
    "netProfit" : 946.70
  }, {
    "date" : "2014-12-31",
    "sales" : 9427.25,
    "salesGrowthYoY" : -10.69,
    "grossProfitMargin" : 27.02,
    "grossProfit" : 2547.24,
    "operatingProfitMargin" : 10.55,
    "operatingProfit" : 994.57,
    "netProfitMargin" : 7.27,
    "netProfit" : 685.36
  }, {
    "date" : "2015-03-31",
    "sales" : 9434.37,
    "salesGrowthYoY" : -14.24,
    "grossProfitMargin" : 27.28,
    "grossProfit" : 2573.70,
    "operatingProfitMargin" : 9.54,
    "operatingProfit" : 900.04,
    "netProfitMargin" : 5.54,
    "netProfit" : 522.66
  }, {
    "date" : "2015-06-30",
    "sales" : 9828.95,
    "salesGrowthYoY" : -3.38,
    "grossProfitMargin" : 28.94,
    "grossProfit" : 2844.50,
    "operatingProfitMargin" : 12.66,
    "operatingProfit" : 1244.35,
    "netProfitMargin" : 8.65,
    "netProfit" : 850.20
  }, {
    "date" : "2015-09-30",
    "sales" : 9276.06,
    "salesGrowthYoY" : -1.43,
    "grossProfitMargin" : 28.37,
    "grossProfit" : 2631.62,
    "operatingProfitMargin" : 10.87,
    "operatingProfit" : 1008.31,
    "netProfitMargin" : 9.87,
    "netProfit" : 915.55
  }, {
    "date" : "2015-12-31",
    "sales" : 11004.30,
    "salesGrowthYoY" : 16.73,
    "grossProfitMargin" : 27.55,
    "grossProfit" : 3031.68,
    "operatingProfitMargin" : 11.63,
    "operatingProfit" : 1279.80,
    "netProfitMargin" : 7.15,
    "netProfit" : 786.81
  }, {
    "date" : "2016-03-31",
    "sales" : 10765.77,
    "salesGrowthYoY" : 14.11,
    "grossProfitMargin" : 26.47,
    "grossProfit" : 2849.70,
    "operatingProfitMargin" : 9.99,
    "operatingProfit" : 1075.50,
    "netProfitMargin" : 5.58,
    "netProfit" : 600.73
  }, {
    "date" : "2016-06-30",
    "sales" : 11040.79,
    "salesGrowthYoY" : 12.33,
    "grossProfitMargin" : 27.28,
    "grossProfit" : 3011.93,
    "operatingProfitMargin" : 11.72,
    "operatingProfit" : 1293.98,
    "netProfitMargin" : 8.02,
    "netProfit" : 885.47
  }, {
    "date" : "2016-09-30",
    "sales" : 10685.62,
    "salesGrowthYoY" : 15.20,
    "grossProfitMargin" : 28.21,
    "grossProfit" : 3014.41,
    "operatingProfitMargin" : 11.12,
    "operatingProfit" : 1188.24,
    "netProfitMargin" : 9.99,
    "netProfit" : 1067.49
  }, {
    "date" : "2016-12-31",
    "sales" : 11071.33,
    "salesGrowthYoY" : 0.61,
    "grossProfitMargin" : 27.60,
    "grossProfit" : 3055.69,
    "operatingProfitMargin" : 11.43,
    "operatingProfit" : 1265.45,
    "netProfitMargin" : 7.13,
    "netProfit" : 789.39
  }, {
    "date" : "2017-03-31",
    "sales" : 11158.45,
    "salesGrowthYoY" : 3.65,
    "grossProfitMargin" : 25.86,
    "grossProfit" : 2885.58,
    "operatingProfitMargin" : 7.79,
    "operatingProfit" : 869.24,
    "netProfitMargin" : 4.92,
    "netProfit" : 549.00
  }, {
    "date" : "2017-06-30",
    "sales" : 11616.25,
    "salesGrowthYoY" : 5.21,
    "grossProfitMargin" : 27.19,
    "grossProfit" : 3158.46,
    "operatingProfitMargin" : 10.73,
    "operatingProfit" : 1246.42,
    "netProfitMargin" : 6.45,
    "netProfit" : 749.25
  }, {
    "date" : "2017-09-30",
    "sales" : 12183.65,
    "salesGrowthYoY" : 14.02,
    "grossProfitMargin" : 30.97,
    "grossProfit" : 3773.28,
    "operatingProfitMargin" : 14.19,
    "operatingProfit" : 1728.86,
    "netProfitMargin" : 10.93,
    "netProfit" : 1331.67
  }, {
    "date" : "2017-12-31",
    "sales" : 11577.78,
    "salesGrowthYoY" : 4.57,
    "grossProfitMargin" : 30.64,
    "grossProfit" : 3547.43,
    "operatingProfitMargin" : 12.90,
    "operatingProfit" : 1493.53,
    "netProfitMargin" : 7.94,
    "netProfit" : 919.28
  }, {
    "date" : "2018-03-31",
    "sales" : 13307.88,
    "salesGrowthYoY" : 19.26,
    "grossProfitMargin" : 30.59,
    "grossProfit" : 4070.88,
    "operatingProfitMargin" : 13.18,
    "operatingProfit" : 1753.98,
    "netProfitMargin" : 7.71,
    "netProfit" : 1026.04
  }, {
    "date" : "2018-06-30",
    "sales" : 13519.91,
    "salesGrowthYoY" : 16.39,
    "grossProfitMargin" : 29.31,
    "grossProfit" : 3962.69,
    "operatingProfitMargin" : 13.84,
    "operatingProfit" : 1871.16,
    "netProfitMargin" : 8.92,
    "netProfit" : 1205.98
  }, {
    "date" : "2018-09-30",
    "sales" : 12988.57,
    "salesGrowthYoY" : 6.61,
    "grossProfitMargin" : 28.74,
    "grossProfit" : 3732.92,
    "operatingProfitMargin" : 12.36,
    "operatingProfit" : 1605.39,
    "netProfitMargin" : 11.89,
    "netProfit" : 1544.34
  }, {
    "date" : "2018-12-31",
    "sales" : 13070.36,
    "salesGrowthYoY" : 12.89,
    "grossProfitMargin" : 28.03,
    "grossProfit" : 3663.62,
    "operatingProfitMargin" : 11.61,
    "operatingProfit" : 1517.47,
    "netProfitMargin" : 8.75,
    "netProfit" : 1143.66
  }, {
    "date" : "2019-03-31",
    "sales" : 14035.16,
    "salesGrowthYoY" : 5.47,
    "grossProfitMargin" : 28.49,
    "grossProfit" : 3998.62,
    "operatingProfitMargin" : 11.73,
    "operatingProfit" : 1646.32,
    "netProfitMargin" : 6.57,
    "netProfit" : 922.11
  }, {
    "date" : "2019-06-30",
    "sales" : 12922.72,
    "salesGrowthYoY" : -4.42,
    "grossProfitMargin" : 29.12,
    "grossProfit" : 3763.10,
    "operatingProfitMargin" : 12.56,
    "operatingProfit" : 1623.09,
    "netProfitMargin" : 8.96,
    "netProfit" : 1157.88
  }, {
    "date" : "2019-09-30",
    "sales" : 11076.05,
    "salesGrowthYoY" : -14.72,
    "grossProfitMargin" : 30.69,
    "grossProfit" : 3399.24,
    "operatingProfitMargin" : 12.56,
    "operatingProfit" : 1391.15,
    "netProfitMargin" : 10.95,
    "netProfit" : 1212.83
  }, {
    "date" : "2019-12-31",
    "sales" : 12345.29,
    "salesGrowthYoY" : -5.55,
    "grossProfitMargin" : 29.94,
    "grossProfit" : 3696.18,
    "operatingProfitMargin" : 13.36,
    "operatingProfit" : 1649.33,
    "netProfitMargin" : 4.68,
    "netProfit" : 577.76
  }, {
    "date" : "2020-03-31",
    "sales" : 9143.72,
    "salesGrowthYoY" : -34.85,
    "grossProfitMargin" : 32.77,
    "grossProfit" : 2996.40,
    "operatingProfitMargin" : 12.41,
    "operatingProfit" : 1134.74,
    "netProfitMargin" : -3.02,
    "netProfit" : -276.14
  }, {
    "date" : "2020-06-30",
    "sales" : 5589.43,
    "salesGrowthYoY" : -56.75,
    "grossProfitMargin" : 35.16,
    "grossProfit" : 1965.24,
    "operatingProfitMargin" : 10.25,
    "operatingProfit" : 572.92,
    "netProfitMargin" : 0.76,
    "netProfit" : 42.48
  }, {
    "date" : "2020-09-30",
    "sales" : 11590.32,
    "salesGrowthYoY" : 4.64,
    "grossProfitMargin" : 33.58,
    "grossProfit" : 3892.03,
    "operatingProfitMargin" : 17.75,
    "operatingProfit" : 2057.28,
    "netProfitMargin" : 4.13,
    "netProfit" : 478.68
  }, {
    "date" : "2020-12-31",
    "sales" : 14056.54,
    "salesGrowthYoY" : 13.86,
    "grossProfitMargin" : 31.50,
    "grossProfit" : 4427.81,
    "operatingProfitMargin" : 16.97,
    "operatingProfit" : 2385.39,
    "netProfitMargin" : 8.25,
    "netProfit" : 1159.66
  }, {
    "date" : "2021-03-31",
    "sales" : 13355.87,
    "salesGrowthYoY" : 46.07,
    "grossProfitMargin" : 30.93,
    "grossProfit" : 4130.97,
    "operatingProfitMargin" : 14.64,
    "operatingProfit" : 1955.30,
    "netProfitMargin" : 2.38,
    "netProfit" : 317.87
  }, {
    "date" : "2021-06-30",
    "sales" : 11764.82,
    "salesGrowthYoY" : 110.48,
    "grossProfitMargin" : 30.37,
    "grossProfit" : 3572.98,
    "operatingProfitMargin" : 13.87,
    "operatingProfit" : 1631.78,
    "netProfitMargin" : 7.79,
    "netProfit" : 916.48
  }, {
    "date" : "2021-09-30",
    "sales" : 13314.38,
    "salesGrowthYoY" : 14.87,
    "grossProfitMargin" : 27.29,
    "grossProfit" : 3633.49,
    "operatingProfitMargin" : 12.47,
    "operatingProfit" : 1660.30,
    "netProfitMargin" : 12.22,
    "netProfit" : 1627.02
  }, {
    "date" : "2021-12-31",
    "sales" : 15349.05,
    "salesGrowthYoY" : 9.20,
    "grossProfitMargin" : 25.32,
    "grossProfit" : 3886.38,
    "operatingProfitMargin" : 11.74,
    "operatingProfit" : 1801.98,
    "netProfitMargin" : 8.70,
    "netProfit" : 1335.37
  }, {
    "date" : "2022-03-31",
    "sales" : 17237.76,
    "salesGrowthYoY" : 29.07,
    "grossProfitMargin" : 23.69,
    "grossProfit" : 4083.63,
    "operatingProfitMargin" : 11.23,
    "operatingProfit" : 1935.80,
    "netProfitMargin" : 6.76,
    "netProfit" : 1165.27
  }, {
    "date" : "2022-06-30",
    "sales" : 19813.01,
    "salesGrowthYoY" : 68.41,
    "grossProfitMargin" : 23.72,
    "grossProfit" : 4699.65,
    "operatingProfitMargin" : 12.22,
    "operatingProfit" : 2421.15,
    "netProfitMargin" : 7.25,
    "netProfit" : 1436.44
  }, {
    "date" : "2022-09-30",
    "sales" : 22105.31,
    "salesGrowthYoY" : 66.03,
    "grossProfitMargin" : 27.27,
    "grossProfit" : 6028.12,
    "operatingProfitMargin" : 16.25,
    "operatingProfit" : 3592.11,
    "netProfitMargin" : 10.40,
    "netProfit" : 2298.95
  }, {
    "date" : "2022-12-31",
    "sales" : 22112.52,
    "salesGrowthYoY" : 44.06,
    "grossProfitMargin" : 25.62,
    "grossProfit" : 5665.23,
    "operatingProfitMargin" : 14.80,
    "operatingProfit" : 3272.65,
    "netProfitMargin" : 8.82,
    "netProfit" : 1950.32
  }, {
    "date" : "2023-03-31",
    "sales" : 22613.79,
    "salesGrowthYoY" : 31.19,
    "grossProfitMargin" : 25.17,
    "grossProfit" : 5691.89,
    "operatingProfitMargin" : 12.56,
    "operatingProfit" : 2840.29,
    "netProfitMargin" : 8.67,
    "netProfit" : 1960.62
  }, {
    "date" : "2023-06-30",
    "sales" : 24402.85,
    "salesGrowthYoY" : 23.17,
    "grossProfitMargin" : 25.77,
    "grossProfit" : 6288.61,
    "operatingProfitMargin" : 14.55,
    "operatingProfit" : 3550.61,
    "netProfitMargin" : 11.31,
    "netProfit" : 2759.96
  }, {
    "date" : "2023-09-30",
    "sales" : 25762.42,
    "salesGrowthYoY" : 16.54,
    "grossProfitMargin" : 28.69,
    "grossProfit" : 7391.24,
    "operatingProfitMargin" : 17.44,
    "operatingProfit" : 4492.97,
    "netProfitMargin" : 13.57,
    "netProfit" : 3495.96
  }, {
    "date" : "2023-12-31",
    "sales" : 25736.73,
    "salesGrowthYoY" : 16.39,
    "grossProfitMargin" : 25.89,
    "grossProfit" : 6663.24,
    "operatingProfitMargin" : 14.18,
    "operatingProfit" : 3649.47,
    "netProfitMargin" : 9.67,
    "netProfit" : 2488.74
  }, {
    "date" : "2024-03-31",
    "sales" : 25433.77,
    "salesGrowthYoY" : 12.47,
    "grossProfitMargin" : 27.52,
    "grossProfit" : 6999.37,
    "operatingProfitMargin" : 13.48,
    "operatingProfit" : 3428.47,
    "netProfitMargin" : 7.86,
    "netProfit" : 1999.09
  }, {
    "date" : "2024-06-30",
    "sales" : 27132.76,
    "salesGrowthYoY" : 11.19,
    "grossProfitMargin" : 26.51,
    "grossProfit" : 7192.89,
    "operatingProfitMargin" : 15.17,
    "operatingProfit" : 4116.04,
    "netProfitMargin" : 9.63,
    "netProfit" : 2612.88
  }, {
    "date" : "2024-09-30",
    "sales" : 28919.34,
    "salesGrowthYoY" : 12.25,
    "grossProfitMargin" : 29.31,
    "grossProfit" : 8476.26,
    "operatingProfitMargin" : 18.22,
    "operatingProfit" : 5269.10,
    "netProfitMargin" : 13.28,
    "netProfit" : 3840.49
  }, {
    "date" : "2024-12-31",
    "sales" : 30963.76,
    "salesGrowthYoY" : 20.31,
    "grossProfitMargin" : 26.60,
    "grossProfit" : 8236.36,
    "operatingProfitMargin" : 15.80,
    "operatingProfit" : 4892.27,
    "netProfitMargin" : 9.78,
    "netProfit" : 3028.26
  }, {
    "date" : "2025-03-31",
    "sales" : 31608.67,
    "salesGrowthYoY" : 24.28,
    "grossProfitMargin" : 26.51,
    "grossProfit" : 8379.46,
    "operatingProfitMargin" : 15.62,
    "operatingProfit" : 4937.27,
    "netProfitMargin" : 9.35,
    "netProfit" : 2955.41
  }, {
    "date" : "2025-06-30",
    "sales" : 34142.96,
    "salesGrowthYoY" : 25.84,
    "grossProfitMargin" : 24.08,
    "grossProfit" : 8221.62,
    "operatingProfitMargin" : 14.48,
    "operatingProfit" : 4943.90,
    "netProfitMargin" : 10.44,
    "netProfit" : 3564.53
  }, {
    "date" : "2025-09-30",
    "sales" : 35079.82,
    "salesGrowthYoY" : 21.30,
    "grossProfitMargin" : 27.94,
    "grossProfit" : 9801.30,
    "operatingProfitMargin" : 18.59,
    "operatingProfit" : 6521.34,
    "netProfitMargin" : 13.00,
    "netProfit" : 4560.38
  }, {
    "date" : "2025-12-31",
    "sales" : 38941.65,
    "salesGrowthYoY" : 25.77,
    "grossProfitMargin" : 24.64,
    "grossProfit" : 9595.22,
    "operatingProfitMargin" : 15.65,
    "operatingProfit" : 6094.37,
    "netProfitMargin" : 11.01,
    "netProfit" : 4287.48
  } ],
  "latestQuarterlyResult" : {
    "date" : "2025-12-31",
    "sales" : 38941.65,
    "salesGrowthYoY" : 25.77,
    "grossProfitMargin" : 24.64,
    "grossProfit" : 9595.22,
    "operatingProfitMargin" : 15.65,
    "operatingProfit" : 6094.37,
    "netProfitMargin" : 11.01,
    "netProfit" : 4287.48
  },
  "companyScore" : {
    "priceHigherThanDma50" : 0.00,
    "priceHigherThanDma100" : 0.00,
    "priceHigherThanDma200" : 5.00,
    "dma50HigherThanDma100" : 0.00,
    "dma50HigherThanDma200" : 5.00,
    "dma100HigherThanDma200" : 5.00,
    "pricePercentageAboveDma50" : 5.11,
    "pricePercentageAboveDma100" : 5.13,
    "pricePercentageAboveDma200" : 4.86,
    "weeklyVolumeHigherThanYearlyVolume" : 0.00,
    "salesGrowthPercentile" : 14.25,
    "operatingProfitMarginPercentile" : 17.62,
    "netProfitMarginPercentile" : 8.69,
    "totalTechnicalScore" : 30.10,
    "totalFundamentalScore" : 40.56,
    "totalScore" : 70.66
  }
}