{
  "metadata" : {
    "screenerCompanyId" : "1977",
    "companyCode" : "MAHLIFE",
    "companyName" : "Mahindra Life.",
    "screenerCompanyLink" : "https://www.screener.in/company/MAHLIFE/consolidated/",
    "screenerTechnicalHistoryLink" : "https://www.screener.in/api/company/1977/chart/?q=Price-DMA50-DMA200-Volume&days=365",
    "screenerQuarterlyResultsLink" : "https://www.screener.in/api/company/1977/chart/?q=GPM-OPM-NPM-Quarter+Sales&days=10000",
    "attributes" : {
      "companyCode" : "MAHLIFE",
      "companyName" : "Mahindra Life.",
      "marketCap" : 8540.00,
      "peRatio" : 52.80,
      "description" : "Mahindra Lifespace Developers Ltd was incorporated in 1999, it is engaged in the business of development of the real estate, residential facilities, commercial complexes and through its subsidiary companies is involved in various infrastructure projects including the development of SEZs and Industrial Clusters. [1][2]"
    },
    "companyScore" : {
      "priceHigherThanDma50" : 5.00,
      "priceHigherThanDma100" : 5.00,
      "priceHigherThanDma200" : 5.00,
      "dma50HigherThanDma100" : 5.00,
      "dma50HigherThanDma200" : 5.00,
      "dma100HigherThanDma200" : 0.00,
      "pricePercentageAboveDma50" : 4.91,
      "pricePercentageAboveDma100" : 4.68,
      "pricePercentageAboveDma200" : 4.71,
      "weeklyVolumeHigherThanYearlyVolume" : 0.00,
      "salesGrowthPercentile" : 18.99,
      "operatingProfitMarginPercentile" : 15.95,
      "netProfitMarginPercentile" : 5.54,
      "totalTechnicalScore" : 39.30,
      "totalFundamentalScore" : 40.47,
      "totalScore" : 79.77
    }
  },
  "attributes" : {
    "companyCode" : "MAHLIFE",
    "companyName" : "Mahindra Life.",
    "marketCap" : 8540.00,
    "peRatio" : 52.80,
    "description" : "Mahindra Lifespace Developers Ltd was incorporated in 1999, it is engaged in the business of development of the real estate, residential facilities, commercial complexes and through its subsidiary companies is involved in various infrastructure projects including the development of SEZs and Industrial Clusters. [1][2]"
  },
  "technicalHistory" : [ {
    "date" : "2024-12-16",
    "price" : 450.37,
    "dma50" : 462.39,
    "dma100" : null,
    "dma200" : 496.28,
    "volume" : 309177.00
  }, {
    "date" : "2024-12-17",
    "price" : 447.80,
    "dma50" : 461.82,
    "dma100" : null,
    "dma200" : 495.80,
    "volume" : 148396.00
  }, {
    "date" : "2024-12-18",
    "price" : 439.90,
    "dma50" : 460.96,
    "dma100" : null,
    "dma200" : 495.24,
    "volume" : 140006.00
  }, {
    "date" : "2024-12-19",
    "price" : 430.11,
    "dma50" : 459.75,
    "dma100" : null,
    "dma200" : 494.59,
    "volume" : 139983.00
  }, {
    "date" : "2024-12-20",
    "price" : 436.27,
    "dma50" : 458.83,
    "dma100" : null,
    "dma200" : 494.01,
    "volume" : 273202.00
  }, {
    "date" : "2024-12-23",
    "price" : 426.53,
    "dma50" : 457.56,
    "dma100" : null,
    "dma200" : 493.34,
    "volume" : 112976.00
  }, {
    "date" : "2024-12-24",
    "price" : 431.77,
    "dma50" : 456.55,
    "dma100" : null,
    "dma200" : 492.73,
    "volume" : 117968.00
  }, {
    "date" : "2024-12-26",
    "price" : 430.34,
    "dma50" : 455.53,
    "dma100" : null,
    "dma200" : 492.11,
    "volume" : 100389.00
  }, {
    "date" : "2024-12-27",
    "price" : 433.47,
    "dma50" : 454.66,
    "dma100" : null,
    "dma200" : 491.52,
    "volume" : 129253.00
  }, {
    "date" : "2024-12-30",
    "price" : 418.22,
    "dma50" : 453.23,
    "dma100" : null,
    "dma200" : 490.79,
    "volume" : 149260.00
  }, {
    "date" : "2024-12-31",
    "price" : 425.84,
    "dma50" : 452.16,
    "dma100" : null,
    "dma200" : 490.15,
    "volume" : 112604.00
  }, {
    "date" : "2025-01-01",
    "price" : 425.43,
    "dma50" : 451.11,
    "dma100" : null,
    "dma200" : 489.50,
    "volume" : 97743.00
  }, {
    "date" : "2025-01-02",
    "price" : 426.16,
    "dma50" : 450.13,
    "dma100" : null,
    "dma200" : 488.87,
    "volume" : 76834.00
  }, {
    "date" : "2025-01-03",
    "price" : 427.13,
    "dma50" : 449.23,
    "dma100" : null,
    "dma200" : 488.26,
    "volume" : 134935.00
  }, {
    "date" : "2025-01-06",
    "price" : 421.52,
    "dma50" : 448.14,
    "dma100" : null,
    "dma200" : 487.59,
    "volume" : 412033.00
  }, {
    "date" : "2025-01-07",
    "price" : 422.35,
    "dma50" : 447.13,
    "dma100" : null,
    "dma200" : 486.94,
    "volume" : 326587.00
  }, {
    "date" : "2025-01-08",
    "price" : 415.37,
    "dma50" : 445.88,
    "dma100" : null,
    "dma200" : 486.23,
    "volume" : 104332.00
  }, {
    "date" : "2025-01-09",
    "price" : 408.98,
    "dma50" : 444.44,
    "dma100" : null,
    "dma200" : 485.46,
    "volume" : 138607.00
  }, {
    "date" : "2025-01-10",
    "price" : 394.60,
    "dma50" : 442.48,
    "dma100" : null,
    "dma200" : 484.56,
    "volume" : 219926.00
  }, {
    "date" : "2025-01-13",
    "price" : 373.70,
    "dma50" : 439.79,
    "dma100" : null,
    "dma200" : 483.46,
    "volume" : 296304.00
  }, {
    "date" : "2025-01-14",
    "price" : 365.71,
    "dma50" : 436.88,
    "dma100" : null,
    "dma200" : 482.29,
    "volume" : 442444.00
  }, {
    "date" : "2025-01-15",
    "price" : 373.38,
    "dma50" : 434.39,
    "dma100" : null,
    "dma200" : 481.20,
    "volume" : 202437.00
  }, {
    "date" : "2025-01-16",
    "price" : 379.17,
    "dma50" : 432.23,
    "dma100" : null,
    "dma200" : 480.19,
    "volume" : 137846.00
  }, {
    "date" : "2025-01-17",
    "price" : 380.23,
    "dma50" : 430.19,
    "dma100" : null,
    "dma200" : 479.19,
    "volume" : 56260.00
  }, {
    "date" : "2025-01-20",
    "price" : 378.94,
    "dma50" : 428.18,
    "dma100" : null,
    "dma200" : 478.19,
    "volume" : 109092.00
  }, {
    "date" : "2025-01-21",
    "price" : 373.15,
    "dma50" : 426.02,
    "dma100" : null,
    "dma200" : 477.15,
    "volume" : 105555.00
  }, {
    "date" : "2025-01-22",
    "price" : 367.59,
    "dma50" : 423.73,
    "dma100" : null,
    "dma200" : 476.06,
    "volume" : 139839.00
  }, {
    "date" : "2025-01-23",
    "price" : 363.23,
    "dma50" : 421.35,
    "dma100" : null,
    "dma200" : 474.94,
    "volume" : 243460.00
  }, {
    "date" : "2025-01-24",
    "price" : 363.05,
    "dma50" : 419.07,
    "dma100" : null,
    "dma200" : 473.82,
    "volume" : 104381.00
  }, {
    "date" : "2025-01-27",
    "price" : 351.06,
    "dma50" : 416.40,
    "dma100" : null,
    "dma200" : 472.60,
    "volume" : 165178.00
  }, {
    "date" : "2025-01-28",
    "price" : 355.97,
    "dma50" : 414.03,
    "dma100" : null,
    "dma200" : 471.44,
    "volume" : 360204.00
  }, {
    "date" : "2025-01-29",
    "price" : 371.18,
    "dma50" : 412.35,
    "dma100" : null,
    "dma200" : 470.44,
    "volume" : 148561.00
  }, {
    "date" : "2025-01-30",
    "price" : 377.88,
    "dma50" : 411.00,
    "dma100" : null,
    "dma200" : 469.52,
    "volume" : 145014.00
  }, {
    "date" : "2025-01-31",
    "price" : 384.18,
    "dma50" : 409.95,
    "dma100" : null,
    "dma200" : 468.67,
    "volume" : 98407.00
  }, {
    "date" : "2025-02-01",
    "price" : 371.91,
    "dma50" : 408.46,
    "dma100" : null,
    "dma200" : 467.71,
    "volume" : 143533.00
  }, {
    "date" : "2025-02-03",
    "price" : 365.25,
    "dma50" : 406.76,
    "dma100" : null,
    "dma200" : 466.69,
    "volume" : 254200.00
  }, {
    "date" : "2025-02-04",
    "price" : 375.04,
    "dma50" : 405.52,
    "dma100" : null,
    "dma200" : 465.78,
    "volume" : 317870.00
  }, {
    "date" : "2025-02-05",
    "price" : 369.16,
    "dma50" : 404.09,
    "dma100" : null,
    "dma200" : 464.82,
    "volume" : 193142.00
  }, {
    "date" : "2025-02-06",
    "price" : 364.10,
    "dma50" : 402.52,
    "dma100" : null,
    "dma200" : 463.82,
    "volume" : 167172.00
  }, {
    "date" : "2025-02-07",
    "price" : 363.87,
    "dma50" : 401.01,
    "dma100" : null,
    "dma200" : 462.82,
    "volume" : 126723.00
  }, {
    "date" : "2025-02-10",
    "price" : 361.53,
    "dma50" : 399.46,
    "dma100" : null,
    "dma200" : 461.81,
    "volume" : 85451.00
  }, {
    "date" : "2025-02-11",
    "price" : 343.25,
    "dma50" : 397.26,
    "dma100" : null,
    "dma200" : 460.63,
    "volume" : 164987.00
  }, {
    "date" : "2025-02-12",
    "price" : 338.84,
    "dma50" : 394.96,
    "dma100" : null,
    "dma200" : 459.42,
    "volume" : 204524.00
  }, {
    "date" : "2025-02-13",
    "price" : 329.47,
    "dma50" : 392.40,
    "dma100" : null,
    "dma200" : 458.13,
    "volume" : 199060.00
  }, {
    "date" : "2025-02-14",
    "price" : 329.37,
    "dma50" : 389.92,
    "dma100" : null,
    "dma200" : 456.85,
    "volume" : 344212.00
  }, {
    "date" : "2025-02-17",
    "price" : 327.58,
    "dma50" : 387.48,
    "dma100" : null,
    "dma200" : 455.56,
    "volume" : 215575.00
  }, {
    "date" : "2025-02-18",
    "price" : 318.44,
    "dma50" : 384.77,
    "dma100" : null,
    "dma200" : 454.20,
    "volume" : 136646.00
  }, {
    "date" : "2025-02-19",
    "price" : 323.95,
    "dma50" : 382.39,
    "dma100" : null,
    "dma200" : 452.90,
    "volume" : 510225.00
  }, {
    "date" : "2025-02-20",
    "price" : 327.44,
    "dma50" : 380.23,
    "dma100" : null,
    "dma200" : 451.65,
    "volume" : 161737.00
  }, {
    "date" : "2025-02-21",
    "price" : 326.25,
    "dma50" : 378.12,
    "dma100" : null,
    "dma200" : 450.40,
    "volume" : 320328.00
  }, {
    "date" : "2025-02-24",
    "price" : 320.83,
    "dma50" : 375.87,
    "dma100" : null,
    "dma200" : 449.12,
    "volume" : 297513.00
  }, {
    "date" : "2025-02-25",
    "price" : 313.25,
    "dma50" : 373.41,
    "dma100" : null,
    "dma200" : 447.76,
    "volume" : 244634.00
  }, {
    "date" : "2025-02-27",
    "price" : 304.61,
    "dma50" : 370.71,
    "dma100" : null,
    "dma200" : 446.34,
    "volume" : 185958.00
  }, {
    "date" : "2025-02-28",
    "price" : 291.11,
    "dma50" : 367.59,
    "dma100" : null,
    "dma200" : 444.79,
    "volume" : 563225.00
  }, {
    "date" : "2025-03-03",
    "price" : 285.41,
    "dma50" : 364.37,
    "dma100" : null,
    "dma200" : 443.21,
    "volume" : 425775.00
  }, {
    "date" : "2025-03-04",
    "price" : 289.45,
    "dma50" : 361.43,
    "dma100" : null,
    "dma200" : 441.68,
    "volume" : 264044.00
  }, {
    "date" : "2025-03-05",
    "price" : 296.16,
    "dma50" : 358.87,
    "dma100" : null,
    "dma200" : 440.23,
    "volume" : 271202.00
  }, {
    "date" : "2025-03-06",
    "price" : 304.06,
    "dma50" : 356.72,
    "dma100" : null,
    "dma200" : 438.88,
    "volume" : 294080.00
  }, {
    "date" : "2025-03-07",
    "price" : 315.64,
    "dma50" : 355.11,
    "dma100" : null,
    "dma200" : 437.65,
    "volume" : 379244.00
  }, {
    "date" : "2025-03-10",
    "price" : 294.97,
    "dma50" : 352.75,
    "dma100" : null,
    "dma200" : 436.23,
    "volume" : 380688.00
  }, {
    "date" : "2025-03-11",
    "price" : 290.37,
    "dma50" : 350.31,
    "dma100" : null,
    "dma200" : 434.78,
    "volume" : 445198.00
  }, {
    "date" : "2025-03-12",
    "price" : 280.22,
    "dma50" : 347.56,
    "dma100" : null,
    "dma200" : 433.24,
    "volume" : 399429.00
  }, {
    "date" : "2025-03-13",
    "price" : 284.17,
    "dma50" : 345.07,
    "dma100" : null,
    "dma200" : 431.76,
    "volume" : 584649.00
  }, {
    "date" : "2025-03-17",
    "price" : 276.87,
    "dma50" : 342.40,
    "dma100" : null,
    "dma200" : 430.22,
    "volume" : 317082.00
  }, {
    "date" : "2025-03-18",
    "price" : 285.82,
    "dma50" : 340.18,
    "dma100" : null,
    "dma200" : 428.78,
    "volume" : 596437.00
  }, {
    "date" : "2025-03-19",
    "price" : 300.85,
    "dma50" : 338.64,
    "dma100" : null,
    "dma200" : 427.51,
    "volume" : 10367795.00
  }, {
    "date" : "2025-03-20",
    "price" : 302.55,
    "dma50" : 337.22,
    "dma100" : null,
    "dma200" : 426.26,
    "volume" : 840462.00
  }, {
    "date" : "2025-03-21",
    "price" : 311.78,
    "dma50" : 336.22,
    "dma100" : null,
    "dma200" : 425.12,
    "volume" : 1536100.00
  }, {
    "date" : "2025-03-24",
    "price" : 308.47,
    "dma50" : 335.14,
    "dma100" : null,
    "dma200" : 423.96,
    "volume" : 702157.00
  }, {
    "date" : "2025-03-25",
    "price" : 299.97,
    "dma50" : 333.76,
    "dma100" : null,
    "dma200" : 422.73,
    "volume" : 452843.00
  }, {
    "date" : "2025-03-26",
    "price" : 288.81,
    "dma50" : 331.99,
    "dma100" : null,
    "dma200" : 421.40,
    "volume" : 468622.00
  }, {
    "date" : "2025-03-27",
    "price" : 289.96,
    "dma50" : 330.35,
    "dma100" : null,
    "dma200" : 420.09,
    "volume" : 2219371.00
  }, {
    "date" : "2025-03-28",
    "price" : 274.75,
    "dma50" : 328.17,
    "dma100" : null,
    "dma200" : 418.64,
    "volume" : 1129645.00
  }, {
    "date" : "2025-04-01",
    "price" : 277.79,
    "dma50" : 326.19,
    "dma100" : null,
    "dma200" : 417.24,
    "volume" : 529809.00
  }, {
    "date" : "2025-04-02",
    "price" : 280.40,
    "dma50" : 324.39,
    "dma100" : null,
    "dma200" : 415.88,
    "volume" : 387208.00
  }, {
    "date" : "2025-04-03",
    "price" : 288.31,
    "dma50" : 322.98,
    "dma100" : null,
    "dma200" : 414.61,
    "volume" : 809006.00
  }, {
    "date" : "2025-04-04",
    "price" : 275.86,
    "dma50" : 321.13,
    "dma100" : null,
    "dma200" : 413.23,
    "volume" : 667580.00
  }, {
    "date" : "2025-04-07",
    "price" : 270.30,
    "dma50" : 319.14,
    "dma100" : null,
    "dma200" : 411.81,
    "volume" : 457925.00
  }, {
    "date" : "2025-04-08",
    "price" : 271.72,
    "dma50" : 317.28,
    "dma100" : null,
    "dma200" : 410.41,
    "volume" : 245875.00
  }, {
    "date" : "2025-04-09",
    "price" : 261.84,
    "dma50" : 315.10,
    "dma100" : null,
    "dma200" : 408.94,
    "volume" : 530262.00
  }, {
    "date" : "2025-04-11",
    "price" : 269.61,
    "dma50" : 313.32,
    "dma100" : null,
    "dma200" : 407.55,
    "volume" : 887883.00
  }, {
    "date" : "2025-04-15",
    "price" : 288.26,
    "dma50" : 312.34,
    "dma100" : null,
    "dma200" : 406.36,
    "volume" : 467484.00
  }, {
    "date" : "2025-04-16",
    "price" : 288.49,
    "dma50" : 311.40,
    "dma100" : null,
    "dma200" : 405.19,
    "volume" : 590476.00
  }, {
    "date" : "2025-04-17",
    "price" : 293.13,
    "dma50" : 310.69,
    "dma100" : null,
    "dma200" : 404.07,
    "volume" : 209655.00
  }, {
    "date" : "2025-04-21",
    "price" : 299.70,
    "dma50" : 310.25,
    "dma100" : null,
    "dma200" : 403.04,
    "volume" : 384078.00
  }, {
    "date" : "2025-04-22",
    "price" : 301.81,
    "dma50" : 309.92,
    "dma100" : null,
    "dma200" : 402.03,
    "volume" : 209230.00
  }, {
    "date" : "2025-04-23",
    "price" : 305.21,
    "dma50" : 309.74,
    "dma100" : null,
    "dma200" : 401.06,
    "volume" : 279562.00
  }, {
    "date" : "2025-04-24",
    "price" : 309.71,
    "dma50" : 309.74,
    "dma100" : null,
    "dma200" : 400.16,
    "volume" : 272264.00
  }, {
    "date" : "2025-04-25",
    "price" : 310.91,
    "dma50" : 309.78,
    "dma100" : null,
    "dma200" : 399.27,
    "volume" : 798921.00
  }, {
    "date" : "2025-04-28",
    "price" : 307.28,
    "dma50" : 309.69,
    "dma100" : null,
    "dma200" : 398.35,
    "volume" : 399840.00
  }, {
    "date" : "2025-04-29",
    "price" : 313.66,
    "dma50" : 309.84,
    "dma100" : null,
    "dma200" : 397.51,
    "volume" : 499289.00
  }, {
    "date" : "2025-04-30",
    "price" : 313.66,
    "dma50" : 309.99,
    "dma100" : null,
    "dma200" : 396.68,
    "volume" : 476346.00
  }, {
    "date" : "2025-05-02",
    "price" : 321.66,
    "dma50" : 310.45,
    "dma100" : null,
    "dma200" : 395.93,
    "volume" : 573483.00
  }, {
    "date" : "2025-05-05",
    "price" : 321.10,
    "dma50" : 310.87,
    "dma100" : null,
    "dma200" : 395.18,
    "volume" : 215313.00
  }, {
    "date" : "2025-05-06",
    "price" : 303.19,
    "dma50" : 310.57,
    "dma100" : null,
    "dma200" : 394.27,
    "volume" : 1109805.00
  }, {
    "date" : "2025-05-07",
    "price" : 298.55,
    "dma50" : 310.09,
    "dma100" : null,
    "dma200" : 393.32,
    "volume" : 570428.00
  }, {
    "date" : "2025-05-08",
    "price" : 290.33,
    "dma50" : 309.32,
    "dma100" : null,
    "dma200" : 392.29,
    "volume" : 444324.00
  }, {
    "date" : "2025-05-09",
    "price" : 280.82,
    "dma50" : 308.20,
    "dma100" : null,
    "dma200" : 391.18,
    "volume" : 1945004.00
  }, {
    "date" : "2025-05-12",
    "price" : 283.02,
    "dma50" : 307.21,
    "dma100" : null,
    "dma200" : 390.11,
    "volume" : 1257032.00
  }, {
    "date" : "2025-05-13",
    "price" : 288.17,
    "dma50" : 306.47,
    "dma100" : null,
    "dma200" : 389.09,
    "volume" : 1129586.00
  }, {
    "date" : "2025-05-14",
    "price" : 298.50,
    "dma50" : 306.15,
    "dma100" : 337.79,
    "dma200" : 388.19,
    "volume" : 478001.00
  }, {
    "date" : "2025-05-15",
    "price" : 307.32,
    "dma50" : 306.20,
    "dma100" : 336.38,
    "dma200" : 387.39,
    "volume" : 363402.00
  }, {
    "date" : "2025-05-16",
    "price" : 318.76,
    "dma50" : 306.69,
    "dma100" : 335.17,
    "dma200" : 386.70,
    "volume" : 306300.00
  }, {
    "date" : "2025-05-19",
    "price" : 322.94,
    "dma50" : 307.33,
    "dma100" : 334.10,
    "dma200" : 386.07,
    "volume" : 1316814.00
  }, {
    "date" : "2025-05-20",
    "price" : 324.92,
    "dma50" : 308.02,
    "dma100" : 332.99,
    "dma200" : 385.46,
    "volume" : 625503.00
  }, {
    "date" : "2025-05-21",
    "price" : 323.13,
    "dma50" : 308.61,
    "dma100" : 331.95,
    "dma200" : 384.84,
    "volume" : 462443.00
  }, {
    "date" : "2025-05-22",
    "price" : 336.31,
    "dma50" : 309.70,
    "dma100" : 331.00,
    "dma200" : 384.36,
    "volume" : 861698.00
  }, {
    "date" : "2025-05-23",
    "price" : 340.50,
    "dma50" : 310.91,
    "dma100" : 330.10,
    "dma200" : 383.92,
    "volume" : 1086293.00
  }, {
    "date" : "2025-05-26",
    "price" : 339.10,
    "dma50" : 312.01,
    "dma100" : 329.16,
    "dma200" : 383.47,
    "volume" : 283151.00
  }, {
    "date" : "2025-05-27",
    "price" : 337.00,
    "dma50" : 312.99,
    "dma100" : 328.34,
    "dma200" : 383.01,
    "volume" : 248135.00
  }, {
    "date" : "2025-05-28",
    "price" : 337.50,
    "dma50" : 313.95,
    "dma100" : 327.46,
    "dma200" : 382.56,
    "volume" : 158959.00
  }, {
    "date" : "2025-05-29",
    "price" : 335.45,
    "dma50" : 314.80,
    "dma100" : 326.56,
    "dma200" : 382.09,
    "volume" : 112154.00
  }, {
    "date" : "2025-05-30",
    "price" : 346.90,
    "dma50" : 316.06,
    "dma100" : 325.77,
    "dma200" : 381.74,
    "volume" : 709850.00
  }, {
    "date" : "2025-06-02",
    "price" : 338.25,
    "dma50" : 316.93,
    "dma100" : 324.88,
    "dma200" : 381.31,
    "volume" : 514746.00
  }, {
    "date" : "2025-06-03",
    "price" : 334.45,
    "dma50" : 317.61,
    "dma100" : 324.01,
    "dma200" : 380.84,
    "volume" : 364086.00
  }, {
    "date" : "2025-06-04",
    "price" : 330.30,
    "dma50" : 318.11,
    "dma100" : 323.09,
    "dma200" : 380.34,
    "volume" : 350560.00
  }, {
    "date" : "2025-06-05",
    "price" : 326.95,
    "dma50" : 318.46,
    "dma100" : 322.20,
    "dma200" : 379.81,
    "volume" : 491375.00
  }, {
    "date" : "2025-06-06",
    "price" : 337.80,
    "dma50" : 319.22,
    "dma100" : 321.49,
    "dma200" : 379.39,
    "volume" : 1370945.00
  }, {
    "date" : "2025-06-09",
    "price" : 350.70,
    "dma50" : 320.45,
    "dma100" : 321.05,
    "dma200" : 379.10,
    "volume" : 1085851.00
  }, {
    "date" : "2025-06-10",
    "price" : 352.45,
    "dma50" : 321.71,
    "dma100" : 320.84,
    "dma200" : 378.84,
    "volume" : 873216.00
  }, {
    "date" : "2025-06-11",
    "price" : 351.85,
    "dma50" : 322.89,
    "dma100" : 320.70,
    "dma200" : 378.57,
    "volume" : 570731.00
  }, {
    "date" : "2025-06-12",
    "price" : 345.90,
    "dma50" : 323.79,
    "dma100" : 320.43,
    "dma200" : 378.25,
    "volume" : 338373.00
  }, {
    "date" : "2025-06-13",
    "price" : 358.95,
    "dma50" : 325.17,
    "dma100" : 320.22,
    "dma200" : 378.05,
    "volume" : 779165.00
  }, {
    "date" : "2025-06-16",
    "price" : 362.75,
    "dma50" : 326.64,
    "dma100" : 320.05,
    "dma200" : 377.90,
    "volume" : 486017.00
  }, {
    "date" : "2025-06-17",
    "price" : 360.95,
    "dma50" : 327.99,
    "dma100" : 319.87,
    "dma200" : 377.73,
    "volume" : 349871.00
  }, {
    "date" : "2025-06-18",
    "price" : 363.15,
    "dma50" : 329.37,
    "dma100" : 319.77,
    "dma200" : 377.59,
    "volume" : 225831.00
  }, {
    "date" : "2025-06-19",
    "price" : 360.10,
    "dma50" : 330.57,
    "dma100" : 319.69,
    "dma200" : 377.41,
    "volume" : 329564.00
  }, {
    "date" : "2025-06-20",
    "price" : 356.95,
    "dma50" : 331.61,
    "dma100" : 319.63,
    "dma200" : 377.21,
    "volume" : 954009.00
  }, {
    "date" : "2025-06-23",
    "price" : 357.35,
    "dma50" : 332.62,
    "dma100" : 319.57,
    "dma200" : 377.01,
    "volume" : 250318.00
  }, {
    "date" : "2025-06-24",
    "price" : 361.25,
    "dma50" : 333.74,
    "dma100" : 319.68,
    "dma200" : 376.86,
    "volume" : 369602.00
  }, {
    "date" : "2025-06-25",
    "price" : 367.60,
    "dma50" : 335.07,
    "dma100" : 319.79,
    "dma200" : 376.76,
    "volume" : 357959.00
  }, {
    "date" : "2025-06-26",
    "price" : 361.20,
    "dma50" : 336.09,
    "dma100" : 319.69,
    "dma200" : 376.61,
    "volume" : 242036.00
  }, {
    "date" : "2025-06-27",
    "price" : 352.60,
    "dma50" : 336.74,
    "dma100" : 319.44,
    "dma200" : 376.37,
    "volume" : 1712223.00
  }, {
    "date" : "2025-06-30",
    "price" : 361.30,
    "dma50" : 337.70,
    "dma100" : 319.21,
    "dma200" : 376.22,
    "volume" : 380066.00
  }, {
    "date" : "2025-07-01",
    "price" : 361.90,
    "dma50" : 338.65,
    "dma100" : 319.11,
    "dma200" : 376.08,
    "volume" : 436496.00
  }, {
    "date" : "2025-07-02",
    "price" : 364.60,
    "dma50" : 339.67,
    "dma100" : 319.10,
    "dma200" : 375.96,
    "volume" : 162713.00
  }, {
    "date" : "2025-07-03",
    "price" : 360.25,
    "dma50" : 340.48,
    "dma100" : 318.96,
    "dma200" : 375.81,
    "volume" : 155252.00
  }, {
    "date" : "2025-07-04",
    "price" : 361.55,
    "dma50" : 341.30,
    "dma100" : 318.88,
    "dma200" : 375.66,
    "volume" : 103572.00
  }, {
    "date" : "2025-07-07",
    "price" : 361.00,
    "dma50" : 342.07,
    "dma100" : 318.85,
    "dma200" : 375.52,
    "volume" : 301299.00
  }, {
    "date" : "2025-07-08",
    "price" : 363.60,
    "dma50" : 342.92,
    "dma100" : 318.85,
    "dma200" : 375.40,
    "volume" : 153159.00
  }, {
    "date" : "2025-07-09",
    "price" : 364.25,
    "dma50" : 343.76,
    "dma100" : 318.87,
    "dma200" : 375.29,
    "volume" : 133261.00
  }, {
    "date" : "2025-07-10",
    "price" : 360.10,
    "dma50" : 344.40,
    "dma100" : 319.04,
    "dma200" : 375.14,
    "volume" : 140537.00
  }, {
    "date" : "2025-07-11",
    "price" : 360.00,
    "dma50" : 345.01,
    "dma100" : 319.25,
    "dma200" : 374.99,
    "volume" : 126803.00
  }, {
    "date" : "2025-07-14",
    "price" : 358.30,
    "dma50" : 345.53,
    "dma100" : 319.54,
    "dma200" : 374.82,
    "volume" : 159647.00
  }, {
    "date" : "2025-07-15",
    "price" : 360.25,
    "dma50" : 346.11,
    "dma100" : 319.85,
    "dma200" : 374.68,
    "volume" : 93607.00
  }, {
    "date" : "2025-07-16",
    "price" : 369.40,
    "dma50" : 347.02,
    "dma100" : 320.27,
    "dma200" : 374.62,
    "volume" : 312554.00
  }, {
    "date" : "2025-07-17",
    "price" : 369.35,
    "dma50" : 347.90,
    "dma100" : 320.78,
    "dma200" : 374.57,
    "volume" : 194228.00
  }, {
    "date" : "2025-07-18",
    "price" : 382.95,
    "dma50" : 349.27,
    "dma100" : 321.37,
    "dma200" : 374.65,
    "volume" : 1114462.00
  }, {
    "date" : "2025-07-21",
    "price" : 384.25,
    "dma50" : 350.64,
    "dma100" : 321.94,
    "dma200" : 374.75,
    "volume" : 537550.00
  }, {
    "date" : "2025-07-22",
    "price" : 385.95,
    "dma50" : 352.03,
    "dma100" : 322.53,
    "dma200" : 374.86,
    "volume" : 226361.00
  }, {
    "date" : "2025-07-23",
    "price" : 380.95,
    "dma50" : 353.16,
    "dma100" : 323.14,
    "dma200" : 374.92,
    "volume" : 140347.00
  }, {
    "date" : "2025-07-24",
    "price" : 378.90,
    "dma50" : 354.17,
    "dma100" : 323.79,
    "dma200" : 374.96,
    "volume" : 70008.00
  }, {
    "date" : "2025-07-25",
    "price" : 370.00,
    "dma50" : 354.79,
    "dma100" : 324.45,
    "dma200" : 374.91,
    "volume" : 1212925.00
  }, {
    "date" : "2025-07-28",
    "price" : 361.40,
    "dma50" : 355.05,
    "dma100" : 325.15,
    "dma200" : 374.78,
    "volume" : 277359.00
  }, {
    "date" : "2025-07-29",
    "price" : 352.65,
    "dma50" : 354.96,
    "dma100" : 325.82,
    "dma200" : 374.56,
    "volume" : 266044.00
  }, {
    "date" : "2025-07-30",
    "price" : 362.75,
    "dma50" : 355.26,
    "dma100" : 326.55,
    "dma200" : 374.44,
    "volume" : 194324.00
  }, {
    "date" : "2025-07-31",
    "price" : 372.55,
    "dma50" : 355.94,
    "dma100" : 327.32,
    "dma200" : 374.42,
    "volume" : 187580.00
  }, {
    "date" : "2025-08-01",
    "price" : 368.25,
    "dma50" : 356.42,
    "dma100" : 327.96,
    "dma200" : 374.36,
    "volume" : 126132.00
  }, {
    "date" : "2025-08-04",
    "price" : 362.20,
    "dma50" : 356.65,
    "dma100" : 328.43,
    "dma200" : 374.24,
    "volume" : 86718.00
  }, {
    "date" : "2025-08-05",
    "price" : 356.20,
    "dma50" : 356.63,
    "dma100" : 329.04,
    "dma200" : 374.06,
    "volume" : 99510.00
  }, {
    "date" : "2025-08-06",
    "price" : 353.60,
    "dma50" : 356.51,
    "dma100" : 329.67,
    "dma200" : 373.86,
    "volume" : 108032.00
  }, {
    "date" : "2025-08-07",
    "price" : 346.85,
    "dma50" : 356.13,
    "dma100" : 330.34,
    "dma200" : 373.59,
    "volume" : 127641.00
  }, {
    "date" : "2025-08-08",
    "price" : 342.30,
    "dma50" : 355.59,
    "dma100" : 330.92,
    "dma200" : 373.28,
    "volume" : 86942.00
  }, {
    "date" : "2025-08-11",
    "price" : 348.15,
    "dma50" : 355.30,
    "dma100" : 331.63,
    "dma200" : 373.03,
    "volume" : 793859.00
  }, {
    "date" : "2025-08-12",
    "price" : 341.30,
    "dma50" : 354.75,
    "dma100" : 332.19,
    "dma200" : 372.71,
    "volume" : 135332.00
  }, {
    "date" : "2025-08-13",
    "price" : 342.30,
    "dma50" : 354.26,
    "dma100" : 332.60,
    "dma200" : 372.41,
    "volume" : 65116.00
  }, {
    "date" : "2025-08-14",
    "price" : 340.90,
    "dma50" : 353.74,
    "dma100" : 332.98,
    "dma200" : 372.09,
    "volume" : 56902.00
  }, {
    "date" : "2025-08-18",
    "price" : 341.60,
    "dma50" : 353.26,
    "dma100" : 333.28,
    "dma200" : 371.79,
    "volume" : 96883.00
  }, {
    "date" : "2025-08-19",
    "price" : 353.25,
    "dma50" : 353.26,
    "dma100" : 333.73,
    "dma200" : 371.61,
    "volume" : 159983.00
  }, {
    "date" : "2025-08-20",
    "price" : 354.45,
    "dma50" : 353.31,
    "dma100" : 334.27,
    "dma200" : 371.44,
    "volume" : 94384.00
  }, {
    "date" : "2025-08-21",
    "price" : 347.85,
    "dma50" : 353.09,
    "dma100" : 334.86,
    "dma200" : 371.20,
    "volume" : 134266.00
  }, {
    "date" : "2025-08-22",
    "price" : 346.80,
    "dma50" : 352.85,
    "dma100" : 335.43,
    "dma200" : 370.96,
    "volume" : 48702.00
  }, {
    "date" : "2025-08-25",
    "price" : 346.90,
    "dma50" : 352.61,
    "dma100" : 336.15,
    "dma200" : 370.72,
    "volume" : 326505.00
  }, {
    "date" : "2025-08-26",
    "price" : 353.85,
    "dma50" : 352.66,
    "dma100" : 336.91,
    "dma200" : 370.55,
    "volume" : 250004.00
  }, {
    "date" : "2025-08-28",
    "price" : 344.60,
    "dma50" : 352.35,
    "dma100" : 337.56,
    "dma200" : 370.29,
    "volume" : 432740.00
  }, {
    "date" : "2025-08-29",
    "price" : 349.95,
    "dma50" : 352.25,
    "dma100" : 338.17,
    "dma200" : 370.09,
    "volume" : 162825.00
  }, {
    "date" : "2025-09-01",
    "price" : 349.15,
    "dma50" : 352.13,
    "dma100" : 338.91,
    "dma200" : 369.88,
    "volume" : 96949.00
  }, {
    "date" : "2025-09-02",
    "price" : 349.90,
    "dma50" : 352.04,
    "dma100" : 339.70,
    "dma200" : 369.68,
    "volume" : 140482.00
  }, {
    "date" : "2025-09-03",
    "price" : 353.45,
    "dma50" : 352.10,
    "dma100" : 340.52,
    "dma200" : 369.52,
    "volume" : 113318.00
  }, {
    "date" : "2025-09-04",
    "price" : 356.40,
    "dma50" : 352.27,
    "dma100" : 341.46,
    "dma200" : 369.39,
    "volume" : 111267.00
  }, {
    "date" : "2025-09-05",
    "price" : 363.45,
    "dma50" : 352.71,
    "dma100" : 342.40,
    "dma200" : 369.33,
    "volume" : 147774.00
  }, {
    "date" : "2025-09-08",
    "price" : 371.00,
    "dma50" : 353.42,
    "dma100" : 343.23,
    "dma200" : 369.35,
    "volume" : 173894.00
  }, {
    "date" : "2025-09-09",
    "price" : 370.70,
    "dma50" : 354.10,
    "dma100" : 344.05,
    "dma200" : 369.36,
    "volume" : 107872.00
  }, {
    "date" : "2025-09-10",
    "price" : 372.30,
    "dma50" : 354.81,
    "dma100" : 344.84,
    "dma200" : 369.39,
    "volume" : 134408.00
  }, {
    "date" : "2025-09-11",
    "price" : 364.40,
    "dma50" : 355.19,
    "dma100" : 345.49,
    "dma200" : 369.34,
    "volume" : 163035.00
  }, {
    "date" : "2025-09-12",
    "price" : 365.35,
    "dma50" : 355.59,
    "dma100" : 346.13,
    "dma200" : 369.30,
    "volume" : 105345.00
  }, {
    "date" : "2025-09-15",
    "price" : 364.05,
    "dma50" : 355.92,
    "dma100" : 346.72,
    "dma200" : 369.25,
    "volume" : 187535.00
  }, {
    "date" : "2025-09-16",
    "price" : 369.40,
    "dma50" : 356.45,
    "dma100" : 347.31,
    "dma200" : 369.25,
    "volume" : 197223.00
  }, {
    "date" : "2025-09-17",
    "price" : 382.90,
    "dma50" : 357.49,
    "dma100" : 348.03,
    "dma200" : 369.39,
    "volume" : 1659518.00
  }, {
    "date" : "2025-09-18",
    "price" : 384.40,
    "dma50" : 358.54,
    "dma100" : 348.80,
    "dma200" : 369.54,
    "volume" : 234972.00
  }, {
    "date" : "2025-09-19",
    "price" : 379.35,
    "dma50" : 359.36,
    "dma100" : 349.46,
    "dma200" : 369.63,
    "volume" : 449653.00
  }, {
    "date" : "2025-09-22",
    "price" : 373.60,
    "dma50" : 359.92,
    "dma100" : 350.06,
    "dma200" : 369.67,
    "volume" : 151802.00
  }, {
    "date" : "2025-09-23",
    "price" : 375.35,
    "dma50" : 360.52,
    "dma100" : 350.60,
    "dma200" : 369.73,
    "volume" : 123142.00
  }, {
    "date" : "2025-09-24",
    "price" : 370.40,
    "dma50" : 360.91,
    "dma100" : 351.09,
    "dma200" : 369.74,
    "volume" : 90564.00
  }, {
    "date" : "2025-09-25",
    "price" : 373.15,
    "dma50" : 361.39,
    "dma100" : 351.79,
    "dma200" : 369.77,
    "volume" : 86004.00
  }, {
    "date" : "2025-09-26",
    "price" : 359.85,
    "dma50" : 361.33,
    "dma100" : 352.40,
    "dma200" : 369.67,
    "volume" : 112951.00
  }, {
    "date" : "2025-09-29",
    "price" : 357.25,
    "dma50" : 361.17,
    "dma100" : 353.07,
    "dma200" : 369.55,
    "volume" : 107346.00
  }, {
    "date" : "2025-09-30",
    "price" : 353.35,
    "dma50" : 360.86,
    "dma100" : 353.80,
    "dma200" : 369.39,
    "volume" : 73203.00
  }, {
    "date" : "2025-10-01",
    "price" : 361.10,
    "dma50" : 360.87,
    "dma100" : 354.58,
    "dma200" : 369.30,
    "volume" : 200294.00
  }, {
    "date" : "2025-10-03",
    "price" : 367.35,
    "dma50" : 361.13,
    "dma100" : 355.37,
    "dma200" : 369.29,
    "volume" : 223338.00
  }, {
    "date" : "2025-10-06",
    "price" : 364.45,
    "dma50" : 361.26,
    "dma100" : 356.03,
    "dma200" : 369.24,
    "volume" : 105533.00
  }, {
    "date" : "2025-10-07",
    "price" : 361.35,
    "dma50" : 361.26,
    "dma100" : 356.57,
    "dma200" : 369.16,
    "volume" : 71403.00
  }, {
    "date" : "2025-10-08",
    "price" : 360.00,
    "dma50" : 361.21,
    "dma100" : 356.98,
    "dma200" : 369.07,
    "volume" : 58306.00
  }, {
    "date" : "2025-10-09",
    "price" : 356.70,
    "dma50" : 361.03,
    "dma100" : 357.32,
    "dma200" : 368.94,
    "volume" : 53974.00
  }, {
    "date" : "2025-10-10",
    "price" : 369.80,
    "dma50" : 361.38,
    "dma100" : 357.77,
    "dma200" : 368.95,
    "volume" : 233101.00
  }, {
    "date" : "2025-10-13",
    "price" : 374.75,
    "dma50" : 361.90,
    "dma100" : 358.28,
    "dma200" : 369.01,
    "volume" : 882156.00
  }, {
    "date" : "2025-10-14",
    "price" : 368.15,
    "dma50" : 362.15,
    "dma100" : 358.60,
    "dma200" : 369.00,
    "volume" : 632718.00
  }, {
    "date" : "2025-10-15",
    "price" : 382.55,
    "dma50" : 362.95,
    "dma100" : 359.02,
    "dma200" : 369.14,
    "volume" : 415481.00
  }, {
    "date" : "2025-10-16",
    "price" : 383.10,
    "dma50" : 363.74,
    "dma100" : 359.46,
    "dma200" : 369.28,
    "volume" : 256552.00
  }, {
    "date" : "2025-10-17",
    "price" : 382.20,
    "dma50" : 364.46,
    "dma100" : 359.91,
    "dma200" : 369.40,
    "volume" : 173753.00
  }, {
    "date" : "2025-10-20",
    "price" : 385.40,
    "dma50" : 365.28,
    "dma100" : 360.39,
    "dma200" : 369.56,
    "volume" : 146341.00
  }, {
    "date" : "2025-10-21",
    "price" : 392.10,
    "dma50" : 366.33,
    "dma100" : 360.96,
    "dma200" : 369.79,
    "volume" : 157317.00
  }, {
    "date" : "2025-10-23",
    "price" : 386.85,
    "dma50" : 367.14,
    "dma100" : 361.36,
    "dma200" : 369.96,
    "volume" : 222963.00
  }, {
    "date" : "2025-10-24",
    "price" : 383.85,
    "dma50" : 367.79,
    "dma100" : 361.82,
    "dma200" : 370.10,
    "volume" : 110215.00
  }, {
    "date" : "2025-10-27",
    "price" : 386.80,
    "dma50" : 368.54,
    "dma100" : 362.34,
    "dma200" : 370.26,
    "volume" : 85558.00
  }, {
    "date" : "2025-10-28",
    "price" : 386.00,
    "dma50" : 369.22,
    "dma100" : 362.90,
    "dma200" : 370.42,
    "volume" : 63801.00
  }, {
    "date" : "2025-10-29",
    "price" : 387.45,
    "dma50" : 369.94,
    "dma100" : 363.50,
    "dma200" : 370.59,
    "volume" : 60949.00
  }, {
    "date" : "2025-10-30",
    "price" : 383.95,
    "dma50" : 370.49,
    "dma100" : 363.96,
    "dma200" : 370.72,
    "volume" : 107858.00
  }, {
    "date" : "2025-10-31",
    "price" : 385.80,
    "dma50" : 371.09,
    "dma100" : 364.31,
    "dma200" : 370.87,
    "volume" : 111593.00
  }, {
    "date" : "2025-11-03",
    "price" : 405.30,
    "dma50" : 372.43,
    "dma100" : 364.84,
    "dma200" : 371.21,
    "volume" : 1239833.00
  }, {
    "date" : "2025-11-04",
    "price" : 408.55,
    "dma50" : 373.85,
    "dma100" : 365.41,
    "dma200" : 371.59,
    "volume" : 462555.00
  }, {
    "date" : "2025-11-06",
    "price" : 401.55,
    "dma50" : 374.93,
    "dma100" : 365.97,
    "dma200" : 371.88,
    "volume" : 208975.00
  }, {
    "date" : "2025-11-07",
    "price" : 397.45,
    "dma50" : 375.82,
    "dma100" : 366.35,
    "dma200" : 372.14,
    "volume" : 153509.00
  }, {
    "date" : "2025-11-10",
    "price" : 397.85,
    "dma50" : 376.68,
    "dma100" : 366.70,
    "dma200" : 372.39,
    "volume" : 305931.00
  }, {
    "date" : "2025-11-11",
    "price" : 393.30,
    "dma50" : 377.33,
    "dma100" : 367.03,
    "dma200" : 372.60,
    "volume" : 100781.00
  }, {
    "date" : "2025-11-12",
    "price" : 388.35,
    "dma50" : 377.76,
    "dma100" : 367.28,
    "dma200" : 372.76,
    "volume" : 169477.00
  }, {
    "date" : "2025-11-13",
    "price" : 386.35,
    "dma50" : 378.10,
    "dma100" : 367.54,
    "dma200" : 372.89,
    "volume" : 121143.00
  }, {
    "date" : "2025-11-14",
    "price" : 392.20,
    "dma50" : 378.65,
    "dma100" : 367.89,
    "dma200" : 373.09,
    "volume" : 84768.00
  }, {
    "date" : "2025-11-17",
    "price" : 398.20,
    "dma50" : 379.42,
    "dma100" : 368.30,
    "dma200" : 373.34,
    "volume" : 124936.00
  }, {
    "date" : "2025-11-18",
    "price" : 393.70,
    "dma50" : 379.98,
    "dma100" : 368.63,
    "dma200" : 373.54,
    "volume" : 154951.00
  }, {
    "date" : "2025-11-19",
    "price" : 387.45,
    "dma50" : 380.27,
    "dma100" : 368.82,
    "dma200" : 373.68,
    "volume" : 118367.00
  }, {
    "date" : "2025-11-20",
    "price" : 380.85,
    "dma50" : 380.30,
    "dma100" : 369.02,
    "dma200" : 373.75,
    "volume" : 157188.00
  }, {
    "date" : "2025-11-21",
    "price" : 388.75,
    "dma50" : 380.63,
    "dma100" : 369.38,
    "dma200" : 373.90,
    "volume" : 167576.00
  }, {
    "date" : "2025-11-24",
    "price" : 394.35,
    "dma50" : 381.17,
    "dma100" : 369.71,
    "dma200" : 374.10,
    "volume" : 392010.00
  }, {
    "date" : "2025-11-25",
    "price" : 390.90,
    "dma50" : 381.55,
    "dma100" : 370.00,
    "dma200" : 374.27,
    "volume" : 108867.00
  }, {
    "date" : "2025-11-26",
    "price" : 405.75,
    "dma50" : 382.50,
    "dma100" : 370.41,
    "dma200" : 374.58,
    "volume" : 225223.00
  }, {
    "date" : "2025-11-27",
    "price" : 416.10,
    "dma50" : 383.81,
    "dma100" : 370.97,
    "dma200" : 374.99,
    "volume" : 382551.00
  }, {
    "date" : "2025-11-28",
    "price" : 419.40,
    "dma50" : 385.21,
    "dma100" : 371.55,
    "dma200" : 375.44,
    "volume" : 548767.00
  }, {
    "date" : "2025-12-01",
    "price" : 421.70,
    "dma50" : 386.64,
    "dma100" : 372.16,
    "dma200" : 375.90,
    "volume" : 311172.00
  }, {
    "date" : "2025-12-02",
    "price" : 419.55,
    "dma50" : 387.93,
    "dma100" : 372.72,
    "dma200" : 376.33,
    "volume" : 197271.00
  }, {
    "date" : "2025-12-03",
    "price" : 420.50,
    "dma50" : 389.21,
    "dma100" : 373.28,
    "dma200" : 376.77,
    "volume" : 132272.00
  }, {
    "date" : "2025-12-04",
    "price" : 417.85,
    "dma50" : 390.33,
    "dma100" : 373.86,
    "dma200" : 377.18,
    "volume" : 143234.00
  }, {
    "date" : "2025-12-05",
    "price" : 412.60,
    "dma50" : 391.20,
    "dma100" : 374.38,
    "dma200" : 377.53,
    "volume" : 139905.00
  }, {
    "date" : "2025-12-08",
    "price" : 396.05,
    "dma50" : 391.39,
    "dma100" : 374.76,
    "dma200" : 377.72,
    "volume" : 302031.00
  }, {
    "date" : "2025-12-09",
    "price" : 404.55,
    "dma50" : 391.91,
    "dma100" : 375.20,
    "dma200" : 377.98,
    "volume" : 270059.00
  }, {
    "date" : "2025-12-10",
    "price" : 404.40,
    "dma50" : 392.40,
    "dma100" : 375.55,
    "dma200" : 378.25,
    "volume" : 165028.00
  }, {
    "date" : "2025-12-11",
    "price" : 404.30,
    "dma50" : 392.87,
    "dma100" : 375.90,
    "dma200" : 378.50,
    "volume" : 113983.00
  }, {
    "date" : "2025-12-12",
    "price" : 401.35,
    "dma50" : 393.20,
    "dma100" : 376.09,
    "dma200" : 378.73,
    "volume" : 132474.00
  }, {
    "date" : "2025-12-15",
    "price" : 400.60,
    "dma50" : 393.49,
    "dma100" : 376.25,
    "dma200" : 378.95,
    "volume" : 89154.00
  } ],
  "latestTechnicalAttributes" : {
    "date" : "2025-12-15",
    "price" : 400.60,
    "dma50" : 393.49,
    "dma100" : 376.25,
    "dma200" : 378.95,
    "volume" : 89154.00
  },
  "quarterlyResults" : [ {
    "date" : "2005-03-31",
    "sales" : 24.37,
    "salesGrowthYoY" : null,
    "grossProfitMargin" : 100.00,
    "grossProfit" : 24.37,
    "operatingProfitMargin" : 20.60,
    "operatingProfit" : 5.02,
    "netProfitMargin" : 11.04,
    "netProfit" : 2.69
  }, {
    "date" : "2005-06-30",
    "sales" : 24.61,
    "salesGrowthYoY" : null,
    "grossProfitMargin" : 100.00,
    "grossProfit" : 24.61,
    "operatingProfitMargin" : 20.80,
    "operatingProfit" : 5.12,
    "netProfitMargin" : 9.31,
    "netProfit" : 2.29
  }, {
    "date" : "2005-09-30",
    "sales" : 22.95,
    "salesGrowthYoY" : null,
    "grossProfitMargin" : 100.00,
    "grossProfit" : 22.95,
    "operatingProfitMargin" : 15.29,
    "operatingProfit" : 3.51,
    "netProfitMargin" : 10.11,
    "netProfit" : 2.32
  }, {
    "date" : "2005-12-31",
    "sales" : 31.14,
    "salesGrowthYoY" : null,
    "grossProfitMargin" : 100.00,
    "grossProfit" : 31.14,
    "operatingProfitMargin" : 16.35,
    "operatingProfit" : 5.09,
    "netProfitMargin" : 8.09,
    "netProfit" : 2.52
  }, {
    "date" : "2006-03-31",
    "sales" : 42.44,
    "salesGrowthYoY" : 74.15,
    "grossProfitMargin" : 100.00,
    "grossProfit" : 42.44,
    "operatingProfitMargin" : 17.46,
    "operatingProfit" : 7.41,
    "netProfitMargin" : 9.10,
    "netProfit" : 3.86
  }, {
    "date" : "2006-06-30",
    "sales" : 34.28,
    "salesGrowthYoY" : 39.29,
    "grossProfitMargin" : 100.00,
    "grossProfit" : 34.28,
    "operatingProfitMargin" : 19.08,
    "operatingProfit" : 6.54,
    "netProfitMargin" : 9.86,
    "netProfit" : 3.38
  }, {
    "date" : "2006-09-30",
    "sales" : 45.41,
    "salesGrowthYoY" : 97.86,
    "grossProfitMargin" : 100.00,
    "grossProfit" : 45.41,
    "operatingProfitMargin" : 15.30,
    "operatingProfit" : 6.95,
    "netProfitMargin" : 6.17,
    "netProfit" : 2.80
  }, {
    "date" : "2006-12-31",
    "sales" : 41.79,
    "salesGrowthYoY" : 34.20,
    "grossProfitMargin" : 100.00,
    "grossProfit" : 41.79,
    "operatingProfitMargin" : 22.35,
    "operatingProfit" : 9.34,
    "netProfitMargin" : 22.73,
    "netProfit" : 9.50
  }, {
    "date" : "2007-03-31",
    "sales" : 34.03,
    "salesGrowthYoY" : -19.82,
    "grossProfitMargin" : 100.00,
    "grossProfit" : 34.03,
    "operatingProfitMargin" : -7.58,
    "operatingProfit" : -2.58,
    "netProfitMargin" : -4.47,
    "netProfit" : -1.52
  }, {
    "date" : "2007-06-30",
    "sales" : 34.84,
    "salesGrowthYoY" : 1.63,
    "grossProfitMargin" : 100.00,
    "grossProfit" : 34.84,
    "operatingProfitMargin" : 15.90,
    "operatingProfit" : 5.54,
    "netProfitMargin" : 23.11,
    "netProfit" : 8.05
  }, {
    "date" : "2007-09-30",
    "sales" : 34.29,
    "salesGrowthYoY" : -24.49,
    "grossProfitMargin" : 100.00,
    "grossProfit" : 34.29,
    "operatingProfitMargin" : 8.02,
    "operatingProfit" : 2.75,
    "netProfitMargin" : 57.95,
    "netProfit" : 19.87
  }, {
    "date" : "2007-12-31",
    "sales" : 43.39,
    "salesGrowthYoY" : 3.83,
    "grossProfitMargin" : 100.00,
    "grossProfit" : 43.39,
    "operatingProfitMargin" : 19.06,
    "operatingProfit" : 8.27,
    "netProfitMargin" : 25.74,
    "netProfit" : 11.17
  }, {
    "date" : "2008-03-31",
    "sales" : 59.60,
    "salesGrowthYoY" : 75.14,
    "grossProfitMargin" : 100.00,
    "grossProfit" : 59.60,
    "operatingProfitMargin" : 35.96,
    "operatingProfit" : 21.43,
    "netProfitMargin" : 37.16,
    "netProfit" : 22.15
  }, {
    "date" : "2008-06-30",
    "sales" : 48.21,
    "salesGrowthYoY" : 38.38,
    "grossProfitMargin" : 100.00,
    "grossProfit" : 48.21,
    "operatingProfitMargin" : 14.56,
    "operatingProfit" : 7.02,
    "netProfitMargin" : 20.22,
    "netProfit" : 9.75
  }, {
    "date" : "2008-09-30",
    "sales" : 30.32,
    "salesGrowthYoY" : -11.58,
    "grossProfitMargin" : 100.00,
    "grossProfit" : 30.32,
    "operatingProfitMargin" : 11.68,
    "operatingProfit" : 3.54,
    "netProfitMargin" : 36.94,
    "netProfit" : 11.20
  }, {
    "date" : "2008-12-31",
    "sales" : 55.65,
    "salesGrowthYoY" : 28.26,
    "grossProfitMargin" : 100.00,
    "grossProfit" : 55.65,
    "operatingProfitMargin" : 14.77,
    "operatingProfit" : 8.22,
    "netProfitMargin" : 20.32,
    "netProfit" : 11.31
  }, {
    "date" : "2009-03-31",
    "sales" : 31.22,
    "salesGrowthYoY" : -47.62,
    "grossProfitMargin" : 100.00,
    "grossProfit" : 31.22,
    "operatingProfitMargin" : -1.12,
    "operatingProfit" : -0.35,
    "netProfitMargin" : 45.16,
    "netProfit" : 14.10
  }, {
    "date" : "2009-06-30",
    "sales" : 47.26,
    "salesGrowthYoY" : -1.97,
    "grossProfitMargin" : 100.00,
    "grossProfit" : 47.26,
    "operatingProfitMargin" : 21.96,
    "operatingProfit" : 10.38,
    "netProfitMargin" : 22.05,
    "netProfit" : 10.42
  }, {
    "date" : "2009-09-30",
    "sales" : 63.52,
    "salesGrowthYoY" : 109.50,
    "grossProfitMargin" : 100.00,
    "grossProfit" : 63.52,
    "operatingProfitMargin" : 23.17,
    "operatingProfit" : 14.72,
    "netProfitMargin" : 32.37,
    "netProfit" : 20.56
  }, {
    "date" : "2009-12-31",
    "sales" : 108.91,
    "salesGrowthYoY" : 95.71,
    "grossProfitMargin" : 100.00,
    "grossProfit" : 108.91,
    "operatingProfitMargin" : 28.00,
    "operatingProfit" : 30.49,
    "netProfitMargin" : 25.65,
    "netProfit" : 27.94
  }, {
    "date" : "2010-03-31",
    "sales" : 100.96,
    "salesGrowthYoY" : 223.38,
    "grossProfitMargin" : 100.00,
    "grossProfit" : 100.96,
    "operatingProfitMargin" : 29.36,
    "operatingProfit" : 29.64,
    "netProfitMargin" : 23.46,
    "netProfit" : 23.69
  }, {
    "date" : "2010-06-30",
    "sales" : 67.93,
    "salesGrowthYoY" : 43.74,
    "grossProfitMargin" : 100.00,
    "grossProfit" : 67.93,
    "operatingProfitMargin" : 23.92,
    "operatingProfit" : 16.25,
    "netProfitMargin" : 21.32,
    "netProfit" : 14.48
  }, {
    "date" : "2010-09-30",
    "sales" : 88.98,
    "salesGrowthYoY" : 40.08,
    "grossProfitMargin" : 37.93,
    "grossProfit" : 33.75,
    "operatingProfitMargin" : 26.24,
    "operatingProfit" : 23.35,
    "netProfitMargin" : 27.71,
    "netProfit" : 24.66
  }, {
    "date" : "2010-12-31",
    "sales" : 155.82,
    "salesGrowthYoY" : 43.07,
    "grossProfitMargin" : 35.37,
    "grossProfit" : 55.11,
    "operatingProfitMargin" : 27.45,
    "operatingProfit" : 42.77,
    "netProfitMargin" : 21.45,
    "netProfit" : 33.42
  }, {
    "date" : "2011-03-31",
    "sales" : 163.83,
    "salesGrowthYoY" : 62.27,
    "grossProfitMargin" : 36.43,
    "grossProfit" : 59.68,
    "operatingProfitMargin" : 24.64,
    "operatingProfit" : 40.37,
    "netProfitMargin" : 18.61,
    "netProfit" : 30.49
  }, {
    "date" : "2011-06-30",
    "sales" : 81.45,
    "salesGrowthYoY" : 19.90,
    "grossProfitMargin" : 36.23,
    "grossProfit" : 29.51,
    "operatingProfitMargin" : 21.17,
    "operatingProfit" : 17.24,
    "netProfitMargin" : 20.98,
    "netProfit" : 17.09
  }, {
    "date" : "2011-09-30",
    "sales" : 93.77,
    "salesGrowthYoY" : 5.38,
    "grossProfitMargin" : 42.04,
    "grossProfit" : 39.42,
    "operatingProfitMargin" : 27.55,
    "operatingProfit" : 25.83,
    "netProfitMargin" : 33.53,
    "netProfit" : 31.44
  }, {
    "date" : "2011-12-31",
    "sales" : 153.77,
    "salesGrowthYoY" : -1.32,
    "grossProfitMargin" : 37.75,
    "grossProfit" : 58.05,
    "operatingProfitMargin" : 30.01,
    "operatingProfit" : 46.15,
    "netProfitMargin" : 25.69,
    "netProfit" : 39.50
  }, {
    "date" : "2012-03-31",
    "sales" : 139.96,
    "salesGrowthYoY" : -14.57,
    "grossProfitMargin" : 35.57,
    "grossProfit" : 49.78,
    "operatingProfitMargin" : 22.74,
    "operatingProfit" : 31.83,
    "netProfitMargin" : 22.95,
    "netProfit" : 32.12
  }, {
    "date" : "2012-06-30",
    "sales" : 104.13,
    "salesGrowthYoY" : 27.85,
    "grossProfitMargin" : 100.00,
    "grossProfit" : 104.13,
    "operatingProfitMargin" : 30.60,
    "operatingProfit" : 31.86,
    "netProfitMargin" : 28.15,
    "netProfit" : 29.31
  }, {
    "date" : "2012-09-30",
    "sales" : 83.83,
    "salesGrowthYoY" : -10.60,
    "grossProfitMargin" : 100.00,
    "grossProfit" : 83.83,
    "operatingProfitMargin" : 17.96,
    "operatingProfit" : 15.06,
    "netProfitMargin" : 37.47,
    "netProfit" : 31.41
  }, {
    "date" : "2012-12-31",
    "sales" : 61.41,
    "salesGrowthYoY" : -60.06,
    "grossProfitMargin" : 100.00,
    "grossProfit" : 61.41,
    "operatingProfitMargin" : 14.70,
    "operatingProfit" : 9.03,
    "netProfitMargin" : 22.08,
    "netProfit" : 13.56
  }, {
    "date" : "2013-03-31",
    "sales" : 102.15,
    "salesGrowthYoY" : -27.01,
    "grossProfitMargin" : 100.00,
    "grossProfit" : 102.15,
    "operatingProfitMargin" : 16.79,
    "operatingProfit" : 17.15,
    "netProfitMargin" : 22.72,
    "netProfit" : 23.21
  }, {
    "date" : "2013-06-30",
    "sales" : 67.02,
    "salesGrowthYoY" : -35.64,
    "grossProfitMargin" : 36.21,
    "grossProfit" : 24.27,
    "operatingProfitMargin" : 13.89,
    "operatingProfit" : 9.31,
    "netProfitMargin" : 23.52,
    "netProfit" : 15.76
  }, {
    "date" : "2013-09-30",
    "sales" : 96.34,
    "salesGrowthYoY" : 14.92,
    "grossProfitMargin" : 100.00,
    "grossProfit" : 96.34,
    "operatingProfitMargin" : 12.76,
    "operatingProfit" : 12.29,
    "netProfitMargin" : 27.15,
    "netProfit" : 26.16
  }, {
    "date" : "2013-12-31",
    "sales" : 57.53,
    "salesGrowthYoY" : -6.32,
    "grossProfitMargin" : 32.12,
    "grossProfit" : 18.48,
    "operatingProfitMargin" : 3.93,
    "operatingProfit" : 2.26,
    "netProfitMargin" : 28.96,
    "netProfit" : 16.66
  }, {
    "date" : "2014-03-31",
    "sales" : 86.18,
    "salesGrowthYoY" : -15.63,
    "grossProfitMargin" : 35.25,
    "grossProfit" : 30.38,
    "operatingProfitMargin" : 5.73,
    "operatingProfit" : 4.94,
    "netProfitMargin" : 22.21,
    "netProfit" : 19.14
  }, {
    "date" : "2014-06-30",
    "sales" : 303.13,
    "salesGrowthYoY" : 352.30,
    "grossProfitMargin" : 83.70,
    "grossProfit" : 253.72,
    "operatingProfitMargin" : 67.85,
    "operatingProfit" : 205.67,
    "netProfitMargin" : 52.73,
    "netProfit" : 159.84
  }, {
    "date" : "2014-09-30",
    "sales" : 105.71,
    "salesGrowthYoY" : 9.73,
    "grossProfitMargin" : 33.01,
    "grossProfit" : 34.89,
    "operatingProfitMargin" : 13.08,
    "operatingProfit" : 13.83,
    "netProfitMargin" : 37.71,
    "netProfit" : 39.86
  }, {
    "date" : "2014-12-31",
    "sales" : 83.68,
    "salesGrowthYoY" : 45.45,
    "grossProfitMargin" : 27.27,
    "grossProfit" : 22.82,
    "operatingProfitMargin" : -6.64,
    "operatingProfit" : -5.56,
    "netProfitMargin" : 12.97,
    "netProfit" : 10.85
  }, {
    "date" : "2015-03-31",
    "sales" : 131.49,
    "salesGrowthYoY" : 52.58,
    "grossProfitMargin" : 35.02,
    "grossProfit" : 46.05,
    "operatingProfitMargin" : 9.37,
    "operatingProfit" : 12.32,
    "netProfitMargin" : 17.31,
    "netProfit" : 22.76
  }, {
    "date" : "2015-06-30",
    "sales" : 104.56,
    "salesGrowthYoY" : -65.51,
    "grossProfitMargin" : 30.89,
    "grossProfit" : 32.30,
    "operatingProfitMargin" : 5.75,
    "operatingProfit" : 6.01,
    "netProfitMargin" : 10.90,
    "netProfit" : 11.40
  }, {
    "date" : "2015-09-30",
    "sales" : 121.95,
    "salesGrowthYoY" : 15.36,
    "grossProfitMargin" : 34.77,
    "grossProfit" : 42.40,
    "operatingProfitMargin" : 16.69,
    "operatingProfit" : 20.35,
    "netProfitMargin" : 22.58,
    "netProfit" : 27.54
  }, {
    "date" : "2015-12-31",
    "sales" : 166.74,
    "salesGrowthYoY" : 99.26,
    "grossProfitMargin" : 31.66,
    "grossProfit" : 52.79,
    "operatingProfitMargin" : 17.24,
    "operatingProfit" : 28.75,
    "netProfitMargin" : 14.89,
    "netProfit" : 24.83
  }, {
    "date" : "2016-03-31",
    "sales" : 108.86,
    "salesGrowthYoY" : -17.21,
    "grossProfitMargin" : 29.28,
    "grossProfit" : 31.87,
    "operatingProfitMargin" : 11.91,
    "operatingProfit" : 12.97,
    "netProfitMargin" : 13.34,
    "netProfit" : 14.52
  }, {
    "date" : "2016-06-30",
    "sales" : 88.86,
    "salesGrowthYoY" : -15.02,
    "grossProfitMargin" : 38.28,
    "grossProfit" : 34.02,
    "operatingProfitMargin" : 13.99,
    "operatingProfit" : 12.43,
    "netProfitMargin" : 17.22,
    "netProfit" : 15.30
  }, {
    "date" : "2016-09-30",
    "sales" : 95.03,
    "salesGrowthYoY" : -22.07,
    "grossProfitMargin" : 33.63,
    "grossProfit" : 31.96,
    "operatingProfitMargin" : 6.10,
    "operatingProfit" : 5.80,
    "netProfitMargin" : 13.41,
    "netProfit" : 12.74
  }, {
    "date" : "2016-12-31",
    "sales" : 197.21,
    "salesGrowthYoY" : 18.27,
    "grossProfitMargin" : 20.35,
    "grossProfit" : 40.13,
    "operatingProfitMargin" : 7.80,
    "operatingProfit" : 15.38,
    "netProfitMargin" : 8.02,
    "netProfit" : 15.82
  }, {
    "date" : "2017-03-31",
    "sales" : 299.45,
    "salesGrowthYoY" : 175.08,
    "grossProfitMargin" : 9.27,
    "grossProfit" : 27.76,
    "operatingProfitMargin" : 0.20,
    "operatingProfit" : 0.60,
    "netProfitMargin" : 1.70,
    "netProfit" : 5.09
  }, {
    "date" : "2017-06-30",
    "sales" : 109.25,
    "salesGrowthYoY" : 22.95,
    "grossProfitMargin" : 31.10,
    "grossProfit" : 33.98,
    "operatingProfitMargin" : 10.65,
    "operatingProfit" : 11.64,
    "netProfitMargin" : 9.76,
    "netProfit" : 10.66
  }, {
    "date" : "2017-09-30",
    "sales" : 75.76,
    "salesGrowthYoY" : -20.28,
    "grossProfitMargin" : 22.60,
    "grossProfit" : 17.12,
    "operatingProfitMargin" : -9.09,
    "operatingProfit" : -6.89,
    "netProfitMargin" : 16.88,
    "netProfit" : 12.79
  }, {
    "date" : "2017-12-31",
    "sales" : 144.70,
    "salesGrowthYoY" : -26.63,
    "grossProfitMargin" : 25.32,
    "grossProfit" : 36.64,
    "operatingProfitMargin" : 11.13,
    "operatingProfit" : 16.11,
    "netProfitMargin" : 9.12,
    "netProfit" : 13.20
  }, {
    "date" : "2018-03-31",
    "sales" : 145.29,
    "salesGrowthYoY" : -51.48,
    "grossProfitMargin" : 29.31,
    "grossProfit" : 42.58,
    "operatingProfitMargin" : 10.49,
    "operatingProfit" : 15.24,
    "netProfitMargin" : 11.34,
    "netProfit" : 16.48
  }, {
    "date" : "2018-06-30",
    "sales" : 132.99,
    "salesGrowthYoY" : 21.73,
    "grossProfitMargin" : 33.35,
    "grossProfit" : 44.35,
    "operatingProfitMargin" : 9.86,
    "operatingProfit" : 13.11,
    "netProfitMargin" : 11.44,
    "netProfit" : 15.21
  }, {
    "date" : "2018-09-30",
    "sales" : 71.58,
    "salesGrowthYoY" : -5.52,
    "grossProfitMargin" : 41.18,
    "grossProfit" : 29.48,
    "operatingProfitMargin" : 1.45,
    "operatingProfit" : 1.04,
    "netProfitMargin" : 30.86,
    "netProfit" : 22.09
  }, {
    "date" : "2018-12-31",
    "sales" : 121.39,
    "salesGrowthYoY" : -16.11,
    "grossProfitMargin" : 35.64,
    "grossProfit" : 43.26,
    "operatingProfitMargin" : 7.08,
    "operatingProfit" : 8.59,
    "netProfitMargin" : 12.69,
    "netProfit" : 15.40
  }, {
    "date" : "2019-03-31",
    "sales" : 160.07,
    "salesGrowthYoY" : 10.17,
    "grossProfitMargin" : 22.18,
    "grossProfit" : 35.50,
    "operatingProfitMargin" : 0.98,
    "operatingProfit" : 1.57,
    "netProfitMargin" : 3.67,
    "netProfit" : 5.87
  }, {
    "date" : "2019-06-30",
    "sales" : 83.57,
    "salesGrowthYoY" : -37.16,
    "grossProfitMargin" : 33.40,
    "grossProfit" : 27.91,
    "operatingProfitMargin" : -3.61,
    "operatingProfit" : -3.02,
    "netProfitMargin" : 11.58,
    "netProfit" : 9.68
  }, {
    "date" : "2019-09-30",
    "sales" : 271.49,
    "salesGrowthYoY" : 279.28,
    "grossProfitMargin" : 19.33,
    "grossProfit" : 52.48,
    "operatingProfitMargin" : 3.90,
    "operatingProfit" : 10.59,
    "netProfitMargin" : 10.98,
    "netProfit" : 29.81
  }, {
    "date" : "2019-12-31",
    "sales" : 33.81,
    "salesGrowthYoY" : -72.15,
    "grossProfitMargin" : 14.02,
    "grossProfit" : 4.74,
    "operatingProfitMargin" : -80.77,
    "operatingProfit" : -27.31,
    "netProfitMargin" : -36.17,
    "netProfit" : -12.23
  }, {
    "date" : "2020-03-31",
    "sales" : 51.01,
    "salesGrowthYoY" : -68.13,
    "grossProfitMargin" : 8.04,
    "grossProfit" : 4.10,
    "operatingProfitMargin" : -87.24,
    "operatingProfit" : -44.50,
    "netProfitMargin" : -31.31,
    "netProfit" : -15.97
  }, {
    "date" : "2020-06-30",
    "sales" : 3.80,
    "salesGrowthYoY" : -95.45,
    "grossProfitMargin" : 63.95,
    "grossProfit" : 2.43,
    "operatingProfitMargin" : -521.84,
    "operatingProfit" : -19.83,
    "netProfitMargin" : -317.89,
    "netProfit" : -12.08
  }, {
    "date" : "2020-09-30",
    "sales" : 8.82,
    "salesGrowthYoY" : -96.75,
    "grossProfitMargin" : 32.99,
    "grossProfit" : 2.91,
    "operatingProfitMargin" : -222.90,
    "operatingProfit" : -19.66,
    "netProfitMargin" : 76.53,
    "netProfit" : 6.75
  }, {
    "date" : "2020-12-31",
    "sales" : 35.51,
    "salesGrowthYoY" : 5.03,
    "grossProfitMargin" : -0.87,
    "grossProfit" : -0.31,
    "operatingProfitMargin" : -82.74,
    "operatingProfit" : -29.38,
    "netProfitMargin" : -52.04,
    "netProfit" : -18.48
  }, {
    "date" : "2021-03-31",
    "sales" : 41.51,
    "salesGrowthYoY" : -18.62,
    "grossProfitMargin" : 10.07,
    "grossProfit" : 4.18,
    "operatingProfitMargin" : -89.69,
    "operatingProfit" : -37.23,
    "netProfitMargin" : -68.51,
    "netProfit" : -28.44
  }, {
    "date" : "2021-06-30",
    "sales" : 140.29,
    "salesGrowthYoY" : 3591.84,
    "grossProfitMargin" : 5.10,
    "grossProfit" : 7.15,
    "operatingProfitMargin" : -17.52,
    "operatingProfit" : -24.58,
    "netProfitMargin" : -10.99,
    "netProfit" : -15.42
  }, {
    "date" : "2021-09-30",
    "sales" : 6.50,
    "salesGrowthYoY" : -26.30,
    "grossProfitMargin" : 45.69,
    "grossProfit" : 2.97,
    "operatingProfitMargin" : -441.69,
    "operatingProfit" : -28.71,
    "netProfitMargin" : -66.15,
    "netProfit" : -4.30
  }, {
    "date" : "2021-12-31",
    "sales" : 4.01,
    "salesGrowthYoY" : -88.71,
    "grossProfitMargin" : 52.87,
    "grossProfit" : 2.12,
    "operatingProfitMargin" : -907.98,
    "operatingProfit" : -36.41,
    "netProfitMargin" : -591.02,
    "netProfit" : -23.70
  }, {
    "date" : "2022-03-31",
    "sales" : 102.01,
    "salesGrowthYoY" : 145.75,
    "grossProfitMargin" : 16.82,
    "grossProfit" : 17.16,
    "operatingProfitMargin" : -34.01,
    "operatingProfit" : -34.69,
    "netProfitMargin" : -17.46,
    "netProfit" : -17.81
  }, {
    "date" : "2022-06-30",
    "sales" : 10.65,
    "salesGrowthYoY" : -92.41,
    "grossProfitMargin" : 25.82,
    "grossProfit" : 2.75,
    "operatingProfitMargin" : -304.13,
    "operatingProfit" : -32.39,
    "netProfitMargin" : 222.82,
    "netProfit" : 23.73
  }, {
    "date" : "2022-09-30",
    "sales" : 36.95,
    "salesGrowthYoY" : 468.46,
    "grossProfitMargin" : -6.93,
    "grossProfit" : -2.56,
    "operatingProfitMargin" : -101.16,
    "operatingProfit" : -37.38,
    "netProfitMargin" : -54.10,
    "netProfit" : -19.99
  }, {
    "date" : "2022-12-31",
    "sales" : 174.52,
    "salesGrowthYoY" : 4252.12,
    "grossProfitMargin" : 14.24,
    "grossProfit" : 24.85,
    "operatingProfitMargin" : -9.05,
    "operatingProfit" : -15.79,
    "netProfitMargin" : -3.90,
    "netProfit" : -6.81
  }, {
    "date" : "2023-03-31",
    "sales" : 249.79,
    "salesGrowthYoY" : 144.87,
    "grossProfitMargin" : 17.25,
    "grossProfit" : 43.09,
    "operatingProfitMargin" : -10.52,
    "operatingProfit" : -26.28,
    "netProfitMargin" : 13.88,
    "netProfit" : 34.67
  }, {
    "date" : "2023-06-30",
    "sales" : 6.65,
    "salesGrowthYoY" : -37.56,
    "grossProfitMargin" : -87.97,
    "grossProfit" : -5.85,
    "operatingProfitMargin" : -670.83,
    "operatingProfit" : -44.61,
    "netProfitMargin" : -427.07,
    "netProfit" : -28.40
  }, {
    "date" : "2023-09-30",
    "sales" : 7.43,
    "salesGrowthYoY" : -79.89,
    "grossProfitMargin" : 20.19,
    "grossProfit" : 1.50,
    "operatingProfitMargin" : -502.69,
    "operatingProfit" : -37.35,
    "netProfitMargin" : 20.46,
    "netProfit" : 1.52
  }, {
    "date" : "2023-12-31",
    "sales" : 2.06,
    "salesGrowthYoY" : -98.82,
    "grossProfitMargin" : 86.41,
    "grossProfit" : 1.78,
    "operatingProfitMargin" : -2066.02,
    "operatingProfit" : -42.56,
    "netProfitMargin" : -1399.51,
    "netProfit" : -28.83
  }, {
    "date" : "2024-03-31",
    "sales" : 2.55,
    "salesGrowthYoY" : -98.98,
    "grossProfitMargin" : -138.43,
    "grossProfit" : -3.53,
    "operatingProfitMargin" : -2105.10,
    "operatingProfit" : -53.68,
    "netProfitMargin" : -236.08,
    "netProfit" : -6.02
  }, {
    "date" : "2024-06-30",
    "sales" : 181.87,
    "salesGrowthYoY" : 2634.89,
    "grossProfitMargin" : 7.44,
    "grossProfit" : 13.53,
    "operatingProfitMargin" : -23.54,
    "operatingProfit" : -42.81,
    "netProfitMargin" : -13.06,
    "netProfit" : -23.75
  }, {
    "date" : "2024-09-30",
    "sales" : 2.06,
    "salesGrowthYoY" : -72.27,
    "grossProfitMargin" : -20.39,
    "grossProfit" : -0.42,
    "operatingProfitMargin" : -2483.98,
    "operatingProfit" : -51.17,
    "netProfitMargin" : -28.64,
    "netProfit" : -0.59
  }, {
    "date" : "2024-12-31",
    "sales" : 161.70,
    "salesGrowthYoY" : 7749.51,
    "grossProfitMargin" : 19.88,
    "grossProfit" : 32.15,
    "operatingProfitMargin" : -16.83,
    "operatingProfit" : -27.21,
    "netProfitMargin" : 29.52,
    "netProfit" : 47.73
  }, {
    "date" : "2025-03-31",
    "sales" : 3.69,
    "salesGrowthYoY" : 44.71,
    "grossProfitMargin" : 136.31,
    "grossProfit" : 5.03,
    "operatingProfitMargin" : -1495.12,
    "operatingProfit" : -55.17,
    "netProfitMargin" : 757.72,
    "netProfit" : 27.96
  }, {
    "date" : "2025-06-30",
    "sales" : 25.53,
    "salesGrowthYoY" : -85.96,
    "grossProfitMargin" : -7.01,
    "grossProfit" : -1.79,
    "operatingProfitMargin" : -223.07,
    "operatingProfit" : -56.95,
    "netProfitMargin" : -132.47,
    "netProfit" : -33.82
  }, {
    "date" : "2025-09-30",
    "sales" : 11.97,
    "salesGrowthYoY" : 481.07,
    "grossProfitMargin" : -24.06,
    "grossProfit" : -2.88,
    "operatingProfitMargin" : -449.21,
    "operatingProfit" : -53.77,
    "netProfitMargin" : -204.76,
    "netProfit" : -24.51
  } ],
  "latestQuarterlyResult" : {
    "date" : "2025-09-30",
    "sales" : 11.97,
    "salesGrowthYoY" : 481.07,
    "grossProfitMargin" : -24.06,
    "grossProfit" : -2.88,
    "operatingProfitMargin" : -449.21,
    "operatingProfit" : -53.77,
    "netProfitMargin" : -204.76,
    "netProfit" : -24.51
  },
  "companyScore" : {
    "priceHigherThanDma50" : 5.00,
    "priceHigherThanDma100" : 5.00,
    "priceHigherThanDma200" : 5.00,
    "dma50HigherThanDma100" : 5.00,
    "dma50HigherThanDma200" : 5.00,
    "dma100HigherThanDma200" : 0.00,
    "pricePercentageAboveDma50" : 4.91,
    "pricePercentageAboveDma100" : 4.68,
    "pricePercentageAboveDma200" : 4.71,
    "weeklyVolumeHigherThanYearlyVolume" : 0.00,
    "salesGrowthPercentile" : 18.99,
    "operatingProfitMarginPercentile" : 15.95,
    "netProfitMarginPercentile" : 5.54,
    "totalTechnicalScore" : 39.30,
    "totalFundamentalScore" : 40.47,
    "totalScore" : 79.77
  }
}