{
  "metadata" : {
    "screenerCompanyId" : "1968",
    "companyCode" : "MAHSEAMLES",
    "companyName" : "Mah. Seamless",
    "screenerCompanyLink" : "https://www.screener.in/company/MAHSEAMLES/consolidated/",
    "screenerTechnicalHistoryLink" : "https://www.screener.in/api/company/1968/chart/?q=Price-DMA50-DMA200-Volume&days=365",
    "screenerQuarterlyResultsLink" : "https://www.screener.in/api/company/1968/chart/?q=GPM-OPM-NPM-Quarter+Sales&days=10000",
    "attributes" : {
      "companyCode" : "MAHSEAMLES",
      "companyName" : "Mah. Seamless",
      "marketCap" : 7185.00,
      "peRatio" : 8.55,
      "description" : "Incorporated in 1988, Maharashtra Seamless Ltd manufactures seamless pipes & tubes, ERW pipes. It is also in the business of renewable power generation and rig operations[1]"
    },
    "companyScore" : {
      "priceHigherThanDma50" : 0.00,
      "priceHigherThanDma100" : 0.00,
      "priceHigherThanDma200" : 0.00,
      "dma50HigherThanDma100" : 0.00,
      "dma50HigherThanDma200" : 0.00,
      "dma100HigherThanDma200" : 0.00,
      "pricePercentageAboveDma50" : 5.05,
      "pricePercentageAboveDma100" : 5.21,
      "pricePercentageAboveDma200" : 5.53,
      "weeklyVolumeHigherThanYearlyVolume" : 0.00,
      "salesGrowthPercentile" : 4.00,
      "operatingProfitMarginPercentile" : 11.93,
      "netProfitMarginPercentile" : 9.76,
      "totalTechnicalScore" : 15.78,
      "totalFundamentalScore" : 25.69,
      "totalScore" : 41.47
    }
  },
  "attributes" : {
    "companyCode" : "MAHSEAMLES",
    "companyName" : "Mah. Seamless",
    "marketCap" : 7185.00,
    "peRatio" : 8.55,
    "description" : "Incorporated in 1988, Maharashtra Seamless Ltd manufactures seamless pipes & tubes, ERW pipes. It is also in the business of renewable power generation and rig operations[1]"
  },
  "technicalHistory" : [ {
    "date" : "2025-02-17",
    "price" : 605.95,
    "dma50" : 648.34,
    "dma100" : null,
    "dma200" : 676.83,
    "volume" : 512837.00
  }, {
    "date" : "2025-02-18",
    "price" : 603.60,
    "dma50" : 646.59,
    "dma100" : null,
    "dma200" : 676.10,
    "volume" : 329560.00
  }, {
    "date" : "2025-02-19",
    "price" : 608.20,
    "dma50" : 645.08,
    "dma100" : null,
    "dma200" : 675.43,
    "volume" : 535283.00
  }, {
    "date" : "2025-02-20",
    "price" : 646.45,
    "dma50" : 645.13,
    "dma100" : null,
    "dma200" : 675.14,
    "volume" : 1893841.00
  }, {
    "date" : "2025-02-21",
    "price" : 664.00,
    "dma50" : 645.87,
    "dma100" : null,
    "dma200" : 675.03,
    "volume" : 1854827.00
  }, {
    "date" : "2025-02-24",
    "price" : 645.30,
    "dma50" : 645.85,
    "dma100" : null,
    "dma200" : 674.73,
    "volume" : 273822.00
  }, {
    "date" : "2025-02-25",
    "price" : 653.85,
    "dma50" : 646.17,
    "dma100" : null,
    "dma200" : 674.53,
    "volume" : 691639.00
  }, {
    "date" : "2025-02-27",
    "price" : 627.25,
    "dma50" : 645.42,
    "dma100" : null,
    "dma200" : 674.05,
    "volume" : 239443.00
  }, {
    "date" : "2025-02-28",
    "price" : 612.80,
    "dma50" : 644.14,
    "dma100" : null,
    "dma200" : 673.45,
    "volume" : 239513.00
  }, {
    "date" : "2025-03-03",
    "price" : 602.50,
    "dma50" : 642.51,
    "dma100" : null,
    "dma200" : 672.74,
    "volume" : 324513.00
  }, {
    "date" : "2025-03-04",
    "price" : 627.45,
    "dma50" : 641.92,
    "dma100" : null,
    "dma200" : 672.29,
    "volume" : 313859.00
  }, {
    "date" : "2025-03-05",
    "price" : 636.65,
    "dma50" : 641.71,
    "dma100" : null,
    "dma200" : 671.93,
    "volume" : 335631.00
  }, {
    "date" : "2025-03-06",
    "price" : 643.40,
    "dma50" : 641.78,
    "dma100" : null,
    "dma200" : 671.65,
    "volume" : 300122.00
  }, {
    "date" : "2025-03-07",
    "price" : 653.50,
    "dma50" : 642.24,
    "dma100" : null,
    "dma200" : 671.47,
    "volume" : 244649.00
  }, {
    "date" : "2025-03-10",
    "price" : 638.95,
    "dma50" : 642.11,
    "dma100" : null,
    "dma200" : 671.15,
    "volume" : 184298.00
  }, {
    "date" : "2025-03-11",
    "price" : 651.50,
    "dma50" : 642.48,
    "dma100" : null,
    "dma200" : 670.95,
    "volume" : 318759.00
  }, {
    "date" : "2025-03-12",
    "price" : 652.10,
    "dma50" : 642.86,
    "dma100" : null,
    "dma200" : 670.76,
    "volume" : 219838.00
  }, {
    "date" : "2025-03-13",
    "price" : 661.40,
    "dma50" : 643.58,
    "dma100" : null,
    "dma200" : 670.67,
    "volume" : 330054.00
  }, {
    "date" : "2025-03-17",
    "price" : 673.05,
    "dma50" : 644.74,
    "dma100" : null,
    "dma200" : 670.69,
    "volume" : 704228.00
  }, {
    "date" : "2025-03-18",
    "price" : 689.45,
    "dma50" : 646.49,
    "dma100" : null,
    "dma200" : 670.88,
    "volume" : 443944.00
  }, {
    "date" : "2025-03-19",
    "price" : 701.50,
    "dma50" : 648.65,
    "dma100" : null,
    "dma200" : 671.18,
    "volume" : 539523.00
  }, {
    "date" : "2025-03-20",
    "price" : 720.60,
    "dma50" : 651.47,
    "dma100" : null,
    "dma200" : 671.68,
    "volume" : 512717.00
  }, {
    "date" : "2025-03-21",
    "price" : 710.80,
    "dma50" : 653.80,
    "dma100" : null,
    "dma200" : 672.07,
    "volume" : 363486.00
  }, {
    "date" : "2025-03-24",
    "price" : 712.55,
    "dma50" : 656.10,
    "dma100" : null,
    "dma200" : 672.47,
    "volume" : 228012.00
  }, {
    "date" : "2025-03-25",
    "price" : 696.75,
    "dma50" : 657.70,
    "dma100" : null,
    "dma200" : 672.71,
    "volume" : 206659.00
  }, {
    "date" : "2025-03-26",
    "price" : 682.00,
    "dma50" : 658.65,
    "dma100" : null,
    "dma200" : 672.80,
    "volume" : 190941.00
  }, {
    "date" : "2025-03-27",
    "price" : 692.15,
    "dma50" : 659.96,
    "dma100" : null,
    "dma200" : 673.00,
    "volume" : 230258.00
  }, {
    "date" : "2025-03-28",
    "price" : 682.75,
    "dma50" : 660.86,
    "dma100" : null,
    "dma200" : 673.09,
    "volume" : 136081.00
  }, {
    "date" : "2025-04-01",
    "price" : 735.10,
    "dma50" : 663.77,
    "dma100" : null,
    "dma200" : 673.71,
    "volume" : 4084262.00
  }, {
    "date" : "2025-04-02",
    "price" : 731.75,
    "dma50" : 666.43,
    "dma100" : null,
    "dma200" : 674.29,
    "volume" : 643458.00
  }, {
    "date" : "2025-04-03",
    "price" : 726.95,
    "dma50" : 668.81,
    "dma100" : null,
    "dma200" : 674.81,
    "volume" : 212616.00
  }, {
    "date" : "2025-04-04",
    "price" : 699.00,
    "dma50" : 669.99,
    "dma100" : null,
    "dma200" : 675.05,
    "volume" : 474137.00
  }, {
    "date" : "2025-04-07",
    "price" : 642.40,
    "dma50" : 668.91,
    "dma100" : null,
    "dma200" : 674.73,
    "volume" : 494388.00
  }, {
    "date" : "2025-04-08",
    "price" : 660.50,
    "dma50" : 668.58,
    "dma100" : null,
    "dma200" : 674.59,
    "volume" : 208724.00
  }, {
    "date" : "2025-04-09",
    "price" : 632.05,
    "dma50" : 667.15,
    "dma100" : null,
    "dma200" : 674.16,
    "volume" : 347493.00
  }, {
    "date" : "2025-04-11",
    "price" : 663.90,
    "dma50" : 667.02,
    "dma100" : null,
    "dma200" : 674.06,
    "volume" : 264440.00
  }, {
    "date" : "2025-04-15",
    "price" : 681.10,
    "dma50" : 667.57,
    "dma100" : null,
    "dma200" : 674.13,
    "volume" : 176676.00
  }, {
    "date" : "2025-04-16",
    "price" : 688.60,
    "dma50" : 668.40,
    "dma100" : null,
    "dma200" : 674.27,
    "volume" : 150932.00
  }, {
    "date" : "2025-04-17",
    "price" : 699.50,
    "dma50" : 669.62,
    "dma100" : null,
    "dma200" : 674.52,
    "volume" : 195256.00
  }, {
    "date" : "2025-04-21",
    "price" : 705.85,
    "dma50" : 671.04,
    "dma100" : null,
    "dma200" : 674.84,
    "volume" : 162029.00
  }, {
    "date" : "2025-04-22",
    "price" : 700.70,
    "dma50" : 672.20,
    "dma100" : null,
    "dma200" : 675.09,
    "volume" : 125104.00
  }, {
    "date" : "2025-04-23",
    "price" : 690.50,
    "dma50" : 672.92,
    "dma100" : null,
    "dma200" : 675.25,
    "volume" : 159228.00
  }, {
    "date" : "2025-04-24",
    "price" : 695.00,
    "dma50" : 673.78,
    "dma100" : null,
    "dma200" : 675.44,
    "volume" : 117901.00
  }, {
    "date" : "2025-04-25",
    "price" : 672.25,
    "dma50" : 673.72,
    "dma100" : null,
    "dma200" : 675.41,
    "volume" : 199360.00
  }, {
    "date" : "2025-04-28",
    "price" : 687.15,
    "dma50" : 674.25,
    "dma100" : null,
    "dma200" : 675.53,
    "volume" : 266413.00
  }, {
    "date" : "2025-04-29",
    "price" : 676.55,
    "dma50" : 674.34,
    "dma100" : null,
    "dma200" : 675.54,
    "volume" : 135708.00
  }, {
    "date" : "2025-04-30",
    "price" : 655.45,
    "dma50" : 673.60,
    "dma100" : null,
    "dma200" : 675.34,
    "volume" : 251449.00
  }, {
    "date" : "2025-05-02",
    "price" : 649.45,
    "dma50" : 672.65,
    "dma100" : null,
    "dma200" : 675.08,
    "volume" : 143157.00
  }, {
    "date" : "2025-05-05",
    "price" : 656.20,
    "dma50" : 672.01,
    "dma100" : null,
    "dma200" : 674.89,
    "volume" : 111886.00
  }, {
    "date" : "2025-05-06",
    "price" : 636.00,
    "dma50" : 670.60,
    "dma100" : null,
    "dma200" : 674.51,
    "volume" : 137330.00
  }, {
    "date" : "2025-05-07",
    "price" : 641.70,
    "dma50" : 669.46,
    "dma100" : null,
    "dma200" : 674.18,
    "volume" : 146516.00
  }, {
    "date" : "2025-05-08",
    "price" : 631.95,
    "dma50" : 667.99,
    "dma100" : null,
    "dma200" : 673.76,
    "volume" : 176661.00
  }, {
    "date" : "2025-05-09",
    "price" : 634.10,
    "dma50" : 666.66,
    "dma100" : null,
    "dma200" : 673.37,
    "volume" : 166074.00
  }, {
    "date" : "2025-05-12",
    "price" : 680.20,
    "dma50" : 667.19,
    "dma100" : null,
    "dma200" : 673.43,
    "volume" : 287272.00
  }, {
    "date" : "2025-05-13",
    "price" : 670.15,
    "dma50" : 667.31,
    "dma100" : null,
    "dma200" : 673.40,
    "volume" : 137909.00
  }, {
    "date" : "2025-05-14",
    "price" : 686.20,
    "dma50" : 668.05,
    "dma100" : null,
    "dma200" : 673.53,
    "volume" : 195139.00
  }, {
    "date" : "2025-05-15",
    "price" : 688.40,
    "dma50" : 668.85,
    "dma100" : null,
    "dma200" : 673.68,
    "volume" : 129716.00
  }, {
    "date" : "2025-05-16",
    "price" : 696.80,
    "dma50" : 669.94,
    "dma100" : null,
    "dma200" : 673.91,
    "volume" : 208691.00
  }, {
    "date" : "2025-05-19",
    "price" : 701.35,
    "dma50" : 671.18,
    "dma100" : null,
    "dma200" : 674.18,
    "volume" : 249051.00
  }, {
    "date" : "2025-05-20",
    "price" : 687.50,
    "dma50" : 671.82,
    "dma100" : null,
    "dma200" : 674.31,
    "volume" : 170847.00
  }, {
    "date" : "2025-05-21",
    "price" : 693.35,
    "dma50" : 672.66,
    "dma100" : null,
    "dma200" : 674.50,
    "volume" : 379653.00
  }, {
    "date" : "2025-05-22",
    "price" : 696.90,
    "dma50" : 673.61,
    "dma100" : null,
    "dma200" : 674.72,
    "volume" : 151752.00
  }, {
    "date" : "2025-05-23",
    "price" : 690.55,
    "dma50" : 674.27,
    "dma100" : null,
    "dma200" : 674.88,
    "volume" : 130704.00
  }, {
    "date" : "2025-05-26",
    "price" : 693.40,
    "dma50" : 675.02,
    "dma100" : null,
    "dma200" : 675.07,
    "volume" : 120327.00
  }, {
    "date" : "2025-05-27",
    "price" : 705.15,
    "dma50" : 676.21,
    "dma100" : null,
    "dma200" : 675.37,
    "volume" : 1012794.00
  }, {
    "date" : "2025-05-28",
    "price" : 702.30,
    "dma50" : 677.23,
    "dma100" : null,
    "dma200" : 675.63,
    "volume" : 467361.00
  }, {
    "date" : "2025-05-29",
    "price" : 692.45,
    "dma50" : 677.83,
    "dma100" : null,
    "dma200" : 675.80,
    "volume" : 222844.00
  }, {
    "date" : "2025-05-30",
    "price" : 691.45,
    "dma50" : 678.36,
    "dma100" : null,
    "dma200" : 675.96,
    "volume" : 200925.00
  }, {
    "date" : "2025-06-02",
    "price" : 702.55,
    "dma50" : 679.31,
    "dma100" : null,
    "dma200" : 676.22,
    "volume" : 196133.00
  }, {
    "date" : "2025-06-03",
    "price" : 677.85,
    "dma50" : 679.25,
    "dma100" : null,
    "dma200" : 676.24,
    "volume" : 388307.00
  }, {
    "date" : "2025-06-04",
    "price" : 670.50,
    "dma50" : 678.91,
    "dma100" : null,
    "dma200" : 676.18,
    "volume" : 198595.00
  }, {
    "date" : "2025-06-05",
    "price" : 671.30,
    "dma50" : 678.61,
    "dma100" : null,
    "dma200" : 676.13,
    "volume" : 152523.00
  }, {
    "date" : "2025-06-06",
    "price" : 672.85,
    "dma50" : 678.38,
    "dma100" : null,
    "dma200" : 676.10,
    "volume" : 105481.00
  }, {
    "date" : "2025-06-09",
    "price" : 684.35,
    "dma50" : 678.62,
    "dma100" : null,
    "dma200" : 676.18,
    "volume" : 222138.00
  }, {
    "date" : "2025-06-10",
    "price" : 695.50,
    "dma50" : 679.28,
    "dma100" : null,
    "dma200" : 676.37,
    "volume" : 351793.00
  }, {
    "date" : "2025-06-11",
    "price" : 719.35,
    "dma50" : 680.85,
    "dma100" : null,
    "dma200" : 676.80,
    "volume" : 690511.00
  }, {
    "date" : "2025-06-12",
    "price" : 706.35,
    "dma50" : 681.85,
    "dma100" : null,
    "dma200" : 677.09,
    "volume" : 657530.00
  }, {
    "date" : "2025-06-13",
    "price" : 694.75,
    "dma50" : 682.36,
    "dma100" : null,
    "dma200" : 677.27,
    "volume" : 211999.00
  }, {
    "date" : "2025-06-16",
    "price" : 691.40,
    "dma50" : 682.71,
    "dma100" : null,
    "dma200" : 677.41,
    "volume" : 136313.00
  }, {
    "date" : "2025-06-17",
    "price" : 686.05,
    "dma50" : 682.84,
    "dma100" : null,
    "dma200" : 677.50,
    "volume" : 381512.00
  }, {
    "date" : "2025-06-18",
    "price" : 681.25,
    "dma50" : 682.78,
    "dma100" : null,
    "dma200" : 677.53,
    "volume" : 302121.00
  }, {
    "date" : "2025-06-19",
    "price" : 667.55,
    "dma50" : 682.18,
    "dma100" : null,
    "dma200" : 677.43,
    "volume" : 297117.00
  }, {
    "date" : "2025-06-20",
    "price" : 674.05,
    "dma50" : 681.86,
    "dma100" : null,
    "dma200" : 677.40,
    "volume" : 262483.00
  }, {
    "date" : "2025-06-23",
    "price" : 678.30,
    "dma50" : 681.72,
    "dma100" : null,
    "dma200" : 677.41,
    "volume" : 239562.00
  }, {
    "date" : "2025-06-24",
    "price" : 687.05,
    "dma50" : 681.93,
    "dma100" : null,
    "dma200" : 677.51,
    "volume" : 336976.00
  }, {
    "date" : "2025-06-25",
    "price" : 736.55,
    "dma50" : 684.08,
    "dma100" : null,
    "dma200" : 678.09,
    "volume" : 1915912.00
  }, {
    "date" : "2025-06-26",
    "price" : 760.70,
    "dma50" : 687.08,
    "dma100" : null,
    "dma200" : 678.92,
    "volume" : 1422582.00
  }, {
    "date" : "2025-06-27",
    "price" : 762.30,
    "dma50" : 690.03,
    "dma100" : null,
    "dma200" : 679.75,
    "volume" : 1113439.00
  }, {
    "date" : "2025-06-30",
    "price" : 762.90,
    "dma50" : 692.89,
    "dma100" : null,
    "dma200" : 680.57,
    "volume" : 354675.00
  }, {
    "date" : "2025-07-01",
    "price" : 759.30,
    "dma50" : 695.49,
    "dma100" : null,
    "dma200" : 681.36,
    "volume" : 481807.00
  }, {
    "date" : "2025-07-02",
    "price" : 754.45,
    "dma50" : 697.80,
    "dma100" : null,
    "dma200" : 682.08,
    "volume" : 473192.00
  }, {
    "date" : "2025-07-03",
    "price" : 737.45,
    "dma50" : 699.36,
    "dma100" : null,
    "dma200" : 682.63,
    "volume" : 352692.00
  }, {
    "date" : "2025-07-04",
    "price" : 748.85,
    "dma50" : 701.30,
    "dma100" : null,
    "dma200" : 683.29,
    "volume" : 330762.00
  }, {
    "date" : "2025-07-07",
    "price" : 741.20,
    "dma50" : 702.86,
    "dma100" : null,
    "dma200" : 683.87,
    "volume" : 141793.00
  }, {
    "date" : "2025-07-08",
    "price" : 718.25,
    "dma50" : 703.47,
    "dma100" : null,
    "dma200" : 684.21,
    "volume" : 325392.00
  }, {
    "date" : "2025-07-09",
    "price" : 702.65,
    "dma50" : 703.44,
    "dma100" : null,
    "dma200" : 684.39,
    "volume" : 304849.00
  }, {
    "date" : "2025-07-10",
    "price" : 708.80,
    "dma50" : 703.65,
    "dma100" : null,
    "dma200" : 684.64,
    "volume" : 266813.00
  }, {
    "date" : "2025-07-11",
    "price" : 697.50,
    "dma50" : 703.41,
    "dma100" : null,
    "dma200" : 684.77,
    "volume" : 196931.00
  }, {
    "date" : "2025-07-14",
    "price" : 706.10,
    "dma50" : 703.51,
    "dma100" : null,
    "dma200" : 684.98,
    "volume" : 157597.00
  }, {
    "date" : "2025-07-15",
    "price" : 708.90,
    "dma50" : 703.72,
    "dma100" : null,
    "dma200" : 685.22,
    "volume" : 136463.00
  }, {
    "date" : "2025-07-16",
    "price" : 730.80,
    "dma50" : 704.78,
    "dma100" : 684.58,
    "dma200" : 685.67,
    "volume" : 1208880.00
  }, {
    "date" : "2025-07-17",
    "price" : 723.65,
    "dma50" : 705.52,
    "dma100" : 685.78,
    "dma200" : 686.05,
    "volume" : 223041.00
  }, {
    "date" : "2025-07-18",
    "price" : 713.00,
    "dma50" : 705.82,
    "dma100" : 686.83,
    "dma200" : 686.32,
    "volume" : 134287.00
  }, {
    "date" : "2025-07-21",
    "price" : 703.85,
    "dma50" : 705.74,
    "dma100" : 687.40,
    "dma200" : 686.49,
    "volume" : 139366.00
  }, {
    "date" : "2025-07-22",
    "price" : 704.85,
    "dma50" : 705.70,
    "dma100" : 687.81,
    "dma200" : 686.67,
    "volume" : 111817.00
  }, {
    "date" : "2025-07-23",
    "price" : 734.95,
    "dma50" : 706.85,
    "dma100" : 688.71,
    "dma200" : 687.15,
    "volume" : 588039.00
  }, {
    "date" : "2025-07-24",
    "price" : 727.35,
    "dma50" : 707.66,
    "dma100" : 689.44,
    "dma200" : 687.55,
    "volume" : 178941.00
  }, {
    "date" : "2025-07-25",
    "price" : 706.05,
    "dma50" : 707.59,
    "dma100" : 690.23,
    "dma200" : 687.74,
    "volume" : 357566.00
  }, {
    "date" : "2025-07-28",
    "price" : 687.80,
    "dma50" : 706.82,
    "dma100" : 690.98,
    "dma200" : 687.74,
    "volume" : 174933.00
  }, {
    "date" : "2025-07-29",
    "price" : 692.60,
    "dma50" : 706.26,
    "dma100" : 691.88,
    "dma200" : 687.79,
    "volume" : 182582.00
  }, {
    "date" : "2025-07-30",
    "price" : 689.95,
    "dma50" : 705.62,
    "dma100" : 692.51,
    "dma200" : 687.81,
    "volume" : 152884.00
  }, {
    "date" : "2025-07-31",
    "price" : 700.75,
    "dma50" : 705.43,
    "dma100" : 693.15,
    "dma200" : 687.94,
    "volume" : 499260.00
  }, {
    "date" : "2025-08-01",
    "price" : 671.35,
    "dma50" : 704.09,
    "dma100" : 693.43,
    "dma200" : 687.77,
    "volume" : 218973.00
  }, {
    "date" : "2025-08-04",
    "price" : 674.20,
    "dma50" : 702.92,
    "dma100" : 693.63,
    "dma200" : 687.64,
    "volume" : 150932.00
  }, {
    "date" : "2025-08-05",
    "price" : 685.50,
    "dma50" : 702.24,
    "dma100" : 694.10,
    "dma200" : 687.62,
    "volume" : 423334.00
  }, {
    "date" : "2025-08-06",
    "price" : 670.35,
    "dma50" : 700.99,
    "dma100" : 694.29,
    "dma200" : 687.44,
    "volume" : 108603.00
  }, {
    "date" : "2025-08-07",
    "price" : 665.20,
    "dma50" : 699.58,
    "dma100" : 694.42,
    "dma200" : 687.22,
    "volume" : 160084.00
  }, {
    "date" : "2025-08-08",
    "price" : 659.55,
    "dma50" : 698.01,
    "dma100" : 694.40,
    "dma200" : 686.95,
    "volume" : 102011.00
  }, {
    "date" : "2025-08-11",
    "price" : 653.95,
    "dma50" : 696.28,
    "dma100" : 694.21,
    "dma200" : 686.62,
    "volume" : 112735.00
  }, {
    "date" : "2025-08-12",
    "price" : 679.95,
    "dma50" : 695.64,
    "dma100" : 694.12,
    "dma200" : 686.55,
    "volume" : 614149.00
  }, {
    "date" : "2025-08-13",
    "price" : 685.15,
    "dma50" : 695.23,
    "dma100" : 693.95,
    "dma200" : 686.54,
    "volume" : 228400.00
  }, {
    "date" : "2025-08-14",
    "price" : 674.45,
    "dma50" : 694.42,
    "dma100" : 693.49,
    "dma200" : 686.42,
    "volume" : 90267.00
  }, {
    "date" : "2025-08-18",
    "price" : 677.10,
    "dma50" : 693.74,
    "dma100" : 693.15,
    "dma200" : 686.33,
    "volume" : 142378.00
  }, {
    "date" : "2025-08-19",
    "price" : 677.15,
    "dma50" : 693.09,
    "dma100" : 692.80,
    "dma200" : 686.23,
    "volume" : 139348.00
  }, {
    "date" : "2025-08-20",
    "price" : 681.50,
    "dma50" : 692.63,
    "dma100" : 692.65,
    "dma200" : 686.19,
    "volume" : 138695.00
  }, {
    "date" : "2025-08-21",
    "price" : 675.05,
    "dma50" : 691.94,
    "dma100" : 692.58,
    "dma200" : 686.08,
    "volume" : 193837.00
  }, {
    "date" : "2025-08-22",
    "price" : 668.00,
    "dma50" : 691.01,
    "dma100" : 692.34,
    "dma200" : 685.90,
    "volume" : 82757.00
  }, {
    "date" : "2025-08-25",
    "price" : 665.30,
    "dma50" : 690.00,
    "dma100" : 692.16,
    "dma200" : 685.69,
    "volume" : 104123.00
  }, {
    "date" : "2025-08-26",
    "price" : 656.90,
    "dma50" : 688.70,
    "dma100" : 691.38,
    "dma200" : 685.40,
    "volume" : 150809.00
  }, {
    "date" : "2025-08-28",
    "price" : 654.85,
    "dma50" : 687.37,
    "dma100" : 690.61,
    "dma200" : 685.10,
    "volume" : 79272.00
  }, {
    "date" : "2025-08-29",
    "price" : 641.45,
    "dma50" : 685.57,
    "dma100" : 689.76,
    "dma200" : 684.67,
    "volume" : 112894.00
  }, {
    "date" : "2025-09-01",
    "price" : 648.65,
    "dma50" : 684.12,
    "dma100" : 689.25,
    "dma200" : 684.31,
    "volume" : 89572.00
  }, {
    "date" : "2025-09-02",
    "price" : 656.10,
    "dma50" : 683.02,
    "dma100" : 689.39,
    "dma200" : 684.03,
    "volume" : 143215.00
  }, {
    "date" : "2025-09-03",
    "price" : 662.85,
    "dma50" : 682.23,
    "dma100" : 689.41,
    "dma200" : 683.82,
    "volume" : 157969.00
  }, {
    "date" : "2025-09-04",
    "price" : 646.80,
    "dma50" : 680.84,
    "dma100" : 689.56,
    "dma200" : 683.45,
    "volume" : 132970.00
  }, {
    "date" : "2025-09-05",
    "price" : 633.65,
    "dma50" : 678.99,
    "dma100" : 689.26,
    "dma200" : 682.95,
    "volume" : 220091.00
  }, {
    "date" : "2025-09-08",
    "price" : 637.10,
    "dma50" : 677.35,
    "dma100" : 688.82,
    "dma200" : 682.50,
    "volume" : 137687.00
  }, {
    "date" : "2025-09-09",
    "price" : 638.65,
    "dma50" : 675.83,
    "dma100" : 688.32,
    "dma200" : 682.06,
    "volume" : 87259.00
  }, {
    "date" : "2025-09-10",
    "price" : 635.40,
    "dma50" : 674.25,
    "dma100" : 687.68,
    "dma200" : 681.60,
    "volume" : 113965.00
  }, {
    "date" : "2025-09-11",
    "price" : 635.35,
    "dma50" : 672.72,
    "dma100" : 686.97,
    "dma200" : 681.14,
    "volume" : 81892.00
  }, {
    "date" : "2025-09-12",
    "price" : 626.85,
    "dma50" : 670.92,
    "dma100" : 686.23,
    "dma200" : 680.60,
    "volume" : 222238.00
  }, {
    "date" : "2025-09-15",
    "price" : 638.35,
    "dma50" : 669.65,
    "dma100" : 685.71,
    "dma200" : 680.18,
    "volume" : 235590.00
  }, {
    "date" : "2025-09-16",
    "price" : 629.35,
    "dma50" : 668.06,
    "dma100" : 685.06,
    "dma200" : 679.67,
    "volume" : 260155.00
  }, {
    "date" : "2025-09-17",
    "price" : 631.25,
    "dma50" : 666.62,
    "dma100" : 684.65,
    "dma200" : 679.19,
    "volume" : 164978.00
  }, {
    "date" : "2025-09-18",
    "price" : 629.90,
    "dma50" : 665.18,
    "dma100" : 684.07,
    "dma200" : 678.70,
    "volume" : 138758.00
  }, {
    "date" : "2025-09-19",
    "price" : 630.90,
    "dma50" : 663.84,
    "dma100" : 683.62,
    "dma200" : 678.22,
    "volume" : 139490.00
  }, {
    "date" : "2025-09-22",
    "price" : 613.95,
    "dma50" : 661.88,
    "dma100" : 683.20,
    "dma200" : 677.58,
    "volume" : 262940.00
  }, {
    "date" : "2025-09-23",
    "price" : 600.50,
    "dma50" : 659.47,
    "dma100" : 682.71,
    "dma200" : 676.82,
    "volume" : 326393.00
  }, {
    "date" : "2025-09-24",
    "price" : 603.70,
    "dma50" : 657.29,
    "dma100" : 682.19,
    "dma200" : 676.09,
    "volume" : 639254.00
  }, {
    "date" : "2025-09-25",
    "price" : 610.65,
    "dma50" : 655.46,
    "dma100" : 681.93,
    "dma200" : 675.44,
    "volume" : 311192.00
  }, {
    "date" : "2025-09-26",
    "price" : 596.80,
    "dma50" : 653.16,
    "dma100" : 681.48,
    "dma200" : 674.65,
    "volume" : 232877.00
  }, {
    "date" : "2025-09-29",
    "price" : 591.95,
    "dma50" : 650.76,
    "dma100" : 681.08,
    "dma200" : 673.83,
    "volume" : 146967.00
  }, {
    "date" : "2025-09-30",
    "price" : 597.95,
    "dma50" : 648.69,
    "dma100" : 680.72,
    "dma200" : 673.08,
    "volume" : 101022.00
  }, {
    "date" : "2025-10-01",
    "price" : 593.20,
    "dma50" : 646.51,
    "dma100" : 679.85,
    "dma200" : 672.28,
    "volume" : 181550.00
  }, {
    "date" : "2025-10-03",
    "price" : 601.55,
    "dma50" : 644.75,
    "dma100" : 679.17,
    "dma200" : 671.58,
    "volume" : 289515.00
  }, {
    "date" : "2025-10-06",
    "price" : 597.75,
    "dma50" : 642.90,
    "dma100" : 678.28,
    "dma200" : 670.84,
    "volume" : 135347.00
  }, {
    "date" : "2025-10-07",
    "price" : 584.95,
    "dma50" : 640.63,
    "dma100" : 677.25,
    "dma200" : 669.99,
    "volume" : 261333.00
  }, {
    "date" : "2025-10-08",
    "price" : 584.45,
    "dma50" : 638.43,
    "dma100" : 676.12,
    "dma200" : 669.14,
    "volume" : 235024.00
  }, {
    "date" : "2025-10-09",
    "price" : 583.35,
    "dma50" : 636.27,
    "dma100" : 674.94,
    "dma200" : 668.28,
    "volume" : 171629.00
  }, {
    "date" : "2025-10-10",
    "price" : 584.10,
    "dma50" : 634.22,
    "dma100" : 673.91,
    "dma200" : 667.45,
    "volume" : 169922.00
  }, {
    "date" : "2025-10-13",
    "price" : 582.30,
    "dma50" : 632.19,
    "dma100" : 672.80,
    "dma200" : 666.60,
    "volume" : 212167.00
  }, {
    "date" : "2025-10-14",
    "price" : 576.95,
    "dma50" : 630.02,
    "dma100" : 671.60,
    "dma200" : 665.71,
    "volume" : 199591.00
  }, {
    "date" : "2025-10-15",
    "price" : 580.15,
    "dma50" : 628.06,
    "dma100" : 670.50,
    "dma200" : 664.86,
    "volume" : 234107.00
  }, {
    "date" : "2025-10-16",
    "price" : 580.05,
    "dma50" : 626.18,
    "dma100" : 669.36,
    "dma200" : 664.01,
    "volume" : 188847.00
  }, {
    "date" : "2025-10-17",
    "price" : 568.20,
    "dma50" : 623.91,
    "dma100" : 667.99,
    "dma200" : 663.06,
    "volume" : 266781.00
  }, {
    "date" : "2025-10-20",
    "price" : 570.60,
    "dma50" : 621.82,
    "dma100" : 666.68,
    "dma200" : 662.14,
    "volume" : 254328.00
  }, {
    "date" : "2025-10-21",
    "price" : 583.95,
    "dma50" : 620.33,
    "dma100" : 665.59,
    "dma200" : 661.36,
    "volume" : 70658.00
  }, {
    "date" : "2025-10-23",
    "price" : 570.80,
    "dma50" : 618.39,
    "dma100" : 664.38,
    "dma200" : 660.46,
    "volume" : 324913.00
  }, {
    "date" : "2025-10-24",
    "price" : 570.70,
    "dma50" : 616.52,
    "dma100" : 663.07,
    "dma200" : 659.57,
    "volume" : 203655.00
  }, {
    "date" : "2025-10-27",
    "price" : 578.50,
    "dma50" : 615.03,
    "dma100" : 662.07,
    "dma200" : 658.76,
    "volume" : 141751.00
  }, {
    "date" : "2025-10-28",
    "price" : 574.20,
    "dma50" : 613.43,
    "dma100" : 661.11,
    "dma200" : 657.92,
    "volume" : 144370.00
  }, {
    "date" : "2025-10-29",
    "price" : 572.80,
    "dma50" : 611.83,
    "dma100" : 660.12,
    "dma200" : 657.07,
    "volume" : 607691.00
  }, {
    "date" : "2025-10-30",
    "price" : 579.25,
    "dma50" : 610.56,
    "dma100" : 659.19,
    "dma200" : 656.30,
    "volume" : 146981.00
  }, {
    "date" : "2025-10-31",
    "price" : 568.00,
    "dma50" : 608.89,
    "dma100" : 658.03,
    "dma200" : 655.42,
    "volume" : 244909.00
  }, {
    "date" : "2025-11-03",
    "price" : 580.70,
    "dma50" : 607.78,
    "dma100" : 656.88,
    "dma200" : 654.67,
    "volume" : 231286.00
  }, {
    "date" : "2025-11-04",
    "price" : 573.00,
    "dma50" : 606.42,
    "dma100" : 655.41,
    "dma200" : 653.86,
    "volume" : 177879.00
  }, {
    "date" : "2025-11-06",
    "price" : 547.65,
    "dma50" : 604.11,
    "dma100" : 653.83,
    "dma200" : 652.81,
    "volume" : 590023.00
  }, {
    "date" : "2025-11-07",
    "price" : 548.55,
    "dma50" : 601.93,
    "dma100" : 652.36,
    "dma200" : 651.77,
    "volume" : 209074.00
  }, {
    "date" : "2025-11-10",
    "price" : 550.45,
    "dma50" : 599.92,
    "dma100" : 650.96,
    "dma200" : 650.76,
    "volume" : 262151.00
  }, {
    "date" : "2025-11-11",
    "price" : 554.05,
    "dma50" : 598.12,
    "dma100" : 649.63,
    "dma200" : 649.80,
    "volume" : 251154.00
  }, {
    "date" : "2025-11-12",
    "price" : 562.30,
    "dma50" : 596.71,
    "dma100" : 648.45,
    "dma200" : 648.93,
    "volume" : 173924.00
  }, {
    "date" : "2025-11-13",
    "price" : 562.75,
    "dma50" : 595.38,
    "dma100" : 647.40,
    "dma200" : 648.07,
    "volume" : 129265.00
  }, {
    "date" : "2025-11-14",
    "price" : 562.95,
    "dma50" : 594.11,
    "dma100" : 646.29,
    "dma200" : 647.22,
    "volume" : 119413.00
  }, {
    "date" : "2025-11-17",
    "price" : 563.40,
    "dma50" : 592.90,
    "dma100" : 645.14,
    "dma200" : 646.39,
    "volume" : 125971.00
  }, {
    "date" : "2025-11-18",
    "price" : 565.20,
    "dma50" : 591.82,
    "dma100" : 643.92,
    "dma200" : 645.58,
    "volume" : 137154.00
  }, {
    "date" : "2025-11-19",
    "price" : 565.45,
    "dma50" : 590.78,
    "dma100" : 642.21,
    "dma200" : 644.78,
    "volume" : 189892.00
  }, {
    "date" : "2025-11-20",
    "price" : 571.00,
    "dma50" : 590.01,
    "dma100" : 640.31,
    "dma200" : 644.05,
    "volume" : 156701.00
  }, {
    "date" : "2025-11-21",
    "price" : 572.05,
    "dma50" : 589.30,
    "dma100" : 638.41,
    "dma200" : 643.33,
    "volume" : 161241.00
  }, {
    "date" : "2025-11-24",
    "price" : 571.05,
    "dma50" : 588.59,
    "dma100" : 636.49,
    "dma200" : 642.61,
    "volume" : 279169.00
  }, {
    "date" : "2025-11-25",
    "price" : 585.00,
    "dma50" : 588.45,
    "dma100" : 634.75,
    "dma200" : 642.04,
    "volume" : 276914.00
  }, {
    "date" : "2025-11-26",
    "price" : 579.45,
    "dma50" : 588.09,
    "dma100" : 633.00,
    "dma200" : 641.42,
    "volume" : 521356.00
  }, {
    "date" : "2025-11-27",
    "price" : 575.10,
    "dma50" : 587.58,
    "dma100" : 631.37,
    "dma200" : 640.76,
    "volume" : 611001.00
  }, {
    "date" : "2025-11-28",
    "price" : 589.10,
    "dma50" : 587.64,
    "dma100" : 629.78,
    "dma200" : 640.24,
    "volume" : 389831.00
  }, {
    "date" : "2025-12-01",
    "price" : 589.35,
    "dma50" : 587.71,
    "dma100" : 628.26,
    "dma200" : 639.74,
    "volume" : 380862.00
  }, {
    "date" : "2025-12-02",
    "price" : 572.90,
    "dma50" : 587.13,
    "dma100" : 626.80,
    "dma200" : 639.07,
    "volume" : 108550.00
  }, {
    "date" : "2025-12-03",
    "price" : 560.00,
    "dma50" : 586.07,
    "dma100" : 625.38,
    "dma200" : 638.29,
    "volume" : 165901.00
  }, {
    "date" : "2025-12-04",
    "price" : 572.45,
    "dma50" : 585.53,
    "dma100" : 624.01,
    "dma200" : 637.63,
    "volume" : 135791.00
  }, {
    "date" : "2025-12-05",
    "price" : 571.80,
    "dma50" : 584.99,
    "dma100" : 622.76,
    "dma200" : 636.97,
    "volume" : 118121.00
  }, {
    "date" : "2025-12-08",
    "price" : 564.80,
    "dma50" : 584.20,
    "dma100" : 621.34,
    "dma200" : 636.26,
    "volume" : 123716.00
  }, {
    "date" : "2025-12-09",
    "price" : 552.05,
    "dma50" : 582.94,
    "dma100" : 619.78,
    "dma200" : 635.42,
    "volume" : 546255.00
  }, {
    "date" : "2025-12-10",
    "price" : 562.50,
    "dma50" : 582.14,
    "dma100" : 618.09,
    "dma200" : 634.69,
    "volume" : 102250.00
  }, {
    "date" : "2025-12-11",
    "price" : 553.00,
    "dma50" : 581.00,
    "dma100" : 616.39,
    "dma200" : 633.88,
    "volume" : 126080.00
  }, {
    "date" : "2025-12-12",
    "price" : 559.65,
    "dma50" : 580.16,
    "dma100" : 614.85,
    "dma200" : 633.14,
    "volume" : 86428.00
  }, {
    "date" : "2025-12-15",
    "price" : 560.85,
    "dma50" : 579.40,
    "dma100" : 613.42,
    "dma200" : 632.42,
    "volume" : 90620.00
  }, {
    "date" : "2025-12-16",
    "price" : 564.85,
    "dma50" : 578.83,
    "dma100" : 612.02,
    "dma200" : 631.75,
    "volume" : 153547.00
  }, {
    "date" : "2025-12-17",
    "price" : 560.40,
    "dma50" : 578.11,
    "dma100" : 610.28,
    "dma200" : 631.04,
    "volume" : 71832.00
  }, {
    "date" : "2025-12-18",
    "price" : 560.95,
    "dma50" : 577.44,
    "dma100" : 608.61,
    "dma200" : 630.34,
    "volume" : 173426.00
  }, {
    "date" : "2025-12-19",
    "price" : 554.85,
    "dma50" : 576.55,
    "dma100" : 607.10,
    "dma200" : 629.59,
    "volume" : 112551.00
  }, {
    "date" : "2025-12-22",
    "price" : 550.10,
    "dma50" : 575.51,
    "dma100" : 605.72,
    "dma200" : 628.80,
    "volume" : 259109.00
  }, {
    "date" : "2025-12-23",
    "price" : 557.70,
    "dma50" : 574.81,
    "dma100" : 604.37,
    "dma200" : 628.09,
    "volume" : 100394.00
  }, {
    "date" : "2025-12-24",
    "price" : 551.35,
    "dma50" : 573.89,
    "dma100" : 602.99,
    "dma200" : 627.33,
    "volume" : 148300.00
  }, {
    "date" : "2025-12-26",
    "price" : 551.20,
    "dma50" : 573.00,
    "dma100" : 601.49,
    "dma200" : 626.57,
    "volume" : 195612.00
  }, {
    "date" : "2025-12-29",
    "price" : 551.10,
    "dma50" : 572.15,
    "dma100" : 600.29,
    "dma200" : 625.82,
    "volume" : 137928.00
  }, {
    "date" : "2025-12-30",
    "price" : 549.75,
    "dma50" : 571.27,
    "dma100" : 599.05,
    "dma200" : 625.06,
    "volume" : 1032019.00
  }, {
    "date" : "2025-12-31",
    "price" : 561.35,
    "dma50" : 570.88,
    "dma100" : 597.80,
    "dma200" : 624.43,
    "volume" : 188279.00
  }, {
    "date" : "2026-01-01",
    "price" : 554.80,
    "dma50" : 570.25,
    "dma100" : 596.65,
    "dma200" : 623.74,
    "volume" : 65164.00
  }, {
    "date" : "2026-01-02",
    "price" : 559.10,
    "dma50" : 569.81,
    "dma100" : 595.59,
    "dma200" : 623.09,
    "volume" : 69724.00
  }, {
    "date" : "2026-01-05",
    "price" : 557.80,
    "dma50" : 569.34,
    "dma100" : 594.57,
    "dma200" : 622.44,
    "volume" : 118349.00
  }, {
    "date" : "2026-01-06",
    "price" : 556.50,
    "dma50" : 568.84,
    "dma100" : 593.60,
    "dma200" : 621.79,
    "volume" : 77868.00
  }, {
    "date" : "2026-01-07",
    "price" : 555.35,
    "dma50" : 568.31,
    "dma100" : 592.35,
    "dma200" : 621.13,
    "volume" : 75755.00
  }, {
    "date" : "2026-01-08",
    "price" : 541.35,
    "dma50" : 567.25,
    "dma100" : 590.91,
    "dma200" : 620.33,
    "volume" : 161709.00
  }, {
    "date" : "2026-01-09",
    "price" : 535.30,
    "dma50" : 566.00,
    "dma100" : 589.52,
    "dma200" : 619.49,
    "volume" : 134439.00
  }, {
    "date" : "2026-01-12",
    "price" : 520.95,
    "dma50" : 564.23,
    "dma100" : 587.96,
    "dma200" : 618.51,
    "volume" : 152191.00
  }, {
    "date" : "2026-01-13",
    "price" : 521.15,
    "dma50" : 562.54,
    "dma100" : 586.40,
    "dma200" : 617.54,
    "volume" : 65211.00
  }, {
    "date" : "2026-01-14",
    "price" : 528.50,
    "dma50" : 561.21,
    "dma100" : 584.87,
    "dma200" : 616.65,
    "volume" : 92947.00
  }, {
    "date" : "2026-01-16",
    "price" : 518.65,
    "dma50" : 559.54,
    "dma100" : 583.31,
    "dma200" : 615.68,
    "volume" : 118773.00
  }, {
    "date" : "2026-01-19",
    "price" : 514.75,
    "dma50" : 557.78,
    "dma100" : 581.77,
    "dma200" : 614.67,
    "volume" : 146212.00
  }, {
    "date" : "2026-01-20",
    "price" : 513.00,
    "dma50" : 556.02,
    "dma100" : 580.25,
    "dma200" : 613.66,
    "volume" : 158875.00
  }, {
    "date" : "2026-01-21",
    "price" : 515.55,
    "dma50" : 554.44,
    "dma100" : 578.84,
    "dma200" : 612.68,
    "volume" : 148412.00
  }, {
    "date" : "2026-01-22",
    "price" : 517.55,
    "dma50" : 552.99,
    "dma100" : 577.46,
    "dma200" : 611.74,
    "volume" : 67393.00
  }, {
    "date" : "2026-01-23",
    "price" : 508.55,
    "dma50" : 551.25,
    "dma100" : 576.13,
    "dma200" : 610.71,
    "volume" : 103535.00
  }, {
    "date" : "2026-01-27",
    "price" : 506.45,
    "dma50" : 549.49,
    "dma100" : 574.71,
    "dma200" : 609.67,
    "volume" : 132320.00
  }, {
    "date" : "2026-01-28",
    "price" : 514.60,
    "dma50" : 548.12,
    "dma100" : 573.30,
    "dma200" : 608.73,
    "volume" : 114363.00
  }, {
    "date" : "2026-01-29",
    "price" : 517.25,
    "dma50" : 546.91,
    "dma100" : 571.84,
    "dma200" : 607.82,
    "volume" : 229619.00
  }, {
    "date" : "2026-01-30",
    "price" : 520.10,
    "dma50" : 545.86,
    "dma100" : 570.57,
    "dma200" : 606.95,
    "volume" : 193761.00
  }, {
    "date" : "2026-02-01",
    "price" : 507.25,
    "dma50" : 544.35,
    "dma100" : 569.31,
    "dma200" : 605.95,
    "volume" : 54654.00
  }, {
    "date" : "2026-02-02",
    "price" : 515.90,
    "dma50" : 543.23,
    "dma100" : 568.10,
    "dma200" : 605.06,
    "volume" : 143988.00
  }, {
    "date" : "2026-02-03",
    "price" : 525.15,
    "dma50" : 542.52,
    "dma100" : 566.96,
    "dma200" : 604.26,
    "volume" : 118062.00
  }, {
    "date" : "2026-02-04",
    "price" : 536.65,
    "dma50" : 542.29,
    "dma100" : 565.98,
    "dma200" : 603.59,
    "volume" : 173287.00
  }, {
    "date" : "2026-02-05",
    "price" : 527.40,
    "dma50" : 541.71,
    "dma100" : 564.90,
    "dma200" : 602.83,
    "volume" : 72187.00
  }, {
    "date" : "2026-02-06",
    "price" : 526.70,
    "dma50" : 541.12,
    "dma100" : 563.89,
    "dma200" : 602.07,
    "volume" : 75577.00
  }, {
    "date" : "2026-02-09",
    "price" : 541.70,
    "dma50" : 541.14,
    "dma100" : 562.93,
    "dma200" : 601.47,
    "volume" : 124355.00
  }, {
    "date" : "2026-02-10",
    "price" : 547.15,
    "dma50" : 541.38,
    "dma100" : 562.11,
    "dma200" : 600.93,
    "volume" : 106873.00
  }, {
    "date" : "2026-02-11",
    "price" : 546.70,
    "dma50" : 541.59,
    "dma100" : 561.26,
    "dma200" : 600.39,
    "volume" : 79158.00
  }, {
    "date" : "2026-02-12",
    "price" : 547.10,
    "dma50" : 541.80,
    "dma100" : 560.43,
    "dma200" : 599.86,
    "volume" : 75320.00
  }, {
    "date" : "2026-02-13",
    "price" : 536.20,
    "dma50" : 541.58,
    "dma100" : 559.49,
    "dma200" : 599.23,
    "volume" : 67472.00
  } ],
  "latestTechnicalAttributes" : {
    "date" : "2026-02-13",
    "price" : 536.20,
    "dma50" : 541.58,
    "dma100" : 559.49,
    "dma200" : 599.23,
    "volume" : 67472.00
  },
  "quarterlyResults" : [ {
    "date" : "2005-03-31",
    "sales" : 224.84,
    "salesGrowthYoY" : null,
    "grossProfitMargin" : 31.55,
    "grossProfit" : 70.94,
    "operatingProfitMargin" : 18.01,
    "operatingProfit" : 40.49,
    "netProfitMargin" : 13.90,
    "netProfit" : 31.25
  }, {
    "date" : "2005-06-30",
    "sales" : 202.50,
    "salesGrowthYoY" : null,
    "grossProfitMargin" : 31.88,
    "grossProfit" : 64.56,
    "operatingProfitMargin" : 20.12,
    "operatingProfit" : 40.74,
    "netProfitMargin" : 12.22,
    "netProfit" : 24.75
  }, {
    "date" : "2005-09-30",
    "sales" : 207.00,
    "salesGrowthYoY" : null,
    "grossProfitMargin" : 37.24,
    "grossProfit" : 77.09,
    "operatingProfitMargin" : 20.75,
    "operatingProfit" : 42.95,
    "netProfitMargin" : 13.71,
    "netProfit" : 28.38
  }, {
    "date" : "2005-12-31",
    "sales" : 270.77,
    "salesGrowthYoY" : null,
    "grossProfitMargin" : 38.72,
    "grossProfit" : 104.84,
    "operatingProfitMargin" : 23.32,
    "operatingProfit" : 63.14,
    "netProfitMargin" : 15.41,
    "netProfit" : 41.73
  }, {
    "date" : "2006-03-31",
    "sales" : 292.07,
    "salesGrowthYoY" : 29.90,
    "grossProfitMargin" : 40.54,
    "grossProfit" : 118.41,
    "operatingProfitMargin" : 21.40,
    "operatingProfit" : 62.50,
    "netProfitMargin" : 14.39,
    "netProfit" : 42.03
  }, {
    "date" : "2006-06-30",
    "sales" : 338.79,
    "salesGrowthYoY" : 67.30,
    "grossProfitMargin" : 40.01,
    "grossProfit" : 135.55,
    "operatingProfitMargin" : 26.56,
    "operatingProfit" : 89.98,
    "netProfitMargin" : 17.72,
    "netProfit" : 60.03
  }, {
    "date" : "2006-09-30",
    "sales" : 346.48,
    "salesGrowthYoY" : 67.38,
    "grossProfitMargin" : 41.48,
    "grossProfit" : 143.72,
    "operatingProfitMargin" : 26.58,
    "operatingProfit" : 92.09,
    "netProfitMargin" : 17.95,
    "netProfit" : 62.19
  }, {
    "date" : "2006-12-31",
    "sales" : 342.63,
    "salesGrowthYoY" : 26.54,
    "grossProfitMargin" : 42.27,
    "grossProfit" : 144.83,
    "operatingProfitMargin" : 25.17,
    "operatingProfit" : 86.24,
    "netProfitMargin" : 17.52,
    "netProfit" : 60.03
  }, {
    "date" : "2007-03-31",
    "sales" : 366.83,
    "salesGrowthYoY" : 25.60,
    "grossProfitMargin" : 36.13,
    "grossProfit" : 132.54,
    "operatingProfitMargin" : 20.12,
    "operatingProfit" : 73.81,
    "netProfitMargin" : 14.47,
    "netProfit" : 53.08
  }, {
    "date" : "2007-06-30",
    "sales" : 351.93,
    "salesGrowthYoY" : 3.88,
    "grossProfitMargin" : 39.05,
    "grossProfit" : 137.43,
    "operatingProfitMargin" : 23.30,
    "operatingProfit" : 82.00,
    "netProfitMargin" : 16.51,
    "netProfit" : 58.10
  }, {
    "date" : "2007-09-30",
    "sales" : 385.62,
    "salesGrowthYoY" : 11.30,
    "grossProfitMargin" : 38.47,
    "grossProfit" : 148.35,
    "operatingProfitMargin" : 21.62,
    "operatingProfit" : 83.37,
    "netProfitMargin" : 15.08,
    "netProfit" : 58.15
  }, {
    "date" : "2007-12-31",
    "sales" : 376.98,
    "salesGrowthYoY" : 10.03,
    "grossProfitMargin" : 33.33,
    "grossProfit" : 125.65,
    "operatingProfitMargin" : 18.19,
    "operatingProfit" : 68.57,
    "netProfitMargin" : 13.57,
    "netProfit" : 51.16
  }, {
    "date" : "2008-03-31",
    "sales" : 395.04,
    "salesGrowthYoY" : 7.69,
    "grossProfitMargin" : 37.94,
    "grossProfit" : 149.88,
    "operatingProfitMargin" : 21.72,
    "operatingProfit" : 85.80,
    "netProfitMargin" : 13.68,
    "netProfit" : 54.04
  }, {
    "date" : "2008-06-30",
    "sales" : 351.71,
    "salesGrowthYoY" : -0.06,
    "grossProfitMargin" : 41.56,
    "grossProfit" : 146.17,
    "operatingProfitMargin" : 23.59,
    "operatingProfit" : 82.97,
    "netProfitMargin" : 17.14,
    "netProfit" : 60.28
  }, {
    "date" : "2008-09-30",
    "sales" : 602.17,
    "salesGrowthYoY" : 56.16,
    "grossProfitMargin" : 31.81,
    "grossProfit" : 191.55,
    "operatingProfitMargin" : 14.71,
    "operatingProfit" : 88.58,
    "netProfitMargin" : 10.61,
    "netProfit" : 63.89
  }, {
    "date" : "2008-12-31",
    "sales" : 588.13,
    "salesGrowthYoY" : 56.01,
    "grossProfitMargin" : 29.67,
    "grossProfit" : 174.50,
    "operatingProfitMargin" : 14.81,
    "operatingProfit" : 87.10,
    "netProfitMargin" : 10.90,
    "netProfit" : 64.11
  }, {
    "date" : "2009-03-31",
    "sales" : 549.56,
    "salesGrowthYoY" : 39.12,
    "grossProfitMargin" : 40.79,
    "grossProfit" : 224.17,
    "operatingProfitMargin" : 18.56,
    "operatingProfit" : 102.00,
    "netProfitMargin" : 11.76,
    "netProfit" : 64.63
  }, {
    "date" : "2009-06-30",
    "sales" : 423.06,
    "salesGrowthYoY" : 20.29,
    "grossProfitMargin" : 39.45,
    "grossProfit" : 166.90,
    "operatingProfitMargin" : 23.48,
    "operatingProfit" : 99.33,
    "netProfitMargin" : 15.42,
    "netProfit" : 65.24
  }, {
    "date" : "2009-09-30",
    "sales" : 410.38,
    "salesGrowthYoY" : -31.85,
    "grossProfitMargin" : 41.61,
    "grossProfit" : 170.76,
    "operatingProfitMargin" : 26.16,
    "operatingProfit" : 107.36,
    "netProfitMargin" : 17.34,
    "netProfit" : 71.16
  }, {
    "date" : "2009-12-31",
    "sales" : 372.61,
    "salesGrowthYoY" : -36.64,
    "grossProfitMargin" : 38.29,
    "grossProfit" : 142.67,
    "operatingProfitMargin" : 27.75,
    "operatingProfit" : 103.40,
    "netProfitMargin" : 19.37,
    "netProfit" : 72.17
  }, {
    "date" : "2010-03-31",
    "sales" : 406.65,
    "salesGrowthYoY" : -26.00,
    "grossProfitMargin" : 43.84,
    "grossProfit" : 178.28,
    "operatingProfitMargin" : 27.12,
    "operatingProfit" : 110.28,
    "netProfitMargin" : 18.46,
    "netProfit" : 75.07
  }, {
    "date" : "2010-06-30",
    "sales" : 403.13,
    "salesGrowthYoY" : -4.71,
    "grossProfitMargin" : 40.99,
    "grossProfit" : 165.24,
    "operatingProfitMargin" : 24.24,
    "operatingProfit" : 97.72,
    "netProfitMargin" : 24.92,
    "netProfit" : 100.46
  }, {
    "date" : "2010-09-30",
    "sales" : 423.21,
    "salesGrowthYoY" : 3.13,
    "grossProfitMargin" : 37.92,
    "grossProfit" : 160.48,
    "operatingProfitMargin" : 24.48,
    "operatingProfit" : 103.60,
    "netProfitMargin" : 18.92,
    "netProfit" : 80.07
  }, {
    "date" : "2010-12-31",
    "sales" : 406.49,
    "salesGrowthYoY" : 9.09,
    "grossProfitMargin" : 42.78,
    "grossProfit" : 173.90,
    "operatingProfitMargin" : 25.69,
    "operatingProfit" : 104.43,
    "netProfitMargin" : 18.62,
    "netProfit" : 75.69
  }, {
    "date" : "2011-03-31",
    "sales" : 550.50,
    "salesGrowthYoY" : 35.37,
    "grossProfitMargin" : 41.49,
    "grossProfit" : 228.40,
    "operatingProfitMargin" : 25.76,
    "operatingProfit" : 141.81,
    "netProfitMargin" : 16.46,
    "netProfit" : 90.61
  }, {
    "date" : "2011-06-30",
    "sales" : 482.41,
    "salesGrowthYoY" : 19.67,
    "grossProfitMargin" : 37.52,
    "grossProfit" : 181.00,
    "operatingProfitMargin" : 21.15,
    "operatingProfit" : 102.03,
    "netProfitMargin" : 14.85,
    "netProfit" : 71.64
  }, {
    "date" : "2011-09-30",
    "sales" : 583.30,
    "salesGrowthYoY" : 37.83,
    "grossProfitMargin" : 34.56,
    "grossProfit" : 201.59,
    "operatingProfitMargin" : 19.39,
    "operatingProfit" : 113.10,
    "netProfitMargin" : 13.92,
    "netProfit" : 81.20
  }, {
    "date" : "2011-12-31",
    "sales" : 617.77,
    "salesGrowthYoY" : 51.98,
    "grossProfitMargin" : 31.89,
    "grossProfit" : 197.01,
    "operatingProfitMargin" : 16.62,
    "operatingProfit" : 102.67,
    "netProfitMargin" : 13.11,
    "netProfit" : 80.99
  }, {
    "date" : "2012-03-31",
    "sales" : 618.18,
    "salesGrowthYoY" : 12.29,
    "grossProfitMargin" : 34.09,
    "grossProfit" : 210.74,
    "operatingProfitMargin" : 14.05,
    "operatingProfit" : 86.85,
    "netProfitMargin" : 13.52,
    "netProfit" : 83.58
  }, {
    "date" : "2012-06-30",
    "sales" : 520.97,
    "salesGrowthYoY" : 7.99,
    "grossProfitMargin" : 34.02,
    "grossProfit" : 177.23,
    "operatingProfitMargin" : 15.52,
    "operatingProfit" : 80.85,
    "netProfitMargin" : 12.55,
    "netProfit" : 65.38
  }, {
    "date" : "2012-09-30",
    "sales" : 480.72,
    "salesGrowthYoY" : -17.59,
    "grossProfitMargin" : 30.11,
    "grossProfit" : 144.74,
    "operatingProfitMargin" : 11.46,
    "operatingProfit" : 55.09,
    "netProfitMargin" : 9.01,
    "netProfit" : 43.31
  }, {
    "date" : "2012-12-31",
    "sales" : 391.62,
    "salesGrowthYoY" : -36.61,
    "grossProfitMargin" : 30.08,
    "grossProfit" : 117.80,
    "operatingProfitMargin" : 8.62,
    "operatingProfit" : 33.76,
    "netProfitMargin" : 7.25,
    "netProfit" : 28.39
  }, {
    "date" : "2013-03-31",
    "sales" : 328.70,
    "salesGrowthYoY" : -46.83,
    "grossProfitMargin" : 23.31,
    "grossProfit" : 76.62,
    "operatingProfitMargin" : 0.37,
    "operatingProfit" : 1.22,
    "netProfitMargin" : 4.94,
    "netProfit" : 16.24
  }, {
    "date" : "2013-06-30",
    "sales" : 327.35,
    "salesGrowthYoY" : -37.17,
    "grossProfitMargin" : 31.70,
    "grossProfit" : 103.77,
    "operatingProfitMargin" : 10.04,
    "operatingProfit" : 32.87,
    "netProfitMargin" : 8.43,
    "netProfit" : 27.60
  }, {
    "date" : "2013-09-30",
    "sales" : 284.39,
    "salesGrowthYoY" : -40.84,
    "grossProfitMargin" : 29.61,
    "grossProfit" : 84.21,
    "operatingProfitMargin" : 9.13,
    "operatingProfit" : 25.96,
    "netProfitMargin" : 7.09,
    "netProfit" : 20.16
  }, {
    "date" : "2013-12-31",
    "sales" : 266.78,
    "salesGrowthYoY" : -31.88,
    "grossProfitMargin" : 28.69,
    "grossProfit" : 76.54,
    "operatingProfitMargin" : 5.31,
    "operatingProfit" : 14.17,
    "netProfitMargin" : 7.87,
    "netProfit" : 21.00
  }, {
    "date" : "2014-03-31",
    "sales" : 326.65,
    "salesGrowthYoY" : -0.62,
    "grossProfitMargin" : 26.20,
    "grossProfit" : 85.58,
    "operatingProfitMargin" : 4.55,
    "operatingProfit" : 14.86,
    "netProfitMargin" : 8.69,
    "netProfit" : 28.39
  }, {
    "date" : "2014-06-30",
    "sales" : 269.00,
    "salesGrowthYoY" : -17.82,
    "grossProfitMargin" : 30.55,
    "grossProfit" : 82.18,
    "operatingProfitMargin" : 5.53,
    "operatingProfit" : 14.88,
    "netProfitMargin" : 8.36,
    "netProfit" : 22.49
  }, {
    "date" : "2014-09-30",
    "sales" : 363.94,
    "salesGrowthYoY" : 27.97,
    "grossProfitMargin" : 30.22,
    "grossProfit" : 109.98,
    "operatingProfitMargin" : 7.38,
    "operatingProfit" : 26.86,
    "netProfitMargin" : 9.59,
    "netProfit" : 34.90
  }, {
    "date" : "2014-12-31",
    "sales" : 349.62,
    "salesGrowthYoY" : 31.05,
    "grossProfitMargin" : 32.81,
    "grossProfit" : 114.71,
    "operatingProfitMargin" : 10.19,
    "operatingProfit" : 35.63,
    "netProfitMargin" : 10.02,
    "netProfit" : 35.03
  }, {
    "date" : "2015-03-31",
    "sales" : 364.74,
    "salesGrowthYoY" : 11.66,
    "grossProfitMargin" : 25.53,
    "grossProfit" : 93.12,
    "operatingProfitMargin" : 6.70,
    "operatingProfit" : 24.44,
    "netProfitMargin" : 8.26,
    "netProfit" : 30.13
  }, {
    "date" : "2015-06-30",
    "sales" : 237.94,
    "salesGrowthYoY" : -11.55,
    "grossProfitMargin" : 17.17,
    "grossProfit" : 40.85,
    "operatingProfitMargin" : -6.11,
    "operatingProfit" : -14.54,
    "netProfitMargin" : -6.27,
    "netProfit" : -14.92
  }, {
    "date" : "2015-09-30",
    "sales" : 262.09,
    "salesGrowthYoY" : -27.99,
    "grossProfitMargin" : 25.76,
    "grossProfit" : 67.51,
    "operatingProfitMargin" : 0.33,
    "operatingProfit" : 0.86,
    "netProfitMargin" : 1.46,
    "netProfit" : 3.83
  }, {
    "date" : "2015-12-31",
    "sales" : 189.05,
    "salesGrowthYoY" : -45.93,
    "grossProfitMargin" : 27.41,
    "grossProfit" : 51.82,
    "operatingProfitMargin" : 0.81,
    "operatingProfit" : 1.53,
    "netProfitMargin" : 2.69,
    "netProfit" : 5.09
  }, {
    "date" : "2016-03-31",
    "sales" : 325.47,
    "salesGrowthYoY" : -10.77,
    "grossProfitMargin" : 35.28,
    "grossProfit" : 114.83,
    "operatingProfitMargin" : 14.67,
    "operatingProfit" : 47.75,
    "netProfitMargin" : 11.52,
    "netProfit" : 37.49
  }, {
    "date" : "2016-06-30",
    "sales" : 288.41,
    "salesGrowthYoY" : 21.21,
    "grossProfitMargin" : 31.28,
    "grossProfit" : 90.21,
    "operatingProfitMargin" : 10.13,
    "operatingProfit" : 29.22,
    "netProfitMargin" : 8.29,
    "netProfit" : 23.91
  }, {
    "date" : "2016-09-30",
    "sales" : 304.87,
    "salesGrowthYoY" : 16.32,
    "grossProfitMargin" : 38.15,
    "grossProfit" : 116.31,
    "operatingProfitMargin" : 19.49,
    "operatingProfit" : 59.42,
    "netProfitMargin" : 12.73,
    "netProfit" : 38.81
  }, {
    "date" : "2016-12-31",
    "sales" : 382.30,
    "salesGrowthYoY" : 102.22,
    "grossProfitMargin" : 36.19,
    "grossProfit" : 138.35,
    "operatingProfitMargin" : 15.57,
    "operatingProfit" : 59.52,
    "netProfitMargin" : 11.42,
    "netProfit" : 43.66
  }, {
    "date" : "2017-03-31",
    "sales" : 452.65,
    "salesGrowthYoY" : 39.08,
    "grossProfitMargin" : 35.90,
    "grossProfit" : 162.50,
    "operatingProfitMargin" : 15.95,
    "operatingProfit" : 72.20,
    "netProfitMargin" : 8.65,
    "netProfit" : 39.15
  }, {
    "date" : "2017-06-30",
    "sales" : 450.29,
    "salesGrowthYoY" : 56.13,
    "grossProfitMargin" : 34.93,
    "grossProfit" : 157.29,
    "operatingProfitMargin" : 13.50,
    "operatingProfit" : 60.79,
    "netProfitMargin" : 8.27,
    "netProfit" : 37.24
  }, {
    "date" : "2017-09-30",
    "sales" : 483.97,
    "salesGrowthYoY" : 58.75,
    "grossProfitMargin" : 31.89,
    "grossProfit" : 154.34,
    "operatingProfitMargin" : 12.41,
    "operatingProfit" : 60.06,
    "netProfitMargin" : 7.02,
    "netProfit" : 33.97
  }, {
    "date" : "2017-12-31",
    "sales" : 563.66,
    "salesGrowthYoY" : 47.44,
    "grossProfitMargin" : 29.05,
    "grossProfit" : 163.74,
    "operatingProfitMargin" : 10.83,
    "operatingProfit" : 61.04,
    "netProfitMargin" : 6.88,
    "netProfit" : 38.78
  }, {
    "date" : "2018-03-31",
    "sales" : 631.34,
    "salesGrowthYoY" : 39.48,
    "grossProfitMargin" : 40.43,
    "grossProfit" : 255.25,
    "operatingProfitMargin" : 19.70,
    "operatingProfit" : 124.37,
    "netProfitMargin" : 14.01,
    "netProfit" : 88.45
  }, {
    "date" : "2018-06-30",
    "sales" : 603.60,
    "salesGrowthYoY" : 34.05,
    "grossProfitMargin" : 41.94,
    "grossProfit" : 253.15,
    "operatingProfitMargin" : 23.80,
    "operatingProfit" : 143.66,
    "netProfitMargin" : 16.63,
    "netProfit" : 100.38
  }, {
    "date" : "2018-09-30",
    "sales" : 696.58,
    "salesGrowthYoY" : 43.93,
    "grossProfitMargin" : 32.82,
    "grossProfit" : 228.62,
    "operatingProfitMargin" : 18.37,
    "operatingProfit" : 127.96,
    "netProfitMargin" : 12.70,
    "netProfit" : 88.47
  }, {
    "date" : "2018-12-31",
    "sales" : 781.24,
    "salesGrowthYoY" : 38.60,
    "grossProfitMargin" : 36.25,
    "grossProfit" : 283.20,
    "operatingProfitMargin" : 20.12,
    "operatingProfit" : 157.19,
    "netProfitMargin" : 11.87,
    "netProfit" : 92.73
  }, {
    "date" : "2019-03-31",
    "sales" : 959.28,
    "salesGrowthYoY" : 51.94,
    "grossProfitMargin" : 41.54,
    "grossProfit" : 398.48,
    "operatingProfitMargin" : 24.53,
    "operatingProfit" : 235.31,
    "netProfitMargin" : -7.36,
    "netProfit" : -70.60
  }, {
    "date" : "2019-06-30",
    "sales" : 690.31,
    "salesGrowthYoY" : 14.37,
    "grossProfitMargin" : 39.01,
    "grossProfit" : 269.29,
    "operatingProfitMargin" : 22.30,
    "operatingProfit" : 153.94,
    "netProfitMargin" : 13.24,
    "netProfit" : 91.40
  }, {
    "date" : "2019-09-30",
    "sales" : 788.10,
    "salesGrowthYoY" : 13.14,
    "grossProfitMargin" : 38.43,
    "grossProfit" : 302.87,
    "operatingProfitMargin" : 21.05,
    "operatingProfit" : 165.90,
    "netProfitMargin" : 24.91,
    "netProfit" : 196.32
  }, {
    "date" : "2019-12-31",
    "sales" : 560.42,
    "salesGrowthYoY" : -28.27,
    "grossProfitMargin" : 37.68,
    "grossProfit" : 211.17,
    "operatingProfitMargin" : 20.77,
    "operatingProfit" : 116.40,
    "netProfitMargin" : 13.57,
    "netProfit" : 76.05
  }, {
    "date" : "2020-03-31",
    "sales" : 578.01,
    "salesGrowthYoY" : -39.75,
    "grossProfitMargin" : 41.11,
    "grossProfit" : 237.62,
    "operatingProfitMargin" : 19.94,
    "operatingProfit" : 115.26,
    "netProfitMargin" : 4.71,
    "netProfit" : 27.22
  }, {
    "date" : "2020-06-30",
    "sales" : 456.73,
    "salesGrowthYoY" : -33.84,
    "grossProfitMargin" : 40.15,
    "grossProfit" : 183.38,
    "operatingProfitMargin" : 22.30,
    "operatingProfit" : 101.85,
    "netProfitMargin" : 14.46,
    "netProfit" : 66.04
  }, {
    "date" : "2020-09-30",
    "sales" : 578.32,
    "salesGrowthYoY" : -26.62,
    "grossProfitMargin" : 39.54,
    "grossProfit" : 228.67,
    "operatingProfitMargin" : 22.56,
    "operatingProfit" : 130.47,
    "netProfitMargin" : 15.61,
    "netProfit" : 90.28
  }, {
    "date" : "2020-12-31",
    "sales" : 544.44,
    "salesGrowthYoY" : -2.85,
    "grossProfitMargin" : 34.92,
    "grossProfit" : 190.12,
    "operatingProfitMargin" : 16.01,
    "operatingProfit" : 87.16,
    "netProfitMargin" : 12.62,
    "netProfit" : 68.71
  }, {
    "date" : "2021-03-31",
    "sales" : 645.59,
    "salesGrowthYoY" : 11.69,
    "grossProfitMargin" : 40.68,
    "grossProfit" : 262.63,
    "operatingProfitMargin" : 19.66,
    "operatingProfit" : 126.92,
    "netProfitMargin" : 14.46,
    "netProfit" : 93.35
  }, {
    "date" : "2021-06-30",
    "sales" : 606.01,
    "salesGrowthYoY" : 32.68,
    "grossProfitMargin" : 35.71,
    "grossProfit" : 216.41,
    "operatingProfitMargin" : 19.42,
    "operatingProfit" : 117.69,
    "netProfitMargin" : 16.98,
    "netProfit" : 102.90
  }, {
    "date" : "2021-09-30",
    "sales" : 811.39,
    "salesGrowthYoY" : 40.30,
    "grossProfitMargin" : 33.89,
    "grossProfit" : 274.98,
    "operatingProfitMargin" : 15.28,
    "operatingProfit" : 123.98,
    "netProfitMargin" : 11.43,
    "netProfit" : 92.74
  }, {
    "date" : "2021-12-31",
    "sales" : 946.79,
    "salesGrowthYoY" : 73.90,
    "grossProfitMargin" : 32.05,
    "grossProfit" : 303.45,
    "operatingProfitMargin" : 14.63,
    "operatingProfit" : 138.52,
    "netProfitMargin" : 9.65,
    "netProfit" : 91.37
  }, {
    "date" : "2022-03-31",
    "sales" : 1418.99,
    "salesGrowthYoY" : 119.80,
    "grossProfitMargin" : 28.93,
    "grossProfit" : 410.51,
    "operatingProfitMargin" : 13.74,
    "operatingProfit" : 194.97,
    "netProfitMargin" : 8.06,
    "netProfit" : 114.37
  }, {
    "date" : "2022-06-30",
    "sales" : 1333.63,
    "salesGrowthYoY" : 120.07,
    "grossProfitMargin" : 34.33,
    "grossProfit" : 457.84,
    "operatingProfitMargin" : 17.31,
    "operatingProfit" : 230.85,
    "netProfitMargin" : 10.98,
    "netProfit" : 146.43
  }, {
    "date" : "2022-09-30",
    "sales" : 1148.08,
    "salesGrowthYoY" : 41.50,
    "grossProfitMargin" : 33.18,
    "grossProfit" : 380.93,
    "operatingProfitMargin" : 15.78,
    "operatingProfit" : 181.17,
    "netProfitMargin" : 10.72,
    "netProfit" : 123.07
  }, {
    "date" : "2022-12-31",
    "sales" : 1337.31,
    "salesGrowthYoY" : 41.25,
    "grossProfitMargin" : 34.02,
    "grossProfit" : 454.95,
    "operatingProfitMargin" : 18.35,
    "operatingProfit" : 245.40,
    "netProfitMargin" : 12.54,
    "netProfit" : 167.70
  }, {
    "date" : "2023-03-31",
    "sales" : 1623.13,
    "salesGrowthYoY" : 14.39,
    "grossProfitMargin" : 35.98,
    "grossProfit" : 584.00,
    "operatingProfitMargin" : 19.22,
    "operatingProfit" : 311.97,
    "netProfitMargin" : 19.10,
    "netProfit" : 310.02
  }, {
    "date" : "2023-06-30",
    "sales" : 1222.60,
    "salesGrowthYoY" : -8.33,
    "grossProfitMargin" : 37.22,
    "grossProfit" : 455.05,
    "operatingProfitMargin" : 19.95,
    "operatingProfit" : 243.91,
    "netProfitMargin" : 17.65,
    "netProfit" : 215.79
  }, {
    "date" : "2023-09-30",
    "sales" : 1535.35,
    "salesGrowthYoY" : 33.73,
    "grossProfitMargin" : 39.00,
    "grossProfit" : 598.79,
    "operatingProfitMargin" : 21.69,
    "operatingProfit" : 333.02,
    "netProfitMargin" : 16.65,
    "netProfit" : 255.64
  }, {
    "date" : "2023-12-31",
    "sales" : 1430.36,
    "salesGrowthYoY" : 6.96,
    "grossProfitMargin" : 40.25,
    "grossProfit" : 575.72,
    "operatingProfitMargin" : 25.84,
    "operatingProfit" : 369.61,
    "netProfitMargin" : 19.60,
    "netProfit" : 280.35
  }, {
    "date" : "2024-03-31",
    "sales" : 1214.81,
    "salesGrowthYoY" : -25.16,
    "grossProfitMargin" : 40.15,
    "grossProfit" : 487.75,
    "operatingProfitMargin" : 22.73,
    "operatingProfit" : 276.13,
    "netProfitMargin" : 18.38,
    "netProfit" : 223.28
  }, {
    "date" : "2024-06-30",
    "sales" : 1150.85,
    "salesGrowthYoY" : -5.87,
    "grossProfitMargin" : 30.98,
    "grossProfit" : 356.53,
    "operatingProfitMargin" : 10.94,
    "operatingProfit" : 125.90,
    "netProfitMargin" : 11.81,
    "netProfit" : 135.92
  }, {
    "date" : "2024-09-30",
    "sales" : 1291.25,
    "salesGrowthYoY" : -15.90,
    "grossProfitMargin" : 38.48,
    "grossProfit" : 496.87,
    "operatingProfitMargin" : 17.89,
    "operatingProfit" : 231.00,
    "netProfitMargin" : 17.36,
    "netProfit" : 224.16
  }, {
    "date" : "2024-12-31",
    "sales" : 1407.97,
    "salesGrowthYoY" : -1.57,
    "grossProfitMargin" : 38.14,
    "grossProfit" : 537.00,
    "operatingProfitMargin" : 19.89,
    "operatingProfit" : 280.05,
    "netProfitMargin" : 13.51,
    "netProfit" : 190.22
  }, {
    "date" : "2025-03-31",
    "sales" : 1415.83,
    "salesGrowthYoY" : 16.55,
    "grossProfitMargin" : 39.51,
    "grossProfit" : 559.39,
    "operatingProfitMargin" : 20.13,
    "operatingProfit" : 285.01,
    "netProfitMargin" : 17.13,
    "netProfit" : 242.53
  }, {
    "date" : "2025-06-30",
    "sales" : 1142.86,
    "salesGrowthYoY" : -0.69,
    "grossProfitMargin" : 37.37,
    "grossProfit" : 427.09,
    "operatingProfitMargin" : 14.77,
    "operatingProfit" : 168.80,
    "netProfitMargin" : 20.46,
    "netProfit" : 233.83
  }, {
    "date" : "2025-09-30",
    "sales" : 1158.50,
    "salesGrowthYoY" : -10.28,
    "grossProfitMargin" : 32.38,
    "grossProfit" : 375.12,
    "operatingProfitMargin" : 10.64,
    "operatingProfit" : 123.26,
    "netProfitMargin" : 11.19,
    "netProfit" : 129.64
  }, {
    "date" : "2025-12-31",
    "sales" : 1090.14,
    "salesGrowthYoY" : -22.57,
    "grossProfitMargin" : 35.67,
    "grossProfit" : 388.85,
    "operatingProfitMargin" : 14.08,
    "operatingProfit" : 153.49,
    "netProfitMargin" : 22.67,
    "netProfit" : 247.13
  } ],
  "latestQuarterlyResult" : {
    "date" : "2025-12-31",
    "sales" : 1090.14,
    "salesGrowthYoY" : -22.57,
    "grossProfitMargin" : 35.67,
    "grossProfit" : 388.85,
    "operatingProfitMargin" : 14.08,
    "operatingProfit" : 153.49,
    "netProfitMargin" : 22.67,
    "netProfit" : 247.13
  },
  "companyScore" : {
    "priceHigherThanDma50" : 0.00,
    "priceHigherThanDma100" : 0.00,
    "priceHigherThanDma200" : 0.00,
    "dma50HigherThanDma100" : 0.00,
    "dma50HigherThanDma200" : 0.00,
    "dma100HigherThanDma200" : 0.00,
    "pricePercentageAboveDma50" : 5.05,
    "pricePercentageAboveDma100" : 5.21,
    "pricePercentageAboveDma200" : 5.53,
    "weeklyVolumeHigherThanYearlyVolume" : 0.00,
    "salesGrowthPercentile" : 4.00,
    "operatingProfitMarginPercentile" : 11.93,
    "netProfitMarginPercentile" : 9.76,
    "totalTechnicalScore" : 15.78,
    "totalFundamentalScore" : 25.69,
    "totalScore" : 41.47
  }
}