{
  "metadata" : {
    "screenerCompanyId" : "1991",
    "companyCode" : "MANGLMCEM",
    "companyName" : "Mangalam Cement",
    "screenerCompanyLink" : "https://www.screener.in/company/MANGLMCEM",
    "screenerTechnicalHistoryLink" : "https://www.screener.in/api/company/1991/chart/?q=Price-DMA50-DMA200-Volume&days=365",
    "screenerQuarterlyResultsLink" : "https://www.screener.in/api/company/1991/chart/?q=GPM-OPM-NPM-Quarter+Sales&days=10000",
    "attributes" : {
      "companyCode" : "MANGLMCEM",
      "companyName" : "Mangalam Cement",
      "marketCap" : 1943.00,
      "peRatio" : 25.20,
      "description" : "Mangalam Cement Limited, incorporated in 1976, is engaged in the manufacturing of Cement in India and is a professionally run company, managed by Smt. Vidula Jalan of the B.K. Birla group. The Co. has its own manufacturing plants in Morak (Rajasthan) and Aligarh (Uttar Pradesh). The company markets and sells its product under the brand name of Birla Uttam Cement.[1][2]"
    },
    "companyScore" : {
      "priceHigherThanDma50" : 0.00,
      "priceHigherThanDma100" : 0.00,
      "priceHigherThanDma200" : 0.00,
      "dma50HigherThanDma100" : 0.00,
      "dma50HigherThanDma200" : 0.00,
      "dma100HigherThanDma200" : 0.00,
      "pricePercentageAboveDma50" : 5.21,
      "pricePercentageAboveDma100" : 5.22,
      "pricePercentageAboveDma200" : 5.37,
      "weeklyVolumeHigherThanYearlyVolume" : 0.00,
      "salesGrowthPercentile" : 10.63,
      "operatingProfitMarginPercentile" : 7.23,
      "netProfitMarginPercentile" : 5.18,
      "totalTechnicalScore" : 15.80,
      "totalFundamentalScore" : 23.04,
      "totalScore" : 38.84
    }
  },
  "attributes" : {
    "companyCode" : "MANGLMCEM",
    "companyName" : "Mangalam Cement",
    "marketCap" : 1943.00,
    "peRatio" : 25.20,
    "description" : "Mangalam Cement Limited, incorporated in 1976, is engaged in the manufacturing of Cement in India and is a professionally run company, managed by Smt. Vidula Jalan of the B.K. Birla group. The Co. has its own manufacturing plants in Morak (Rajasthan) and Aligarh (Uttar Pradesh). The company markets and sells its product under the brand name of Birla Uttam Cement.[1][2]"
  },
  "technicalHistory" : [ {
    "date" : "2024-11-29",
    "price" : 882.35,
    "dma50" : 855.99,
    "dma100" : null,
    "dma200" : 815.53,
    "volume" : 117889.00
  }, {
    "date" : "2024-12-02",
    "price" : 918.00,
    "dma50" : 858.42,
    "dma100" : null,
    "dma200" : 816.55,
    "volume" : 283321.00
  }, {
    "date" : "2024-12-03",
    "price" : 939.90,
    "dma50" : 861.62,
    "dma100" : null,
    "dma200" : 817.77,
    "volume" : 146501.00
  }, {
    "date" : "2024-12-04",
    "price" : 943.55,
    "dma50" : 864.83,
    "dma100" : null,
    "dma200" : 819.02,
    "volume" : 108440.00
  }, {
    "date" : "2024-12-05",
    "price" : 945.95,
    "dma50" : 868.01,
    "dma100" : null,
    "dma200" : 820.29,
    "volume" : 78395.00
  }, {
    "date" : "2024-12-06",
    "price" : 912.90,
    "dma50" : 869.77,
    "dma100" : null,
    "dma200" : 821.21,
    "volume" : 87946.00
  }, {
    "date" : "2024-12-09",
    "price" : 917.05,
    "dma50" : 871.63,
    "dma100" : null,
    "dma200" : 822.16,
    "volume" : 47766.00
  }, {
    "date" : "2024-12-10",
    "price" : 921.60,
    "dma50" : 873.59,
    "dma100" : null,
    "dma200" : 823.15,
    "volume" : 29849.00
  }, {
    "date" : "2024-12-11",
    "price" : 917.65,
    "dma50" : 875.31,
    "dma100" : null,
    "dma200" : 824.09,
    "volume" : 111494.00
  }, {
    "date" : "2024-12-12",
    "price" : 913.35,
    "dma50" : 876.81,
    "dma100" : null,
    "dma200" : 824.98,
    "volume" : 53140.00
  }, {
    "date" : "2024-12-13",
    "price" : 927.25,
    "dma50" : 878.78,
    "dma100" : null,
    "dma200" : 826.00,
    "volume" : 50983.00
  }, {
    "date" : "2024-12-16",
    "price" : 947.45,
    "dma50" : 881.48,
    "dma100" : null,
    "dma200" : 827.21,
    "volume" : 213914.00
  }, {
    "date" : "2024-12-17",
    "price" : 944.25,
    "dma50" : 883.94,
    "dma100" : null,
    "dma200" : 828.37,
    "volume" : 57153.00
  }, {
    "date" : "2024-12-18",
    "price" : 929.85,
    "dma50" : 885.74,
    "dma100" : null,
    "dma200" : 829.38,
    "volume" : 38386.00
  }, {
    "date" : "2024-12-19",
    "price" : 929.25,
    "dma50" : 887.45,
    "dma100" : null,
    "dma200" : 830.37,
    "volume" : 54836.00
  }, {
    "date" : "2024-12-20",
    "price" : 917.20,
    "dma50" : 888.61,
    "dma100" : null,
    "dma200" : 831.24,
    "volume" : 67568.00
  }, {
    "date" : "2024-12-23",
    "price" : 901.75,
    "dma50" : 889.13,
    "dma100" : null,
    "dma200" : 831.94,
    "volume" : 67505.00
  }, {
    "date" : "2024-12-24",
    "price" : 916.00,
    "dma50" : 890.18,
    "dma100" : null,
    "dma200" : 832.78,
    "volume" : 41754.00
  }, {
    "date" : "2024-12-26",
    "price" : 912.35,
    "dma50" : 891.05,
    "dma100" : null,
    "dma200" : 833.57,
    "volume" : 119256.00
  }, {
    "date" : "2024-12-27",
    "price" : 981.10,
    "dma50" : 894.58,
    "dma100" : null,
    "dma200" : 835.04,
    "volume" : 485986.00
  }, {
    "date" : "2024-12-30",
    "price" : 981.55,
    "dma50" : 897.99,
    "dma100" : null,
    "dma200" : 836.49,
    "volume" : 188488.00
  }, {
    "date" : "2024-12-31",
    "price" : 999.75,
    "dma50" : 901.98,
    "dma100" : null,
    "dma200" : 838.12,
    "volume" : 195758.00
  }, {
    "date" : "2025-01-01",
    "price" : 1001.80,
    "dma50" : 905.90,
    "dma100" : null,
    "dma200" : 839.75,
    "volume" : 66075.00
  }, {
    "date" : "2025-01-02",
    "price" : 991.25,
    "dma50" : 909.24,
    "dma100" : null,
    "dma200" : 841.26,
    "volume" : 32915.00
  }, {
    "date" : "2025-01-03",
    "price" : 1007.75,
    "dma50" : 913.11,
    "dma100" : null,
    "dma200" : 842.91,
    "volume" : 151559.00
  }, {
    "date" : "2025-01-06",
    "price" : 960.45,
    "dma50" : 914.96,
    "dma100" : null,
    "dma200" : 844.08,
    "volume" : 181240.00
  }, {
    "date" : "2025-01-07",
    "price" : 973.65,
    "dma50" : 917.27,
    "dma100" : null,
    "dma200" : 845.37,
    "volume" : 38000.00
  }, {
    "date" : "2025-01-08",
    "price" : 961.25,
    "dma50" : 918.99,
    "dma100" : null,
    "dma200" : 846.52,
    "volume" : 27275.00
  }, {
    "date" : "2025-01-09",
    "price" : 984.85,
    "dma50" : 921.57,
    "dma100" : null,
    "dma200" : 847.90,
    "volume" : 109270.00
  }, {
    "date" : "2025-01-10",
    "price" : 962.85,
    "dma50" : 923.19,
    "dma100" : null,
    "dma200" : 849.04,
    "volume" : 156478.00
  }, {
    "date" : "2025-01-13",
    "price" : 948.30,
    "dma50" : 924.18,
    "dma100" : null,
    "dma200" : 850.03,
    "volume" : 153831.00
  }, {
    "date" : "2025-01-14",
    "price" : 952.30,
    "dma50" : 925.28,
    "dma100" : null,
    "dma200" : 851.05,
    "volume" : 87104.00
  }, {
    "date" : "2025-01-15",
    "price" : 941.90,
    "dma50" : 925.93,
    "dma100" : null,
    "dma200" : 851.95,
    "volume" : 103070.00
  }, {
    "date" : "2025-01-16",
    "price" : 942.40,
    "dma50" : 926.58,
    "dma100" : null,
    "dma200" : 852.85,
    "volume" : 44930.00
  }, {
    "date" : "2025-01-17",
    "price" : 937.85,
    "dma50" : 927.02,
    "dma100" : null,
    "dma200" : 853.70,
    "volume" : 38573.00
  }, {
    "date" : "2025-01-20",
    "price" : 943.10,
    "dma50" : 927.65,
    "dma100" : null,
    "dma200" : 854.59,
    "volume" : 83301.00
  }, {
    "date" : "2025-01-21",
    "price" : 918.15,
    "dma50" : 927.28,
    "dma100" : null,
    "dma200" : 855.22,
    "volume" : 68931.00
  }, {
    "date" : "2025-01-22",
    "price" : 902.10,
    "dma50" : 926.29,
    "dma100" : null,
    "dma200" : 855.69,
    "volume" : 94732.00
  }, {
    "date" : "2025-01-23",
    "price" : 900.90,
    "dma50" : 925.29,
    "dma100" : null,
    "dma200" : 856.14,
    "volume" : 35832.00
  }, {
    "date" : "2025-01-24",
    "price" : 873.40,
    "dma50" : 923.26,
    "dma100" : null,
    "dma200" : 856.31,
    "volume" : 66519.00
  }, {
    "date" : "2025-01-27",
    "price" : 828.65,
    "dma50" : 919.55,
    "dma100" : null,
    "dma200" : 856.03,
    "volume" : 78236.00
  }, {
    "date" : "2025-01-28",
    "price" : 795.80,
    "dma50" : 914.70,
    "dma100" : null,
    "dma200" : 855.43,
    "volume" : 80823.00
  }, {
    "date" : "2025-01-29",
    "price" : 833.65,
    "dma50" : 911.52,
    "dma100" : null,
    "dma200" : 855.22,
    "volume" : 37897.00
  }, {
    "date" : "2025-01-30",
    "price" : 845.70,
    "dma50" : 908.94,
    "dma100" : null,
    "dma200" : 855.12,
    "volume" : 56140.00
  }, {
    "date" : "2025-01-31",
    "price" : 856.80,
    "dma50" : 906.89,
    "dma100" : null,
    "dma200" : 855.14,
    "volume" : 58091.00
  }, {
    "date" : "2025-02-01",
    "price" : 852.85,
    "dma50" : 904.77,
    "dma100" : null,
    "dma200" : 855.12,
    "volume" : 47585.00
  }, {
    "date" : "2025-02-03",
    "price" : 843.45,
    "dma50" : 902.37,
    "dma100" : null,
    "dma200" : 855.00,
    "volume" : 53840.00
  }, {
    "date" : "2025-02-04",
    "price" : 855.15,
    "dma50" : 900.52,
    "dma100" : null,
    "dma200" : 855.00,
    "volume" : 34604.00
  }, {
    "date" : "2025-02-05",
    "price" : 870.05,
    "dma50" : 899.32,
    "dma100" : null,
    "dma200" : 855.15,
    "volume" : 48733.00
  }, {
    "date" : "2025-02-06",
    "price" : 866.20,
    "dma50" : 898.02,
    "dma100" : null,
    "dma200" : 855.26,
    "volume" : 44446.00
  }, {
    "date" : "2025-02-07",
    "price" : 867.35,
    "dma50" : 896.82,
    "dma100" : null,
    "dma200" : 855.38,
    "volume" : 77687.00
  }, {
    "date" : "2025-02-10",
    "price" : 847.90,
    "dma50" : 894.90,
    "dma100" : null,
    "dma200" : 855.31,
    "volume" : 87728.00
  }, {
    "date" : "2025-02-11",
    "price" : 802.25,
    "dma50" : 891.27,
    "dma100" : null,
    "dma200" : 854.78,
    "volume" : 66945.00
  }, {
    "date" : "2025-02-12",
    "price" : 806.30,
    "dma50" : 887.94,
    "dma100" : null,
    "dma200" : 854.30,
    "volume" : 273304.00
  }, {
    "date" : "2025-02-13",
    "price" : 820.25,
    "dma50" : 885.28,
    "dma100" : null,
    "dma200" : 853.96,
    "volume" : 42369.00
  }, {
    "date" : "2025-02-14",
    "price" : 784.75,
    "dma50" : 881.34,
    "dma100" : null,
    "dma200" : 853.27,
    "volume" : 277961.00
  }, {
    "date" : "2025-02-17",
    "price" : 730.40,
    "dma50" : 875.42,
    "dma100" : null,
    "dma200" : 852.05,
    "volume" : 480076.00
  }, {
    "date" : "2025-02-18",
    "price" : 682.70,
    "dma50" : 867.86,
    "dma100" : null,
    "dma200" : 850.36,
    "volume" : 145729.00
  }, {
    "date" : "2025-02-19",
    "price" : 698.40,
    "dma50" : 861.22,
    "dma100" : null,
    "dma200" : 848.85,
    "volume" : 309566.00
  }, {
    "date" : "2025-02-20",
    "price" : 703.95,
    "dma50" : 855.05,
    "dma100" : null,
    "dma200" : 847.41,
    "volume" : 198359.00
  }, {
    "date" : "2025-02-21",
    "price" : 728.90,
    "dma50" : 850.10,
    "dma100" : null,
    "dma200" : 846.23,
    "volume" : 103113.00
  }, {
    "date" : "2025-02-24",
    "price" : 737.55,
    "dma50" : 845.69,
    "dma100" : null,
    "dma200" : 845.15,
    "volume" : 95653.00
  }, {
    "date" : "2025-02-25",
    "price" : 728.05,
    "dma50" : 841.08,
    "dma100" : null,
    "dma200" : 843.98,
    "volume" : 82362.00
  }, {
    "date" : "2025-02-27",
    "price" : 721.35,
    "dma50" : 836.38,
    "dma100" : null,
    "dma200" : 842.76,
    "volume" : 138059.00
  }, {
    "date" : "2025-02-28",
    "price" : 719.25,
    "dma50" : 831.79,
    "dma100" : null,
    "dma200" : 841.53,
    "volume" : 90608.00
  }, {
    "date" : "2025-03-03",
    "price" : 686.60,
    "dma50" : 826.09,
    "dma100" : null,
    "dma200" : 839.99,
    "volume" : 126582.00
  }, {
    "date" : "2025-03-04",
    "price" : 690.30,
    "dma50" : 820.77,
    "dma100" : null,
    "dma200" : 838.50,
    "volume" : 98186.00
  }, {
    "date" : "2025-03-05",
    "price" : 713.40,
    "dma50" : 816.56,
    "dma100" : null,
    "dma200" : 837.26,
    "volume" : 119772.00
  }, {
    "date" : "2025-03-06",
    "price" : 727.05,
    "dma50" : 813.05,
    "dma100" : null,
    "dma200" : 836.16,
    "volume" : 74269.00
  }, {
    "date" : "2025-03-07",
    "price" : 748.10,
    "dma50" : 810.50,
    "dma100" : null,
    "dma200" : 835.28,
    "volume" : 87476.00
  }, {
    "date" : "2025-03-10",
    "price" : 731.30,
    "dma50" : 807.39,
    "dma100" : null,
    "dma200" : 834.25,
    "volume" : 73115.00
  }, {
    "date" : "2025-03-11",
    "price" : 744.30,
    "dma50" : 804.92,
    "dma100" : null,
    "dma200" : 833.35,
    "volume" : 40183.00
  }, {
    "date" : "2025-03-12",
    "price" : 737.30,
    "dma50" : 802.27,
    "dma100" : null,
    "dma200" : 832.40,
    "volume" : 52635.00
  }, {
    "date" : "2025-03-13",
    "price" : 728.45,
    "dma50" : 799.37,
    "dma100" : null,
    "dma200" : 831.36,
    "volume" : 61384.00
  }, {
    "date" : "2025-03-17",
    "price" : 723.65,
    "dma50" : 796.40,
    "dma100" : null,
    "dma200" : 830.29,
    "volume" : 49696.00
  }, {
    "date" : "2025-03-18",
    "price" : 729.80,
    "dma50" : 793.79,
    "dma100" : null,
    "dma200" : 829.29,
    "volume" : 90599.00
  }, {
    "date" : "2025-03-19",
    "price" : 738.00,
    "dma50" : 791.60,
    "dma100" : null,
    "dma200" : 828.38,
    "volume" : 200482.00
  }, {
    "date" : "2025-03-20",
    "price" : 738.85,
    "dma50" : 789.54,
    "dma100" : null,
    "dma200" : 827.49,
    "volume" : 106389.00
  }, {
    "date" : "2025-03-21",
    "price" : 747.60,
    "dma50" : 787.89,
    "dma100" : null,
    "dma200" : 826.70,
    "volume" : 78602.00
  }, {
    "date" : "2025-03-24",
    "price" : 776.00,
    "dma50" : 787.42,
    "dma100" : null,
    "dma200" : 826.19,
    "volume" : 150167.00
  }, {
    "date" : "2025-03-25",
    "price" : 777.55,
    "dma50" : 787.04,
    "dma100" : null,
    "dma200" : 825.71,
    "volume" : 257223.00
  }, {
    "date" : "2025-03-26",
    "price" : 758.50,
    "dma50" : 785.92,
    "dma100" : null,
    "dma200" : 825.04,
    "volume" : 166944.00
  }, {
    "date" : "2025-03-27",
    "price" : 777.00,
    "dma50" : 785.57,
    "dma100" : null,
    "dma200" : 824.56,
    "volume" : 201852.00
  }, {
    "date" : "2025-03-28",
    "price" : 769.85,
    "dma50" : 784.95,
    "dma100" : null,
    "dma200" : 824.02,
    "volume" : 165849.00
  }, {
    "date" : "2025-04-01",
    "price" : 774.05,
    "dma50" : 784.52,
    "dma100" : null,
    "dma200" : 823.52,
    "volume" : 65027.00
  }, {
    "date" : "2025-04-02",
    "price" : 801.70,
    "dma50" : 785.20,
    "dma100" : null,
    "dma200" : 823.30,
    "volume" : 94092.00
  }, {
    "date" : "2025-04-03",
    "price" : 809.20,
    "dma50" : 786.14,
    "dma100" : null,
    "dma200" : 823.16,
    "volume" : 87465.00
  }, {
    "date" : "2025-04-04",
    "price" : 794.45,
    "dma50" : 786.47,
    "dma100" : null,
    "dma200" : 822.88,
    "volume" : 67527.00
  }, {
    "date" : "2025-04-07",
    "price" : 780.80,
    "dma50" : 786.24,
    "dma100" : null,
    "dma200" : 822.46,
    "volume" : 121428.00
  }, {
    "date" : "2025-04-08",
    "price" : 800.40,
    "dma50" : 786.80,
    "dma100" : null,
    "dma200" : 822.24,
    "volume" : 99563.00
  }, {
    "date" : "2025-04-09",
    "price" : 809.65,
    "dma50" : 787.69,
    "dma100" : null,
    "dma200" : 822.12,
    "volume" : 43771.00
  }, {
    "date" : "2025-04-11",
    "price" : 804.20,
    "dma50" : 788.34,
    "dma100" : null,
    "dma200" : 821.94,
    "volume" : 59259.00
  }, {
    "date" : "2025-04-15",
    "price" : 817.50,
    "dma50" : 789.49,
    "dma100" : null,
    "dma200" : 821.89,
    "volume" : 46951.00
  }, {
    "date" : "2025-04-16",
    "price" : 820.20,
    "dma50" : 790.69,
    "dma100" : null,
    "dma200" : 821.88,
    "volume" : 50727.00
  }, {
    "date" : "2025-04-17",
    "price" : 849.55,
    "dma50" : 793.00,
    "dma100" : null,
    "dma200" : 822.15,
    "volume" : 112412.00
  }, {
    "date" : "2025-04-21",
    "price" : 838.30,
    "dma50" : 794.77,
    "dma100" : null,
    "dma200" : 822.31,
    "volume" : 55642.00
  }, {
    "date" : "2025-04-22",
    "price" : 835.20,
    "dma50" : 796.36,
    "dma100" : null,
    "dma200" : 822.44,
    "volume" : 45057.00
  }, {
    "date" : "2025-04-23",
    "price" : 807.05,
    "dma50" : 796.78,
    "dma100" : null,
    "dma200" : 822.29,
    "volume" : 63411.00
  }, {
    "date" : "2025-04-24",
    "price" : 826.95,
    "dma50" : 797.96,
    "dma100" : null,
    "dma200" : 822.33,
    "volume" : 43193.00
  }, {
    "date" : "2025-04-25",
    "price" : 799.50,
    "dma50" : 798.02,
    "dma100" : null,
    "dma200" : 822.11,
    "volume" : 76419.00
  }, {
    "date" : "2025-04-28",
    "price" : 798.70,
    "dma50" : 798.05,
    "dma100" : 843.61,
    "dma200" : 821.87,
    "volume" : 25226.00
  }, {
    "date" : "2025-04-29",
    "price" : 795.05,
    "dma50" : 797.93,
    "dma100" : 842.38,
    "dma200" : 821.61,
    "volume" : 26860.00
  }, {
    "date" : "2025-04-30",
    "price" : 777.00,
    "dma50" : 797.11,
    "dma100" : 840.75,
    "dma200" : 821.16,
    "volume" : 32404.00
  }, {
    "date" : "2025-05-02",
    "price" : 772.75,
    "dma50" : 796.16,
    "dma100" : 839.04,
    "dma200" : 820.68,
    "volume" : 22935.00
  }, {
    "date" : "2025-05-05",
    "price" : 777.75,
    "dma50" : 795.43,
    "dma100" : 837.36,
    "dma200" : 820.25,
    "volume" : 14742.00
  }, {
    "date" : "2025-05-06",
    "price" : 753.30,
    "dma50" : 793.78,
    "dma100" : 835.76,
    "dma200" : 819.59,
    "volume" : 25141.00
  }, {
    "date" : "2025-05-07",
    "price" : 751.60,
    "dma50" : 792.13,
    "dma100" : 834.11,
    "dma200" : 818.91,
    "volume" : 28529.00
  }, {
    "date" : "2025-05-08",
    "price" : 740.05,
    "dma50" : 790.08,
    "dma100" : 832.29,
    "dma200" : 818.13,
    "volume" : 51218.00
  }, {
    "date" : "2025-05-09",
    "price" : 736.05,
    "dma50" : 787.97,
    "dma100" : 830.48,
    "dma200" : 817.31,
    "volume" : 53400.00
  }, {
    "date" : "2025-05-12",
    "price" : 756.95,
    "dma50" : 786.75,
    "dma100" : 828.91,
    "dma200" : 816.71,
    "volume" : 63401.00
  }, {
    "date" : "2025-05-13",
    "price" : 745.15,
    "dma50" : 785.12,
    "dma100" : 827.09,
    "dma200" : 816.00,
    "volume" : 279368.00
  }, {
    "date" : "2025-05-14",
    "price" : 753.60,
    "dma50" : 783.88,
    "dma100" : 825.15,
    "dma200" : 815.38,
    "volume" : 39762.00
  }, {
    "date" : "2025-05-15",
    "price" : 760.50,
    "dma50" : 782.97,
    "dma100" : 823.31,
    "dma200" : 814.83,
    "volume" : 301417.00
  }, {
    "date" : "2025-05-16",
    "price" : 767.70,
    "dma50" : 782.37,
    "dma100" : 821.69,
    "dma200" : 814.36,
    "volume" : 100180.00
  }, {
    "date" : "2025-05-19",
    "price" : 795.30,
    "dma50" : 782.87,
    "dma100" : 820.35,
    "dma200" : 814.17,
    "volume" : 140629.00
  }, {
    "date" : "2025-05-20",
    "price" : 801.25,
    "dma50" : 783.59,
    "dma100" : 819.19,
    "dma200" : 814.04,
    "volume" : 239517.00
  }, {
    "date" : "2025-05-21",
    "price" : 813.65,
    "dma50" : 784.77,
    "dma100" : 818.31,
    "dma200" : 814.04,
    "volume" : 64809.00
  }, {
    "date" : "2025-05-22",
    "price" : 815.30,
    "dma50" : 785.97,
    "dma100" : 817.31,
    "dma200" : 814.05,
    "volume" : 70233.00
  }, {
    "date" : "2025-05-23",
    "price" : 811.60,
    "dma50" : 786.98,
    "dma100" : 816.30,
    "dma200" : 814.03,
    "volume" : 24708.00
  }, {
    "date" : "2025-05-26",
    "price" : 816.25,
    "dma50" : 788.12,
    "dma100" : 814.65,
    "dma200" : 814.05,
    "volume" : 73918.00
  }, {
    "date" : "2025-05-27",
    "price" : 825.45,
    "dma50" : 789.59,
    "dma100" : 813.09,
    "dma200" : 814.16,
    "volume" : 61766.00
  }, {
    "date" : "2025-05-28",
    "price" : 828.95,
    "dma50" : 791.13,
    "dma100" : 811.38,
    "dma200" : 814.31,
    "volume" : 57949.00
  }, {
    "date" : "2025-05-29",
    "price" : 831.65,
    "dma50" : 792.72,
    "dma100" : 809.68,
    "dma200" : 814.48,
    "volume" : 98334.00
  }, {
    "date" : "2025-05-30",
    "price" : 806.55,
    "dma50" : 793.26,
    "dma100" : 807.83,
    "dma200" : 814.40,
    "volume" : 195477.00
  }, {
    "date" : "2025-06-02",
    "price" : 776.80,
    "dma50" : 792.62,
    "dma100" : 805.52,
    "dma200" : 814.03,
    "volume" : 98474.00
  }, {
    "date" : "2025-06-03",
    "price" : 792.15,
    "dma50" : 792.60,
    "dma100" : 803.84,
    "dma200" : 813.81,
    "volume" : 331255.00
  }, {
    "date" : "2025-06-04",
    "price" : 784.80,
    "dma50" : 792.29,
    "dma100" : 801.95,
    "dma200" : 813.52,
    "volume" : 146230.00
  }, {
    "date" : "2025-06-05",
    "price" : 799.90,
    "dma50" : 792.59,
    "dma100" : 800.34,
    "dma200" : 813.39,
    "volume" : 42450.00
  }, {
    "date" : "2025-06-06",
    "price" : 802.30,
    "dma50" : 792.97,
    "dma100" : 798.51,
    "dma200" : 813.28,
    "volume" : 21911.00
  }, {
    "date" : "2025-06-09",
    "price" : 786.95,
    "dma50" : 792.74,
    "dma100" : 796.75,
    "dma200" : 813.02,
    "volume" : 37257.00
  }, {
    "date" : "2025-06-10",
    "price" : 799.30,
    "dma50" : 792.99,
    "dma100" : 795.26,
    "dma200" : 812.88,
    "volume" : 25073.00
  }, {
    "date" : "2025-06-11",
    "price" : 790.40,
    "dma50" : 792.89,
    "dma100" : 793.64,
    "dma200" : 812.66,
    "volume" : 35875.00
  }, {
    "date" : "2025-06-12",
    "price" : 784.20,
    "dma50" : 792.55,
    "dma100" : 792.07,
    "dma200" : 812.37,
    "volume" : 63072.00
  }, {
    "date" : "2025-06-13",
    "price" : 774.35,
    "dma50" : 791.84,
    "dma100" : 790.39,
    "dma200" : 811.99,
    "volume" : 29956.00
  }, {
    "date" : "2025-06-16",
    "price" : 774.85,
    "dma50" : 791.17,
    "dma100" : 788.76,
    "dma200" : 811.62,
    "volume" : 86666.00
  }, {
    "date" : "2025-06-17",
    "price" : 769.35,
    "dma50" : 790.31,
    "dma100" : 787.02,
    "dma200" : 811.20,
    "volume" : 28790.00
  }, {
    "date" : "2025-06-18",
    "price" : 750.10,
    "dma50" : 788.74,
    "dma100" : 785.34,
    "dma200" : 810.60,
    "volume" : 34132.00
  }, {
    "date" : "2025-06-19",
    "price" : 728.70,
    "dma50" : 786.38,
    "dma100" : 783.61,
    "dma200" : 809.78,
    "volume" : 34207.00
  }, {
    "date" : "2025-06-20",
    "price" : 720.30,
    "dma50" : 783.79,
    "dma100" : 781.80,
    "dma200" : 808.89,
    "volume" : 52828.00
  }, {
    "date" : "2025-06-23",
    "price" : 722.60,
    "dma50" : 781.39,
    "dma100" : 780.29,
    "dma200" : 808.03,
    "volume" : 18147.00
  }, {
    "date" : "2025-06-24",
    "price" : 750.90,
    "dma50" : 780.20,
    "dma100" : 779.51,
    "dma200" : 807.46,
    "volume" : 41700.00
  }, {
    "date" : "2025-06-25",
    "price" : 745.35,
    "dma50" : 778.83,
    "dma100" : 779.01,
    "dma200" : 806.85,
    "volume" : 13427.00
  }, {
    "date" : "2025-06-26",
    "price" : 737.45,
    "dma50" : 777.21,
    "dma100" : 778.05,
    "dma200" : 806.15,
    "volume" : 13119.00
  }, {
    "date" : "2025-06-27",
    "price" : 751.10,
    "dma50" : 776.18,
    "dma100" : 777.10,
    "dma200" : 805.61,
    "volume" : 20100.00
  }, {
    "date" : "2025-06-30",
    "price" : 745.80,
    "dma50" : 774.99,
    "dma100" : 775.99,
    "dma200" : 805.01,
    "volume" : 46961.00
  }, {
    "date" : "2025-07-01",
    "price" : 748.30,
    "dma50" : 773.95,
    "dma100" : 774.95,
    "dma200" : 804.45,
    "volume" : 17283.00
  }, {
    "date" : "2025-07-02",
    "price" : 770.05,
    "dma50" : 773.79,
    "dma100" : 774.21,
    "dma200" : 804.11,
    "volume" : 104846.00
  }, {
    "date" : "2025-07-03",
    "price" : 757.05,
    "dma50" : 773.14,
    "dma100" : 773.23,
    "dma200" : 803.64,
    "volume" : 46342.00
  }, {
    "date" : "2025-07-04",
    "price" : 748.35,
    "dma50" : 772.16,
    "dma100" : 772.01,
    "dma200" : 803.09,
    "volume" : 43883.00
  }, {
    "date" : "2025-07-07",
    "price" : 746.95,
    "dma50" : 771.17,
    "dma100" : 770.82,
    "dma200" : 802.53,
    "volume" : 26411.00
  }, {
    "date" : "2025-07-08",
    "price" : 753.60,
    "dma50" : 770.49,
    "dma100" : 769.68,
    "dma200" : 802.04,
    "volume" : 89675.00
  }, {
    "date" : "2025-07-09",
    "price" : 743.20,
    "dma50" : 769.42,
    "dma100" : 768.64,
    "dma200" : 801.46,
    "volume" : 28128.00
  }, {
    "date" : "2025-07-10",
    "price" : 743.20,
    "dma50" : 768.39,
    "dma100" : 768.05,
    "dma200" : 800.88,
    "volume" : 24502.00
  }, {
    "date" : "2025-07-11",
    "price" : 735.10,
    "dma50" : 767.08,
    "dma100" : 767.33,
    "dma200" : 800.22,
    "volume" : 20201.00
  }, {
    "date" : "2025-07-14",
    "price" : 752.15,
    "dma50" : 766.50,
    "dma100" : 766.65,
    "dma200" : 799.74,
    "volume" : 51926.00
  }, {
    "date" : "2025-07-15",
    "price" : 755.45,
    "dma50" : 766.06,
    "dma100" : 766.36,
    "dma200" : 799.30,
    "volume" : 22739.00
  }, {
    "date" : "2025-07-16",
    "price" : 754.20,
    "dma50" : 765.60,
    "dma100" : 766.60,
    "dma200" : 798.85,
    "volume" : 39442.00
  }, {
    "date" : "2025-07-17",
    "price" : 748.60,
    "dma50" : 764.93,
    "dma100" : 767.26,
    "dma200" : 798.35,
    "volume" : 10833.00
  }, {
    "date" : "2025-07-18",
    "price" : 733.70,
    "dma50" : 763.71,
    "dma100" : 767.61,
    "dma200" : 797.71,
    "volume" : 36643.00
  }, {
    "date" : "2025-07-21",
    "price" : 725.40,
    "dma50" : 762.20,
    "dma100" : 767.82,
    "dma200" : 796.99,
    "volume" : 54203.00
  }, {
    "date" : "2025-07-22",
    "price" : 739.25,
    "dma50" : 761.30,
    "dma100" : 767.93,
    "dma200" : 796.42,
    "volume" : 43823.00
  }, {
    "date" : "2025-07-23",
    "price" : 723.10,
    "dma50" : 759.81,
    "dma100" : 767.78,
    "dma200" : 795.69,
    "volume" : 32580.00
  }, {
    "date" : "2025-07-24",
    "price" : 722.85,
    "dma50" : 758.36,
    "dma100" : 767.73,
    "dma200" : 794.96,
    "volume" : 11477.00
  }, {
    "date" : "2025-07-25",
    "price" : 723.90,
    "dma50" : 757.01,
    "dma100" : 767.76,
    "dma200" : 794.26,
    "volume" : 20635.00
  }, {
    "date" : "2025-07-28",
    "price" : 705.60,
    "dma50" : 754.99,
    "dma100" : 767.62,
    "dma200" : 793.37,
    "volume" : 23871.00
  }, {
    "date" : "2025-07-29",
    "price" : 730.20,
    "dma50" : 754.02,
    "dma100" : 768.06,
    "dma200" : 792.74,
    "volume" : 59690.00
  }, {
    "date" : "2025-07-30",
    "price" : 724.45,
    "dma50" : 752.86,
    "dma100" : 768.40,
    "dma200" : 792.06,
    "volume" : 15495.00
  }, {
    "date" : "2025-07-31",
    "price" : 709.95,
    "dma50" : 751.18,
    "dma100" : 768.36,
    "dma200" : 791.25,
    "volume" : 24813.00
  }, {
    "date" : "2025-08-01",
    "price" : 689.15,
    "dma50" : 748.74,
    "dma100" : 767.98,
    "dma200" : 790.23,
    "volume" : 21294.00
  }, {
    "date" : "2025-08-04",
    "price" : 712.50,
    "dma50" : 747.32,
    "dma100" : 767.63,
    "dma200" : 789.46,
    "volume" : 60148.00
  }, {
    "date" : "2025-08-05",
    "price" : 713.10,
    "dma50" : 745.98,
    "dma100" : 767.45,
    "dma200" : 788.70,
    "volume" : 58900.00
  }, {
    "date" : "2025-08-06",
    "price" : 713.05,
    "dma50" : 744.69,
    "dma100" : 767.13,
    "dma200" : 787.95,
    "volume" : 12260.00
  }, {
    "date" : "2025-08-07",
    "price" : 717.00,
    "dma50" : 743.60,
    "dma100" : 766.93,
    "dma200" : 787.24,
    "volume" : 61906.00
  }, {
    "date" : "2025-08-08",
    "price" : 728.80,
    "dma50" : 743.02,
    "dma100" : 766.93,
    "dma200" : 786.66,
    "volume" : 439154.00
  }, {
    "date" : "2025-08-11",
    "price" : 732.60,
    "dma50" : 742.61,
    "dma100" : 767.02,
    "dma200" : 786.12,
    "volume" : 221583.00
  }, {
    "date" : "2025-08-12",
    "price" : 713.85,
    "dma50" : 741.49,
    "dma100" : 766.86,
    "dma200" : 785.40,
    "volume" : 57914.00
  }, {
    "date" : "2025-08-13",
    "price" : 715.95,
    "dma50" : 740.48,
    "dma100" : 766.64,
    "dma200" : 784.71,
    "volume" : 64522.00
  }, {
    "date" : "2025-08-14",
    "price" : 716.10,
    "dma50" : 739.53,
    "dma100" : 766.42,
    "dma200" : 784.03,
    "volume" : 494084.00
  }, {
    "date" : "2025-08-18",
    "price" : 740.60,
    "dma50" : 739.57,
    "dma100" : 766.35,
    "dma200" : 783.60,
    "volume" : 139259.00
  }, {
    "date" : "2025-08-19",
    "price" : 738.40,
    "dma50" : 739.52,
    "dma100" : 765.97,
    "dma200" : 783.15,
    "volume" : 68716.00
  }, {
    "date" : "2025-08-20",
    "price" : 743.05,
    "dma50" : 739.66,
    "dma100" : 765.63,
    "dma200" : 782.75,
    "volume" : 26378.00
  }, {
    "date" : "2025-08-21",
    "price" : 740.75,
    "dma50" : 739.70,
    "dma100" : 765.45,
    "dma200" : 782.33,
    "volume" : 27347.00
  }, {
    "date" : "2025-08-22",
    "price" : 731.20,
    "dma50" : 739.37,
    "dma100" : 764.99,
    "dma200" : 781.82,
    "volume" : 16758.00
  }, {
    "date" : "2025-08-25",
    "price" : 713.15,
    "dma50" : 738.34,
    "dma100" : 764.42,
    "dma200" : 781.14,
    "volume" : 35535.00
  }, {
    "date" : "2025-08-26",
    "price" : 695.05,
    "dma50" : 736.65,
    "dma100" : 763.63,
    "dma200" : 780.28,
    "volume" : 74549.00
  }, {
    "date" : "2025-08-28",
    "price" : 694.00,
    "dma50" : 734.97,
    "dma100" : 762.56,
    "dma200" : 779.42,
    "volume" : 50867.00
  }, {
    "date" : "2025-08-29",
    "price" : 704.70,
    "dma50" : 733.79,
    "dma100" : 761.51,
    "dma200" : 778.68,
    "volume" : 58900.00
  }, {
    "date" : "2025-09-01",
    "price" : 735.40,
    "dma50" : 733.85,
    "dma100" : 760.92,
    "dma200" : 778.25,
    "volume" : 166624.00
  }, {
    "date" : "2025-09-02",
    "price" : 773.15,
    "dma50" : 735.39,
    "dma100" : 760.84,
    "dma200" : 778.20,
    "volume" : 277678.00
  }, {
    "date" : "2025-09-03",
    "price" : 783.85,
    "dma50" : 737.29,
    "dma100" : 760.68,
    "dma200" : 778.25,
    "volume" : 99116.00
  }, {
    "date" : "2025-09-04",
    "price" : 775.15,
    "dma50" : 738.78,
    "dma100" : 760.33,
    "dma200" : 778.22,
    "volume" : 147785.00
  }, {
    "date" : "2025-09-05",
    "price" : 768.10,
    "dma50" : 739.93,
    "dma100" : 759.97,
    "dma200" : 778.12,
    "volume" : 74103.00
  }, {
    "date" : "2025-09-08",
    "price" : 737.30,
    "dma50" : 739.82,
    "dma100" : 759.17,
    "dma200" : 777.72,
    "volume" : 69453.00
  }, {
    "date" : "2025-09-09",
    "price" : 733.35,
    "dma50" : 739.57,
    "dma100" : 758.30,
    "dma200" : 777.27,
    "volume" : 57132.00
  }, {
    "date" : "2025-09-10",
    "price" : 727.80,
    "dma50" : 739.11,
    "dma100" : 757.08,
    "dma200" : 776.78,
    "volume" : 35790.00
  }, {
    "date" : "2025-09-11",
    "price" : 726.25,
    "dma50" : 738.60,
    "dma100" : 755.96,
    "dma200" : 776.28,
    "volume" : 20389.00
  }, {
    "date" : "2025-09-12",
    "price" : 724.40,
    "dma50" : 738.05,
    "dma100" : 754.86,
    "dma200" : 775.76,
    "volume" : 37824.00
  }, {
    "date" : "2025-09-15",
    "price" : 731.65,
    "dma50" : 737.80,
    "dma100" : 754.10,
    "dma200" : 775.32,
    "volume" : 19501.00
  }, {
    "date" : "2025-09-16",
    "price" : 729.65,
    "dma50" : 737.48,
    "dma100" : 753.13,
    "dma200" : 774.87,
    "volume" : 26834.00
  }, {
    "date" : "2025-09-17",
    "price" : 741.75,
    "dma50" : 737.64,
    "dma100" : 752.55,
    "dma200" : 774.54,
    "volume" : 76738.00
  }, {
    "date" : "2025-09-18",
    "price" : 749.90,
    "dma50" : 738.12,
    "dma100" : 752.06,
    "dma200" : 774.29,
    "volume" : 53003.00
  }, {
    "date" : "2025-09-19",
    "price" : 752.95,
    "dma50" : 738.71,
    "dma100" : 751.64,
    "dma200" : 774.08,
    "volume" : 58983.00
  }, {
    "date" : "2025-09-22",
    "price" : 746.95,
    "dma50" : 739.03,
    "dma100" : 751.34,
    "dma200" : 773.81,
    "volume" : 15346.00
  }, {
    "date" : "2025-09-23",
    "price" : 741.45,
    "dma50" : 739.12,
    "dma100" : 751.03,
    "dma200" : 773.49,
    "volume" : 41252.00
  }, {
    "date" : "2025-09-24",
    "price" : 743.30,
    "dma50" : 739.29,
    "dma100" : 750.68,
    "dma200" : 773.19,
    "volume" : 29723.00
  }, {
    "date" : "2025-09-25",
    "price" : 739.80,
    "dma50" : 739.31,
    "dma100" : 750.55,
    "dma200" : 772.86,
    "volume" : 66007.00
  }, {
    "date" : "2025-09-26",
    "price" : 740.05,
    "dma50" : 739.34,
    "dma100" : 750.43,
    "dma200" : 772.53,
    "volume" : 63167.00
  }, {
    "date" : "2025-09-29",
    "price" : 747.55,
    "dma50" : 739.66,
    "dma100" : 750.51,
    "dma200" : 772.28,
    "volume" : 178274.00
  }, {
    "date" : "2025-09-30",
    "price" : 746.60,
    "dma50" : 739.93,
    "dma100" : 750.61,
    "dma200" : 772.03,
    "volume" : 82068.00
  }, {
    "date" : "2025-10-01",
    "price" : 744.15,
    "dma50" : 740.10,
    "dma100" : 750.49,
    "dma200" : 771.75,
    "volume" : 15036.00
  }, {
    "date" : "2025-10-03",
    "price" : 754.25,
    "dma50" : 740.65,
    "dma100" : 750.58,
    "dma200" : 771.58,
    "volume" : 48342.00
  }, {
    "date" : "2025-10-06",
    "price" : 757.30,
    "dma50" : 741.30,
    "dma100" : 750.61,
    "dma200" : 771.43,
    "volume" : 63926.00
  }, {
    "date" : "2025-10-07",
    "price" : 742.80,
    "dma50" : 741.36,
    "dma100" : 750.44,
    "dma200" : 771.15,
    "volume" : 35995.00
  }, {
    "date" : "2025-10-08",
    "price" : 741.20,
    "dma50" : 741.36,
    "dma100" : 750.17,
    "dma200" : 770.85,
    "volume" : 22608.00
  }, {
    "date" : "2025-10-09",
    "price" : 741.80,
    "dma50" : 741.37,
    "dma100" : 749.64,
    "dma200" : 770.56,
    "volume" : 24603.00
  }, {
    "date" : "2025-10-10",
    "price" : 735.95,
    "dma50" : 741.16,
    "dma100" : 748.98,
    "dma200" : 770.22,
    "volume" : 38106.00
  }, {
    "date" : "2025-10-13",
    "price" : 734.60,
    "dma50" : 740.90,
    "dma100" : 748.19,
    "dma200" : 769.86,
    "volume" : 47183.00
  }, {
    "date" : "2025-10-14",
    "price" : 732.65,
    "dma50" : 740.58,
    "dma100" : 747.37,
    "dma200" : 769.49,
    "volume" : 25272.00
  }, {
    "date" : "2025-10-15",
    "price" : 748.90,
    "dma50" : 740.91,
    "dma100" : 746.74,
    "dma200" : 769.29,
    "volume" : 84025.00
  }, {
    "date" : "2025-10-16",
    "price" : 755.35,
    "dma50" : 741.47,
    "dma100" : 746.13,
    "dma200" : 769.15,
    "volume" : 46969.00
  }, {
    "date" : "2025-10-17",
    "price" : 747.40,
    "dma50" : 741.71,
    "dma100" : 745.35,
    "dma200" : 768.93,
    "volume" : 58802.00
  }, {
    "date" : "2025-10-20",
    "price" : 752.15,
    "dma50" : 742.11,
    "dma100" : 744.58,
    "dma200" : 768.77,
    "volume" : 60228.00
  }, {
    "date" : "2025-10-21",
    "price" : 764.10,
    "dma50" : 742.98,
    "dma100" : 743.91,
    "dma200" : 768.72,
    "volume" : 49681.00
  }, {
    "date" : "2025-10-23",
    "price" : 793.55,
    "dma50" : 744.96,
    "dma100" : 743.78,
    "dma200" : 768.97,
    "volume" : 343184.00
  }, {
    "date" : "2025-10-24",
    "price" : 788.50,
    "dma50" : 746.67,
    "dma100" : 743.89,
    "dma200" : 769.16,
    "volume" : 50956.00
  }, {
    "date" : "2025-10-27",
    "price" : 782.60,
    "dma50" : 748.08,
    "dma100" : 743.80,
    "dma200" : 769.29,
    "volume" : 31317.00
  }, {
    "date" : "2025-10-28",
    "price" : 781.35,
    "dma50" : 749.38,
    "dma100" : 743.76,
    "dma200" : 769.41,
    "volume" : 35003.00
  }, {
    "date" : "2025-10-29",
    "price" : 776.30,
    "dma50" : 750.44,
    "dma100" : 743.53,
    "dma200" : 769.48,
    "volume" : 49104.00
  }, {
    "date" : "2025-10-30",
    "price" : 772.20,
    "dma50" : 751.29,
    "dma100" : 743.23,
    "dma200" : 769.51,
    "volume" : 35049.00
  }, {
    "date" : "2025-10-31",
    "price" : 776.80,
    "dma50" : 752.29,
    "dma100" : 743.13,
    "dma200" : 769.58,
    "volume" : 17008.00
  }, {
    "date" : "2025-11-03",
    "price" : 761.35,
    "dma50" : 752.65,
    "dma100" : 742.75,
    "dma200" : 769.50,
    "volume" : 27698.00
  }, {
    "date" : "2025-11-04",
    "price" : 759.20,
    "dma50" : 752.90,
    "dma100" : 742.43,
    "dma200" : 769.40,
    "volume" : 89296.00
  }, {
    "date" : "2025-11-06",
    "price" : 760.20,
    "dma50" : 753.19,
    "dma100" : 742.19,
    "dma200" : 769.31,
    "volume" : 38950.00
  }, {
    "date" : "2025-11-07",
    "price" : 769.50,
    "dma50" : 753.83,
    "dma100" : 742.15,
    "dma200" : 769.31,
    "volume" : 47735.00
  }, {
    "date" : "2025-11-10",
    "price" : 751.50,
    "dma50" : 753.74,
    "dma100" : 741.91,
    "dma200" : 769.13,
    "volume" : 100457.00
  }, {
    "date" : "2025-11-11",
    "price" : 739.55,
    "dma50" : 753.18,
    "dma100" : 741.61,
    "dma200" : 768.84,
    "volume" : 43733.00
  }, {
    "date" : "2025-11-12",
    "price" : 744.90,
    "dma50" : 752.86,
    "dma100" : 741.56,
    "dma200" : 768.60,
    "volume" : 39118.00
  }, {
    "date" : "2025-11-13",
    "price" : 747.90,
    "dma50" : 752.66,
    "dma100" : 741.75,
    "dma200" : 768.39,
    "volume" : 158506.00
  }, {
    "date" : "2025-11-14",
    "price" : 754.35,
    "dma50" : 752.73,
    "dma100" : 742.10,
    "dma200" : 768.25,
    "volume" : 28372.00
  }, {
    "date" : "2025-11-17",
    "price" : 743.75,
    "dma50" : 752.38,
    "dma100" : 742.31,
    "dma200" : 768.01,
    "volume" : 65090.00
  }, {
    "date" : "2025-11-18",
    "price" : 736.70,
    "dma50" : 751.76,
    "dma100" : 742.16,
    "dma200" : 767.70,
    "volume" : 100673.00
  }, {
    "date" : "2025-11-19",
    "price" : 720.75,
    "dma50" : 750.55,
    "dma100" : 741.92,
    "dma200" : 767.23,
    "volume" : 49008.00
  }, {
    "date" : "2025-11-20",
    "price" : 713.75,
    "dma50" : 749.10,
    "dma100" : 741.68,
    "dma200" : 766.70,
    "volume" : 111209.00
  }, {
    "date" : "2025-11-21",
    "price" : 708.10,
    "dma50" : 747.49,
    "dma100" : 741.25,
    "dma200" : 766.12,
    "volume" : 52944.00
  }, {
    "date" : "2025-11-24",
    "price" : 695.95,
    "dma50" : 745.47,
    "dma100" : 740.75,
    "dma200" : 765.42,
    "volume" : 20368.00
  }, {
    "date" : "2025-11-25",
    "price" : 688.30,
    "dma50" : 743.23,
    "dma100" : 740.15,
    "dma200" : 764.65,
    "volume" : 36041.00
  }, {
    "date" : "2025-11-26",
    "price" : 691.75,
    "dma50" : 741.21,
    "dma100" : 739.37,
    "dma200" : 763.92,
    "volume" : 27512.00
  }, {
    "date" : "2025-11-27",
    "price" : 685.00,
    "dma50" : 739.01,
    "dma100" : 738.65,
    "dma200" : 763.14,
    "volume" : 22880.00
  }, {
    "date" : "2025-11-28",
    "price" : 706.20,
    "dma50" : 737.72,
    "dma100" : 738.23,
    "dma200" : 762.57,
    "volume" : 48933.00
  } ],
  "latestTechnicalAttributes" : {
    "date" : "2025-11-28",
    "price" : 706.20,
    "dma50" : 737.72,
    "dma100" : 738.23,
    "dma200" : 762.57,
    "volume" : 48933.00
  },
  "quarterlyResults" : [ {
    "date" : "2005-03-31",
    "sales" : 82.26,
    "salesGrowthYoY" : null,
    "grossProfitMargin" : 45.38,
    "grossProfit" : 37.33,
    "operatingProfitMargin" : 14.20,
    "operatingProfit" : 11.68,
    "netProfitMargin" : 8.91,
    "netProfit" : 7.33
  }, {
    "date" : "2005-06-30",
    "sales" : 84.55,
    "salesGrowthYoY" : null,
    "grossProfitMargin" : 46.02,
    "grossProfit" : 38.91,
    "operatingProfitMargin" : 10.82,
    "operatingProfit" : 9.15,
    "netProfitMargin" : 4.67,
    "netProfit" : 3.95
  }, {
    "date" : "2005-09-30",
    "sales" : 75.89,
    "salesGrowthYoY" : null,
    "grossProfitMargin" : 47.94,
    "grossProfit" : 36.38,
    "operatingProfitMargin" : 10.33,
    "operatingProfit" : 7.84,
    "netProfitMargin" : 5.10,
    "netProfit" : 3.87
  }, {
    "date" : "2005-12-31",
    "sales" : 85.81,
    "salesGrowthYoY" : null,
    "grossProfitMargin" : 47.41,
    "grossProfit" : 40.68,
    "operatingProfitMargin" : 14.47,
    "operatingProfit" : 12.42,
    "netProfitMargin" : 8.34,
    "netProfit" : 7.16
  }, {
    "date" : "2006-03-31",
    "sales" : 110.59,
    "salesGrowthYoY" : 34.44,
    "grossProfitMargin" : 55.29,
    "grossProfit" : 61.15,
    "operatingProfitMargin" : 24.63,
    "operatingProfit" : 27.24,
    "netProfitMargin" : 20.56,
    "netProfit" : 22.74
  }, {
    "date" : "2006-06-30",
    "sales" : 113.27,
    "salesGrowthYoY" : 33.97,
    "grossProfitMargin" : 59.52,
    "grossProfit" : 67.42,
    "operatingProfitMargin" : 26.44,
    "operatingProfit" : 29.95,
    "netProfitMargin" : 16.61,
    "netProfit" : 18.81
  }, {
    "date" : "2006-09-30",
    "sales" : 119.80,
    "salesGrowthYoY" : 57.86,
    "grossProfitMargin" : 57.60,
    "grossProfit" : 69.00,
    "operatingProfitMargin" : 28.23,
    "operatingProfit" : 33.82,
    "netProfitMargin" : 16.95,
    "netProfit" : 20.31
  }, {
    "date" : "2006-12-31",
    "sales" : 111.73,
    "salesGrowthYoY" : 30.21,
    "grossProfitMargin" : 63.41,
    "grossProfit" : 70.85,
    "operatingProfitMargin" : 29.88,
    "operatingProfit" : 33.38,
    "netProfitMargin" : 18.29,
    "netProfit" : 20.44
  }, {
    "date" : "2007-03-31",
    "sales" : 116.01,
    "salesGrowthYoY" : 4.90,
    "grossProfitMargin" : 61.93,
    "grossProfit" : 71.84,
    "operatingProfitMargin" : 29.30,
    "operatingProfit" : 33.99,
    "netProfitMargin" : 18.53,
    "netProfit" : 21.50
  }, {
    "date" : "2007-06-30",
    "sales" : 132.32,
    "salesGrowthYoY" : 16.82,
    "grossProfitMargin" : 63.72,
    "grossProfit" : 84.31,
    "operatingProfitMargin" : 33.52,
    "operatingProfit" : 44.35,
    "netProfitMargin" : 19.56,
    "netProfit" : 25.88
  }, {
    "date" : "2007-09-30",
    "sales" : 133.48,
    "salesGrowthYoY" : 11.42,
    "grossProfitMargin" : 61.56,
    "grossProfit" : 82.17,
    "operatingProfitMargin" : 29.83,
    "operatingProfit" : 39.82,
    "netProfitMargin" : 20.83,
    "netProfit" : 27.80
  }, {
    "date" : "2007-12-31",
    "sales" : 121.04,
    "salesGrowthYoY" : 8.33,
    "grossProfitMargin" : 65.27,
    "grossProfit" : 79.00,
    "operatingProfitMargin" : 28.57,
    "operatingProfit" : 34.58,
    "netProfitMargin" : 21.27,
    "netProfit" : 25.75
  }, {
    "date" : "2008-03-31",
    "sales" : 126.34,
    "salesGrowthYoY" : 8.90,
    "grossProfitMargin" : 63.87,
    "grossProfit" : 80.69,
    "operatingProfitMargin" : 29.46,
    "operatingProfit" : 37.22,
    "netProfitMargin" : 27.11,
    "netProfit" : 34.25
  }, {
    "date" : "2008-06-30",
    "sales" : 117.45,
    "salesGrowthYoY" : -11.24,
    "grossProfitMargin" : 63.39,
    "grossProfit" : 74.45,
    "operatingProfitMargin" : 27.67,
    "operatingProfit" : 32.50,
    "netProfitMargin" : 16.34,
    "netProfit" : 19.19
  }, {
    "date" : "2008-09-30",
    "sales" : 137.40,
    "salesGrowthYoY" : 2.94,
    "grossProfitMargin" : 60.72,
    "grossProfit" : 83.43,
    "operatingProfitMargin" : 23.17,
    "operatingProfit" : 31.84,
    "netProfitMargin" : 13.71,
    "netProfit" : 18.84
  }, {
    "date" : "2008-12-31",
    "sales" : 141.66,
    "salesGrowthYoY" : 17.04,
    "grossProfitMargin" : 57.00,
    "grossProfit" : 80.75,
    "operatingProfitMargin" : 22.06,
    "operatingProfit" : 31.25,
    "netProfitMargin" : 12.20,
    "netProfit" : 17.28
  }, {
    "date" : "2009-03-31",
    "sales" : 169.63,
    "salesGrowthYoY" : 34.26,
    "grossProfitMargin" : 58.59,
    "grossProfit" : 99.39,
    "operatingProfitMargin" : 25.15,
    "operatingProfit" : 42.66,
    "netProfitMargin" : 22.79,
    "netProfit" : 38.66
  }, {
    "date" : "2009-06-30",
    "sales" : 155.09,
    "salesGrowthYoY" : 32.05,
    "grossProfitMargin" : 68.08,
    "grossProfit" : 105.59,
    "operatingProfitMargin" : 36.72,
    "operatingProfit" : 56.95,
    "netProfitMargin" : 21.74,
    "netProfit" : 33.72
  }, {
    "date" : "2009-09-30",
    "sales" : 165.80,
    "salesGrowthYoY" : 20.67,
    "grossProfitMargin" : 66.05,
    "grossProfit" : 109.51,
    "operatingProfitMargin" : 36.16,
    "operatingProfit" : 59.95,
    "netProfitMargin" : 21.38,
    "netProfit" : 35.45
  }, {
    "date" : "2009-12-31",
    "sales" : 149.44,
    "salesGrowthYoY" : 5.49,
    "grossProfitMargin" : 62.23,
    "grossProfit" : 93.00,
    "operatingProfitMargin" : 30.37,
    "operatingProfit" : 45.38,
    "netProfitMargin" : 17.91,
    "netProfit" : 26.76
  }, {
    "date" : "2010-03-31",
    "sales" : 152.01,
    "salesGrowthYoY" : -10.39,
    "grossProfitMargin" : 54.37,
    "grossProfit" : 82.65,
    "operatingProfitMargin" : 24.87,
    "operatingProfit" : 37.80,
    "netProfitMargin" : 15.06,
    "netProfit" : 22.89
  }, {
    "date" : "2010-06-30",
    "sales" : 133.75,
    "salesGrowthYoY" : -13.76,
    "grossProfitMargin" : 59.69,
    "grossProfit" : 79.84,
    "operatingProfitMargin" : 23.20,
    "operatingProfit" : 31.03,
    "netProfitMargin" : 15.28,
    "netProfit" : 20.44
  }, {
    "date" : "2010-09-30",
    "sales" : 115.72,
    "salesGrowthYoY" : -30.21,
    "grossProfitMargin" : 46.59,
    "grossProfit" : 53.91,
    "operatingProfitMargin" : 3.34,
    "operatingProfit" : 3.87,
    "netProfitMargin" : 0.74,
    "netProfit" : 0.86
  }, {
    "date" : "2010-12-31",
    "sales" : 110.43,
    "salesGrowthYoY" : -26.10,
    "grossProfitMargin" : 47.14,
    "grossProfit" : 52.06,
    "operatingProfitMargin" : 2.56,
    "operatingProfit" : 2.83,
    "netProfitMargin" : -2.29,
    "netProfit" : -2.53
  }, {
    "date" : "2011-03-31",
    "sales" : 136.22,
    "salesGrowthYoY" : -10.39,
    "grossProfitMargin" : 58.33,
    "grossProfit" : 79.46,
    "operatingProfitMargin" : 18.84,
    "operatingProfit" : 25.66,
    "netProfitMargin" : 14.30,
    "netProfit" : 19.48
  }, {
    "date" : "2011-06-30",
    "sales" : 127.36,
    "salesGrowthYoY" : -4.78,
    "grossProfitMargin" : 60.03,
    "grossProfit" : 76.45,
    "operatingProfitMargin" : 18.91,
    "operatingProfit" : 24.08,
    "netProfitMargin" : 8.77,
    "netProfit" : 11.17
  }, {
    "date" : "2011-09-30",
    "sales" : 124.52,
    "salesGrowthYoY" : 7.60,
    "grossProfitMargin" : 49.34,
    "grossProfit" : 61.44,
    "operatingProfitMargin" : 6.64,
    "operatingProfit" : 8.27,
    "netProfitMargin" : 0.55,
    "netProfit" : 0.68
  }, {
    "date" : "2011-12-31",
    "sales" : 172.40,
    "salesGrowthYoY" : 56.12,
    "grossProfitMargin" : 64.01,
    "grossProfit" : 110.35,
    "operatingProfitMargin" : 22.97,
    "operatingProfit" : 39.60,
    "netProfitMargin" : 15.14,
    "netProfit" : 26.10
  }, {
    "date" : "2012-03-31",
    "sales" : 206.49,
    "salesGrowthYoY" : 51.59,
    "grossProfitMargin" : 54.91,
    "grossProfit" : 113.38,
    "operatingProfitMargin" : 15.26,
    "operatingProfit" : 31.51,
    "netProfitMargin" : 8.74,
    "netProfit" : 18.05
  }, {
    "date" : "2012-06-30",
    "sales" : 189.40,
    "salesGrowthYoY" : 48.71,
    "grossProfitMargin" : 60.15,
    "grossProfit" : 113.92,
    "operatingProfitMargin" : 21.71,
    "operatingProfit" : 41.12,
    "netProfitMargin" : 13.87,
    "netProfit" : 26.27
  }, {
    "date" : "2012-09-30",
    "sales" : 163.03,
    "salesGrowthYoY" : 30.93,
    "grossProfitMargin" : 66.37,
    "grossProfit" : 108.20,
    "operatingProfitMargin" : 22.54,
    "operatingProfit" : 36.75,
    "netProfitMargin" : 17.40,
    "netProfit" : 28.37
  }, {
    "date" : "2012-12-31",
    "sales" : 169.34,
    "salesGrowthYoY" : -1.77,
    "grossProfitMargin" : 61.16,
    "grossProfit" : 103.57,
    "operatingProfitMargin" : 18.97,
    "operatingProfit" : 32.12,
    "netProfitMargin" : 8.22,
    "netProfit" : 13.92
  }, {
    "date" : "2013-03-31",
    "sales" : 184.28,
    "salesGrowthYoY" : -10.76,
    "grossProfitMargin" : 56.12,
    "grossProfit" : 103.42,
    "operatingProfitMargin" : 11.21,
    "operatingProfit" : 20.66,
    "netProfitMargin" : 4.79,
    "netProfit" : 8.83
  }, {
    "date" : "2013-06-30",
    "sales" : 169.31,
    "salesGrowthYoY" : -10.61,
    "grossProfitMargin" : 58.83,
    "grossProfit" : 99.61,
    "operatingProfitMargin" : 15.20,
    "operatingProfit" : 25.74,
    "netProfitMargin" : 11.13,
    "netProfit" : 18.84
  }, {
    "date" : "2013-09-30",
    "sales" : 147.94,
    "salesGrowthYoY" : -9.26,
    "grossProfitMargin" : 53.28,
    "grossProfit" : 78.82,
    "operatingProfitMargin" : 4.86,
    "operatingProfit" : 7.19,
    "netProfitMargin" : 1.74,
    "netProfit" : 2.57
  }, {
    "date" : "2013-12-31",
    "sales" : 161.63,
    "salesGrowthYoY" : -4.55,
    "grossProfitMargin" : 50.49,
    "grossProfit" : 81.61,
    "operatingProfitMargin" : -3.67,
    "operatingProfit" : -5.93,
    "netProfitMargin" : 0.29,
    "netProfit" : 0.47
  }, {
    "date" : "2014-03-31",
    "sales" : 218.44,
    "salesGrowthYoY" : 18.54,
    "grossProfitMargin" : 48.98,
    "grossProfit" : 106.99,
    "operatingProfitMargin" : 13.16,
    "operatingProfit" : 28.75,
    "netProfitMargin" : 3.53,
    "netProfit" : 7.71
  }, {
    "date" : "2014-06-30",
    "sales" : 230.28,
    "salesGrowthYoY" : 36.01,
    "grossProfitMargin" : 55.54,
    "grossProfit" : 127.90,
    "operatingProfitMargin" : 16.33,
    "operatingProfit" : 37.60,
    "netProfitMargin" : 6.21,
    "netProfit" : 14.30
  }, {
    "date" : "2014-09-30",
    "sales" : 239.55,
    "salesGrowthYoY" : 61.92,
    "grossProfitMargin" : 50.58,
    "grossProfit" : 121.16,
    "operatingProfitMargin" : 9.68,
    "operatingProfit" : 23.19,
    "netProfitMargin" : 1.94,
    "netProfit" : 4.65
  }, {
    "date" : "2014-12-31",
    "sales" : 213.34,
    "salesGrowthYoY" : 31.99,
    "grossProfitMargin" : 49.22,
    "grossProfit" : 105.01,
    "operatingProfitMargin" : 4.44,
    "operatingProfit" : 9.47,
    "netProfitMargin" : -1.12,
    "netProfit" : -2.39
  }, {
    "date" : "2015-03-31",
    "sales" : 238.66,
    "salesGrowthYoY" : 9.26,
    "grossProfitMargin" : 50.18,
    "grossProfit" : 119.76,
    "operatingProfitMargin" : 8.45,
    "operatingProfit" : 20.17,
    "netProfitMargin" : 1.14,
    "netProfit" : 2.72
  }, {
    "date" : "2015-06-30",
    "sales" : 213.42,
    "salesGrowthYoY" : -7.32,
    "grossProfitMargin" : 50.87,
    "grossProfit" : 108.57,
    "operatingProfitMargin" : -0.89,
    "operatingProfit" : -1.90,
    "netProfitMargin" : -8.86,
    "netProfit" : -18.91
  }, {
    "date" : "2015-09-30",
    "sales" : 200.15,
    "salesGrowthYoY" : -16.45,
    "grossProfitMargin" : 47.25,
    "grossProfit" : 94.57,
    "operatingProfitMargin" : -0.38,
    "operatingProfit" : -0.76,
    "netProfitMargin" : -8.50,
    "netProfit" : -17.01
  }, {
    "date" : "2015-12-31",
    "sales" : 212.57,
    "salesGrowthYoY" : -0.36,
    "grossProfitMargin" : 51.72,
    "grossProfit" : 109.94,
    "operatingProfitMargin" : 4.90,
    "operatingProfit" : 10.42,
    "netProfitMargin" : 0.22,
    "netProfit" : 0.47
  }, {
    "date" : "2016-03-31",
    "sales" : 215.61,
    "salesGrowthYoY" : -9.66,
    "grossProfitMargin" : 65.52,
    "grossProfit" : 141.27,
    "operatingProfitMargin" : 16.24,
    "operatingProfit" : 35.02,
    "netProfitMargin" : 6.49,
    "netProfit" : 13.99
  }, {
    "date" : "2016-06-30",
    "sales" : 225.17,
    "salesGrowthYoY" : 5.51,
    "grossProfitMargin" : 62.83,
    "grossProfit" : 141.47,
    "operatingProfitMargin" : 21.36,
    "operatingProfit" : 48.10,
    "netProfitMargin" : 10.03,
    "netProfit" : 22.58
  }, {
    "date" : "2016-09-30",
    "sales" : 189.45,
    "salesGrowthYoY" : -5.35,
    "grossProfitMargin" : 60.43,
    "grossProfit" : 114.48,
    "operatingProfitMargin" : 11.30,
    "operatingProfit" : 21.41,
    "netProfitMargin" : 2.49,
    "netProfit" : 4.72
  }, {
    "date" : "2016-12-31",
    "sales" : 233.82,
    "salesGrowthYoY" : 10.00,
    "grossProfitMargin" : 58.63,
    "grossProfit" : 137.09,
    "operatingProfitMargin" : 9.11,
    "operatingProfit" : 21.30,
    "netProfitMargin" : 2.50,
    "netProfit" : 5.85
  }, {
    "date" : "2017-03-31",
    "sales" : 256.43,
    "salesGrowthYoY" : 18.93,
    "grossProfitMargin" : 57.65,
    "grossProfit" : 147.83,
    "operatingProfitMargin" : 10.49,
    "operatingProfit" : 26.90,
    "netProfitMargin" : 1.36,
    "netProfit" : 3.49
  }, {
    "date" : "2017-06-30",
    "sales" : 251.63,
    "salesGrowthYoY" : 11.75,
    "grossProfitMargin" : 60.97,
    "grossProfit" : 153.42,
    "operatingProfitMargin" : 15.13,
    "operatingProfit" : 38.07,
    "netProfitMargin" : 4.81,
    "netProfit" : 12.10
  }, {
    "date" : "2017-09-30",
    "sales" : 235.13,
    "salesGrowthYoY" : 24.11,
    "grossProfitMargin" : 57.06,
    "grossProfit" : 134.17,
    "operatingProfitMargin" : 11.47,
    "operatingProfit" : 26.97,
    "netProfitMargin" : 0.46,
    "netProfit" : 1.08
  }, {
    "date" : "2017-12-31",
    "sales" : 291.18,
    "salesGrowthYoY" : 24.53,
    "grossProfitMargin" : 48.33,
    "grossProfit" : 140.73,
    "operatingProfitMargin" : 2.37,
    "operatingProfit" : 6.90,
    "netProfitMargin" : 0.93,
    "netProfit" : 2.71
  }, {
    "date" : "2018-03-31",
    "sales" : 302.43,
    "salesGrowthYoY" : 17.94,
    "grossProfitMargin" : 52.40,
    "grossProfit" : 158.47,
    "operatingProfitMargin" : 3.42,
    "operatingProfit" : 10.34,
    "netProfitMargin" : -1.49,
    "netProfit" : -4.51
  }, {
    "date" : "2018-06-30",
    "sales" : 254.63,
    "salesGrowthYoY" : 1.19,
    "grossProfitMargin" : 50.21,
    "grossProfit" : 127.85,
    "operatingProfitMargin" : 1.95,
    "operatingProfit" : 4.97,
    "netProfitMargin" : -6.02,
    "netProfit" : -15.33
  }, {
    "date" : "2018-09-30",
    "sales" : 288.77,
    "salesGrowthYoY" : 22.81,
    "grossProfitMargin" : 49.32,
    "grossProfit" : 142.42,
    "operatingProfitMargin" : 5.87,
    "operatingProfit" : 16.95,
    "netProfitMargin" : 1.08,
    "netProfit" : 3.12
  }, {
    "date" : "2018-12-31",
    "sales" : 336.69,
    "salesGrowthYoY" : 15.63,
    "grossProfitMargin" : 49.25,
    "grossProfit" : 165.82,
    "operatingProfitMargin" : 4.18,
    "operatingProfit" : 14.07,
    "netProfitMargin" : 0.23,
    "netProfit" : 0.77
  }, {
    "date" : "2019-03-31",
    "sales" : 318.09,
    "salesGrowthYoY" : 5.18,
    "grossProfitMargin" : 52.57,
    "grossProfit" : 167.22,
    "operatingProfitMargin" : 6.19,
    "operatingProfit" : 19.69,
    "netProfitMargin" : 0.53,
    "netProfit" : 1.69
  }, {
    "date" : "2019-06-30",
    "sales" : 333.16,
    "salesGrowthYoY" : 30.84,
    "grossProfitMargin" : 63.15,
    "grossProfit" : 210.39,
    "operatingProfitMargin" : 20.40,
    "operatingProfit" : 67.96,
    "netProfitMargin" : 9.97,
    "netProfit" : 33.22
  }, {
    "date" : "2019-09-30",
    "sales" : 289.25,
    "salesGrowthYoY" : 0.17,
    "grossProfitMargin" : 59.55,
    "grossProfit" : 172.25,
    "operatingProfitMargin" : 15.39,
    "operatingProfit" : 44.52,
    "netProfitMargin" : 5.09,
    "netProfit" : 14.72
  }, {
    "date" : "2019-12-31",
    "sales" : 309.04,
    "salesGrowthYoY" : -8.21,
    "grossProfitMargin" : 58.74,
    "grossProfit" : 181.53,
    "operatingProfitMargin" : 13.22,
    "operatingProfit" : 40.86,
    "netProfitMargin" : 4.03,
    "netProfit" : 12.45
  }, {
    "date" : "2020-03-31",
    "sales" : 296.80,
    "salesGrowthYoY" : -6.69,
    "grossProfitMargin" : 62.48,
    "grossProfit" : 185.44,
    "operatingProfitMargin" : 15.50,
    "operatingProfit" : 46.00,
    "netProfitMargin" : 5.23,
    "netProfit" : 15.52
  }, {
    "date" : "2020-06-30",
    "sales" : 226.22,
    "salesGrowthYoY" : -32.10,
    "grossProfitMargin" : 61.27,
    "grossProfit" : 138.60,
    "operatingProfitMargin" : 20.54,
    "operatingProfit" : 46.47,
    "netProfitMargin" : 6.10,
    "netProfit" : 13.80
  }, {
    "date" : "2020-09-30",
    "sales" : 324.63,
    "salesGrowthYoY" : 12.23,
    "grossProfitMargin" : 58.36,
    "grossProfit" : 189.45,
    "operatingProfitMargin" : 15.51,
    "operatingProfit" : 50.35,
    "netProfitMargin" : 4.81,
    "netProfit" : 15.61
  }, {
    "date" : "2020-12-31",
    "sales" : 341.34,
    "salesGrowthYoY" : 10.45,
    "grossProfitMargin" : 63.41,
    "grossProfit" : 216.44,
    "operatingProfitMargin" : 21.98,
    "operatingProfit" : 75.03,
    "netProfitMargin" : 9.58,
    "netProfit" : 32.70
  }, {
    "date" : "2021-03-31",
    "sales" : 411.38,
    "salesGrowthYoY" : 38.61,
    "grossProfitMargin" : 59.33,
    "grossProfit" : 244.07,
    "operatingProfitMargin" : 18.36,
    "operatingProfit" : 75.53,
    "netProfitMargin" : 8.60,
    "netProfit" : 35.38
  }, {
    "date" : "2021-06-30",
    "sales" : 358.32,
    "salesGrowthYoY" : 58.39,
    "grossProfitMargin" : 62.59,
    "grossProfit" : 224.27,
    "operatingProfitMargin" : 22.06,
    "operatingProfit" : 79.05,
    "netProfitMargin" : 9.79,
    "netProfit" : 35.08
  }, {
    "date" : "2021-09-30",
    "sales" : 375.74,
    "salesGrowthYoY" : 15.74,
    "grossProfitMargin" : 53.67,
    "grossProfit" : 201.66,
    "operatingProfitMargin" : 10.04,
    "operatingProfit" : 37.72,
    "netProfitMargin" : 2.95,
    "netProfit" : 11.08
  }, {
    "date" : "2021-12-31",
    "sales" : 380.37,
    "salesGrowthYoY" : 11.43,
    "grossProfitMargin" : 52.51,
    "grossProfit" : 199.73,
    "operatingProfitMargin" : 12.21,
    "operatingProfit" : 46.44,
    "netProfitMargin" : 3.70,
    "netProfit" : 14.07
  }, {
    "date" : "2022-03-31",
    "sales" : 451.63,
    "salesGrowthYoY" : 9.78,
    "grossProfitMargin" : 51.83,
    "grossProfit" : 234.08,
    "operatingProfitMargin" : 12.23,
    "operatingProfit" : 55.23,
    "netProfitMargin" : 3.87,
    "netProfit" : 17.48
  }, {
    "date" : "2022-06-30",
    "sales" : 513.81,
    "salesGrowthYoY" : 43.39,
    "grossProfitMargin" : 53.02,
    "grossProfit" : 272.42,
    "operatingProfitMargin" : 14.45,
    "operatingProfit" : 74.25,
    "netProfitMargin" : 5.47,
    "netProfit" : 28.11
  }, {
    "date" : "2022-09-30",
    "sales" : 399.24,
    "salesGrowthYoY" : 6.25,
    "grossProfitMargin" : 40.00,
    "grossProfit" : 159.70,
    "operatingProfitMargin" : 1.78,
    "operatingProfit" : 7.11,
    "netProfitMargin" : -1.92,
    "netProfit" : -7.67
  }, {
    "date" : "2022-12-31",
    "sales" : 429.20,
    "salesGrowthYoY" : 12.84,
    "grossProfitMargin" : 44.45,
    "grossProfit" : 190.78,
    "operatingProfitMargin" : 4.98,
    "operatingProfit" : 21.37,
    "netProfitMargin" : 0.12,
    "netProfit" : 0.52
  }, {
    "date" : "2023-03-31",
    "sales" : 459.33,
    "salesGrowthYoY" : 1.70,
    "grossProfitMargin" : 52.59,
    "grossProfit" : 241.56,
    "operatingProfitMargin" : 9.81,
    "operatingProfit" : 45.06,
    "netProfitMargin" : 3.40,
    "netProfit" : 15.62
  }, {
    "date" : "2023-06-30",
    "sales" : 420.53,
    "salesGrowthYoY" : -18.15,
    "grossProfitMargin" : 52.46,
    "grossProfit" : 220.61,
    "operatingProfitMargin" : 12.23,
    "operatingProfit" : 51.43,
    "netProfitMargin" : 3.49,
    "netProfit" : 14.68
  }, {
    "date" : "2023-09-30",
    "sales" : 428.21,
    "salesGrowthYoY" : 7.26,
    "grossProfitMargin" : 54.40,
    "grossProfit" : 232.95,
    "operatingProfitMargin" : 11.22,
    "operatingProfit" : 48.05,
    "netProfitMargin" : 2.75,
    "netProfit" : 11.78
  }, {
    "date" : "2023-12-31",
    "sales" : 439.43,
    "salesGrowthYoY" : 2.38,
    "grossProfitMargin" : 54.04,
    "grossProfit" : 237.47,
    "operatingProfitMargin" : 13.06,
    "operatingProfit" : 57.39,
    "netProfitMargin" : 3.63,
    "netProfit" : 15.95
  }, {
    "date" : "2024-03-31",
    "sales" : 437.31,
    "salesGrowthYoY" : -4.79,
    "grossProfitMargin" : 55.97,
    "grossProfit" : 244.76,
    "operatingProfitMargin" : 10.42,
    "operatingProfit" : 45.57,
    "netProfitMargin" : 3.95,
    "netProfit" : 17.27
  }, {
    "date" : "2024-06-30",
    "sales" : 380.57,
    "salesGrowthYoY" : -9.50,
    "grossProfitMargin" : 56.06,
    "grossProfit" : 213.35,
    "operatingProfitMargin" : 7.80,
    "operatingProfit" : 29.68,
    "netProfitMargin" : 4.48,
    "netProfit" : 17.05
  }, {
    "date" : "2024-09-30",
    "sales" : 359.14,
    "salesGrowthYoY" : -16.13,
    "grossProfitMargin" : 55.46,
    "grossProfit" : 199.18,
    "operatingProfitMargin" : 8.39,
    "operatingProfit" : 30.13,
    "netProfitMargin" : 0.91,
    "netProfit" : 3.27
  }, {
    "date" : "2024-12-31",
    "sales" : 438.38,
    "salesGrowthYoY" : -0.24,
    "grossProfitMargin" : 55.15,
    "grossProfit" : 241.77,
    "operatingProfitMargin" : 9.92,
    "operatingProfit" : 43.49,
    "netProfitMargin" : 1.78,
    "netProfit" : 7.80
  }, {
    "date" : "2025-03-31",
    "sales" : 502.90,
    "salesGrowthYoY" : 15.00,
    "grossProfitMargin" : 51.66,
    "grossProfit" : 259.80,
    "operatingProfitMargin" : 10.77,
    "operatingProfit" : 54.16,
    "netProfitMargin" : 3.36,
    "netProfit" : 16.90
  }, {
    "date" : "2025-06-30",
    "sales" : 451.74,
    "salesGrowthYoY" : 18.70,
    "grossProfitMargin" : 64.62,
    "grossProfit" : 291.91,
    "operatingProfitMargin" : 16.64,
    "operatingProfit" : 75.17,
    "netProfitMargin" : 7.14,
    "netProfit" : 32.25
  }, {
    "date" : "2025-09-30",
    "sales" : 394.88,
    "salesGrowthYoY" : 9.95,
    "grossProfitMargin" : 56.90,
    "grossProfit" : 224.69,
    "operatingProfitMargin" : 10.81,
    "operatingProfit" : 42.69,
    "netProfitMargin" : 5.09,
    "netProfit" : 20.10
  } ],
  "latestQuarterlyResult" : {
    "date" : "2025-09-30",
    "sales" : 394.88,
    "salesGrowthYoY" : 9.95,
    "grossProfitMargin" : 56.90,
    "grossProfit" : 224.69,
    "operatingProfitMargin" : 10.81,
    "operatingProfit" : 42.69,
    "netProfitMargin" : 5.09,
    "netProfit" : 20.10
  },
  "companyScore" : {
    "priceHigherThanDma50" : 0.00,
    "priceHigherThanDma100" : 0.00,
    "priceHigherThanDma200" : 0.00,
    "dma50HigherThanDma100" : 0.00,
    "dma50HigherThanDma200" : 0.00,
    "dma100HigherThanDma200" : 0.00,
    "pricePercentageAboveDma50" : 5.21,
    "pricePercentageAboveDma100" : 5.22,
    "pricePercentageAboveDma200" : 5.37,
    "weeklyVolumeHigherThanYearlyVolume" : 0.00,
    "salesGrowthPercentile" : 10.63,
    "operatingProfitMarginPercentile" : 7.23,
    "netProfitMarginPercentile" : 5.18,
    "totalTechnicalScore" : 15.80,
    "totalFundamentalScore" : 23.04,
    "totalScore" : 38.84
  }
}