{
  "metadata" : {
    "screenerCompanyId" : "2040",
    "companyCode" : "MAYURUNIQ",
    "companyName" : "Mayur Uniquoters",
    "screenerCompanyLink" : "https://www.screener.in/company/MAYURUNIQ/",
    "screenerTechnicalHistoryLink" : "https://www.screener.in/api/company/2040/chart/?q=Price-DMA50-DMA200-Volume&days=365",
    "screenerQuarterlyResultsLink" : "https://www.screener.in/api/company/2040/chart/?q=GPM-OPM-NPM-Quarter+Sales&days=10000",
    "attributes" : {
      "companyCode" : "MAYURUNIQ",
      "companyName" : "Mayur Uniquoters",
      "marketCap" : 2407.00,
      "peRatio" : 13.60,
      "description" : "Mayur Uniquoters is primarily engaged in the business of manufacturing of Coated Textile Fabrics, artificial leather and PVC Vinyl which are widely used in different segments such as Footwear, Furnishings, Automotive OEM, Automotive replacement market, and Automotive Exports."
    },
    "companyScore" : {
      "priceHigherThanDma50" : 5.00,
      "priceHigherThanDma100" : 5.00,
      "priceHigherThanDma200" : 5.00,
      "dma50HigherThanDma100" : 5.00,
      "dma50HigherThanDma200" : 5.00,
      "dma100HigherThanDma200" : 0.00,
      "pricePercentageAboveDma50" : 4.80,
      "pricePercentageAboveDma100" : 4.61,
      "pricePercentageAboveDma200" : 4.76,
      "weeklyVolumeHigherThanYearlyVolume" : 0.00,
      "salesGrowthPercentile" : 13.25,
      "operatingProfitMarginPercentile" : 16.67,
      "netProfitMarginPercentile" : 10.00,
      "totalTechnicalScore" : 39.17,
      "totalFundamentalScore" : 39.92,
      "totalScore" : 79.09
    }
  },
  "attributes" : {
    "companyCode" : "MAYURUNIQ",
    "companyName" : "Mayur Uniquoters",
    "marketCap" : 2407.00,
    "peRatio" : 13.60,
    "description" : "Mayur Uniquoters is primarily engaged in the business of manufacturing of Coated Textile Fabrics, artificial leather and PVC Vinyl which are widely used in different segments such as Footwear, Furnishings, Automotive OEM, Automotive replacement market, and Automotive Exports."
  },
  "technicalHistory" : [ {
    "date" : "2025-02-24",
    "price" : 481.50,
    "dma50" : 547.14,
    "dma100" : null,
    "dma200" : 574.11,
    "volume" : 36805.00
  }, {
    "date" : "2025-02-25",
    "price" : 482.20,
    "dma50" : 544.59,
    "dma100" : null,
    "dma200" : 573.20,
    "volume" : 49086.00
  }, {
    "date" : "2025-02-27",
    "price" : 480.50,
    "dma50" : 542.08,
    "dma100" : null,
    "dma200" : 572.28,
    "volume" : 52913.00
  }, {
    "date" : "2025-02-28",
    "price" : 468.55,
    "dma50" : 539.20,
    "dma100" : null,
    "dma200" : 571.25,
    "volume" : 51454.00
  }, {
    "date" : "2025-03-03",
    "price" : 459.35,
    "dma50" : 536.07,
    "dma100" : null,
    "dma200" : 570.13,
    "volume" : 83423.00
  }, {
    "date" : "2025-03-04",
    "price" : 460.60,
    "dma50" : 533.11,
    "dma100" : null,
    "dma200" : 569.04,
    "volume" : 66632.00
  }, {
    "date" : "2025-03-05",
    "price" : 474.05,
    "dma50" : 530.79,
    "dma100" : null,
    "dma200" : 568.10,
    "volume" : 83518.00
  }, {
    "date" : "2025-03-06",
    "price" : 484.55,
    "dma50" : 528.98,
    "dma100" : null,
    "dma200" : 567.27,
    "volume" : 114497.00
  }, {
    "date" : "2025-03-07",
    "price" : 481.70,
    "dma50" : 527.12,
    "dma100" : null,
    "dma200" : 566.41,
    "volume" : 45958.00
  }, {
    "date" : "2025-03-10",
    "price" : 468.75,
    "dma50" : 524.83,
    "dma100" : null,
    "dma200" : 565.44,
    "volume" : 60929.00
  }, {
    "date" : "2025-03-11",
    "price" : 481.15,
    "dma50" : 523.12,
    "dma100" : null,
    "dma200" : 564.60,
    "volume" : 68504.00
  }, {
    "date" : "2025-03-12",
    "price" : 466.80,
    "dma50" : 520.91,
    "dma100" : null,
    "dma200" : 563.63,
    "volume" : 59255.00
  }, {
    "date" : "2025-03-13",
    "price" : 461.25,
    "dma50" : 518.57,
    "dma100" : null,
    "dma200" : 562.61,
    "volume" : 66389.00
  }, {
    "date" : "2025-03-17",
    "price" : 455.50,
    "dma50" : 516.10,
    "dma100" : null,
    "dma200" : 561.55,
    "volume" : 134126.00
  }, {
    "date" : "2025-03-18",
    "price" : 452.45,
    "dma50" : 513.60,
    "dma100" : null,
    "dma200" : 560.46,
    "volume" : 209340.00
  }, {
    "date" : "2025-03-19",
    "price" : 468.35,
    "dma50" : 511.83,
    "dma100" : null,
    "dma200" : 559.54,
    "volume" : 106590.00
  }, {
    "date" : "2025-03-20",
    "price" : 471.20,
    "dma50" : 510.23,
    "dma100" : null,
    "dma200" : 558.66,
    "volume" : 84117.00
  }, {
    "date" : "2025-03-21",
    "price" : 477.90,
    "dma50" : 508.97,
    "dma100" : null,
    "dma200" : 557.86,
    "volume" : 94043.00
  }, {
    "date" : "2025-03-24",
    "price" : 474.15,
    "dma50" : 507.60,
    "dma100" : null,
    "dma200" : 557.03,
    "volume" : 134223.00
  }, {
    "date" : "2025-03-25",
    "price" : 469.00,
    "dma50" : 506.09,
    "dma100" : null,
    "dma200" : 556.15,
    "volume" : 141882.00
  }, {
    "date" : "2025-03-26",
    "price" : 456.10,
    "dma50" : 504.13,
    "dma100" : null,
    "dma200" : 555.16,
    "volume" : 153329.00
  }, {
    "date" : "2025-03-27",
    "price" : 461.65,
    "dma50" : 502.46,
    "dma100" : null,
    "dma200" : 554.23,
    "volume" : 240010.00
  }, {
    "date" : "2025-03-28",
    "price" : 473.15,
    "dma50" : 501.31,
    "dma100" : null,
    "dma200" : 553.42,
    "volume" : 158593.00
  }, {
    "date" : "2025-04-01",
    "price" : 480.15,
    "dma50" : 500.48,
    "dma100" : null,
    "dma200" : 552.69,
    "volume" : 53147.00
  }, {
    "date" : "2025-04-02",
    "price" : 483.50,
    "dma50" : 499.82,
    "dma100" : null,
    "dma200" : 552.00,
    "volume" : 26700.00
  }, {
    "date" : "2025-04-03",
    "price" : 493.00,
    "dma50" : 499.55,
    "dma100" : null,
    "dma200" : 551.41,
    "volume" : 47381.00
  }, {
    "date" : "2025-04-04",
    "price" : 487.90,
    "dma50" : 499.09,
    "dma100" : null,
    "dma200" : 550.78,
    "volume" : 47669.00
  }, {
    "date" : "2025-04-07",
    "price" : 460.05,
    "dma50" : 497.56,
    "dma100" : null,
    "dma200" : 549.88,
    "volume" : 123351.00
  }, {
    "date" : "2025-04-08",
    "price" : 464.85,
    "dma50" : 496.28,
    "dma100" : null,
    "dma200" : 549.03,
    "volume" : 47742.00
  }, {
    "date" : "2025-04-09",
    "price" : 445.30,
    "dma50" : 494.28,
    "dma100" : null,
    "dma200" : 548.00,
    "volume" : 238164.00
  }, {
    "date" : "2025-04-11",
    "price" : 458.35,
    "dma50" : 492.87,
    "dma100" : null,
    "dma200" : 547.11,
    "volume" : 96833.00
  }, {
    "date" : "2025-04-15",
    "price" : 480.60,
    "dma50" : 492.39,
    "dma100" : null,
    "dma200" : 546.45,
    "volume" : 127240.00
  }, {
    "date" : "2025-04-16",
    "price" : 494.90,
    "dma50" : 492.49,
    "dma100" : null,
    "dma200" : 545.94,
    "volume" : 60256.00
  }, {
    "date" : "2025-04-17",
    "price" : 488.70,
    "dma50" : 492.34,
    "dma100" : null,
    "dma200" : 545.37,
    "volume" : 34691.00
  }, {
    "date" : "2025-04-21",
    "price" : 486.35,
    "dma50" : 492.10,
    "dma100" : null,
    "dma200" : 544.78,
    "volume" : 47923.00
  }, {
    "date" : "2025-04-22",
    "price" : 500.70,
    "dma50" : 492.44,
    "dma100" : null,
    "dma200" : 544.34,
    "volume" : 54292.00
  }, {
    "date" : "2025-04-23",
    "price" : 499.95,
    "dma50" : 492.74,
    "dma100" : null,
    "dma200" : 543.90,
    "volume" : 53937.00
  }, {
    "date" : "2025-04-24",
    "price" : 502.90,
    "dma50" : 493.13,
    "dma100" : null,
    "dma200" : 543.49,
    "volume" : 58525.00
  }, {
    "date" : "2025-04-25",
    "price" : 478.80,
    "dma50" : 492.57,
    "dma100" : null,
    "dma200" : 542.85,
    "volume" : 58014.00
  }, {
    "date" : "2025-04-28",
    "price" : 479.85,
    "dma50" : 492.07,
    "dma100" : null,
    "dma200" : 542.22,
    "volume" : 34552.00
  }, {
    "date" : "2025-04-29",
    "price" : 467.35,
    "dma50" : 491.10,
    "dma100" : null,
    "dma200" : 541.47,
    "volume" : 108448.00
  }, {
    "date" : "2025-04-30",
    "price" : 460.50,
    "dma50" : 489.90,
    "dma100" : null,
    "dma200" : 540.67,
    "volume" : 86344.00
  }, {
    "date" : "2025-05-02",
    "price" : 450.45,
    "dma50" : 488.36,
    "dma100" : null,
    "dma200" : 539.77,
    "volume" : 184704.00
  }, {
    "date" : "2025-05-05",
    "price" : 468.40,
    "dma50" : 487.57,
    "dma100" : null,
    "dma200" : 539.06,
    "volume" : 51572.00
  }, {
    "date" : "2025-05-06",
    "price" : 465.20,
    "dma50" : 486.70,
    "dma100" : null,
    "dma200" : 538.33,
    "volume" : 37467.00
  }, {
    "date" : "2025-05-07",
    "price" : 471.55,
    "dma50" : 486.10,
    "dma100" : null,
    "dma200" : 537.66,
    "volume" : 60929.00
  }, {
    "date" : "2025-05-08",
    "price" : 464.25,
    "dma50" : 485.25,
    "dma100" : null,
    "dma200" : 536.93,
    "volume" : 85534.00
  }, {
    "date" : "2025-05-09",
    "price" : 532.25,
    "dma50" : 487.09,
    "dma100" : null,
    "dma200" : 536.88,
    "volume" : 2166945.00
  }, {
    "date" : "2025-05-12",
    "price" : 575.35,
    "dma50" : 490.55,
    "dma100" : null,
    "dma200" : 537.27,
    "volume" : 456701.00
  }, {
    "date" : "2025-05-13",
    "price" : 587.80,
    "dma50" : 494.36,
    "dma100" : null,
    "dma200" : 537.77,
    "volume" : 369207.00
  }, {
    "date" : "2025-05-14",
    "price" : 588.50,
    "dma50" : 498.06,
    "dma100" : null,
    "dma200" : 538.27,
    "volume" : 77106.00
  }, {
    "date" : "2025-05-15",
    "price" : 587.85,
    "dma50" : 501.58,
    "dma100" : null,
    "dma200" : 538.77,
    "volume" : 95958.00
  }, {
    "date" : "2025-05-16",
    "price" : 587.60,
    "dma50" : 504.95,
    "dma100" : null,
    "dma200" : 539.25,
    "volume" : 45653.00
  }, {
    "date" : "2025-05-19",
    "price" : 596.35,
    "dma50" : 508.53,
    "dma100" : null,
    "dma200" : 539.82,
    "volume" : 63050.00
  }, {
    "date" : "2025-05-20",
    "price" : 591.80,
    "dma50" : 511.80,
    "dma100" : null,
    "dma200" : 540.34,
    "volume" : 48802.00
  }, {
    "date" : "2025-05-21",
    "price" : 586.75,
    "dma50" : 514.74,
    "dma100" : null,
    "dma200" : 540.80,
    "volume" : 31490.00
  }, {
    "date" : "2025-05-22",
    "price" : 579.15,
    "dma50" : 517.26,
    "dma100" : null,
    "dma200" : 541.18,
    "volume" : 46382.00
  }, {
    "date" : "2025-05-23",
    "price" : 577.35,
    "dma50" : 519.62,
    "dma100" : null,
    "dma200" : 541.54,
    "volume" : 37614.00
  }, {
    "date" : "2025-05-26",
    "price" : 577.75,
    "dma50" : 521.90,
    "dma100" : null,
    "dma200" : 541.90,
    "volume" : 32927.00
  }, {
    "date" : "2025-05-27",
    "price" : 582.40,
    "dma50" : 524.27,
    "dma100" : null,
    "dma200" : 542.31,
    "volume" : 54440.00
  }, {
    "date" : "2025-05-28",
    "price" : 585.05,
    "dma50" : 526.66,
    "dma100" : null,
    "dma200" : 542.73,
    "volume" : 45364.00
  }, {
    "date" : "2025-05-29",
    "price" : 577.30,
    "dma50" : 528.64,
    "dma100" : null,
    "dma200" : 543.08,
    "volume" : 28590.00
  }, {
    "date" : "2025-05-30",
    "price" : 587.05,
    "dma50" : 530.93,
    "dma100" : null,
    "dma200" : 543.51,
    "volume" : 40225.00
  }, {
    "date" : "2025-06-02",
    "price" : 585.20,
    "dma50" : 533.06,
    "dma100" : null,
    "dma200" : 543.93,
    "volume" : 51726.00
  }, {
    "date" : "2025-06-03",
    "price" : 577.55,
    "dma50" : 534.81,
    "dma100" : null,
    "dma200" : 544.26,
    "volume" : 40992.00
  }, {
    "date" : "2025-06-04",
    "price" : 571.40,
    "dma50" : 536.24,
    "dma100" : null,
    "dma200" : 544.53,
    "volume" : 59109.00
  }, {
    "date" : "2025-06-05",
    "price" : 583.25,
    "dma50" : 538.08,
    "dma100" : null,
    "dma200" : 544.92,
    "volume" : 46457.00
  }, {
    "date" : "2025-06-06",
    "price" : 581.05,
    "dma50" : 539.77,
    "dma100" : null,
    "dma200" : 545.28,
    "volume" : 36932.00
  }, {
    "date" : "2025-06-09",
    "price" : 593.70,
    "dma50" : 541.88,
    "dma100" : null,
    "dma200" : 545.76,
    "volume" : 69483.00
  }, {
    "date" : "2025-06-10",
    "price" : 591.05,
    "dma50" : 543.81,
    "dma100" : null,
    "dma200" : 546.21,
    "volume" : 40609.00
  }, {
    "date" : "2025-06-11",
    "price" : 592.65,
    "dma50" : 545.73,
    "dma100" : null,
    "dma200" : 546.67,
    "volume" : 51240.00
  }, {
    "date" : "2025-06-12",
    "price" : 580.95,
    "dma50" : 547.11,
    "dma100" : null,
    "dma200" : 547.01,
    "volume" : 49389.00
  }, {
    "date" : "2025-06-13",
    "price" : 578.50,
    "dma50" : 548.34,
    "dma100" : null,
    "dma200" : 547.33,
    "volume" : 75597.00
  }, {
    "date" : "2025-06-16",
    "price" : 575.80,
    "dma50" : 549.42,
    "dma100" : null,
    "dma200" : 547.61,
    "volume" : 49336.00
  }, {
    "date" : "2025-06-17",
    "price" : 567.25,
    "dma50" : 550.12,
    "dma100" : null,
    "dma200" : 547.80,
    "volume" : 41071.00
  }, {
    "date" : "2025-06-18",
    "price" : 558.00,
    "dma50" : 550.43,
    "dma100" : null,
    "dma200" : 547.91,
    "volume" : 37498.00
  }, {
    "date" : "2025-06-19",
    "price" : 555.45,
    "dma50" : 550.62,
    "dma100" : null,
    "dma200" : 547.98,
    "volume" : 45001.00
  }, {
    "date" : "2025-06-20",
    "price" : 553.25,
    "dma50" : 550.73,
    "dma100" : null,
    "dma200" : 548.03,
    "volume" : 28101.00
  }, {
    "date" : "2025-06-23",
    "price" : 549.30,
    "dma50" : 550.67,
    "dma100" : null,
    "dma200" : 548.05,
    "volume" : 62552.00
  }, {
    "date" : "2025-06-24",
    "price" : 552.75,
    "dma50" : 550.75,
    "dma100" : null,
    "dma200" : 548.09,
    "volume" : 67361.00
  }, {
    "date" : "2025-06-25",
    "price" : 562.25,
    "dma50" : 551.20,
    "dma100" : null,
    "dma200" : 548.23,
    "volume" : 59114.00
  }, {
    "date" : "2025-06-26",
    "price" : 555.85,
    "dma50" : 551.38,
    "dma100" : null,
    "dma200" : 548.31,
    "volume" : 42843.00
  }, {
    "date" : "2025-06-27",
    "price" : 553.30,
    "dma50" : 551.46,
    "dma100" : null,
    "dma200" : 548.36,
    "volume" : 31663.00
  }, {
    "date" : "2025-06-30",
    "price" : 560.00,
    "dma50" : 551.79,
    "dma100" : null,
    "dma200" : 548.48,
    "volume" : 50533.00
  }, {
    "date" : "2025-07-01",
    "price" : 552.50,
    "dma50" : 551.82,
    "dma100" : null,
    "dma200" : 548.52,
    "volume" : 35783.00
  }, {
    "date" : "2025-07-02",
    "price" : 550.65,
    "dma50" : 551.78,
    "dma100" : null,
    "dma200" : 548.54,
    "volume" : 36793.00
  }, {
    "date" : "2025-07-03",
    "price" : 565.25,
    "dma50" : 552.30,
    "dma100" : null,
    "dma200" : 548.70,
    "volume" : 49244.00
  }, {
    "date" : "2025-07-04",
    "price" : 571.95,
    "dma50" : 553.07,
    "dma100" : null,
    "dma200" : 548.93,
    "volume" : 56752.00
  }, {
    "date" : "2025-07-07",
    "price" : 574.05,
    "dma50" : 553.90,
    "dma100" : null,
    "dma200" : 549.18,
    "volume" : 45625.00
  }, {
    "date" : "2025-07-08",
    "price" : 568.70,
    "dma50" : 554.48,
    "dma100" : null,
    "dma200" : 549.38,
    "volume" : 43298.00
  }, {
    "date" : "2025-07-09",
    "price" : 566.50,
    "dma50" : 554.95,
    "dma100" : null,
    "dma200" : 549.55,
    "volume" : 23312.00
  }, {
    "date" : "2025-07-10",
    "price" : 575.20,
    "dma50" : 555.74,
    "dma100" : null,
    "dma200" : 549.80,
    "volume" : 40323.00
  }, {
    "date" : "2025-07-11",
    "price" : 570.90,
    "dma50" : 556.34,
    "dma100" : null,
    "dma200" : 550.01,
    "volume" : 34356.00
  }, {
    "date" : "2025-07-14",
    "price" : 570.05,
    "dma50" : 556.88,
    "dma100" : null,
    "dma200" : 550.21,
    "volume" : 62696.00
  }, {
    "date" : "2025-07-15",
    "price" : 595.30,
    "dma50" : 558.38,
    "dma100" : null,
    "dma200" : 550.66,
    "volume" : 132301.00
  }, {
    "date" : "2025-07-16",
    "price" : 595.10,
    "dma50" : 559.82,
    "dma100" : null,
    "dma200" : 551.10,
    "volume" : 86404.00
  }, {
    "date" : "2025-07-17",
    "price" : 597.70,
    "dma50" : 561.31,
    "dma100" : null,
    "dma200" : 551.57,
    "volume" : 74118.00
  }, {
    "date" : "2025-07-18",
    "price" : 618.10,
    "dma50" : 563.53,
    "dma100" : null,
    "dma200" : 552.23,
    "volume" : 172448.00
  }, {
    "date" : "2025-07-21",
    "price" : 607.30,
    "dma50" : 565.25,
    "dma100" : null,
    "dma200" : 552.78,
    "volume" : 56401.00
  }, {
    "date" : "2025-07-22",
    "price" : 613.25,
    "dma50" : 567.13,
    "dma100" : null,
    "dma200" : 553.38,
    "volume" : 114072.00
  }, {
    "date" : "2025-07-23",
    "price" : 604.05,
    "dma50" : 568.58,
    "dma100" : 529.38,
    "dma200" : 553.88,
    "volume" : 32778.00
  }, {
    "date" : "2025-07-24",
    "price" : 596.65,
    "dma50" : 569.68,
    "dma100" : 530.52,
    "dma200" : 554.31,
    "volume" : 70447.00
  }, {
    "date" : "2025-07-25",
    "price" : 591.90,
    "dma50" : 570.55,
    "dma100" : 531.64,
    "dma200" : 554.68,
    "volume" : 69578.00
  }, {
    "date" : "2025-07-28",
    "price" : 579.75,
    "dma50" : 570.91,
    "dma100" : 532.75,
    "dma200" : 554.93,
    "volume" : 40460.00
  }, {
    "date" : "2025-07-29",
    "price" : 600.75,
    "dma50" : 572.08,
    "dma100" : 534.16,
    "dma200" : 555.39,
    "volume" : 47287.00
  }, {
    "date" : "2025-07-30",
    "price" : 593.70,
    "dma50" : 572.93,
    "dma100" : 535.49,
    "dma200" : 555.77,
    "volume" : 199112.00
  }, {
    "date" : "2025-07-31",
    "price" : 553.15,
    "dma50" : 572.16,
    "dma100" : 536.28,
    "dma200" : 555.74,
    "volume" : 145646.00
  }, {
    "date" : "2025-08-01",
    "price" : 526.40,
    "dma50" : 570.36,
    "dma100" : 536.70,
    "dma200" : 555.45,
    "volume" : 126474.00
  }, {
    "date" : "2025-08-04",
    "price" : 524.35,
    "dma50" : 568.56,
    "dma100" : 537.13,
    "dma200" : 555.14,
    "volume" : 40178.00
  }, {
    "date" : "2025-08-05",
    "price" : 520.35,
    "dma50" : 566.67,
    "dma100" : 537.65,
    "dma200" : 554.80,
    "volume" : 35282.00
  }, {
    "date" : "2025-08-06",
    "price" : 518.35,
    "dma50" : 564.77,
    "dma100" : 538.02,
    "dma200" : 554.43,
    "volume" : 32915.00
  }, {
    "date" : "2025-08-07",
    "price" : 514.00,
    "dma50" : 562.78,
    "dma100" : 538.49,
    "dma200" : 554.03,
    "volume" : 103780.00
  }, {
    "date" : "2025-08-08",
    "price" : 529.75,
    "dma50" : 561.49,
    "dma100" : 539.17,
    "dma200" : 553.79,
    "volume" : 81135.00
  }, {
    "date" : "2025-08-11",
    "price" : 522.55,
    "dma50" : 559.96,
    "dma100" : 539.85,
    "dma200" : 553.48,
    "volume" : 18763.00
  }, {
    "date" : "2025-08-12",
    "price" : 524.80,
    "dma50" : 558.58,
    "dma100" : 540.57,
    "dma200" : 553.19,
    "volume" : 18702.00
  }, {
    "date" : "2025-08-13",
    "price" : 525.90,
    "dma50" : 557.30,
    "dma100" : 541.14,
    "dma200" : 552.92,
    "volume" : 22441.00
  }, {
    "date" : "2025-08-14",
    "price" : 517.25,
    "dma50" : 555.73,
    "dma100" : 541.60,
    "dma200" : 552.57,
    "volume" : 33844.00
  }, {
    "date" : "2025-08-18",
    "price" : 526.25,
    "dma50" : 554.57,
    "dma100" : 542.09,
    "dma200" : 552.30,
    "volume" : 38384.00
  }, {
    "date" : "2025-08-19",
    "price" : 538.85,
    "dma50" : 553.96,
    "dma100" : 542.74,
    "dma200" : 552.17,
    "volume" : 53263.00
  }, {
    "date" : "2025-08-20",
    "price" : 540.95,
    "dma50" : 553.45,
    "dma100" : 543.45,
    "dma200" : 552.06,
    "volume" : 40645.00
  }, {
    "date" : "2025-08-21",
    "price" : 550.05,
    "dma50" : 553.31,
    "dma100" : 544.39,
    "dma200" : 552.04,
    "volume" : 65277.00
  }, {
    "date" : "2025-08-22",
    "price" : 542.55,
    "dma50" : 552.89,
    "dma100" : 545.20,
    "dma200" : 551.94,
    "volume" : 92513.00
  }, {
    "date" : "2025-08-25",
    "price" : 537.95,
    "dma50" : 552.30,
    "dma100" : 545.85,
    "dma200" : 551.81,
    "volume" : 26041.00
  }, {
    "date" : "2025-08-26",
    "price" : 531.80,
    "dma50" : 551.50,
    "dma100" : 546.37,
    "dma200" : 551.61,
    "volume" : 25472.00
  }, {
    "date" : "2025-08-28",
    "price" : 528.60,
    "dma50" : 550.60,
    "dma100" : 546.82,
    "dma200" : 551.38,
    "volume" : 21104.00
  }, {
    "date" : "2025-08-29",
    "price" : 523.45,
    "dma50" : 549.54,
    "dma100" : 547.12,
    "dma200" : 551.10,
    "volume" : 27469.00
  }, {
    "date" : "2025-09-01",
    "price" : 533.55,
    "dma50" : 548.91,
    "dma100" : 547.58,
    "dma200" : 550.92,
    "volume" : 22258.00
  }, {
    "date" : "2025-09-02",
    "price" : 528.20,
    "dma50" : 548.10,
    "dma100" : 548.26,
    "dma200" : 550.70,
    "volume" : 20817.00
  }, {
    "date" : "2025-09-03",
    "price" : 528.85,
    "dma50" : 547.34,
    "dma100" : 548.90,
    "dma200" : 550.48,
    "volume" : 36725.00
  }, {
    "date" : "2025-09-04",
    "price" : 539.25,
    "dma50" : 547.03,
    "dma100" : 549.84,
    "dma200" : 550.37,
    "volume" : 66891.00
  }, {
    "date" : "2025-09-05",
    "price" : 539.70,
    "dma50" : 546.74,
    "dma100" : 550.65,
    "dma200" : 550.26,
    "volume" : 37446.00
  }, {
    "date" : "2025-09-08",
    "price" : 531.80,
    "dma50" : 546.15,
    "dma100" : 551.17,
    "dma200" : 550.08,
    "volume" : 30650.00
  }, {
    "date" : "2025-09-09",
    "price" : 522.35,
    "dma50" : 545.22,
    "dma100" : 551.44,
    "dma200" : 549.80,
    "volume" : 59151.00
  }, {
    "date" : "2025-09-10",
    "price" : 523.20,
    "dma50" : 544.36,
    "dma100" : 551.79,
    "dma200" : 549.54,
    "volume" : 59846.00
  }, {
    "date" : "2025-09-11",
    "price" : 517.90,
    "dma50" : 543.32,
    "dma100" : 552.10,
    "dma200" : 549.22,
    "volume" : 52640.00
  }, {
    "date" : "2025-09-12",
    "price" : 518.10,
    "dma50" : 542.33,
    "dma100" : 552.27,
    "dma200" : 548.91,
    "volume" : 41644.00
  }, {
    "date" : "2025-09-15",
    "price" : 519.20,
    "dma50" : 541.42,
    "dma100" : 552.47,
    "dma200" : 548.62,
    "volume" : 21741.00
  }, {
    "date" : "2025-09-16",
    "price" : 515.60,
    "dma50" : 540.41,
    "dma100" : 552.59,
    "dma200" : 548.29,
    "volume" : 46455.00
  }, {
    "date" : "2025-09-17",
    "price" : 522.50,
    "dma50" : 539.71,
    "dma100" : 553.03,
    "dma200" : 548.03,
    "volume" : 73487.00
  }, {
    "date" : "2025-09-18",
    "price" : 521.80,
    "dma50" : 539.01,
    "dma100" : 553.45,
    "dma200" : 547.77,
    "volume" : 26308.00
  }, {
    "date" : "2025-09-19",
    "price" : 528.55,
    "dma50" : 538.60,
    "dma100" : 554.06,
    "dma200" : 547.58,
    "volume" : 44249.00
  }, {
    "date" : "2025-09-22",
    "price" : 525.05,
    "dma50" : 538.06,
    "dma100" : 554.71,
    "dma200" : 547.36,
    "volume" : 54078.00
  }, {
    "date" : "2025-09-23",
    "price" : 522.10,
    "dma50" : 537.44,
    "dma100" : 555.43,
    "dma200" : 547.11,
    "volume" : 36359.00
  }, {
    "date" : "2025-09-24",
    "price" : 523.10,
    "dma50" : 536.88,
    "dma100" : 555.97,
    "dma200" : 546.87,
    "volume" : 16863.00
  }, {
    "date" : "2025-09-25",
    "price" : 519.95,
    "dma50" : 536.21,
    "dma100" : 556.52,
    "dma200" : 546.60,
    "volume" : 26800.00
  }, {
    "date" : "2025-09-26",
    "price" : 509.50,
    "dma50" : 535.16,
    "dma100" : 556.90,
    "dma200" : 546.23,
    "volume" : 36147.00
  }, {
    "date" : "2025-09-29",
    "price" : 509.25,
    "dma50" : 534.15,
    "dma100" : 557.35,
    "dma200" : 545.86,
    "volume" : 37230.00
  }, {
    "date" : "2025-09-30",
    "price" : 506.95,
    "dma50" : 533.08,
    "dma100" : 557.10,
    "dma200" : 545.48,
    "volume" : 45323.00
  }, {
    "date" : "2025-10-01",
    "price" : 507.20,
    "dma50" : 532.07,
    "dma100" : 556.41,
    "dma200" : 545.09,
    "volume" : 36723.00
  }, {
    "date" : "2025-10-03",
    "price" : 508.25,
    "dma50" : 531.13,
    "dma100" : 555.62,
    "dma200" : 544.73,
    "volume" : 17032.00
  }, {
    "date" : "2025-10-06",
    "price" : 503.60,
    "dma50" : 530.05,
    "dma100" : 554.77,
    "dma200" : 544.32,
    "volume" : 61961.00
  }, {
    "date" : "2025-10-07",
    "price" : 499.95,
    "dma50" : 528.87,
    "dma100" : 553.89,
    "dma200" : 543.88,
    "volume" : 45344.00
  }, {
    "date" : "2025-10-08",
    "price" : 499.35,
    "dma50" : 527.71,
    "dma100" : 553.01,
    "dma200" : 543.43,
    "volume" : 35971.00
  }, {
    "date" : "2025-10-09",
    "price" : 494.95,
    "dma50" : 526.43,
    "dma100" : 551.99,
    "dma200" : 542.95,
    "volume" : 105051.00
  }, {
    "date" : "2025-10-10",
    "price" : 491.50,
    "dma50" : 525.06,
    "dma100" : 550.99,
    "dma200" : 542.44,
    "volume" : 36405.00
  }, {
    "date" : "2025-10-13",
    "price" : 491.25,
    "dma50" : 523.73,
    "dma100" : 550.04,
    "dma200" : 541.93,
    "volume" : 63864.00
  }, {
    "date" : "2025-10-14",
    "price" : 495.10,
    "dma50" : 522.61,
    "dma100" : 549.20,
    "dma200" : 541.46,
    "volume" : 61313.00
  }, {
    "date" : "2025-10-15",
    "price" : 491.85,
    "dma50" : 521.40,
    "dma100" : 548.34,
    "dma200" : 540.97,
    "volume" : 91282.00
  }, {
    "date" : "2025-10-16",
    "price" : 494.95,
    "dma50" : 520.37,
    "dma100" : 547.51,
    "dma200" : 540.51,
    "volume" : 20777.00
  }, {
    "date" : "2025-10-17",
    "price" : 501.90,
    "dma50" : 519.64,
    "dma100" : 546.71,
    "dma200" : 540.13,
    "volume" : 32522.00
  }, {
    "date" : "2025-10-20",
    "price" : 505.65,
    "dma50" : 519.09,
    "dma100" : 545.91,
    "dma200" : 539.79,
    "volume" : 26450.00
  }, {
    "date" : "2025-10-21",
    "price" : 507.00,
    "dma50" : 518.62,
    "dma100" : 545.21,
    "dma200" : 539.46,
    "volume" : 8744.00
  }, {
    "date" : "2025-10-23",
    "price" : 507.65,
    "dma50" : 518.19,
    "dma100" : 544.42,
    "dma200" : 539.14,
    "volume" : 35864.00
  }, {
    "date" : "2025-10-24",
    "price" : 504.80,
    "dma50" : 517.66,
    "dma100" : 543.61,
    "dma200" : 538.80,
    "volume" : 14986.00
  }, {
    "date" : "2025-10-27",
    "price" : 498.50,
    "dma50" : 516.91,
    "dma100" : 542.82,
    "dma200" : 538.40,
    "volume" : 25607.00
  }, {
    "date" : "2025-10-28",
    "price" : 508.05,
    "dma50" : 516.57,
    "dma100" : 542.19,
    "dma200" : 538.10,
    "volume" : 39559.00
  }, {
    "date" : "2025-10-29",
    "price" : 524.40,
    "dma50" : 516.87,
    "dma100" : 541.60,
    "dma200" : 537.96,
    "volume" : 105283.00
  }, {
    "date" : "2025-10-30",
    "price" : 530.45,
    "dma50" : 517.41,
    "dma100" : 541.09,
    "dma200" : 537.89,
    "volume" : 61155.00
  }, {
    "date" : "2025-10-31",
    "price" : 545.35,
    "dma50" : 518.50,
    "dma100" : 540.61,
    "dma200" : 537.96,
    "volume" : 98321.00
  }, {
    "date" : "2025-11-03",
    "price" : 545.80,
    "dma50" : 519.57,
    "dma100" : 540.16,
    "dma200" : 538.04,
    "volume" : 60928.00
  }, {
    "date" : "2025-11-04",
    "price" : 535.60,
    "dma50" : 520.20,
    "dma100" : 539.59,
    "dma200" : 538.01,
    "volume" : 62650.00
  }, {
    "date" : "2025-11-06",
    "price" : 536.50,
    "dma50" : 520.84,
    "dma100" : 539.14,
    "dma200" : 538.00,
    "volume" : 79293.00
  }, {
    "date" : "2025-11-07",
    "price" : 544.30,
    "dma50" : 521.76,
    "dma100" : 538.80,
    "dma200" : 538.06,
    "volume" : 83430.00
  }, {
    "date" : "2025-11-10",
    "price" : 544.25,
    "dma50" : 522.64,
    "dma100" : 538.49,
    "dma200" : 538.12,
    "volume" : 30750.00
  }, {
    "date" : "2025-11-11",
    "price" : 554.95,
    "dma50" : 523.91,
    "dma100" : 538.36,
    "dma200" : 538.29,
    "volume" : 85501.00
  }, {
    "date" : "2025-11-12",
    "price" : 531.75,
    "dma50" : 524.22,
    "dma100" : 538.10,
    "dma200" : 538.23,
    "volume" : 227034.00
  }, {
    "date" : "2025-11-13",
    "price" : 528.35,
    "dma50" : 524.38,
    "dma100" : 537.83,
    "dma200" : 538.13,
    "volume" : 109728.00
  }, {
    "date" : "2025-11-14",
    "price" : 537.60,
    "dma50" : 524.90,
    "dma100" : 537.67,
    "dma200" : 538.12,
    "volume" : 44530.00
  }, {
    "date" : "2025-11-17",
    "price" : 529.00,
    "dma50" : 525.06,
    "dma100" : 537.47,
    "dma200" : 538.03,
    "volume" : 31220.00
  }, {
    "date" : "2025-11-18",
    "price" : 514.15,
    "dma50" : 524.63,
    "dma100" : 537.08,
    "dma200" : 537.79,
    "volume" : 39297.00
  }, {
    "date" : "2025-11-19",
    "price" : 500.40,
    "dma50" : 523.68,
    "dma100" : 536.47,
    "dma200" : 537.42,
    "volume" : 76863.00
  }, {
    "date" : "2025-11-20",
    "price" : 508.25,
    "dma50" : 523.07,
    "dma100" : 535.99,
    "dma200" : 537.13,
    "volume" : 61488.00
  }, {
    "date" : "2025-11-21",
    "price" : 501.90,
    "dma50" : 522.24,
    "dma100" : 535.48,
    "dma200" : 536.78,
    "volume" : 22669.00
  }, {
    "date" : "2025-11-24",
    "price" : 495.90,
    "dma50" : 521.21,
    "dma100" : 534.83,
    "dma200" : 536.37,
    "volume" : 44610.00
  }, {
    "date" : "2025-11-25",
    "price" : 493.45,
    "dma50" : 520.12,
    "dma100" : 534.24,
    "dma200" : 535.95,
    "volume" : 24142.00
  }, {
    "date" : "2025-11-26",
    "price" : 499.30,
    "dma50" : 519.31,
    "dma100" : 533.73,
    "dma200" : 535.58,
    "volume" : 113421.00
  }, {
    "date" : "2025-11-27",
    "price" : 500.85,
    "dma50" : 518.58,
    "dma100" : 533.09,
    "dma200" : 535.24,
    "volume" : 25304.00
  }, {
    "date" : "2025-11-28",
    "price" : 498.50,
    "dma50" : 517.79,
    "dma100" : 532.35,
    "dma200" : 534.87,
    "volume" : 29115.00
  }, {
    "date" : "2025-12-01",
    "price" : 506.40,
    "dma50" : 517.35,
    "dma100" : 531.68,
    "dma200" : 534.59,
    "volume" : 59246.00
  }, {
    "date" : "2025-12-02",
    "price" : 497.60,
    "dma50" : 516.57,
    "dma100" : 530.96,
    "dma200" : 534.22,
    "volume" : 40489.00
  }, {
    "date" : "2025-12-03",
    "price" : 505.30,
    "dma50" : 516.13,
    "dma100" : 530.35,
    "dma200" : 533.93,
    "volume" : 18342.00
  }, {
    "date" : "2025-12-04",
    "price" : 501.50,
    "dma50" : 515.56,
    "dma100" : 529.62,
    "dma200" : 533.61,
    "volume" : 19365.00
  }, {
    "date" : "2025-12-05",
    "price" : 499.95,
    "dma50" : 514.95,
    "dma100" : 528.91,
    "dma200" : 533.27,
    "volume" : 24599.00
  }, {
    "date" : "2025-12-08",
    "price" : 491.50,
    "dma50" : 514.03,
    "dma100" : 528.12,
    "dma200" : 532.86,
    "volume" : 55072.00
  }, {
    "date" : "2025-12-09",
    "price" : 483.45,
    "dma50" : 512.83,
    "dma100" : 527.00,
    "dma200" : 532.37,
    "volume" : 111913.00
  }, {
    "date" : "2025-12-10",
    "price" : 495.20,
    "dma50" : 512.14,
    "dma100" : 526.00,
    "dma200" : 532.00,
    "volume" : 80767.00
  }, {
    "date" : "2025-12-11",
    "price" : 491.85,
    "dma50" : 511.34,
    "dma100" : 524.94,
    "dma200" : 531.60,
    "volume" : 84430.00
  }, {
    "date" : "2025-12-12",
    "price" : 487.25,
    "dma50" : 510.40,
    "dma100" : 523.64,
    "dma200" : 531.16,
    "volume" : 33981.00
  }, {
    "date" : "2025-12-15",
    "price" : 486.60,
    "dma50" : 509.46,
    "dma100" : 522.43,
    "dma200" : 530.71,
    "volume" : 14435.00
  }, {
    "date" : "2025-12-16",
    "price" : 485.55,
    "dma50" : 508.52,
    "dma100" : 521.15,
    "dma200" : 530.26,
    "volume" : 25092.00
  }, {
    "date" : "2025-12-17",
    "price" : 484.80,
    "dma50" : 507.59,
    "dma100" : 519.96,
    "dma200" : 529.81,
    "volume" : 20450.00
  }, {
    "date" : "2025-12-18",
    "price" : 479.15,
    "dma50" : 506.48,
    "dma100" : 518.78,
    "dma200" : 529.31,
    "volume" : 76364.00
  }, {
    "date" : "2025-12-19",
    "price" : 480.95,
    "dma50" : 505.48,
    "dma100" : 517.67,
    "dma200" : 528.83,
    "volume" : 17011.00
  }, {
    "date" : "2025-12-22",
    "price" : 497.55,
    "dma50" : 505.17,
    "dma100" : 516.85,
    "dma200" : 528.52,
    "volume" : 36060.00
  }, {
    "date" : "2025-12-23",
    "price" : 496.15,
    "dma50" : 504.81,
    "dma100" : 515.81,
    "dma200" : 528.19,
    "volume" : 12124.00
  }, {
    "date" : "2025-12-24",
    "price" : 490.70,
    "dma50" : 504.26,
    "dma100" : 514.78,
    "dma200" : 527.82,
    "volume" : 53170.00
  }, {
    "date" : "2025-12-26",
    "price" : 497.45,
    "dma50" : 503.99,
    "dma100" : 514.22,
    "dma200" : 527.52,
    "volume" : 17361.00
  }, {
    "date" : "2025-12-29",
    "price" : 493.40,
    "dma50" : 503.58,
    "dma100" : 513.89,
    "dma200" : 527.18,
    "volume" : 29425.00
  }, {
    "date" : "2025-12-30",
    "price" : 492.85,
    "dma50" : 503.16,
    "dma100" : 513.57,
    "dma200" : 526.84,
    "volume" : 17823.00
  }, {
    "date" : "2025-12-31",
    "price" : 495.30,
    "dma50" : 502.85,
    "dma100" : 513.32,
    "dma200" : 526.52,
    "volume" : 40021.00
  }, {
    "date" : "2026-01-01",
    "price" : 515.35,
    "dma50" : 503.34,
    "dma100" : 513.29,
    "dma200" : 526.41,
    "volume" : 65401.00
  }, {
    "date" : "2026-01-02",
    "price" : 514.20,
    "dma50" : 503.76,
    "dma100" : 513.30,
    "dma200" : 526.29,
    "volume" : 23285.00
  }, {
    "date" : "2026-01-05",
    "price" : 491.60,
    "dma50" : 503.29,
    "dma100" : 512.91,
    "dma200" : 525.95,
    "volume" : 159818.00
  }, {
    "date" : "2026-01-06",
    "price" : 491.70,
    "dma50" : 502.83,
    "dma100" : 512.61,
    "dma200" : 525.60,
    "volume" : 86807.00
  }, {
    "date" : "2026-01-07",
    "price" : 490.50,
    "dma50" : 502.35,
    "dma100" : 512.26,
    "dma200" : 525.26,
    "volume" : 94877.00
  }, {
    "date" : "2026-01-08",
    "price" : 478.20,
    "dma50" : 501.40,
    "dma100" : 511.79,
    "dma200" : 524.79,
    "volume" : 83007.00
  }, {
    "date" : "2026-01-09",
    "price" : 477.90,
    "dma50" : 500.48,
    "dma100" : 511.39,
    "dma200" : 524.32,
    "volume" : 62318.00
  }, {
    "date" : "2026-01-12",
    "price" : 497.85,
    "dma50" : 500.38,
    "dma100" : 511.11,
    "dma200" : 524.06,
    "volume" : 49248.00
  }, {
    "date" : "2026-01-13",
    "price" : 486.75,
    "dma50" : 499.84,
    "dma100" : 510.59,
    "dma200" : 523.69,
    "volume" : 43424.00
  }, {
    "date" : "2026-01-14",
    "price" : 484.80,
    "dma50" : 499.25,
    "dma100" : 510.03,
    "dma200" : 523.30,
    "volume" : 17486.00
  }, {
    "date" : "2026-01-16",
    "price" : 494.50,
    "dma50" : 499.07,
    "dma100" : 509.47,
    "dma200" : 523.01,
    "volume" : 44641.00
  }, {
    "date" : "2026-01-19",
    "price" : 493.20,
    "dma50" : 498.84,
    "dma100" : 508.98,
    "dma200" : 522.72,
    "volume" : 31238.00
  }, {
    "date" : "2026-01-20",
    "price" : 492.20,
    "dma50" : 498.58,
    "dma100" : 508.52,
    "dma200" : 522.41,
    "volume" : 28943.00
  }, {
    "date" : "2026-01-21",
    "price" : 481.65,
    "dma50" : 497.91,
    "dma100" : 508.02,
    "dma200" : 522.01,
    "volume" : 83025.00
  }, {
    "date" : "2026-01-22",
    "price" : 488.80,
    "dma50" : 497.56,
    "dma100" : 507.62,
    "dma200" : 521.68,
    "volume" : 69800.00
  }, {
    "date" : "2026-01-23",
    "price" : 500.85,
    "dma50" : 497.68,
    "dma100" : 507.39,
    "dma200" : 521.47,
    "volume" : 250347.00
  }, {
    "date" : "2026-01-27",
    "price" : 513.20,
    "dma50" : 498.29,
    "dma100" : 507.19,
    "dma200" : 521.39,
    "volume" : 70353.00
  }, {
    "date" : "2026-01-28",
    "price" : 512.55,
    "dma50" : 498.85,
    "dma100" : 507.03,
    "dma200" : 521.30,
    "volume" : 65776.00
  }, {
    "date" : "2026-01-29",
    "price" : 505.05,
    "dma50" : 499.10,
    "dma100" : 506.80,
    "dma200" : 521.14,
    "volume" : 49522.00
  }, {
    "date" : "2026-01-30",
    "price" : 512.25,
    "dma50" : 499.61,
    "dma100" : 506.53,
    "dma200" : 521.05,
    "volume" : 39199.00
  }, {
    "date" : "2026-02-01",
    "price" : 526.65,
    "dma50" : 500.67,
    "dma100" : 506.40,
    "dma200" : 521.10,
    "volume" : 594576.00
  }, {
    "date" : "2026-02-02",
    "price" : 535.95,
    "dma50" : 502.05,
    "dma100" : 506.44,
    "dma200" : 521.25,
    "volume" : 75613.00
  }, {
    "date" : "2026-02-03",
    "price" : 578.45,
    "dma50" : 505.05,
    "dma100" : 507.00,
    "dma200" : 521.82,
    "volume" : 597311.00
  }, {
    "date" : "2026-02-04",
    "price" : 589.55,
    "dma50" : 508.36,
    "dma100" : 507.66,
    "dma200" : 522.50,
    "volume" : 331663.00
  }, {
    "date" : "2026-02-05",
    "price" : 593.25,
    "dma50" : 511.69,
    "dma100" : 508.42,
    "dma200" : 523.20,
    "volume" : 161167.00
  }, {
    "date" : "2026-02-06",
    "price" : 575.45,
    "dma50" : 514.19,
    "dma100" : 508.99,
    "dma200" : 523.72,
    "volume" : 150223.00
  }, {
    "date" : "2026-02-09",
    "price" : 583.00,
    "dma50" : 516.89,
    "dma100" : 509.63,
    "dma200" : 524.31,
    "volume" : 186147.00
  }, {
    "date" : "2026-02-10",
    "price" : 586.00,
    "dma50" : 519.60,
    "dma100" : 510.33,
    "dma200" : 524.92,
    "volume" : 82541.00
  }, {
    "date" : "2026-02-11",
    "price" : 560.80,
    "dma50" : 521.22,
    "dma100" : 510.71,
    "dma200" : 525.28,
    "volume" : 153419.00
  }, {
    "date" : "2026-02-12",
    "price" : 564.40,
    "dma50" : 522.91,
    "dma100" : 511.14,
    "dma200" : 525.67,
    "volume" : 102314.00
  }, {
    "date" : "2026-02-13",
    "price" : 562.10,
    "dma50" : 524.45,
    "dma100" : 511.48,
    "dma200" : 526.03,
    "volume" : 32452.00
  }, {
    "date" : "2026-02-16",
    "price" : 582.50,
    "dma50" : 526.72,
    "dma100" : 512.05,
    "dma200" : 526.59,
    "volume" : 84213.00
  }, {
    "date" : "2026-02-17",
    "price" : 573.80,
    "dma50" : 528.57,
    "dma100" : 512.57,
    "dma200" : 527.06,
    "volume" : 64809.00
  }, {
    "date" : "2026-02-18",
    "price" : 578.50,
    "dma50" : 530.53,
    "dma100" : 513.12,
    "dma200" : 527.57,
    "volume" : 37036.00
  }, {
    "date" : "2026-02-19",
    "price" : 570.20,
    "dma50" : 532.08,
    "dma100" : 513.62,
    "dma200" : 528.00,
    "volume" : 33556.00
  }, {
    "date" : "2026-02-20",
    "price" : 554.00,
    "dma50" : 532.94,
    "dma100" : 514.07,
    "dma200" : 528.26,
    "volume" : 52218.00
  } ],
  "latestTechnicalAttributes" : {
    "date" : "2026-02-20",
    "price" : 554.00,
    "dma50" : 532.94,
    "dma100" : 514.07,
    "dma200" : 528.26,
    "volume" : 52218.00
  },
  "quarterlyResults" : [ {
    "date" : "2005-03-31",
    "sales" : 13.52,
    "salesGrowthYoY" : null,
    "grossProfitMargin" : 22.04,
    "grossProfit" : 2.98,
    "operatingProfitMargin" : 5.03,
    "operatingProfit" : 0.68,
    "netProfitMargin" : 1.33,
    "netProfit" : 0.18
  }, {
    "date" : "2005-06-30",
    "sales" : 12.97,
    "salesGrowthYoY" : null,
    "grossProfitMargin" : 23.82,
    "grossProfit" : 3.09,
    "operatingProfitMargin" : 9.64,
    "operatingProfit" : 1.25,
    "netProfitMargin" : 4.70,
    "netProfit" : 0.61
  }, {
    "date" : "2005-09-30",
    "sales" : 14.64,
    "salesGrowthYoY" : null,
    "grossProfitMargin" : 24.04,
    "grossProfit" : 3.52,
    "operatingProfitMargin" : 10.52,
    "operatingProfit" : 1.54,
    "netProfitMargin" : 4.23,
    "netProfit" : 0.62
  }, {
    "date" : "2005-12-31",
    "sales" : 13.99,
    "salesGrowthYoY" : null,
    "grossProfitMargin" : 26.59,
    "grossProfit" : 3.72,
    "operatingProfitMargin" : 11.37,
    "operatingProfit" : 1.59,
    "netProfitMargin" : 4.86,
    "netProfit" : 0.68
  }, {
    "date" : "2006-03-31",
    "sales" : 16.21,
    "salesGrowthYoY" : 19.90,
    "grossProfitMargin" : 25.35,
    "grossProfit" : 4.11,
    "operatingProfitMargin" : 9.99,
    "operatingProfit" : 1.62,
    "netProfitMargin" : 4.26,
    "netProfit" : 0.69
  }, {
    "date" : "2006-06-30",
    "sales" : 13.79,
    "salesGrowthYoY" : 6.32,
    "grossProfitMargin" : 24.80,
    "grossProfit" : 3.42,
    "operatingProfitMargin" : 8.77,
    "operatingProfit" : 1.21,
    "netProfitMargin" : 3.12,
    "netProfit" : 0.43
  }, {
    "date" : "2006-09-30",
    "sales" : 17.32,
    "salesGrowthYoY" : 18.31,
    "grossProfitMargin" : 21.77,
    "grossProfit" : 3.77,
    "operatingProfitMargin" : 7.91,
    "operatingProfit" : 1.37,
    "netProfitMargin" : 2.89,
    "netProfit" : 0.50
  }, {
    "date" : "2006-12-31",
    "sales" : 16.67,
    "salesGrowthYoY" : 19.16,
    "grossProfitMargin" : 22.80,
    "grossProfit" : 3.80,
    "operatingProfitMargin" : 8.70,
    "operatingProfit" : 1.45,
    "netProfitMargin" : 4.44,
    "netProfit" : 0.74
  }, {
    "date" : "2007-03-31",
    "sales" : 18.56,
    "salesGrowthYoY" : 14.50,
    "grossProfitMargin" : 22.68,
    "grossProfit" : 4.21,
    "operatingProfitMargin" : 8.08,
    "operatingProfit" : 1.50,
    "netProfitMargin" : 5.12,
    "netProfit" : 0.95
  }, {
    "date" : "2007-06-30",
    "sales" : 19.17,
    "salesGrowthYoY" : 39.01,
    "grossProfitMargin" : 23.84,
    "grossProfit" : 4.57,
    "operatingProfitMargin" : 11.58,
    "operatingProfit" : 2.22,
    "netProfitMargin" : 5.53,
    "netProfit" : 1.06
  }, {
    "date" : "2007-09-30",
    "sales" : 23.81,
    "salesGrowthYoY" : 37.47,
    "grossProfitMargin" : 22.01,
    "grossProfit" : 5.24,
    "operatingProfitMargin" : 10.46,
    "operatingProfit" : 2.49,
    "netProfitMargin" : 5.67,
    "netProfit" : 1.35
  }, {
    "date" : "2007-12-31",
    "sales" : 22.73,
    "salesGrowthYoY" : 36.35,
    "grossProfitMargin" : 24.59,
    "grossProfit" : 5.59,
    "operatingProfitMargin" : 12.27,
    "operatingProfit" : 2.79,
    "netProfitMargin" : 6.82,
    "netProfit" : 1.55
  }, {
    "date" : "2008-03-31",
    "sales" : 24.60,
    "salesGrowthYoY" : 32.54,
    "grossProfitMargin" : 21.10,
    "grossProfit" : 5.19,
    "operatingProfitMargin" : 9.63,
    "operatingProfit" : 2.37,
    "netProfitMargin" : 4.72,
    "netProfit" : 1.16
  }, {
    "date" : "2008-06-30",
    "sales" : 29.33,
    "salesGrowthYoY" : 53.00,
    "grossProfitMargin" : 22.91,
    "grossProfit" : 6.72,
    "operatingProfitMargin" : 8.69,
    "operatingProfit" : 2.55,
    "netProfitMargin" : 4.43,
    "netProfit" : 1.30
  }, {
    "date" : "2008-09-30",
    "sales" : 26.93,
    "salesGrowthYoY" : 13.10,
    "grossProfitMargin" : 23.80,
    "grossProfit" : 6.41,
    "operatingProfitMargin" : 5.79,
    "operatingProfit" : 1.56,
    "netProfitMargin" : 2.67,
    "netProfit" : 0.72
  }, {
    "date" : "2008-12-31",
    "sales" : 25.49,
    "salesGrowthYoY" : 12.14,
    "grossProfitMargin" : 26.76,
    "grossProfit" : 6.82,
    "operatingProfitMargin" : 11.69,
    "operatingProfit" : 2.98,
    "netProfitMargin" : 6.67,
    "netProfit" : 1.70
  }, {
    "date" : "2009-03-31",
    "sales" : 33.29,
    "salesGrowthYoY" : 35.33,
    "grossProfitMargin" : 24.75,
    "grossProfit" : 8.24,
    "operatingProfitMargin" : 12.89,
    "operatingProfit" : 4.29,
    "netProfitMargin" : 7.03,
    "netProfit" : 2.34
  }, {
    "date" : "2009-06-30",
    "sales" : 32.34,
    "salesGrowthYoY" : 10.26,
    "grossProfitMargin" : 29.53,
    "grossProfit" : 9.55,
    "operatingProfitMargin" : 19.67,
    "operatingProfit" : 6.36,
    "netProfitMargin" : 11.75,
    "netProfit" : 3.80
  }, {
    "date" : "2009-09-30",
    "sales" : 39.82,
    "salesGrowthYoY" : 47.86,
    "grossProfitMargin" : 27.57,
    "grossProfit" : 10.98,
    "operatingProfitMargin" : 16.68,
    "operatingProfit" : 6.64,
    "netProfitMargin" : 10.15,
    "netProfit" : 4.04
  }, {
    "date" : "2009-12-31",
    "sales" : 45.11,
    "salesGrowthYoY" : 76.97,
    "grossProfitMargin" : 29.11,
    "grossProfit" : 13.13,
    "operatingProfitMargin" : 19.20,
    "operatingProfit" : 8.66,
    "netProfitMargin" : 12.79,
    "netProfit" : 5.77
  }, {
    "date" : "2010-03-31",
    "sales" : 47.46,
    "salesGrowthYoY" : 42.57,
    "grossProfitMargin" : 24.29,
    "grossProfit" : 11.53,
    "operatingProfitMargin" : 9.73,
    "operatingProfit" : 4.62,
    "netProfitMargin" : 5.48,
    "netProfit" : 2.60
  }, {
    "date" : "2010-06-30",
    "sales" : 53.93,
    "salesGrowthYoY" : 66.76,
    "grossProfitMargin" : 28.82,
    "grossProfit" : 15.54,
    "operatingProfitMargin" : 16.08,
    "operatingProfit" : 8.67,
    "netProfitMargin" : 9.73,
    "netProfit" : 5.25
  }, {
    "date" : "2010-09-30",
    "sales" : 54.20,
    "salesGrowthYoY" : 36.11,
    "grossProfitMargin" : 26.86,
    "grossProfit" : 14.56,
    "operatingProfitMargin" : 18.17,
    "operatingProfit" : 9.85,
    "netProfitMargin" : 11.13,
    "netProfit" : 6.03
  }, {
    "date" : "2010-12-31",
    "sales" : 68.84,
    "salesGrowthYoY" : 52.60,
    "grossProfitMargin" : 27.22,
    "grossProfit" : 18.74,
    "operatingProfitMargin" : 16.84,
    "operatingProfit" : 11.59,
    "netProfitMargin" : 10.63,
    "netProfit" : 7.32
  }, {
    "date" : "2011-03-31",
    "sales" : 71.58,
    "salesGrowthYoY" : 50.82,
    "grossProfitMargin" : 23.50,
    "grossProfit" : 16.82,
    "operatingProfitMargin" : 14.40,
    "operatingProfit" : 10.31,
    "netProfitMargin" : 9.32,
    "netProfit" : 6.67
  }, {
    "date" : "2011-06-30",
    "sales" : 69.58,
    "salesGrowthYoY" : 29.02,
    "grossProfitMargin" : 23.53,
    "grossProfit" : 16.37,
    "operatingProfitMargin" : 14.53,
    "operatingProfit" : 10.11,
    "netProfitMargin" : 8.77,
    "netProfit" : 6.10
  }, {
    "date" : "2011-09-30",
    "sales" : 76.19,
    "salesGrowthYoY" : 40.57,
    "grossProfitMargin" : 26.66,
    "grossProfit" : 20.31,
    "operatingProfitMargin" : 15.66,
    "operatingProfit" : 11.93,
    "netProfitMargin" : 9.78,
    "netProfit" : 7.45
  }, {
    "date" : "2011-12-31",
    "sales" : 81.55,
    "salesGrowthYoY" : 18.46,
    "grossProfitMargin" : 27.58,
    "grossProfit" : 22.49,
    "operatingProfitMargin" : 16.46,
    "operatingProfit" : 13.42,
    "netProfitMargin" : 10.61,
    "netProfit" : 8.65
  }, {
    "date" : "2012-03-31",
    "sales" : 90.15,
    "salesGrowthYoY" : 25.94,
    "grossProfitMargin" : 26.74,
    "grossProfit" : 24.11,
    "operatingProfitMargin" : 19.50,
    "operatingProfit" : 17.58,
    "netProfitMargin" : 12.39,
    "netProfit" : 11.17
  }, {
    "date" : "2012-06-30",
    "sales" : 89.36,
    "salesGrowthYoY" : 28.43,
    "grossProfitMargin" : 27.81,
    "grossProfit" : 24.85,
    "operatingProfitMargin" : 16.18,
    "operatingProfit" : 14.46,
    "netProfitMargin" : 10.19,
    "netProfit" : 9.11
  }, {
    "date" : "2012-09-30",
    "sales" : 99.16,
    "salesGrowthYoY" : 30.15,
    "grossProfitMargin" : 25.75,
    "grossProfit" : 25.53,
    "operatingProfitMargin" : 18.00,
    "operatingProfit" : 17.85,
    "netProfitMargin" : 11.43,
    "netProfit" : 11.33
  }, {
    "date" : "2012-12-31",
    "sales" : 93.83,
    "salesGrowthYoY" : 15.06,
    "grossProfitMargin" : 27.57,
    "grossProfit" : 25.87,
    "operatingProfitMargin" : 17.27,
    "operatingProfit" : 16.20,
    "netProfitMargin" : 10.93,
    "netProfit" : 10.26
  }, {
    "date" : "2013-03-31",
    "sales" : 98.19,
    "salesGrowthYoY" : 8.92,
    "grossProfitMargin" : 31.68,
    "grossProfit" : 31.11,
    "operatingProfitMargin" : 20.92,
    "operatingProfit" : 20.54,
    "netProfitMargin" : 13.17,
    "netProfit" : 12.93
  }, {
    "date" : "2013-06-30",
    "sales" : 106.26,
    "salesGrowthYoY" : 18.91,
    "grossProfitMargin" : 31.91,
    "grossProfit" : 33.91,
    "operatingProfitMargin" : 19.57,
    "operatingProfit" : 20.80,
    "netProfitMargin" : 10.80,
    "netProfit" : 11.48
  }, {
    "date" : "2013-09-30",
    "sales" : 118.77,
    "salesGrowthYoY" : 19.78,
    "grossProfitMargin" : 32.70,
    "grossProfit" : 38.84,
    "operatingProfitMargin" : 19.05,
    "operatingProfit" : 22.63,
    "netProfitMargin" : 10.55,
    "netProfit" : 12.53
  }, {
    "date" : "2013-12-31",
    "sales" : 122.11,
    "salesGrowthYoY" : 30.14,
    "grossProfitMargin" : 31.17,
    "grossProfit" : 38.06,
    "operatingProfitMargin" : 18.37,
    "operatingProfit" : 22.43,
    "netProfitMargin" : 11.65,
    "netProfit" : 14.23
  }, {
    "date" : "2014-03-31",
    "sales" : 122.47,
    "salesGrowthYoY" : 24.73,
    "grossProfitMargin" : 34.56,
    "grossProfit" : 42.33,
    "operatingProfitMargin" : 22.36,
    "operatingProfit" : 27.38,
    "netProfitMargin" : 15.16,
    "netProfit" : 18.57
  }, {
    "date" : "2014-06-30",
    "sales" : 124.57,
    "salesGrowthYoY" : 17.23,
    "grossProfitMargin" : 33.85,
    "grossProfit" : 42.17,
    "operatingProfitMargin" : 19.55,
    "operatingProfit" : 24.35,
    "netProfitMargin" : 12.03,
    "netProfit" : 14.99
  }, {
    "date" : "2014-09-30",
    "sales" : 131.41,
    "salesGrowthYoY" : 10.64,
    "grossProfitMargin" : 33.32,
    "grossProfit" : 43.79,
    "operatingProfitMargin" : 18.74,
    "operatingProfit" : 24.63,
    "netProfitMargin" : 11.90,
    "netProfit" : 15.64
  }, {
    "date" : "2014-12-31",
    "sales" : 129.26,
    "salesGrowthYoY" : 5.86,
    "grossProfitMargin" : 35.10,
    "grossProfit" : 45.37,
    "operatingProfitMargin" : 19.81,
    "operatingProfit" : 25.61,
    "netProfitMargin" : 13.17,
    "netProfit" : 17.02
  }, {
    "date" : "2015-03-31",
    "sales" : 121.07,
    "salesGrowthYoY" : -1.14,
    "grossProfitMargin" : 40.44,
    "grossProfit" : 48.96,
    "operatingProfitMargin" : 22.46,
    "operatingProfit" : 27.19,
    "netProfitMargin" : 15.09,
    "netProfit" : 18.27
  }, {
    "date" : "2015-06-30",
    "sales" : 128.55,
    "salesGrowthYoY" : 3.19,
    "grossProfitMargin" : 41.48,
    "grossProfit" : 53.32,
    "operatingProfitMargin" : 24.78,
    "operatingProfit" : 31.85,
    "netProfitMargin" : 15.10,
    "netProfit" : 19.41
  }, {
    "date" : "2015-09-30",
    "sales" : 135.72,
    "salesGrowthYoY" : 3.28,
    "grossProfitMargin" : 39.69,
    "grossProfit" : 53.87,
    "operatingProfitMargin" : 23.98,
    "operatingProfit" : 32.55,
    "netProfitMargin" : 14.56,
    "netProfit" : 19.76
  }, {
    "date" : "2015-12-31",
    "sales" : 119.08,
    "salesGrowthYoY" : -7.88,
    "grossProfitMargin" : 44.49,
    "grossProfit" : 52.98,
    "operatingProfitMargin" : 27.58,
    "operatingProfit" : 32.84,
    "netProfitMargin" : 16.70,
    "netProfit" : 19.89
  }, {
    "date" : "2016-03-31",
    "sales" : 127.67,
    "salesGrowthYoY" : 5.45,
    "grossProfitMargin" : 46.36,
    "grossProfit" : 59.19,
    "operatingProfitMargin" : 29.90,
    "operatingProfit" : 38.17,
    "netProfitMargin" : 18.38,
    "netProfit" : 23.47
  }, {
    "date" : "2016-06-30",
    "sales" : 129.41,
    "salesGrowthYoY" : 0.67,
    "grossProfitMargin" : 45.31,
    "grossProfit" : 58.64,
    "operatingProfitMargin" : 29.87,
    "operatingProfit" : 38.65,
    "netProfitMargin" : 19.06,
    "netProfit" : 24.67
  }, {
    "date" : "2016-09-30",
    "sales" : 120.18,
    "salesGrowthYoY" : -11.45,
    "grossProfitMargin" : 41.20,
    "grossProfit" : 49.51,
    "operatingProfitMargin" : 25.77,
    "operatingProfit" : 30.97,
    "netProfitMargin" : 17.58,
    "netProfit" : 21.13
  }, {
    "date" : "2016-12-31",
    "sales" : 108.81,
    "salesGrowthYoY" : -8.62,
    "grossProfitMargin" : 44.07,
    "grossProfit" : 47.95,
    "operatingProfitMargin" : 28.00,
    "operatingProfit" : 30.47,
    "netProfitMargin" : 16.56,
    "netProfit" : 18.02
  }, {
    "date" : "2017-03-31",
    "sales" : 118.31,
    "salesGrowthYoY" : -7.33,
    "grossProfitMargin" : 41.53,
    "grossProfit" : 49.13,
    "operatingProfitMargin" : 23.10,
    "operatingProfit" : 27.33,
    "netProfitMargin" : 15.43,
    "netProfit" : 18.26
  }, {
    "date" : "2017-06-30",
    "sales" : 140.85,
    "salesGrowthYoY" : 8.84,
    "grossProfitMargin" : 43.73,
    "grossProfit" : 61.59,
    "operatingProfitMargin" : 28.19,
    "operatingProfit" : 39.71,
    "netProfitMargin" : 18.23,
    "netProfit" : 25.68
  }, {
    "date" : "2017-09-30",
    "sales" : 137.84,
    "salesGrowthYoY" : 14.69,
    "grossProfitMargin" : 39.15,
    "grossProfit" : 53.96,
    "operatingProfitMargin" : 24.65,
    "operatingProfit" : 33.98,
    "netProfitMargin" : 16.33,
    "netProfit" : 22.51
  }, {
    "date" : "2017-12-31",
    "sales" : 137.99,
    "salesGrowthYoY" : 26.82,
    "grossProfitMargin" : 40.39,
    "grossProfit" : 55.73,
    "operatingProfitMargin" : 25.32,
    "operatingProfit" : 34.94,
    "netProfitMargin" : 15.76,
    "netProfit" : 21.75
  }, {
    "date" : "2018-03-31",
    "sales" : 135.54,
    "salesGrowthYoY" : 14.56,
    "grossProfitMargin" : 42.04,
    "grossProfit" : 56.98,
    "operatingProfitMargin" : 25.18,
    "operatingProfit" : 34.13,
    "netProfitMargin" : 17.82,
    "netProfit" : 24.15
  }, {
    "date" : "2018-06-30",
    "sales" : 141.13,
    "salesGrowthYoY" : 0.20,
    "grossProfitMargin" : 42.48,
    "grossProfit" : 59.95,
    "operatingProfitMargin" : 26.69,
    "operatingProfit" : 37.67,
    "netProfitMargin" : 18.14,
    "netProfit" : 25.60
  }, {
    "date" : "2018-09-30",
    "sales" : 147.72,
    "salesGrowthYoY" : 7.17,
    "grossProfitMargin" : 36.03,
    "grossProfit" : 53.22,
    "operatingProfitMargin" : 18.68,
    "operatingProfit" : 27.59,
    "netProfitMargin" : 13.56,
    "netProfit" : 20.03
  }, {
    "date" : "2018-12-31",
    "sales" : 160.85,
    "salesGrowthYoY" : 16.57,
    "grossProfitMargin" : 37.33,
    "grossProfit" : 60.05,
    "operatingProfitMargin" : 21.13,
    "operatingProfit" : 33.99,
    "netProfitMargin" : 13.52,
    "netProfit" : 21.75
  }, {
    "date" : "2019-03-31",
    "sales" : 123.73,
    "salesGrowthYoY" : -8.71,
    "grossProfitMargin" : 39.27,
    "grossProfit" : 48.59,
    "operatingProfitMargin" : 21.62,
    "operatingProfit" : 26.75,
    "netProfitMargin" : 15.99,
    "netProfit" : 19.78
  }, {
    "date" : "2019-06-30",
    "sales" : 128.20,
    "salesGrowthYoY" : -9.16,
    "grossProfitMargin" : 38.39,
    "grossProfit" : 49.22,
    "operatingProfitMargin" : 19.62,
    "operatingProfit" : 25.15,
    "netProfitMargin" : 12.37,
    "netProfit" : 15.86
  }, {
    "date" : "2019-09-30",
    "sales" : 124.21,
    "salesGrowthYoY" : -15.92,
    "grossProfitMargin" : 37.45,
    "grossProfit" : 46.52,
    "operatingProfitMargin" : 16.82,
    "operatingProfit" : 20.89,
    "netProfitMargin" : 16.11,
    "netProfit" : 20.01
  }, {
    "date" : "2019-12-31",
    "sales" : 124.62,
    "salesGrowthYoY" : -22.52,
    "grossProfitMargin" : 41.23,
    "grossProfit" : 51.38,
    "operatingProfitMargin" : 20.09,
    "operatingProfit" : 25.04,
    "netProfitMargin" : 14.60,
    "netProfit" : 18.19
  }, {
    "date" : "2020-03-31",
    "sales" : 139.44,
    "salesGrowthYoY" : 12.70,
    "grossProfitMargin" : 45.47,
    "grossProfit" : 63.40,
    "operatingProfitMargin" : 25.69,
    "operatingProfit" : 35.82,
    "netProfitMargin" : 19.06,
    "netProfit" : 26.58
  }, {
    "date" : "2020-06-30",
    "sales" : 38.05,
    "salesGrowthYoY" : -70.32,
    "grossProfitMargin" : 43.02,
    "grossProfit" : 16.37,
    "operatingProfitMargin" : -1.21,
    "operatingProfit" : -0.46,
    "netProfitMargin" : 2.13,
    "netProfit" : 0.81
  }, {
    "date" : "2020-09-30",
    "sales" : 110.60,
    "salesGrowthYoY" : -10.96,
    "grossProfitMargin" : 39.82,
    "grossProfit" : 44.04,
    "operatingProfitMargin" : 19.65,
    "operatingProfit" : 21.73,
    "netProfitMargin" : 13.04,
    "netProfit" : 14.42
  }, {
    "date" : "2020-12-31",
    "sales" : 163.32,
    "salesGrowthYoY" : 31.05,
    "grossProfitMargin" : 44.82,
    "grossProfit" : 73.20,
    "operatingProfitMargin" : 27.25,
    "operatingProfit" : 44.50,
    "netProfitMargin" : 21.22,
    "netProfit" : 34.66
  }, {
    "date" : "2021-03-31",
    "sales" : 188.83,
    "salesGrowthYoY" : 35.42,
    "grossProfitMargin" : 45.82,
    "grossProfit" : 86.52,
    "operatingProfitMargin" : 28.95,
    "operatingProfit" : 54.67,
    "netProfitMargin" : 20.73,
    "netProfit" : 39.14
  }, {
    "date" : "2021-06-30",
    "sales" : 126.95,
    "salesGrowthYoY" : 233.64,
    "grossProfitMargin" : 40.85,
    "grossProfit" : 51.86,
    "operatingProfitMargin" : 18.63,
    "operatingProfit" : 23.65,
    "netProfitMargin" : 14.25,
    "netProfit" : 18.09
  }, {
    "date" : "2021-09-30",
    "sales" : 187.72,
    "salesGrowthYoY" : 69.73,
    "grossProfitMargin" : 35.48,
    "grossProfit" : 66.60,
    "operatingProfitMargin" : 18.41,
    "operatingProfit" : 34.56,
    "netProfitMargin" : 13.29,
    "netProfit" : 24.95
  }, {
    "date" : "2021-12-31",
    "sales" : 169.39,
    "salesGrowthYoY" : 3.72,
    "grossProfitMargin" : 37.82,
    "grossProfit" : 64.06,
    "operatingProfitMargin" : 19.09,
    "operatingProfit" : 32.34,
    "netProfitMargin" : 12.91,
    "netProfit" : 21.87
  }, {
    "date" : "2022-03-31",
    "sales" : 146.90,
    "salesGrowthYoY" : -22.21,
    "grossProfitMargin" : 36.01,
    "grossProfit" : 52.90,
    "operatingProfitMargin" : 15.69,
    "operatingProfit" : 23.05,
    "netProfitMargin" : 13.24,
    "netProfit" : 19.45
  }, {
    "date" : "2022-06-30",
    "sales" : 200.93,
    "salesGrowthYoY" : 58.27,
    "grossProfitMargin" : 37.73,
    "grossProfit" : 75.81,
    "operatingProfitMargin" : 18.35,
    "operatingProfit" : 36.87,
    "netProfitMargin" : 14.26,
    "netProfit" : 28.65
  }, {
    "date" : "2022-09-30",
    "sales" : 194.51,
    "salesGrowthYoY" : 3.62,
    "grossProfitMargin" : 36.29,
    "grossProfit" : 70.59,
    "operatingProfitMargin" : 17.26,
    "operatingProfit" : 33.57,
    "netProfitMargin" : 13.05,
    "netProfit" : 25.38
  }, {
    "date" : "2022-12-31",
    "sales" : 169.85,
    "salesGrowthYoY" : 0.27,
    "grossProfitMargin" : 40.25,
    "grossProfit" : 68.36,
    "operatingProfitMargin" : 19.65,
    "operatingProfit" : 33.38,
    "netProfitMargin" : 15.35,
    "netProfit" : 26.07
  }, {
    "date" : "2023-03-31",
    "sales" : 198.80,
    "salesGrowthYoY" : 35.33,
    "grossProfitMargin" : 38.78,
    "grossProfit" : 77.09,
    "operatingProfitMargin" : 20.23,
    "operatingProfit" : 40.22,
    "netProfitMargin" : 13.77,
    "netProfit" : 27.37
  }, {
    "date" : "2023-06-30",
    "sales" : 191.92,
    "salesGrowthYoY" : -4.48,
    "grossProfitMargin" : 39.95,
    "grossProfit" : 76.67,
    "operatingProfitMargin" : 20.12,
    "operatingProfit" : 38.61,
    "netProfitMargin" : 15.60,
    "netProfit" : 29.94
  }, {
    "date" : "2023-09-30",
    "sales" : 181.58,
    "salesGrowthYoY" : -6.65,
    "grossProfitMargin" : 40.42,
    "grossProfit" : 73.39,
    "operatingProfitMargin" : 20.72,
    "operatingProfit" : 37.62,
    "netProfitMargin" : 15.62,
    "netProfit" : 28.36
  }, {
    "date" : "2023-12-31",
    "sales" : 174.64,
    "salesGrowthYoY" : 2.82,
    "grossProfitMargin" : 41.20,
    "grossProfit" : 71.95,
    "operatingProfitMargin" : 21.63,
    "operatingProfit" : 37.77,
    "netProfitMargin" : 16.75,
    "netProfit" : 29.25
  }, {
    "date" : "2024-03-31",
    "sales" : 216.10,
    "salesGrowthYoY" : 8.70,
    "grossProfitMargin" : 37.28,
    "grossProfit" : 80.56,
    "operatingProfitMargin" : 19.34,
    "operatingProfit" : 41.79,
    "netProfitMargin" : 14.80,
    "netProfit" : 31.98
  }, {
    "date" : "2024-06-30",
    "sales" : 194.74,
    "salesGrowthYoY" : 1.47,
    "grossProfitMargin" : 41.90,
    "grossProfit" : 81.60,
    "operatingProfitMargin" : 21.85,
    "operatingProfit" : 42.55,
    "netProfitMargin" : 17.83,
    "netProfit" : 34.72
  }, {
    "date" : "2024-09-30",
    "sales" : 216.36,
    "salesGrowthYoY" : 19.15,
    "grossProfitMargin" : 42.71,
    "grossProfit" : 92.41,
    "operatingProfitMargin" : 22.16,
    "operatingProfit" : 47.95,
    "netProfitMargin" : 19.15,
    "netProfit" : 41.43
  }, {
    "date" : "2024-12-31",
    "sales" : 194.93,
    "salesGrowthYoY" : 11.62,
    "grossProfitMargin" : 44.03,
    "grossProfit" : 85.83,
    "operatingProfitMargin" : 23.35,
    "operatingProfit" : 45.52,
    "netProfitMargin" : 15.31,
    "netProfit" : 29.84
  }, {
    "date" : "2025-03-31",
    "sales" : 214.18,
    "salesGrowthYoY" : -0.89,
    "grossProfitMargin" : 39.84,
    "grossProfit" : 85.33,
    "operatingProfitMargin" : 20.89,
    "operatingProfit" : 44.74,
    "netProfitMargin" : 16.35,
    "netProfit" : 35.02
  }, {
    "date" : "2025-06-30",
    "sales" : 206.41,
    "salesGrowthYoY" : 5.99,
    "grossProfitMargin" : 41.47,
    "grossProfit" : 85.60,
    "operatingProfitMargin" : 21.04,
    "operatingProfit" : 43.43,
    "netProfitMargin" : 19.97,
    "netProfit" : 41.22
  }, {
    "date" : "2025-09-30",
    "sales" : 237.76,
    "salesGrowthYoY" : 9.89,
    "grossProfitMargin" : 43.66,
    "grossProfit" : 103.81,
    "operatingProfitMargin" : 25.02,
    "operatingProfit" : 59.49,
    "netProfitMargin" : 20.23,
    "netProfit" : 48.10
  }, {
    "date" : "2025-12-31",
    "sales" : 236.99,
    "salesGrowthYoY" : 21.58,
    "grossProfitMargin" : 45.03,
    "grossProfit" : 106.72,
    "operatingProfitMargin" : 24.65,
    "operatingProfit" : 58.42,
    "netProfitMargin" : 22.34,
    "netProfit" : 52.94
  } ],
  "latestQuarterlyResult" : {
    "date" : "2025-12-31",
    "sales" : 236.99,
    "salesGrowthYoY" : 21.58,
    "grossProfitMargin" : 45.03,
    "grossProfit" : 106.72,
    "operatingProfitMargin" : 24.65,
    "operatingProfit" : 58.42,
    "netProfitMargin" : 22.34,
    "netProfit" : 52.94
  },
  "companyScore" : {
    "priceHigherThanDma50" : 5.00,
    "priceHigherThanDma100" : 5.00,
    "priceHigherThanDma200" : 5.00,
    "dma50HigherThanDma100" : 5.00,
    "dma50HigherThanDma200" : 5.00,
    "dma100HigherThanDma200" : 0.00,
    "pricePercentageAboveDma50" : 4.80,
    "pricePercentageAboveDma100" : 4.61,
    "pricePercentageAboveDma200" : 4.76,
    "weeklyVolumeHigherThanYearlyVolume" : 0.00,
    "salesGrowthPercentile" : 13.25,
    "operatingProfitMarginPercentile" : 16.67,
    "netProfitMarginPercentile" : 10.00,
    "totalTechnicalScore" : 39.17,
    "totalFundamentalScore" : 39.92,
    "totalScore" : 79.09
  }
}