{
  "metadata" : {
    "screenerCompanyId" : "2156",
    "companyCode" : "MCX",
    "companyName" : "Multi Comm. Exc.",
    "screenerCompanyLink" : "https://www.screener.in/company/MCX/consolidated/",
    "screenerTechnicalHistoryLink" : "https://www.screener.in/api/company/2156/chart/?q=Price-DMA50-DMA200-Volume&days=365",
    "screenerQuarterlyResultsLink" : "https://www.screener.in/api/company/2156/chart/?q=GPM-OPM-NPM-Quarter+Sales&days=10000",
    "attributes" : {
      "companyCode" : "MCX",
      "companyName" : "Multi Comm. Exc.",
      "marketCap" : 60698.00,
      "peRatio" : 64.80,
      "description" : "The MCX) commenced operation in Nov,03 is India’s first listed, national-level, electronic exchange, and India’s leading commodity derivatives exchange which offers the benefits of fair price discovery and price risk management to the Indian commodity market ecosystem. The Exchange operates under SEBI. [1]"
    },
    "companyScore" : {
      "priceHigherThanDma50" : 5.00,
      "priceHigherThanDma100" : 5.00,
      "priceHigherThanDma200" : 5.00,
      "dma50HigherThanDma100" : 5.00,
      "dma50HigherThanDma200" : 5.00,
      "dma100HigherThanDma200" : 5.00,
      "pricePercentageAboveDma50" : 4.69,
      "pricePercentageAboveDma100" : 4.06,
      "pricePercentageAboveDma200" : 3.44,
      "weeklyVolumeHigherThanYearlyVolume" : 5.00,
      "salesGrowthPercentile" : 19.65,
      "operatingProfitMarginPercentile" : 19.02,
      "netProfitMarginPercentile" : 6.57,
      "totalTechnicalScore" : 47.18,
      "totalFundamentalScore" : 45.23,
      "totalScore" : 92.42
    }
  },
  "attributes" : {
    "companyCode" : "MCX",
    "companyName" : "Multi Comm. Exc.",
    "marketCap" : 60698.00,
    "peRatio" : 64.80,
    "description" : "The MCX) commenced operation in Nov,03 is India’s first listed, national-level, electronic exchange, and India’s leading commodity derivatives exchange which offers the benefits of fair price discovery and price risk management to the Indian commodity market ecosystem. The Exchange operates under SEBI. [1]"
  },
  "technicalHistory" : [ {
    "date" : "2025-02-10",
    "price" : 1157.08,
    "dma50" : 1195.00,
    "dma100" : null,
    "dma200" : 1056.38,
    "volume" : 960240.00
  }, {
    "date" : "2025-02-11",
    "price" : 1098.30,
    "dma50" : 1191.21,
    "dma100" : null,
    "dma200" : 1056.80,
    "volume" : 2257350.00
  }, {
    "date" : "2025-02-12",
    "price" : 1109.59,
    "dma50" : 1188.00,
    "dma100" : null,
    "dma200" : 1057.33,
    "volume" : 2473795.00
  }, {
    "date" : "2025-02-13",
    "price" : 1122.18,
    "dma50" : 1185.42,
    "dma100" : null,
    "dma200" : 1057.97,
    "volume" : 1302100.00
  }, {
    "date" : "2025-02-14",
    "price" : 1088.74,
    "dma50" : 1181.63,
    "dma100" : null,
    "dma200" : 1058.28,
    "volume" : 1282030.00
  }, {
    "date" : "2025-02-17",
    "price" : 1110.10,
    "dma50" : 1178.83,
    "dma100" : null,
    "dma200" : 1058.79,
    "volume" : 1401705.00
  }, {
    "date" : "2025-02-18",
    "price" : 1087.68,
    "dma50" : 1175.25,
    "dma100" : null,
    "dma200" : 1059.08,
    "volume" : 1950245.00
  }, {
    "date" : "2025-02-19",
    "price" : 1127.30,
    "dma50" : 1173.37,
    "dma100" : null,
    "dma200" : 1059.76,
    "volume" : 1787040.00
  }, {
    "date" : "2025-02-20",
    "price" : 1137.85,
    "dma50" : 1171.98,
    "dma100" : null,
    "dma200" : 1060.54,
    "volume" : 1531830.00
  }, {
    "date" : "2025-02-21",
    "price" : 1117.73,
    "dma50" : 1169.85,
    "dma100" : null,
    "dma200" : 1061.11,
    "volume" : 1607095.00
  }, {
    "date" : "2025-02-24",
    "price" : 1108.27,
    "dma50" : 1167.44,
    "dma100" : null,
    "dma200" : 1061.58,
    "volume" : 1074970.00
  }, {
    "date" : "2025-02-25",
    "price" : 1099.51,
    "dma50" : 1164.77,
    "dma100" : null,
    "dma200" : 1061.95,
    "volume" : 1479295.00
  }, {
    "date" : "2025-02-27",
    "price" : 1074.39,
    "dma50" : 1161.23,
    "dma100" : null,
    "dma200" : 1062.08,
    "volume" : 2423905.00
  }, {
    "date" : "2025-02-28",
    "price" : 998.33,
    "dma50" : 1154.84,
    "dma100" : null,
    "dma200" : 1061.44,
    "volume" : 3976080.00
  }, {
    "date" : "2025-03-03",
    "price" : 943.03,
    "dma50" : 1146.53,
    "dma100" : null,
    "dma200" : 1060.26,
    "volume" : 4609510.00
  }, {
    "date" : "2025-03-04",
    "price" : 923.22,
    "dma50" : 1137.78,
    "dma100" : null,
    "dma200" : 1058.90,
    "volume" : 3489250.00
  }, {
    "date" : "2025-03-05",
    "price" : 940.72,
    "dma50" : 1130.05,
    "dma100" : null,
    "dma200" : 1057.72,
    "volume" : 2867030.00
  }, {
    "date" : "2025-03-06",
    "price" : 932.54,
    "dma50" : 1122.30,
    "dma100" : null,
    "dma200" : 1056.48,
    "volume" : 1753195.00
  }, {
    "date" : "2025-03-07",
    "price" : 932.81,
    "dma50" : 1114.87,
    "dma100" : null,
    "dma200" : 1055.25,
    "volume" : 1944060.00
  }, {
    "date" : "2025-03-10",
    "price" : 904.11,
    "dma50" : 1106.61,
    "dma100" : null,
    "dma200" : 1053.74,
    "volume" : 1959730.00
  }, {
    "date" : "2025-03-11",
    "price" : 937.28,
    "dma50" : 1099.97,
    "dma100" : null,
    "dma200" : 1052.59,
    "volume" : 2512370.00
  }, {
    "date" : "2025-03-12",
    "price" : 954.69,
    "dma50" : 1094.27,
    "dma100" : null,
    "dma200" : 1051.61,
    "volume" : 1771010.00
  }, {
    "date" : "2025-03-13",
    "price" : 961.69,
    "dma50" : 1089.07,
    "dma100" : null,
    "dma200" : 1050.72,
    "volume" : 2033700.00
  }, {
    "date" : "2025-03-17",
    "price" : 992.00,
    "dma50" : 1085.26,
    "dma100" : null,
    "dma200" : 1050.13,
    "volume" : 4323630.00
  }, {
    "date" : "2025-03-18",
    "price" : 1022.79,
    "dma50" : 1082.81,
    "dma100" : null,
    "dma200" : 1049.86,
    "volume" : 2199635.00
  }, {
    "date" : "2025-03-19",
    "price" : 1041.57,
    "dma50" : 1081.20,
    "dma100" : null,
    "dma200" : 1049.78,
    "volume" : 2762975.00
  }, {
    "date" : "2025-03-20",
    "price" : 1076.82,
    "dma50" : 1081.02,
    "dma100" : null,
    "dma200" : 1050.05,
    "volume" : 3836485.00
  }, {
    "date" : "2025-03-21",
    "price" : 1092.82,
    "dma50" : 1081.49,
    "dma100" : null,
    "dma200" : 1050.47,
    "volume" : 1953720.00
  }, {
    "date" : "2025-03-24",
    "price" : 1078.58,
    "dma50" : 1081.37,
    "dma100" : null,
    "dma200" : 1050.75,
    "volume" : 1772940.00
  }, {
    "date" : "2025-03-25",
    "price" : 1031.23,
    "dma50" : 1079.41,
    "dma100" : null,
    "dma200" : 1050.56,
    "volume" : 2116800.00
  }, {
    "date" : "2025-03-26",
    "price" : 1028.38,
    "dma50" : 1077.41,
    "dma100" : null,
    "dma200" : 1050.34,
    "volume" : 2217795.00
  }, {
    "date" : "2025-03-27",
    "price" : 1049.17,
    "dma50" : 1076.30,
    "dma100" : null,
    "dma200" : 1050.33,
    "volume" : 2195680.00
  }, {
    "date" : "2025-03-28",
    "price" : 1062.35,
    "dma50" : 1075.75,
    "dma100" : null,
    "dma200" : 1050.45,
    "volume" : 4254295.00
  }, {
    "date" : "2025-04-01",
    "price" : 1045.58,
    "dma50" : 1074.57,
    "dma100" : null,
    "dma200" : 1050.40,
    "volume" : 2555610.00
  }, {
    "date" : "2025-04-02",
    "price" : 1074.50,
    "dma50" : 1074.57,
    "dma100" : null,
    "dma200" : 1050.64,
    "volume" : 2399635.00
  }, {
    "date" : "2025-04-03",
    "price" : 1066.92,
    "dma50" : 1074.27,
    "dma100" : null,
    "dma200" : 1050.80,
    "volume" : 1272905.00
  }, {
    "date" : "2025-04-04",
    "price" : 1005.36,
    "dma50" : 1071.56,
    "dma100" : null,
    "dma200" : 1050.35,
    "volume" : 1746565.00
  }, {
    "date" : "2025-04-07",
    "price" : 997.92,
    "dma50" : 1068.68,
    "dma100" : null,
    "dma200" : 1049.83,
    "volume" : 3659005.00
  }, {
    "date" : "2025-04-08",
    "price" : 1039.88,
    "dma50" : 1067.55,
    "dma100" : null,
    "dma200" : 1049.73,
    "volume" : 3577685.00
  }, {
    "date" : "2025-04-09",
    "price" : 1044.21,
    "dma50" : 1066.63,
    "dma100" : null,
    "dma200" : 1049.67,
    "volume" : 2099075.00
  }, {
    "date" : "2025-04-11",
    "price" : 1088.29,
    "dma50" : 1067.48,
    "dma100" : null,
    "dma200" : 1050.06,
    "volume" : 2275125.00
  }, {
    "date" : "2025-04-15",
    "price" : 1116.30,
    "dma50" : 1069.40,
    "dma100" : null,
    "dma200" : 1050.72,
    "volume" : 2427365.00
  }, {
    "date" : "2025-04-16",
    "price" : 1125.60,
    "dma50" : 1071.60,
    "dma100" : null,
    "dma200" : 1051.46,
    "volume" : 2008275.00
  }, {
    "date" : "2025-04-17",
    "price" : 1133.70,
    "dma50" : 1074.03,
    "dma100" : null,
    "dma200" : 1052.28,
    "volume" : 2733475.00
  }, {
    "date" : "2025-04-21",
    "price" : 1188.40,
    "dma50" : 1078.52,
    "dma100" : null,
    "dma200" : 1053.63,
    "volume" : 3760205.00
  }, {
    "date" : "2025-04-22",
    "price" : 1195.50,
    "dma50" : 1083.11,
    "dma100" : null,
    "dma200" : 1055.04,
    "volume" : 2949565.00
  }, {
    "date" : "2025-04-23",
    "price" : 1227.60,
    "dma50" : 1088.77,
    "dma100" : null,
    "dma200" : 1056.76,
    "volume" : 2559435.00
  }, {
    "date" : "2025-04-24",
    "price" : 1245.10,
    "dma50" : 1094.90,
    "dma100" : null,
    "dma200" : 1058.64,
    "volume" : 2113245.00
  }, {
    "date" : "2025-04-25",
    "price" : 1210.50,
    "dma50" : 1099.44,
    "dma100" : null,
    "dma200" : 1060.15,
    "volume" : 3445175.00
  }, {
    "date" : "2025-04-28",
    "price" : 1234.20,
    "dma50" : 1104.72,
    "dma100" : null,
    "dma200" : 1061.88,
    "volume" : 1464445.00
  }, {
    "date" : "2025-04-29",
    "price" : 1245.50,
    "dma50" : 1110.24,
    "dma100" : null,
    "dma200" : 1063.71,
    "volume" : 1800060.00
  }, {
    "date" : "2025-04-30",
    "price" : 1225.60,
    "dma50" : 1114.77,
    "dma100" : null,
    "dma200" : 1065.32,
    "volume" : 915970.00
  }, {
    "date" : "2025-05-02",
    "price" : 1253.30,
    "dma50" : 1120.20,
    "dma100" : null,
    "dma200" : 1067.19,
    "volume" : 4002685.00
  }, {
    "date" : "2025-05-05",
    "price" : 1253.00,
    "dma50" : 1125.41,
    "dma100" : null,
    "dma200" : 1069.04,
    "volume" : 1522295.00
  }, {
    "date" : "2025-05-06",
    "price" : 1200.00,
    "dma50" : 1128.33,
    "dma100" : null,
    "dma200" : 1070.34,
    "volume" : 2152580.00
  }, {
    "date" : "2025-05-07",
    "price" : 1211.40,
    "dma50" : 1131.59,
    "dma100" : null,
    "dma200" : 1071.74,
    "volume" : 3077700.00
  }, {
    "date" : "2025-05-08",
    "price" : 1200.90,
    "dma50" : 1134.31,
    "dma100" : null,
    "dma200" : 1073.03,
    "volume" : 3267670.00
  }, {
    "date" : "2025-05-09",
    "price" : 1134.10,
    "dma50" : 1134.30,
    "dma100" : null,
    "dma200" : 1073.64,
    "volume" : 7681560.00
  }, {
    "date" : "2025-05-12",
    "price" : 1212.30,
    "dma50" : 1137.36,
    "dma100" : null,
    "dma200" : 1075.02,
    "volume" : 5004585.00
  }, {
    "date" : "2025-05-13",
    "price" : 1187.50,
    "dma50" : 1139.32,
    "dma100" : null,
    "dma200" : 1076.13,
    "volume" : 3758110.00
  }, {
    "date" : "2025-05-14",
    "price" : 1240.50,
    "dma50" : 1143.29,
    "dma100" : null,
    "dma200" : 1077.77,
    "volume" : 4475080.00
  }, {
    "date" : "2025-05-15",
    "price" : 1240.90,
    "dma50" : 1147.12,
    "dma100" : null,
    "dma200" : 1079.39,
    "volume" : 2108460.00
  }, {
    "date" : "2025-05-16",
    "price" : 1290.00,
    "dma50" : 1152.72,
    "dma100" : null,
    "dma200" : 1081.49,
    "volume" : 3803590.00
  }, {
    "date" : "2025-05-19",
    "price" : 1295.30,
    "dma50" : 1158.31,
    "dma100" : null,
    "dma200" : 1083.62,
    "volume" : 2397055.00
  }, {
    "date" : "2025-05-20",
    "price" : 1266.90,
    "dma50" : 1162.57,
    "dma100" : null,
    "dma200" : 1085.44,
    "volume" : 1813180.00
  }, {
    "date" : "2025-05-21",
    "price" : 1274.10,
    "dma50" : 1166.95,
    "dma100" : null,
    "dma200" : 1087.32,
    "volume" : 1292985.00
  }, {
    "date" : "2025-05-22",
    "price" : 1274.00,
    "dma50" : 1171.14,
    "dma100" : null,
    "dma200" : 1089.17,
    "volume" : 1695295.00
  }, {
    "date" : "2025-05-23",
    "price" : 1298.50,
    "dma50" : 1176.14,
    "dma100" : null,
    "dma200" : 1091.26,
    "volume" : 2338860.00
  }, {
    "date" : "2025-05-26",
    "price" : 1291.40,
    "dma50" : 1180.66,
    "dma100" : null,
    "dma200" : 1093.25,
    "volume" : 1388190.00
  }, {
    "date" : "2025-05-27",
    "price" : 1284.70,
    "dma50" : 1184.74,
    "dma100" : null,
    "dma200" : 1095.15,
    "volume" : 912050.00
  }, {
    "date" : "2025-05-28",
    "price" : 1292.80,
    "dma50" : 1188.98,
    "dma100" : null,
    "dma200" : 1097.12,
    "volume" : 1090305.00
  }, {
    "date" : "2025-05-29",
    "price" : 1314.50,
    "dma50" : 1193.90,
    "dma100" : null,
    "dma200" : 1099.28,
    "volume" : 3113280.00
  }, {
    "date" : "2025-05-30",
    "price" : 1320.40,
    "dma50" : 1198.86,
    "dma100" : null,
    "dma200" : 1101.48,
    "volume" : 2042725.00
  }, {
    "date" : "2025-06-02",
    "price" : 1339.80,
    "dma50" : 1204.39,
    "dma100" : null,
    "dma200" : 1103.85,
    "volume" : 2631885.00
  }, {
    "date" : "2025-06-03",
    "price" : 1366.50,
    "dma50" : 1210.74,
    "dma100" : null,
    "dma200" : 1106.47,
    "volume" : 3519320.00
  }, {
    "date" : "2025-06-04",
    "price" : 1374.10,
    "dma50" : 1217.15,
    "dma100" : null,
    "dma200" : 1109.13,
    "volume" : 3004485.00
  }, {
    "date" : "2025-06-05",
    "price" : 1419.80,
    "dma50" : 1225.10,
    "dma100" : null,
    "dma200" : 1112.22,
    "volume" : 3540780.00
  }, {
    "date" : "2025-06-06",
    "price" : 1483.60,
    "dma50" : 1235.23,
    "dma100" : null,
    "dma200" : 1115.92,
    "volume" : 8856490.00
  }, {
    "date" : "2025-06-09",
    "price" : 1591.10,
    "dma50" : 1249.19,
    "dma100" : null,
    "dma200" : 1120.65,
    "volume" : 13430615.00
  }, {
    "date" : "2025-06-10",
    "price" : 1578.10,
    "dma50" : 1262.09,
    "dma100" : null,
    "dma200" : 1125.20,
    "volume" : 5220270.00
  }, {
    "date" : "2025-06-11",
    "price" : 1535.20,
    "dma50" : 1272.80,
    "dma100" : null,
    "dma200" : 1129.28,
    "volume" : 5165415.00
  }, {
    "date" : "2025-06-12",
    "price" : 1502.20,
    "dma50" : 1281.80,
    "dma100" : null,
    "dma200" : 1132.99,
    "volume" : 4125875.00
  }, {
    "date" : "2025-06-13",
    "price" : 1511.50,
    "dma50" : 1290.80,
    "dma100" : null,
    "dma200" : 1136.75,
    "volume" : 4586850.00
  }, {
    "date" : "2025-06-16",
    "price" : 1565.50,
    "dma50" : 1301.58,
    "dma100" : null,
    "dma200" : 1141.02,
    "volume" : 5794655.00
  }, {
    "date" : "2025-06-17",
    "price" : 1585.10,
    "dma50" : 1312.69,
    "dma100" : null,
    "dma200" : 1145.44,
    "volume" : 6104385.00
  }, {
    "date" : "2025-06-18",
    "price" : 1587.30,
    "dma50" : 1323.46,
    "dma100" : null,
    "dma200" : 1149.84,
    "volume" : 4089035.00
  }, {
    "date" : "2025-06-19",
    "price" : 1552.70,
    "dma50" : 1332.45,
    "dma100" : null,
    "dma200" : 1153.84,
    "volume" : 3340285.00
  }, {
    "date" : "2025-06-20",
    "price" : 1617.00,
    "dma50" : 1343.61,
    "dma100" : null,
    "dma200" : 1158.45,
    "volume" : 5228470.00
  }, {
    "date" : "2025-06-23",
    "price" : 1658.40,
    "dma50" : 1355.96,
    "dma100" : null,
    "dma200" : 1163.43,
    "volume" : 5124680.00
  }, {
    "date" : "2025-06-24",
    "price" : 1643.20,
    "dma50" : 1367.22,
    "dma100" : null,
    "dma200" : 1168.20,
    "volume" : 4557695.00
  }, {
    "date" : "2025-06-25",
    "price" : 1732.40,
    "dma50" : 1381.54,
    "dma100" : null,
    "dma200" : 1173.82,
    "volume" : 14570320.00
  }, {
    "date" : "2025-06-26",
    "price" : 1767.80,
    "dma50" : 1396.69,
    "dma100" : null,
    "dma200" : 1179.73,
    "volume" : 6123260.00
  }, {
    "date" : "2025-06-27",
    "price" : 1771.30,
    "dma50" : 1411.38,
    "dma100" : null,
    "dma200" : 1185.61,
    "volume" : 9111745.00
  }, {
    "date" : "2025-06-30",
    "price" : 1788.80,
    "dma50" : 1426.18,
    "dma100" : null,
    "dma200" : 1191.61,
    "volume" : 3620425.00
  }, {
    "date" : "2025-07-01",
    "price" : 1812.10,
    "dma50" : 1441.31,
    "dma100" : null,
    "dma200" : 1197.79,
    "volume" : 5318055.00
  }, {
    "date" : "2025-07-02",
    "price" : 1787.00,
    "dma50" : 1454.87,
    "dma100" : null,
    "dma200" : 1203.65,
    "volume" : 3554520.00
  }, {
    "date" : "2025-07-03",
    "price" : 1800.50,
    "dma50" : 1468.42,
    "dma100" : null,
    "dma200" : 1209.59,
    "volume" : 3395765.00
  }, {
    "date" : "2025-07-04",
    "price" : 1776.90,
    "dma50" : 1480.52,
    "dma100" : null,
    "dma200" : 1215.23,
    "volume" : 2669985.00
  }, {
    "date" : "2025-07-07",
    "price" : 1749.30,
    "dma50" : 1491.06,
    "dma100" : null,
    "dma200" : 1220.55,
    "volume" : 2722925.00
  }, {
    "date" : "2025-07-08",
    "price" : 1699.20,
    "dma50" : 1499.22,
    "dma100" : null,
    "dma200" : 1225.31,
    "volume" : 5117235.00
  }, {
    "date" : "2025-07-09",
    "price" : 1688.40,
    "dma50" : 1506.64,
    "dma100" : 1263.18,
    "dma200" : 1229.92,
    "volume" : 4142270.00
  }, {
    "date" : "2025-07-10",
    "price" : 1666.30,
    "dma50" : 1512.90,
    "dma100" : 1268.86,
    "dma200" : 1234.26,
    "volume" : 3349280.00
  }, {
    "date" : "2025-07-11",
    "price" : 1609.60,
    "dma50" : 1516.70,
    "dma100" : 1273.86,
    "dma200" : 1238.00,
    "volume" : 3700870.00
  }, {
    "date" : "2025-07-14",
    "price" : 1641.80,
    "dma50" : 1521.60,
    "dma100" : 1279.05,
    "dma200" : 1242.01,
    "volume" : 3704885.00
  }, {
    "date" : "2025-07-15",
    "price" : 1664.40,
    "dma50" : 1527.20,
    "dma100" : 1284.81,
    "dma200" : 1246.22,
    "volume" : 2212805.00
  }, {
    "date" : "2025-07-16",
    "price" : 1676.10,
    "dma50" : 1533.04,
    "dma100" : 1290.47,
    "dma200" : 1250.49,
    "volume" : 2719430.00
  }, {
    "date" : "2025-07-17",
    "price" : 1651.90,
    "dma50" : 1537.70,
    "dma100" : 1296.11,
    "dma200" : 1254.49,
    "volume" : 1817785.00
  }, {
    "date" : "2025-07-18",
    "price" : 1647.00,
    "dma50" : 1541.99,
    "dma100" : 1301.31,
    "dma200" : 1258.39,
    "volume" : 1399880.00
  }, {
    "date" : "2025-07-21",
    "price" : 1649.80,
    "dma50" : 1546.22,
    "dma100" : 1306.43,
    "dma200" : 1262.29,
    "volume" : 1874330.00
  }, {
    "date" : "2025-07-22",
    "price" : 1630.70,
    "dma50" : 1549.53,
    "dma100" : 1311.56,
    "dma200" : 1265.95,
    "volume" : 2819175.00
  }, {
    "date" : "2025-07-23",
    "price" : 1652.30,
    "dma50" : 1553.56,
    "dma100" : 1317.00,
    "dma200" : 1269.80,
    "volume" : 2049600.00
  }, {
    "date" : "2025-07-24",
    "price" : 1648.50,
    "dma50" : 1557.28,
    "dma100" : 1322.49,
    "dma200" : 1273.57,
    "volume" : 1545130.00
  }, {
    "date" : "2025-07-25",
    "price" : 1608.00,
    "dma50" : 1559.27,
    "dma100" : 1327.82,
    "dma200" : 1276.89,
    "volume" : 1629475.00
  }, {
    "date" : "2025-07-28",
    "price" : 1546.30,
    "dma50" : 1558.76,
    "dma100" : 1333.30,
    "dma200" : 1279.57,
    "volume" : 2456940.00
  }, {
    "date" : "2025-07-29",
    "price" : 1567.90,
    "dma50" : 1559.12,
    "dma100" : 1339.55,
    "dma200" : 1282.44,
    "volume" : 2473155.00
  }, {
    "date" : "2025-07-30",
    "price" : 1557.40,
    "dma50" : 1559.05,
    "dma100" : 1345.90,
    "dma200" : 1285.18,
    "volume" : 1444750.00
  }, {
    "date" : "2025-07-31",
    "price" : 1538.60,
    "dma50" : 1558.25,
    "dma100" : 1351.87,
    "dma200" : 1287.70,
    "volume" : 1592190.00
  }, {
    "date" : "2025-08-01",
    "price" : 1519.10,
    "dma50" : 1556.72,
    "dma100" : 1357.74,
    "dma200" : 1290.00,
    "volume" : 2059905.00
  }, {
    "date" : "2025-08-04",
    "price" : 1595.50,
    "dma50" : 1558.24,
    "dma100" : 1364.37,
    "dma200" : 1293.04,
    "volume" : 7248265.00
  }, {
    "date" : "2025-08-05",
    "price" : 1575.40,
    "dma50" : 1558.91,
    "dma100" : 1371.08,
    "dma200" : 1295.85,
    "volume" : 4660910.00
  }, {
    "date" : "2025-08-06",
    "price" : 1548.60,
    "dma50" : 1558.51,
    "dma100" : 1377.19,
    "dma200" : 1298.37,
    "volume" : 1824455.00
  }, {
    "date" : "2025-08-07",
    "price" : 1577.00,
    "dma50" : 1559.23,
    "dma100" : 1383.42,
    "dma200" : 1301.14,
    "volume" : 2168870.00
  }, {
    "date" : "2025-08-08",
    "price" : 1542.50,
    "dma50" : 1558.58,
    "dma100" : 1389.22,
    "dma200" : 1303.54,
    "volume" : 1820665.00
  }, {
    "date" : "2025-08-11",
    "price" : 1589.40,
    "dma50" : 1559.78,
    "dma100" : 1395.20,
    "dma200" : 1306.39,
    "volume" : 1857965.00
  }, {
    "date" : "2025-08-12",
    "price" : 1630.30,
    "dma50" : 1562.55,
    "dma100" : 1401.27,
    "dma200" : 1309.61,
    "volume" : 4030690.00
  }, {
    "date" : "2025-08-13",
    "price" : 1667.80,
    "dma50" : 1566.68,
    "dma100" : 1407.54,
    "dma200" : 1313.17,
    "volume" : 2436485.00
  }, {
    "date" : "2025-08-14",
    "price" : 1629.70,
    "dma50" : 1569.15,
    "dma100" : 1413.06,
    "dma200" : 1316.32,
    "volume" : 2377490.00
  }, {
    "date" : "2025-08-18",
    "price" : 1661.80,
    "dma50" : 1572.78,
    "dma100" : 1418.75,
    "dma200" : 1319.76,
    "volume" : 2265585.00
  }, {
    "date" : "2025-08-19",
    "price" : 1659.00,
    "dma50" : 1576.16,
    "dma100" : 1424.56,
    "dma200" : 1323.14,
    "volume" : 2144885.00
  }, {
    "date" : "2025-08-20",
    "price" : 1644.80,
    "dma50" : 1578.85,
    "dma100" : 1430.69,
    "dma200" : 1326.34,
    "volume" : 1193710.00
  }, {
    "date" : "2025-08-21",
    "price" : 1585.40,
    "dma50" : 1579.11,
    "dma100" : 1436.26,
    "dma200" : 1328.91,
    "volume" : 3546120.00
  }, {
    "date" : "2025-08-22",
    "price" : 1592.00,
    "dma50" : 1579.62,
    "dma100" : 1441.69,
    "dma200" : 1331.53,
    "volume" : 2515900.00
  }, {
    "date" : "2025-08-25",
    "price" : 1600.60,
    "dma50" : 1580.44,
    "dma100" : 1447.07,
    "dma200" : 1334.21,
    "volume" : 1602810.00
  }, {
    "date" : "2025-08-26",
    "price" : 1538.40,
    "dma50" : 1578.79,
    "dma100" : 1452.00,
    "dma200" : 1336.24,
    "volume" : 2602075.00
  }, {
    "date" : "2025-08-28",
    "price" : 1480.30,
    "dma50" : 1574.93,
    "dma100" : 1456.06,
    "dma200" : 1337.67,
    "volume" : 2398195.00
  }, {
    "date" : "2025-08-29",
    "price" : 1478.00,
    "dma50" : 1571.13,
    "dma100" : 1460.17,
    "dma200" : 1339.07,
    "volume" : 3361130.00
  }, {
    "date" : "2025-09-01",
    "price" : 1558.60,
    "dma50" : 1570.64,
    "dma100" : 1465.70,
    "dma200" : 1341.26,
    "volume" : 3555110.00
  }, {
    "date" : "2025-09-02",
    "price" : 1529.10,
    "dma50" : 1569.01,
    "dma100" : 1471.02,
    "dma200" : 1343.12,
    "volume" : 2699665.00
  }, {
    "date" : "2025-09-03",
    "price" : 1541.50,
    "dma50" : 1567.93,
    "dma100" : 1476.03,
    "dma200" : 1345.10,
    "volume" : 2254530.00
  }, {
    "date" : "2025-09-04",
    "price" : 1528.70,
    "dma50" : 1566.39,
    "dma100" : 1480.88,
    "dma200" : 1346.93,
    "volume" : 2168530.00
  }, {
    "date" : "2025-09-05",
    "price" : 1521.10,
    "dma50" : 1564.61,
    "dma100" : 1485.20,
    "dma200" : 1348.66,
    "volume" : 1384475.00
  }, {
    "date" : "2025-09-08",
    "price" : 1526.30,
    "dma50" : 1563.11,
    "dma100" : 1489.30,
    "dma200" : 1350.43,
    "volume" : 1692845.00
  }, {
    "date" : "2025-09-09",
    "price" : 1522.30,
    "dma50" : 1561.51,
    "dma100" : 1493.27,
    "dma200" : 1352.14,
    "volume" : 2032005.00
  }, {
    "date" : "2025-09-10",
    "price" : 1523.80,
    "dma50" : 1560.03,
    "dma100" : 1497.17,
    "dma200" : 1353.84,
    "volume" : 1830955.00
  }, {
    "date" : "2025-09-11",
    "price" : 1514.10,
    "dma50" : 1558.23,
    "dma100" : 1500.43,
    "dma200" : 1355.44,
    "volume" : 2288150.00
  }, {
    "date" : "2025-09-12",
    "price" : 1545.70,
    "dma50" : 1557.74,
    "dma100" : 1503.93,
    "dma200" : 1357.33,
    "volume" : 2509845.00
  }, {
    "date" : "2025-09-15",
    "price" : 1551.30,
    "dma50" : 1557.49,
    "dma100" : 1507.17,
    "dma200" : 1359.26,
    "volume" : 1893245.00
  }, {
    "date" : "2025-09-16",
    "price" : 1529.10,
    "dma50" : 1556.37,
    "dma100" : 1510.01,
    "dma200" : 1360.95,
    "volume" : 2637395.00
  }, {
    "date" : "2025-09-17",
    "price" : 1583.70,
    "dma50" : 1557.45,
    "dma100" : 1513.74,
    "dma200" : 1363.17,
    "volume" : 6800870.00
  }, {
    "date" : "2025-09-18",
    "price" : 1599.80,
    "dma50" : 1559.11,
    "dma100" : 1517.40,
    "dma200" : 1365.52,
    "volume" : 2402065.00
  }, {
    "date" : "2025-09-19",
    "price" : 1610.30,
    "dma50" : 1561.11,
    "dma100" : 1521.04,
    "dma200" : 1367.96,
    "volume" : 4558480.00
  }, {
    "date" : "2025-09-22",
    "price" : 1597.90,
    "dma50" : 1562.56,
    "dma100" : 1524.77,
    "dma200" : 1370.25,
    "volume" : 1982880.00
  }, {
    "date" : "2025-09-23",
    "price" : 1607.70,
    "dma50" : 1564.33,
    "dma100" : 1528.31,
    "dma200" : 1372.61,
    "volume" : 1688600.00
  }, {
    "date" : "2025-09-24",
    "price" : 1591.10,
    "dma50" : 1565.38,
    "dma100" : 1531.69,
    "dma200" : 1374.78,
    "volume" : 2270865.00
  }, {
    "date" : "2025-09-25",
    "price" : 1604.60,
    "dma50" : 1566.91,
    "dma100" : 1535.74,
    "dma200" : 1377.07,
    "volume" : 1743125.00
  }, {
    "date" : "2025-09-26",
    "price" : 1584.10,
    "dma50" : 1567.59,
    "dma100" : 1539.47,
    "dma200" : 1379.13,
    "volume" : 2081630.00
  }, {
    "date" : "2025-09-29",
    "price" : 1588.00,
    "dma50" : 1568.39,
    "dma100" : 1543.34,
    "dma200" : 1381.21,
    "volume" : 2273810.00
  }, {
    "date" : "2025-09-30",
    "price" : 1559.20,
    "dma50" : 1568.03,
    "dma100" : 1547.59,
    "dma200" : 1382.98,
    "volume" : 1885125.00
  }, {
    "date" : "2025-10-01",
    "price" : 1599.70,
    "dma50" : 1569.27,
    "dma100" : 1551.46,
    "dma200" : 1385.14,
    "volume" : 2033505.00
  }, {
    "date" : "2025-10-03",
    "price" : 1629.00,
    "dma50" : 1571.61,
    "dma100" : 1555.88,
    "dma200" : 1387.56,
    "volume" : 2551975.00
  }, {
    "date" : "2025-10-06",
    "price" : 1638.40,
    "dma50" : 1574.23,
    "dma100" : 1559.86,
    "dma200" : 1390.06,
    "volume" : 1718645.00
  }, {
    "date" : "2025-10-07",
    "price" : 1641.80,
    "dma50" : 1576.88,
    "dma100" : 1563.86,
    "dma200" : 1392.56,
    "volume" : 1772930.00
  }, {
    "date" : "2025-10-08",
    "price" : 1637.80,
    "dma50" : 1579.27,
    "dma100" : 1567.34,
    "dma200" : 1395.00,
    "volume" : 1181525.00
  }, {
    "date" : "2025-10-09",
    "price" : 1741.20,
    "dma50" : 1585.62,
    "dma100" : 1571.80,
    "dma200" : 1398.45,
    "volume" : 6873830.00
  }, {
    "date" : "2025-10-10",
    "price" : 1737.70,
    "dma50" : 1591.59,
    "dma100" : 1576.51,
    "dma200" : 1401.82,
    "volume" : 4461490.00
  }, {
    "date" : "2025-10-13",
    "price" : 1787.50,
    "dma50" : 1599.27,
    "dma100" : 1581.64,
    "dma200" : 1405.66,
    "volume" : 6309570.00
  }, {
    "date" : "2025-10-14",
    "price" : 1879.50,
    "dma50" : 1610.26,
    "dma100" : 1587.70,
    "dma200" : 1410.38,
    "volume" : 10522320.00
  }, {
    "date" : "2025-10-15",
    "price" : 1908.20,
    "dma50" : 1621.94,
    "dma100" : 1593.80,
    "dma200" : 1415.33,
    "volume" : 5412490.00
  }, {
    "date" : "2025-10-16",
    "price" : 1866.10,
    "dma50" : 1631.52,
    "dma100" : 1599.54,
    "dma200" : 1419.81,
    "volume" : 4379280.00
  }, {
    "date" : "2025-10-17",
    "price" : 1865.70,
    "dma50" : 1640.70,
    "dma100" : 1605.35,
    "dma200" : 1424.25,
    "volume" : 3131155.00
  }, {
    "date" : "2025-10-20",
    "price" : 1839.00,
    "dma50" : 1648.48,
    "dma100" : 1610.81,
    "dma200" : 1428.38,
    "volume" : 2616300.00
  }, {
    "date" : "2025-10-21",
    "price" : 1837.40,
    "dma50" : 1655.89,
    "dma100" : 1616.04,
    "dma200" : 1432.45,
    "volume" : 386020.00
  }, {
    "date" : "2025-10-23",
    "price" : 1851.80,
    "dma50" : 1663.57,
    "dma100" : 1621.36,
    "dma200" : 1436.62,
    "volume" : 3151485.00
  }, {
    "date" : "2025-10-24",
    "price" : 1800.70,
    "dma50" : 1668.95,
    "dma100" : 1625.97,
    "dma200" : 1440.24,
    "volume" : 2156160.00
  }, {
    "date" : "2025-10-27",
    "price" : 1861.10,
    "dma50" : 1676.48,
    "dma100" : 1630.91,
    "dma200" : 1444.43,
    "volume" : 3356665.00
  }, {
    "date" : "2025-10-28",
    "price" : 1823.30,
    "dma50" : 1682.24,
    "dma100" : 1635.40,
    "dma200" : 1448.20,
    "volume" : 3071315.00
  }, {
    "date" : "2025-10-29",
    "price" : 1835.10,
    "dma50" : 1688.23,
    "dma100" : 1639.56,
    "dma200" : 1452.05,
    "volume" : 2196870.00
  }, {
    "date" : "2025-10-30",
    "price" : 1820.30,
    "dma50" : 1693.41,
    "dma100" : 1642.92,
    "dma200" : 1455.71,
    "volume" : 1026040.00
  }, {
    "date" : "2025-10-31",
    "price" : 1848.70,
    "dma50" : 1699.50,
    "dma100" : 1645.50,
    "dma200" : 1459.63,
    "volume" : 2517855.00
  }, {
    "date" : "2025-11-03",
    "price" : 1905.30,
    "dma50" : 1707.57,
    "dma100" : 1648.77,
    "dma200" : 1464.06,
    "volume" : 4282225.00
  }, {
    "date" : "2025-11-04",
    "price" : 1865.10,
    "dma50" : 1713.75,
    "dma100" : 1652.07,
    "dma200" : 1468.05,
    "volume" : 2464955.00
  }, {
    "date" : "2025-11-06",
    "price" : 1850.10,
    "dma50" : 1719.10,
    "dma100" : 1655.55,
    "dma200" : 1471.85,
    "volume" : 2398215.00
  }, {
    "date" : "2025-11-07",
    "price" : 1886.10,
    "dma50" : 1725.65,
    "dma100" : 1659.30,
    "dma200" : 1475.97,
    "volume" : 6642325.00
  }, {
    "date" : "2025-11-10",
    "price" : 1906.10,
    "dma50" : 1732.72,
    "dma100" : 1662.70,
    "dma200" : 1480.25,
    "volume" : 2494080.00
  }, {
    "date" : "2025-11-11",
    "price" : 1899.00,
    "dma50" : 1739.24,
    "dma100" : 1665.84,
    "dma200" : 1484.42,
    "volume" : 3846970.00
  }, {
    "date" : "2025-11-12",
    "price" : 1886.40,
    "dma50" : 1745.01,
    "dma100" : 1668.83,
    "dma200" : 1488.42,
    "volume" : 2456390.00
  }, {
    "date" : "2025-11-13",
    "price" : 1919.40,
    "dma50" : 1751.85,
    "dma100" : 1672.50,
    "dma200" : 1492.71,
    "volume" : 3241500.00
  }, {
    "date" : "2025-11-14",
    "price" : 1933.30,
    "dma50" : 1758.97,
    "dma100" : 1675.66,
    "dma200" : 1497.09,
    "volume" : 2339190.00
  }, {
    "date" : "2025-11-17",
    "price" : 1939.60,
    "dma50" : 1766.05,
    "dma100" : 1678.47,
    "dma200" : 1501.50,
    "volume" : 1924725.00
  }, {
    "date" : "2025-11-18",
    "price" : 1933.00,
    "dma50" : 1772.60,
    "dma100" : 1681.37,
    "dma200" : 1505.79,
    "volume" : 1775640.00
  }, {
    "date" : "2025-11-19",
    "price" : 1959.80,
    "dma50" : 1779.94,
    "dma100" : 1683.65,
    "dma200" : 1510.31,
    "volume" : 2502750.00
  }, {
    "date" : "2025-11-20",
    "price" : 1971.70,
    "dma50" : 1787.46,
    "dma100" : 1685.69,
    "dma200" : 1514.90,
    "volume" : 2790070.00
  }, {
    "date" : "2025-11-21",
    "price" : 1936.60,
    "dma50" : 1793.31,
    "dma100" : 1687.34,
    "dma200" : 1519.09,
    "volume" : 2066825.00
  }, {
    "date" : "2025-11-24",
    "price" : 1973.10,
    "dma50" : 1800.36,
    "dma100" : 1689.18,
    "dma200" : 1523.61,
    "volume" : 2315605.00
  }, {
    "date" : "2025-11-25",
    "price" : 1973.40,
    "dma50" : 1807.15,
    "dma100" : 1690.79,
    "dma200" : 1528.09,
    "volume" : 1569690.00
  }, {
    "date" : "2025-11-26",
    "price" : 2056.60,
    "dma50" : 1816.93,
    "dma100" : 1693.49,
    "dma200" : 1533.35,
    "volume" : 4309395.00
  }, {
    "date" : "2025-11-27",
    "price" : 2084.90,
    "dma50" : 1827.44,
    "dma100" : 1696.33,
    "dma200" : 1538.83,
    "volume" : 2954345.00
  }, {
    "date" : "2025-11-28",
    "price" : 2014.70,
    "dma50" : 1834.78,
    "dma100" : 1698.71,
    "dma200" : 1543.57,
    "volume" : 4757385.00
  }, {
    "date" : "2025-12-01",
    "price" : 2042.00,
    "dma50" : 1842.91,
    "dma100" : 1701.64,
    "dma200" : 1548.53,
    "volume" : 2256965.00
  }, {
    "date" : "2025-12-02",
    "price" : 2043.80,
    "dma50" : 1850.78,
    "dma100" : 1705.09,
    "dma200" : 1553.46,
    "volume" : 1698255.00
  }, {
    "date" : "2025-12-03",
    "price" : 2027.60,
    "dma50" : 1857.72,
    "dma100" : 1708.48,
    "dma200" : 1558.17,
    "volume" : 2522770.00
  }, {
    "date" : "2025-12-04",
    "price" : 2024.20,
    "dma50" : 1864.25,
    "dma100" : 1712.06,
    "dma200" : 1562.81,
    "volume" : 3569905.00
  }, {
    "date" : "2025-12-05",
    "price" : 2068.60,
    "dma50" : 1872.26,
    "dma100" : 1716.65,
    "dma200" : 1567.84,
    "volume" : 2055910.00
  }, {
    "date" : "2025-12-08",
    "price" : 2036.60,
    "dma50" : 1878.71,
    "dma100" : 1720.60,
    "dma200" : 1572.51,
    "volume" : 2557155.00
  }, {
    "date" : "2025-12-09",
    "price" : 2071.60,
    "dma50" : 1886.27,
    "dma100" : 1724.67,
    "dma200" : 1577.47,
    "volume" : 2729005.00
  }, {
    "date" : "2025-12-10",
    "price" : 1972.80,
    "dma50" : 1889.66,
    "dma100" : 1727.63,
    "dma200" : 1581.41,
    "volume" : 2496465.00
  }, {
    "date" : "2025-12-11",
    "price" : 1987.60,
    "dma50" : 1893.50,
    "dma100" : 1730.99,
    "dma200" : 1585.45,
    "volume" : 2499450.00
  }, {
    "date" : "2025-12-12",
    "price" : 2032.40,
    "dma50" : 1898.95,
    "dma100" : 1734.85,
    "dma200" : 1589.90,
    "volume" : 2395245.00
  }, {
    "date" : "2025-12-15",
    "price" : 2037.20,
    "dma50" : 1904.37,
    "dma100" : 1738.72,
    "dma200" : 1594.35,
    "volume" : 1374235.00
  }, {
    "date" : "2025-12-16",
    "price" : 2032.80,
    "dma50" : 1909.41,
    "dma100" : 1742.74,
    "dma200" : 1598.71,
    "volume" : 1817630.00
  }, {
    "date" : "2025-12-17",
    "price" : 2005.00,
    "dma50" : 1913.16,
    "dma100" : 1746.27,
    "dma200" : 1602.75,
    "volume" : 1473245.00
  }, {
    "date" : "2025-12-18",
    "price" : 2034.40,
    "dma50" : 1917.91,
    "dma100" : 1750.13,
    "dma200" : 1607.05,
    "volume" : 1960865.00
  }, {
    "date" : "2025-12-19",
    "price" : 2061.40,
    "dma50" : 1923.54,
    "dma100" : 1754.66,
    "dma200" : 1611.57,
    "volume" : 2444810.00
  }, {
    "date" : "2025-12-22",
    "price" : 2164.20,
    "dma50" : 1932.98,
    "dma100" : 1760.84,
    "dma200" : 1617.07,
    "volume" : 3755135.00
  }, {
    "date" : "2025-12-23",
    "price" : 2165.60,
    "dma50" : 1942.10,
    "dma100" : 1766.82,
    "dma200" : 1622.53,
    "volume" : 2600365.00
  }, {
    "date" : "2025-12-24",
    "price" : 2165.00,
    "dma50" : 1950.84,
    "dma100" : 1772.89,
    "dma200" : 1627.92,
    "volume" : 1531200.00
  }, {
    "date" : "2025-12-26",
    "price" : 2210.40,
    "dma50" : 1961.02,
    "dma100" : 1779.61,
    "dma200" : 1633.72,
    "volume" : 2192025.00
  }, {
    "date" : "2025-12-29",
    "price" : 2187.40,
    "dma50" : 1969.90,
    "dma100" : 1786.29,
    "dma200" : 1639.23,
    "volume" : 2440600.00
  }, {
    "date" : "2025-12-30",
    "price" : 2177.80,
    "dma50" : 1978.05,
    "dma100" : 1792.12,
    "dma200" : 1644.59,
    "volume" : 2920535.00
  }, {
    "date" : "2025-12-31",
    "price" : 2227.20,
    "dma50" : 1987.82,
    "dma100" : 1798.63,
    "dma200" : 1650.38,
    "volume" : 2339865.00
  }, {
    "date" : "2026-01-01",
    "price" : 2197.80,
    "dma50" : 1996.06,
    "dma100" : 1805.13,
    "dma200" : 1655.83,
    "volume" : 1416610.00
  }, {
    "date" : "2026-01-02",
    "price" : 2216.00,
    "dma50" : 2004.68,
    "dma100" : 1811.52,
    "dma200" : 1661.40,
    "volume" : 3925789.00
  }, {
    "date" : "2026-01-05",
    "price" : 2199.00,
    "dma50" : 2012.30,
    "dma100" : 1818.08,
    "dma200" : 1666.75,
    "volume" : 1723246.00
  }, {
    "date" : "2026-01-06",
    "price" : 2246.00,
    "dma50" : 2021.47,
    "dma100" : 1824.65,
    "dma200" : 1672.52,
    "volume" : 2545981.00
  }, {
    "date" : "2026-01-07",
    "price" : 2305.00,
    "dma50" : 2032.58,
    "dma100" : 1831.39,
    "dma200" : 1678.81,
    "volume" : 2703253.00
  }, {
    "date" : "2026-01-08",
    "price" : 2231.00,
    "dma50" : 2040.37,
    "dma100" : 1837.03,
    "dma200" : 1684.31,
    "volume" : 2954054.00
  }, {
    "date" : "2026-01-09",
    "price" : 2191.00,
    "dma50" : 2046.27,
    "dma100" : 1842.64,
    "dma200" : 1689.35,
    "volume" : 2567462.00
  }, {
    "date" : "2026-01-12",
    "price" : 2235.00,
    "dma50" : 2053.67,
    "dma100" : 1848.37,
    "dma200" : 1694.78,
    "volume" : 2013725.00
  }, {
    "date" : "2026-01-13",
    "price" : 2293.00,
    "dma50" : 2063.06,
    "dma100" : 1854.71,
    "dma200" : 1700.73,
    "volume" : 3082345.00
  }, {
    "date" : "2026-01-14",
    "price" : 2417.00,
    "dma50" : 2076.94,
    "dma100" : 1862.43,
    "dma200" : 1707.86,
    "volume" : 5653716.00
  }, {
    "date" : "2026-01-16",
    "price" : 2446.00,
    "dma50" : 2091.41,
    "dma100" : 1871.04,
    "dma200" : 1715.20,
    "volume" : 3711474.00
  }, {
    "date" : "2026-01-19",
    "price" : 2429.00,
    "dma50" : 2104.65,
    "dma100" : 1879.41,
    "dma200" : 1722.30,
    "volume" : 3405650.00
  }, {
    "date" : "2026-01-20",
    "price" : 2373.00,
    "dma50" : 2115.17,
    "dma100" : 1887.13,
    "dma200" : 1728.78,
    "volume" : 4485535.00
  }, {
    "date" : "2026-01-21",
    "price" : 2320.00,
    "dma50" : 2123.21,
    "dma100" : 1894.95,
    "dma200" : 1734.66,
    "volume" : 4023150.00
  }, {
    "date" : "2026-01-22",
    "price" : 2314.00,
    "dma50" : 2130.69,
    "dma100" : 1903.29,
    "dma200" : 1740.43,
    "volume" : 4745452.00
  }, {
    "date" : "2026-01-23",
    "price" : 2282.00,
    "dma50" : 2136.62,
    "dma100" : 1911.33,
    "dma200" : 1745.81,
    "volume" : 3112163.00
  }, {
    "date" : "2026-01-27",
    "price" : 2418.00,
    "dma50" : 2147.66,
    "dma100" : 1919.92,
    "dma200" : 1752.50,
    "volume" : 6973158.00
  }, {
    "date" : "2026-01-28",
    "price" : 2593.00,
    "dma50" : 2165.12,
    "dma100" : 1930.56,
    "dma200" : 1760.87,
    "volume" : 7912504.00
  }, {
    "date" : "2026-01-29",
    "price" : 2686.00,
    "dma50" : 2185.55,
    "dma100" : 1942.00,
    "dma200" : 1770.07,
    "volume" : 5711576.00
  }, {
    "date" : "2026-01-30",
    "price" : 2528.00,
    "dma50" : 2198.98,
    "dma100" : 1952.00,
    "dma200" : 1777.61,
    "volume" : 8114991.00
  }, {
    "date" : "2026-02-01",
    "price" : 2233.30,
    "dma50" : 2200.32,
    "dma100" : 1959.12,
    "dma200" : 1782.15,
    "volume" : 22228347.00
  }, {
    "date" : "2026-02-02",
    "price" : 2321.80,
    "dma50" : 2205.09,
    "dma100" : 1967.07,
    "dma200" : 1787.52,
    "volume" : 8998498.00
  }, {
    "date" : "2026-02-03",
    "price" : 2434.10,
    "dma50" : 2214.07,
    "dma100" : 1976.19,
    "dma200" : 1793.95,
    "volume" : 10706500.00
  }, {
    "date" : "2026-02-04",
    "price" : 2543.30,
    "dma50" : 2226.98,
    "dma100" : 1986.39,
    "dma200" : 1801.41,
    "volume" : 4422020.00
  }, {
    "date" : "2026-02-05",
    "price" : 2410.40,
    "dma50" : 2234.17,
    "dma100" : 1995.35,
    "dma200" : 1807.47,
    "volume" : 5707599.00
  }, {
    "date" : "2026-02-06",
    "price" : 2380.40,
    "dma50" : 2239.91,
    "dma100" : 2003.70,
    "dma200" : 1813.17,
    "volume" : 5237030.00
  } ],
  "latestTechnicalAttributes" : {
    "date" : "2026-02-06",
    "price" : 2380.40,
    "dma50" : 2239.91,
    "dma100" : 2003.70,
    "dma200" : 1813.17,
    "volume" : 5237030.00
  },
  "quarterlyResults" : [ {
    "date" : "2005-03-31",
    "sales" : 6.99,
    "salesGrowthYoY" : null,
    "grossProfitMargin" : 100.00,
    "grossProfit" : 6.99,
    "operatingProfitMargin" : 36.62,
    "operatingProfit" : 2.56,
    "netProfitMargin" : 29.47,
    "netProfit" : 2.06
  }, {
    "date" : "2011-03-31",
    "sales" : 105.88,
    "salesGrowthYoY" : null,
    "grossProfitMargin" : 100.00,
    "grossProfit" : 105.88,
    "operatingProfitMargin" : 55.98,
    "operatingProfit" : 59.27,
    "netProfitMargin" : 51.89,
    "netProfit" : 54.94
  }, {
    "date" : "2011-06-30",
    "sales" : 116.91,
    "salesGrowthYoY" : null,
    "grossProfitMargin" : 100.00,
    "grossProfit" : 116.91,
    "operatingProfitMargin" : 61.36,
    "operatingProfit" : 71.74,
    "netProfitMargin" : 53.06,
    "netProfit" : 62.03
  }, {
    "date" : "2011-09-30",
    "sales" : 161.29,
    "salesGrowthYoY" : null,
    "grossProfitMargin" : 100.00,
    "grossProfit" : 161.29,
    "operatingProfitMargin" : 69.58,
    "operatingProfit" : 112.23,
    "netProfitMargin" : 55.44,
    "netProfit" : 89.42
  }, {
    "date" : "2011-12-31",
    "sales" : 134.77,
    "salesGrowthYoY" : 1828.04,
    "grossProfitMargin" : 100.00,
    "grossProfit" : 134.77,
    "operatingProfitMargin" : 64.69,
    "operatingProfit" : 87.18,
    "netProfitMargin" : 51.04,
    "netProfit" : 68.79
  }, {
    "date" : "2012-03-31",
    "sales" : 125.12,
    "salesGrowthYoY" : 18.17,
    "grossProfitMargin" : 100.00,
    "grossProfit" : 125.12,
    "operatingProfitMargin" : 59.89,
    "operatingProfit" : 74.93,
    "netProfitMargin" : 61.55,
    "netProfit" : 77.01
  }, {
    "date" : "2012-06-30",
    "sales" : 128.80,
    "salesGrowthYoY" : 10.17,
    "grossProfitMargin" : 100.00,
    "grossProfit" : 128.80,
    "operatingProfitMargin" : 62.68,
    "operatingProfit" : 80.73,
    "netProfitMargin" : 50.26,
    "netProfit" : 64.73
  }, {
    "date" : "2012-09-30",
    "sales" : 137.61,
    "salesGrowthYoY" : -14.68,
    "grossProfitMargin" : 100.00,
    "grossProfit" : 137.61,
    "operatingProfitMargin" : 63.32,
    "operatingProfit" : 87.13,
    "netProfitMargin" : 59.16,
    "netProfit" : 81.41
  }, {
    "date" : "2012-12-31",
    "sales" : 130.90,
    "salesGrowthYoY" : -2.87,
    "grossProfitMargin" : 100.00,
    "grossProfit" : 130.90,
    "operatingProfitMargin" : 59.33,
    "operatingProfit" : 77.66,
    "netProfitMargin" : 57.96,
    "netProfit" : 75.87
  }, {
    "date" : "2013-03-31",
    "sales" : 126.66,
    "salesGrowthYoY" : 1.23,
    "grossProfitMargin" : 100.00,
    "grossProfit" : 126.66,
    "operatingProfitMargin" : 54.99,
    "operatingProfit" : 69.65,
    "netProfitMargin" : 60.50,
    "netProfit" : 76.63
  }, {
    "date" : "2013-06-30",
    "sales" : 127.27,
    "salesGrowthYoY" : -1.19,
    "grossProfitMargin" : 100.00,
    "grossProfit" : 127.27,
    "operatingProfitMargin" : 53.15,
    "operatingProfit" : 67.64,
    "netProfitMargin" : 47.24,
    "netProfit" : 60.12
  }, {
    "date" : "2013-09-30",
    "sales" : 88.03,
    "salesGrowthYoY" : -36.03,
    "grossProfitMargin" : 100.00,
    "grossProfit" : 88.03,
    "operatingProfitMargin" : 21.23,
    "operatingProfit" : 18.69,
    "netProfitMargin" : 30.73,
    "netProfit" : 27.05
  }, {
    "date" : "2013-12-31",
    "sales" : 61.41,
    "salesGrowthYoY" : -53.09,
    "grossProfitMargin" : 100.00,
    "grossProfit" : 61.41,
    "operatingProfitMargin" : 28.74,
    "operatingProfit" : 17.65,
    "netProfitMargin" : 35.56,
    "netProfit" : 21.84
  }, {
    "date" : "2014-03-31",
    "sales" : 63.96,
    "salesGrowthYoY" : -49.50,
    "grossProfitMargin" : 100.00,
    "grossProfit" : 63.96,
    "operatingProfitMargin" : 65.26,
    "operatingProfit" : 41.74,
    "netProfitMargin" : 68.40,
    "netProfit" : 43.75
  }, {
    "date" : "2014-06-30",
    "sales" : 51.59,
    "salesGrowthYoY" : -59.46,
    "grossProfitMargin" : 100.00,
    "grossProfit" : 51.59,
    "operatingProfitMargin" : 22.16,
    "operatingProfit" : 11.43,
    "netProfitMargin" : 45.38,
    "netProfit" : 23.41
  }, {
    "date" : "2014-09-30",
    "sales" : 54.82,
    "salesGrowthYoY" : -37.73,
    "grossProfitMargin" : 100.00,
    "grossProfit" : 54.82,
    "operatingProfitMargin" : 32.87,
    "operatingProfit" : 18.02,
    "netProfitMargin" : 53.59,
    "netProfit" : 29.38
  }, {
    "date" : "2014-12-31",
    "sales" : 57.10,
    "salesGrowthYoY" : -7.02,
    "grossProfitMargin" : 100.00,
    "grossProfit" : 57.10,
    "operatingProfitMargin" : 43.35,
    "operatingProfit" : 24.75,
    "netProfitMargin" : 40.23,
    "netProfit" : 22.97
  }, {
    "date" : "2015-03-31",
    "sales" : 58.97,
    "salesGrowthYoY" : -7.80,
    "grossProfitMargin" : 100.00,
    "grossProfit" : 58.97,
    "operatingProfitMargin" : 56.59,
    "operatingProfit" : 33.37,
    "netProfitMargin" : 83.60,
    "netProfit" : 49.30
  }, {
    "date" : "2015-06-30",
    "sales" : 56.22,
    "salesGrowthYoY" : 8.97,
    "grossProfitMargin" : 100.00,
    "grossProfit" : 56.22,
    "operatingProfitMargin" : 33.55,
    "operatingProfit" : 18.86,
    "netProfitMargin" : 14.44,
    "netProfit" : 8.12
  }, {
    "date" : "2015-09-30",
    "sales" : 61.25,
    "salesGrowthYoY" : 11.73,
    "grossProfitMargin" : 100.00,
    "grossProfit" : 61.25,
    "operatingProfitMargin" : 29.45,
    "operatingProfit" : 18.04,
    "netProfitMargin" : 49.94,
    "netProfit" : 30.59
  }, {
    "date" : "2015-12-31",
    "sales" : 56.96,
    "salesGrowthYoY" : -0.25,
    "grossProfitMargin" : 100.00,
    "grossProfit" : 56.96,
    "operatingProfitMargin" : 35.20,
    "operatingProfit" : 20.05,
    "netProfitMargin" : 36.87,
    "netProfit" : 21.00
  }, {
    "date" : "2016-03-31",
    "sales" : 60.51,
    "salesGrowthYoY" : 2.61,
    "grossProfitMargin" : 100.00,
    "grossProfit" : 60.51,
    "operatingProfitMargin" : 30.28,
    "operatingProfit" : 18.32,
    "netProfitMargin" : 72.88,
    "netProfit" : 44.10
  }, {
    "date" : "2016-06-30",
    "sales" : 62.98,
    "salesGrowthYoY" : 12.02,
    "grossProfitMargin" : 100.00,
    "grossProfit" : 62.98,
    "operatingProfitMargin" : 35.23,
    "operatingProfit" : 22.19,
    "netProfitMargin" : 52.10,
    "netProfit" : 32.81
  }, {
    "date" : "2016-09-30",
    "sales" : 65.25,
    "salesGrowthYoY" : 6.53,
    "grossProfitMargin" : 100.00,
    "grossProfit" : 65.25,
    "operatingProfitMargin" : 38.59,
    "operatingProfit" : 25.18,
    "netProfitMargin" : 57.70,
    "netProfit" : 37.65
  }, {
    "date" : "2016-12-31",
    "sales" : 68.60,
    "salesGrowthYoY" : 20.44,
    "grossProfitMargin" : 100.00,
    "grossProfit" : 68.60,
    "operatingProfitMargin" : 28.08,
    "operatingProfit" : 19.26,
    "netProfitMargin" : 49.48,
    "netProfit" : 33.94
  }, {
    "date" : "2017-03-31",
    "sales" : 62.61,
    "salesGrowthYoY" : 3.47,
    "grossProfitMargin" : 100.00,
    "grossProfit" : 62.61,
    "operatingProfitMargin" : 20.97,
    "operatingProfit" : 13.13,
    "netProfitMargin" : 34.95,
    "netProfit" : 21.88
  }, {
    "date" : "2017-06-30",
    "sales" : 59.19,
    "salesGrowthYoY" : -6.02,
    "grossProfitMargin" : 100.00,
    "grossProfit" : 59.19,
    "operatingProfitMargin" : 22.33,
    "operatingProfit" : 13.22,
    "netProfitMargin" : 44.35,
    "netProfit" : 26.25
  }, {
    "date" : "2017-09-30",
    "sales" : 67.26,
    "salesGrowthYoY" : 3.08,
    "grossProfitMargin" : 100.00,
    "grossProfit" : 67.26,
    "operatingProfitMargin" : 31.34,
    "operatingProfit" : 21.08,
    "netProfitMargin" : 42.12,
    "netProfit" : 28.33
  }, {
    "date" : "2017-12-31",
    "sales" : 62.81,
    "salesGrowthYoY" : -8.44,
    "grossProfitMargin" : 100.00,
    "grossProfit" : 62.81,
    "operatingProfitMargin" : 25.31,
    "operatingProfit" : 15.90,
    "netProfitMargin" : 28.34,
    "netProfit" : 17.80
  }, {
    "date" : "2018-03-31",
    "sales" : 70.58,
    "salesGrowthYoY" : 12.73,
    "grossProfitMargin" : 100.00,
    "grossProfit" : 70.58,
    "operatingProfitMargin" : 34.13,
    "operatingProfit" : 24.09,
    "netProfitMargin" : 48.12,
    "netProfit" : 33.96
  }, {
    "date" : "2018-06-30",
    "sales" : 72.87,
    "salesGrowthYoY" : 23.11,
    "grossProfitMargin" : 100.00,
    "grossProfit" : 72.87,
    "operatingProfitMargin" : 35.49,
    "operatingProfit" : 25.86,
    "netProfitMargin" : 38.07,
    "netProfit" : 27.74
  }, {
    "date" : "2018-09-30",
    "sales" : 70.87,
    "salesGrowthYoY" : 5.37,
    "grossProfitMargin" : 100.00,
    "grossProfit" : 70.87,
    "operatingProfitMargin" : 32.26,
    "operatingProfit" : 22.86,
    "netProfitMargin" : 47.76,
    "netProfit" : 33.85
  }, {
    "date" : "2018-12-31",
    "sales" : 76.17,
    "salesGrowthYoY" : 21.27,
    "grossProfitMargin" : 100.00,
    "grossProfit" : 76.17,
    "operatingProfitMargin" : 26.13,
    "operatingProfit" : 19.90,
    "netProfitMargin" : 49.97,
    "netProfit" : 38.06
  }, {
    "date" : "2019-03-31",
    "sales" : 78.44,
    "salesGrowthYoY" : 11.14,
    "grossProfitMargin" : 100.00,
    "grossProfit" : 78.44,
    "operatingProfitMargin" : 30.58,
    "operatingProfit" : 23.99,
    "netProfitMargin" : 74.49,
    "netProfit" : 58.43
  }, {
    "date" : "2019-06-30",
    "sales" : 78.79,
    "salesGrowthYoY" : 8.12,
    "grossProfitMargin" : 100.00,
    "grossProfit" : 78.79,
    "operatingProfitMargin" : 33.91,
    "operatingProfit" : 26.72,
    "netProfitMargin" : 51.03,
    "netProfit" : 40.21
  }, {
    "date" : "2019-09-30",
    "sales" : 98.80,
    "salesGrowthYoY" : 39.41,
    "grossProfitMargin" : 100.00,
    "grossProfit" : 98.80,
    "operatingProfitMargin" : 44.82,
    "operatingProfit" : 44.28,
    "netProfitMargin" : 63.49,
    "netProfit" : 62.73
  }, {
    "date" : "2019-12-31",
    "sales" : 88.27,
    "salesGrowthYoY" : 15.89,
    "grossProfitMargin" : 100.00,
    "grossProfit" : 88.27,
    "operatingProfitMargin" : 41.36,
    "operatingProfit" : 36.51,
    "netProfitMargin" : 54.88,
    "netProfit" : 48.44
  }, {
    "date" : "2020-03-31",
    "sales" : 104.59,
    "salesGrowthYoY" : 33.34,
    "grossProfitMargin" : 100.00,
    "grossProfit" : 104.59,
    "operatingProfitMargin" : 36.29,
    "operatingProfit" : 37.96,
    "netProfitMargin" : 54.64,
    "netProfit" : 57.15
  }, {
    "date" : "2020-06-30",
    "sales" : 63.13,
    "salesGrowthYoY" : -19.88,
    "grossProfitMargin" : 100.00,
    "grossProfit" : 63.13,
    "operatingProfitMargin" : 29.56,
    "operatingProfit" : 18.66,
    "netProfitMargin" : 79.30,
    "netProfit" : 50.06
  }, {
    "date" : "2020-09-30",
    "sales" : 106.31,
    "salesGrowthYoY" : 7.60,
    "grossProfitMargin" : 100.00,
    "grossProfit" : 106.31,
    "operatingProfitMargin" : 46.85,
    "operatingProfit" : 49.81,
    "netProfitMargin" : 41.81,
    "netProfit" : 44.45
  }, {
    "date" : "2020-12-31",
    "sales" : 88.95,
    "salesGrowthYoY" : 0.77,
    "grossProfitMargin" : 100.00,
    "grossProfit" : 88.95,
    "operatingProfitMargin" : 43.18,
    "operatingProfit" : 38.41,
    "netProfitMargin" : 71.29,
    "netProfit" : 63.41
  }, {
    "date" : "2021-03-31",
    "sales" : 86.47,
    "salesGrowthYoY" : -17.32,
    "grossProfitMargin" : 100.00,
    "grossProfit" : 86.47,
    "operatingProfitMargin" : 39.22,
    "operatingProfit" : 33.91,
    "netProfitMargin" : 34.60,
    "netProfit" : 29.92
  }, {
    "date" : "2021-06-30",
    "sales" : 77.63,
    "salesGrowthYoY" : 22.97,
    "grossProfitMargin" : 100.00,
    "grossProfit" : 77.63,
    "operatingProfitMargin" : 35.80,
    "operatingProfit" : 27.79,
    "netProfitMargin" : 42.46,
    "netProfit" : 32.96
  }, {
    "date" : "2021-09-30",
    "sales" : 74.87,
    "salesGrowthYoY" : -29.57,
    "grossProfitMargin" : 100.00,
    "grossProfit" : 74.87,
    "operatingProfitMargin" : 35.35,
    "operatingProfit" : 26.47,
    "netProfitMargin" : 36.30,
    "netProfit" : 27.18
  }, {
    "date" : "2021-12-31",
    "sales" : 81.17,
    "salesGrowthYoY" : -8.75,
    "grossProfitMargin" : 100.00,
    "grossProfit" : 81.17,
    "operatingProfitMargin" : 38.02,
    "operatingProfit" : 30.86,
    "netProfitMargin" : 36.49,
    "netProfit" : 29.62
  }, {
    "date" : "2022-03-31",
    "sales" : 96.11,
    "salesGrowthYoY" : 11.15,
    "grossProfitMargin" : 100.00,
    "grossProfit" : 96.11,
    "operatingProfitMargin" : 44.99,
    "operatingProfit" : 43.24,
    "netProfitMargin" : 46.37,
    "netProfit" : 44.57
  }, {
    "date" : "2022-06-30",
    "sales" : 98.59,
    "salesGrowthYoY" : 27.00,
    "grossProfitMargin" : 100.00,
    "grossProfit" : 98.59,
    "operatingProfitMargin" : 39.59,
    "operatingProfit" : 39.03,
    "netProfitMargin" : 33.10,
    "netProfit" : 32.63
  }, {
    "date" : "2022-09-30",
    "sales" : 113.20,
    "salesGrowthYoY" : 51.20,
    "grossProfitMargin" : 100.00,
    "grossProfit" : 113.20,
    "operatingProfitMargin" : 44.42,
    "operatingProfit" : 50.28,
    "netProfitMargin" : 45.21,
    "netProfit" : 51.18
  }, {
    "date" : "2022-12-31",
    "sales" : 123.03,
    "salesGrowthYoY" : 51.57,
    "grossProfitMargin" : 100.00,
    "grossProfit" : 123.03,
    "operatingProfitMargin" : 20.93,
    "operatingProfit" : 25.75,
    "netProfitMargin" : 27.54,
    "netProfit" : 33.88
  }, {
    "date" : "2023-03-31",
    "sales" : 114.41,
    "salesGrowthYoY" : 19.04,
    "grossProfitMargin" : 100.00,
    "grossProfit" : 114.41,
    "operatingProfitMargin" : 4.11,
    "operatingProfit" : 4.70,
    "netProfitMargin" : 10.62,
    "netProfit" : 12.15
  }, {
    "date" : "2023-06-30",
    "sales" : 127.95,
    "salesGrowthYoY" : 29.78,
    "grossProfitMargin" : 100.00,
    "grossProfit" : 127.95,
    "operatingProfitMargin" : 10.51,
    "operatingProfit" : 13.45,
    "netProfitMargin" : 18.70,
    "netProfit" : 23.93
  }, {
    "date" : "2023-09-30",
    "sales" : 140.74,
    "salesGrowthYoY" : 24.33,
    "grossProfitMargin" : 100.00,
    "grossProfit" : 140.74,
    "operatingProfitMargin" : -13.54,
    "operatingProfit" : -19.06,
    "netProfitMargin" : -4.82,
    "netProfit" : -6.78
  }, {
    "date" : "2023-12-31",
    "sales" : 163.12,
    "salesGrowthYoY" : 32.59,
    "grossProfitMargin" : 100.00,
    "grossProfit" : 163.12,
    "operatingProfitMargin" : -27.97,
    "operatingProfit" : -45.62,
    "netProfitMargin" : -16.64,
    "netProfit" : -27.14
  }, {
    "date" : "2024-03-31",
    "sales" : 160.06,
    "salesGrowthYoY" : 39.90,
    "grossProfitMargin" : 100.00,
    "grossProfit" : 160.06,
    "operatingProfitMargin" : 48.17,
    "operatingProfit" : 77.10,
    "netProfitMargin" : 38.70,
    "netProfit" : 61.94
  }, {
    "date" : "2024-06-30",
    "sales" : 208.55,
    "salesGrowthYoY" : 62.99,
    "grossProfitMargin" : 100.00,
    "grossProfit" : 208.55,
    "operatingProfitMargin" : 48.55,
    "operatingProfit" : 101.25,
    "netProfitMargin" : 38.54,
    "netProfit" : 80.38
  }, {
    "date" : "2024-09-30",
    "sales" : 256.56,
    "salesGrowthYoY" : 82.29,
    "grossProfitMargin" : 100.00,
    "grossProfit" : 256.56,
    "operatingProfitMargin" : 53.48,
    "operatingProfit" : 137.21,
    "netProfitMargin" : 43.08,
    "netProfit" : 110.53
  }, {
    "date" : "2024-12-31",
    "sales" : 277.58,
    "salesGrowthYoY" : 70.17,
    "grossProfitMargin" : 100.00,
    "grossProfit" : 277.58,
    "operatingProfitMargin" : 55.84,
    "operatingProfit" : 155.00,
    "netProfitMargin" : 44.02,
    "netProfit" : 122.19
  }, {
    "date" : "2025-03-31",
    "sales" : 268.89,
    "salesGrowthYoY" : 67.99,
    "grossProfitMargin" : 100.00,
    "grossProfit" : 268.89,
    "operatingProfitMargin" : 47.07,
    "operatingProfit" : 126.57,
    "netProfitMargin" : 37.81,
    "netProfit" : 101.67
  }, {
    "date" : "2025-06-30",
    "sales" : 349.22,
    "salesGrowthYoY" : 67.45,
    "grossProfitMargin" : 100.00,
    "grossProfit" : 349.22,
    "operatingProfitMargin" : 55.91,
    "operatingProfit" : 195.25,
    "netProfitMargin" : 44.92,
    "netProfit" : 156.87
  }, {
    "date" : "2025-09-30",
    "sales" : 351.61,
    "salesGrowthYoY" : 37.05,
    "grossProfitMargin" : 100.00,
    "grossProfit" : 351.61,
    "operatingProfitMargin" : 56.53,
    "operatingProfit" : 198.77,
    "netProfitMargin" : 44.49,
    "netProfit" : 156.43
  }, {
    "date" : "2025-12-31",
    "sales" : 624.12,
    "salesGrowthYoY" : 124.84,
    "grossProfitMargin" : 100.00,
    "grossProfit" : 624.12,
    "operatingProfitMargin" : 63.88,
    "operatingProfit" : 398.69,
    "netProfitMargin" : 49.21,
    "netProfit" : 307.13
  } ],
  "latestQuarterlyResult" : {
    "date" : "2025-12-31",
    "sales" : 624.12,
    "salesGrowthYoY" : 124.84,
    "grossProfitMargin" : 100.00,
    "grossProfit" : 624.12,
    "operatingProfitMargin" : 63.88,
    "operatingProfit" : 398.69,
    "netProfitMargin" : 49.21,
    "netProfit" : 307.13
  },
  "companyScore" : {
    "priceHigherThanDma50" : 5.00,
    "priceHigherThanDma100" : 5.00,
    "priceHigherThanDma200" : 5.00,
    "dma50HigherThanDma100" : 5.00,
    "dma50HigherThanDma200" : 5.00,
    "dma100HigherThanDma200" : 5.00,
    "pricePercentageAboveDma50" : 4.69,
    "pricePercentageAboveDma100" : 4.06,
    "pricePercentageAboveDma200" : 3.44,
    "weeklyVolumeHigherThanYearlyVolume" : 5.00,
    "salesGrowthPercentile" : 19.65,
    "operatingProfitMarginPercentile" : 19.02,
    "netProfitMarginPercentile" : 6.57,
    "totalTechnicalScore" : 47.18,
    "totalFundamentalScore" : 45.23,
    "totalScore" : 92.42
  }
}