{
  "metadata" : {
    "screenerCompanyId" : "1976",
    "companyCode" : "MHRIL",
    "companyName" : "Mahindra Holiday",
    "screenerCompanyLink" : "https://www.screener.in/company/MHRIL/consolidated/",
    "screenerTechnicalHistoryLink" : "https://www.screener.in/api/company/1976/chart/?q=Price-DMA50-DMA200-Volume&days=365",
    "screenerQuarterlyResultsLink" : "https://www.screener.in/api/company/1976/chart/?q=GPM-OPM-NPM-Quarter+Sales&days=10000",
    "attributes" : {
      "companyCode" : "MHRIL",
      "companyName" : "Mahindra Holiday",
      "marketCap" : 6282.00,
      "peRatio" : 47.00,
      "description" : "Mahindra Holidays & Resorts India Ltd. (MHRIL), a part of the Leisure and Hospitality sector of the Mahindra Group offers family holidays primarily through vacation ownership memberships. Started in 1996, the company's flagship brand ‘Club Mahindra’ has over 250,000 members. [1]The Company is the largest Vacation Ownership company outside the US and is 6th largest globally[2]"
    },
    "companyScore" : {
      "priceHigherThanDma50" : 0.00,
      "priceHigherThanDma100" : 0.00,
      "priceHigherThanDma200" : 0.00,
      "dma50HigherThanDma100" : 0.00,
      "dma50HigherThanDma200" : 0.00,
      "dma100HigherThanDma200" : 0.00,
      "pricePercentageAboveDma50" : 5.17,
      "pricePercentageAboveDma100" : 5.41,
      "pricePercentageAboveDma200" : 5.42,
      "weeklyVolumeHigherThanYearlyVolume" : 5.00,
      "salesGrowthPercentile" : 9.06,
      "operatingProfitMarginPercentile" : 17.30,
      "netProfitMarginPercentile" : 8.93,
      "totalTechnicalScore" : 21.00,
      "totalFundamentalScore" : 35.29,
      "totalScore" : 56.29
    }
  },
  "attributes" : {
    "companyCode" : "MHRIL",
    "companyName" : "Mahindra Holiday",
    "marketCap" : 6282.00,
    "peRatio" : 47.00,
    "description" : "Mahindra Holidays & Resorts India Ltd. (MHRIL), a part of the Leisure and Hospitality sector of the Mahindra Group offers family holidays primarily through vacation ownership memberships. Started in 1996, the company's flagship brand ‘Club Mahindra’ has over 250,000 members. [1]The Company is the largest Vacation Ownership company outside the US and is 6th largest globally[2]"
  },
  "technicalHistory" : [ {
    "date" : "2024-12-23",
    "price" : 358.15,
    "dma50" : 376.07,
    "dma100" : null,
    "dma200" : 393.63,
    "volume" : 77205.00
  }, {
    "date" : "2024-12-24",
    "price" : 363.10,
    "dma50" : 375.56,
    "dma100" : null,
    "dma200" : 393.33,
    "volume" : 127047.00
  }, {
    "date" : "2024-12-26",
    "price" : 357.50,
    "dma50" : 374.85,
    "dma100" : null,
    "dma200" : 392.97,
    "volume" : 71501.00
  }, {
    "date" : "2024-12-27",
    "price" : 356.50,
    "dma50" : 374.13,
    "dma100" : null,
    "dma200" : 392.61,
    "volume" : 37082.00
  }, {
    "date" : "2024-12-30",
    "price" : 353.10,
    "dma50" : 373.31,
    "dma100" : null,
    "dma200" : 392.21,
    "volume" : 58841.00
  }, {
    "date" : "2024-12-31",
    "price" : 357.60,
    "dma50" : 372.69,
    "dma100" : null,
    "dma200" : 391.87,
    "volume" : 58311.00
  }, {
    "date" : "2025-01-01",
    "price" : 370.60,
    "dma50" : 372.61,
    "dma100" : null,
    "dma200" : 391.66,
    "volume" : 99007.00
  }, {
    "date" : "2025-01-02",
    "price" : 379.45,
    "dma50" : 372.88,
    "dma100" : null,
    "dma200" : 391.54,
    "volume" : 246708.00
  }, {
    "date" : "2025-01-03",
    "price" : 376.60,
    "dma50" : 373.03,
    "dma100" : null,
    "dma200" : 391.39,
    "volume" : 93113.00
  }, {
    "date" : "2025-01-06",
    "price" : 360.70,
    "dma50" : 372.54,
    "dma100" : null,
    "dma200" : 391.08,
    "volume" : 140936.00
  }, {
    "date" : "2025-01-07",
    "price" : 370.40,
    "dma50" : 372.46,
    "dma100" : null,
    "dma200" : 390.88,
    "volume" : 121874.00
  }, {
    "date" : "2025-01-08",
    "price" : 370.25,
    "dma50" : 372.37,
    "dma100" : null,
    "dma200" : 390.67,
    "volume" : 73852.00
  }, {
    "date" : "2025-01-09",
    "price" : 367.35,
    "dma50" : 372.17,
    "dma100" : null,
    "dma200" : 390.44,
    "volume" : 89169.00
  }, {
    "date" : "2025-01-10",
    "price" : 358.70,
    "dma50" : 371.65,
    "dma100" : null,
    "dma200" : 390.12,
    "volume" : 76556.00
  }, {
    "date" : "2025-01-13",
    "price" : 341.55,
    "dma50" : 370.47,
    "dma100" : null,
    "dma200" : 389.64,
    "volume" : 120535.00
  }, {
    "date" : "2025-01-14",
    "price" : 335.20,
    "dma50" : 369.08,
    "dma100" : null,
    "dma200" : 389.10,
    "volume" : 157809.00
  }, {
    "date" : "2025-01-15",
    "price" : 335.10,
    "dma50" : 367.75,
    "dma100" : null,
    "dma200" : 388.56,
    "volume" : 118137.00
  }, {
    "date" : "2025-01-16",
    "price" : 340.75,
    "dma50" : 366.69,
    "dma100" : null,
    "dma200" : 388.09,
    "volume" : 62231.00
  }, {
    "date" : "2025-01-17",
    "price" : 336.05,
    "dma50" : 365.49,
    "dma100" : null,
    "dma200" : 387.57,
    "volume" : 101207.00
  }, {
    "date" : "2025-01-20",
    "price" : 341.75,
    "dma50" : 364.56,
    "dma100" : null,
    "dma200" : 387.11,
    "volume" : 81393.00
  }, {
    "date" : "2025-01-21",
    "price" : 336.75,
    "dma50" : 363.47,
    "dma100" : null,
    "dma200" : 386.61,
    "volume" : 53189.00
  }, {
    "date" : "2025-01-22",
    "price" : 328.85,
    "dma50" : 362.11,
    "dma100" : null,
    "dma200" : 386.04,
    "volume" : 132027.00
  }, {
    "date" : "2025-01-23",
    "price" : 327.05,
    "dma50" : 360.74,
    "dma100" : null,
    "dma200" : 385.45,
    "volume" : 58874.00
  }, {
    "date" : "2025-01-24",
    "price" : 320.75,
    "dma50" : 359.17,
    "dma100" : null,
    "dma200" : 384.81,
    "volume" : 65159.00
  }, {
    "date" : "2025-01-27",
    "price" : 322.55,
    "dma50" : 357.73,
    "dma100" : null,
    "dma200" : 384.19,
    "volume" : 115046.00
  }, {
    "date" : "2025-01-28",
    "price" : 308.95,
    "dma50" : 355.82,
    "dma100" : null,
    "dma200" : 383.44,
    "volume" : 186577.00
  }, {
    "date" : "2025-01-29",
    "price" : 321.25,
    "dma50" : 354.46,
    "dma100" : null,
    "dma200" : 382.82,
    "volume" : 74034.00
  }, {
    "date" : "2025-01-30",
    "price" : 322.75,
    "dma50" : 353.22,
    "dma100" : null,
    "dma200" : 382.22,
    "volume" : 61971.00
  }, {
    "date" : "2025-01-31",
    "price" : 339.45,
    "dma50" : 352.68,
    "dma100" : null,
    "dma200" : 381.80,
    "volume" : 1497130.00
  }, {
    "date" : "2025-02-01",
    "price" : 342.75,
    "dma50" : 352.29,
    "dma100" : null,
    "dma200" : 381.41,
    "volume" : 267024.00
  }, {
    "date" : "2025-02-03",
    "price" : 338.60,
    "dma50" : 351.75,
    "dma100" : null,
    "dma200" : 380.98,
    "volume" : 188039.00
  }, {
    "date" : "2025-02-04",
    "price" : 335.85,
    "dma50" : 351.13,
    "dma100" : null,
    "dma200" : 380.53,
    "volume" : 108666.00
  }, {
    "date" : "2025-02-05",
    "price" : 344.00,
    "dma50" : 350.85,
    "dma100" : null,
    "dma200" : 380.17,
    "volume" : 131995.00
  }, {
    "date" : "2025-02-06",
    "price" : 353.90,
    "dma50" : 350.97,
    "dma100" : null,
    "dma200" : 379.91,
    "volume" : 169831.00
  }, {
    "date" : "2025-02-07",
    "price" : 345.60,
    "dma50" : 350.76,
    "dma100" : null,
    "dma200" : 379.57,
    "volume" : 74888.00
  }, {
    "date" : "2025-02-10",
    "price" : 336.50,
    "dma50" : 350.20,
    "dma100" : null,
    "dma200" : 379.14,
    "volume" : 84936.00
  }, {
    "date" : "2025-02-11",
    "price" : 323.05,
    "dma50" : 349.14,
    "dma100" : null,
    "dma200" : 378.58,
    "volume" : 112484.00
  }, {
    "date" : "2025-02-12",
    "price" : 320.85,
    "dma50" : 348.03,
    "dma100" : null,
    "dma200" : 378.00,
    "volume" : 124947.00
  }, {
    "date" : "2025-02-13",
    "price" : 319.45,
    "dma50" : 346.91,
    "dma100" : null,
    "dma200" : 377.42,
    "volume" : 69655.00
  }, {
    "date" : "2025-02-14",
    "price" : 322.65,
    "dma50" : 345.95,
    "dma100" : null,
    "dma200" : 376.88,
    "volume" : 93701.00
  }, {
    "date" : "2025-02-17",
    "price" : 316.85,
    "dma50" : 344.81,
    "dma100" : null,
    "dma200" : 376.28,
    "volume" : 120162.00
  }, {
    "date" : "2025-02-18",
    "price" : 314.95,
    "dma50" : 343.64,
    "dma100" : null,
    "dma200" : 375.67,
    "volume" : 70391.00
  }, {
    "date" : "2025-02-19",
    "price" : 318.95,
    "dma50" : 342.67,
    "dma100" : null,
    "dma200" : 375.11,
    "volume" : 86779.00
  }, {
    "date" : "2025-02-20",
    "price" : 320.50,
    "dma50" : 341.80,
    "dma100" : null,
    "dma200" : 374.56,
    "volume" : 85689.00
  }, {
    "date" : "2025-02-21",
    "price" : 317.15,
    "dma50" : 340.84,
    "dma100" : null,
    "dma200" : 373.99,
    "volume" : 78020.00
  }, {
    "date" : "2025-02-24",
    "price" : 312.85,
    "dma50" : 339.74,
    "dma100" : null,
    "dma200" : 373.38,
    "volume" : 61274.00
  }, {
    "date" : "2025-02-25",
    "price" : 301.95,
    "dma50" : 338.26,
    "dma100" : null,
    "dma200" : 372.67,
    "volume" : 199946.00
  }, {
    "date" : "2025-02-27",
    "price" : 299.20,
    "dma50" : 336.73,
    "dma100" : null,
    "dma200" : 371.94,
    "volume" : 145787.00
  }, {
    "date" : "2025-02-28",
    "price" : 294.15,
    "dma50" : 335.06,
    "dma100" : null,
    "dma200" : 371.17,
    "volume" : 167193.00
  }, {
    "date" : "2025-03-03",
    "price" : 287.30,
    "dma50" : 333.18,
    "dma100" : null,
    "dma200" : 370.33,
    "volume" : 206273.00
  }, {
    "date" : "2025-03-04",
    "price" : 291.75,
    "dma50" : 331.56,
    "dma100" : null,
    "dma200" : 369.55,
    "volume" : 108851.00
  }, {
    "date" : "2025-03-05",
    "price" : 302.75,
    "dma50" : 330.43,
    "dma100" : null,
    "dma200" : 368.89,
    "volume" : 123124.00
  }, {
    "date" : "2025-03-06",
    "price" : 312.75,
    "dma50" : 329.74,
    "dma100" : null,
    "dma200" : 368.33,
    "volume" : 145017.00
  }, {
    "date" : "2025-03-07",
    "price" : 313.80,
    "dma50" : 329.11,
    "dma100" : null,
    "dma200" : 367.78,
    "volume" : 134800.00
  }, {
    "date" : "2025-03-10",
    "price" : 303.45,
    "dma50" : 328.10,
    "dma100" : null,
    "dma200" : 367.14,
    "volume" : 155472.00
  }, {
    "date" : "2025-03-11",
    "price" : 305.45,
    "dma50" : 327.22,
    "dma100" : null,
    "dma200" : 366.53,
    "volume" : 94229.00
  }, {
    "date" : "2025-03-12",
    "price" : 300.05,
    "dma50" : 326.15,
    "dma100" : null,
    "dma200" : 365.87,
    "volume" : 85634.00
  }, {
    "date" : "2025-03-13",
    "price" : 299.10,
    "dma50" : 325.09,
    "dma100" : null,
    "dma200" : 365.20,
    "volume" : 110263.00
  }, {
    "date" : "2025-03-17",
    "price" : 295.35,
    "dma50" : 323.92,
    "dma100" : null,
    "dma200" : 364.51,
    "volume" : 78861.00
  }, {
    "date" : "2025-03-18",
    "price" : 309.45,
    "dma50" : 323.36,
    "dma100" : null,
    "dma200" : 363.96,
    "volume" : 155590.00
  }, {
    "date" : "2025-03-19",
    "price" : 316.40,
    "dma50" : 323.08,
    "dma100" : null,
    "dma200" : 363.49,
    "volume" : 139601.00
  }, {
    "date" : "2025-03-20",
    "price" : 318.15,
    "dma50" : 322.89,
    "dma100" : null,
    "dma200" : 363.04,
    "volume" : 206930.00
  }, {
    "date" : "2025-03-21",
    "price" : 327.00,
    "dma50" : 323.05,
    "dma100" : null,
    "dma200" : 362.68,
    "volume" : 164467.00
  }, {
    "date" : "2025-03-24",
    "price" : 325.25,
    "dma50" : 323.14,
    "dma100" : null,
    "dma200" : 362.31,
    "volume" : 154482.00
  }, {
    "date" : "2025-03-25",
    "price" : 319.70,
    "dma50" : 323.00,
    "dma100" : null,
    "dma200" : 361.88,
    "volume" : 161457.00
  }, {
    "date" : "2025-03-26",
    "price" : 307.60,
    "dma50" : 322.40,
    "dma100" : null,
    "dma200" : 361.34,
    "volume" : 174674.00
  }, {
    "date" : "2025-03-27",
    "price" : 292.70,
    "dma50" : 321.23,
    "dma100" : null,
    "dma200" : 360.66,
    "volume" : 686827.00
  }, {
    "date" : "2025-03-28",
    "price" : 284.95,
    "dma50" : 319.81,
    "dma100" : null,
    "dma200" : 359.91,
    "volume" : 449178.00
  }, {
    "date" : "2025-04-01",
    "price" : 297.95,
    "dma50" : 318.95,
    "dma100" : null,
    "dma200" : 359.29,
    "volume" : 150697.00
  }, {
    "date" : "2025-04-02",
    "price" : 297.95,
    "dma50" : 318.13,
    "dma100" : null,
    "dma200" : 358.68,
    "volume" : 170896.00
  }, {
    "date" : "2025-04-03",
    "price" : 306.15,
    "dma50" : 317.66,
    "dma100" : null,
    "dma200" : 358.16,
    "volume" : 293353.00
  }, {
    "date" : "2025-04-04",
    "price" : 295.60,
    "dma50" : 316.79,
    "dma100" : null,
    "dma200" : 357.53,
    "volume" : 156637.00
  }, {
    "date" : "2025-04-07",
    "price" : 292.85,
    "dma50" : 315.86,
    "dma100" : null,
    "dma200" : 356.89,
    "volume" : 289172.00
  }, {
    "date" : "2025-04-08",
    "price" : 296.55,
    "dma50" : 315.10,
    "dma100" : null,
    "dma200" : 356.29,
    "volume" : 103459.00
  }, {
    "date" : "2025-04-09",
    "price" : 293.25,
    "dma50" : 314.24,
    "dma100" : null,
    "dma200" : 355.66,
    "volume" : 59953.00
  }, {
    "date" : "2025-04-11",
    "price" : 299.70,
    "dma50" : 313.67,
    "dma100" : null,
    "dma200" : 355.11,
    "volume" : 113751.00
  }, {
    "date" : "2025-04-15",
    "price" : 303.05,
    "dma50" : 313.26,
    "dma100" : null,
    "dma200" : 354.59,
    "volume" : 107715.00
  }, {
    "date" : "2025-04-16",
    "price" : 306.05,
    "dma50" : 312.97,
    "dma100" : null,
    "dma200" : 354.10,
    "volume" : 112382.00
  }, {
    "date" : "2025-04-17",
    "price" : 306.90,
    "dma50" : 312.73,
    "dma100" : null,
    "dma200" : 353.63,
    "volume" : 165793.00
  }, {
    "date" : "2025-04-21",
    "price" : 315.20,
    "dma50" : 312.83,
    "dma100" : null,
    "dma200" : 353.25,
    "volume" : 195184.00
  }, {
    "date" : "2025-04-22",
    "price" : 317.45,
    "dma50" : 313.01,
    "dma100" : null,
    "dma200" : 352.90,
    "volume" : 142537.00
  }, {
    "date" : "2025-04-23",
    "price" : 316.60,
    "dma50" : 313.15,
    "dma100" : null,
    "dma200" : 352.54,
    "volume" : 123196.00
  }, {
    "date" : "2025-04-24",
    "price" : 317.40,
    "dma50" : 313.32,
    "dma100" : null,
    "dma200" : 352.19,
    "volume" : 181274.00
  }, {
    "date" : "2025-04-25",
    "price" : 300.35,
    "dma50" : 312.81,
    "dma100" : null,
    "dma200" : 351.67,
    "volume" : 231791.00
  }, {
    "date" : "2025-04-28",
    "price" : 309.05,
    "dma50" : 312.66,
    "dma100" : null,
    "dma200" : 351.25,
    "volume" : 225572.00
  }, {
    "date" : "2025-04-29",
    "price" : 317.35,
    "dma50" : 312.85,
    "dma100" : null,
    "dma200" : 350.91,
    "volume" : 139251.00
  }, {
    "date" : "2025-04-30",
    "price" : 310.75,
    "dma50" : 312.76,
    "dma100" : null,
    "dma200" : 350.51,
    "volume" : 139942.00
  }, {
    "date" : "2025-05-02",
    "price" : 318.95,
    "dma50" : 313.01,
    "dma100" : null,
    "dma200" : 350.19,
    "volume" : 198877.00
  }, {
    "date" : "2025-05-05",
    "price" : 320.00,
    "dma50" : 313.28,
    "dma100" : null,
    "dma200" : 349.89,
    "volume" : 111562.00
  }, {
    "date" : "2025-05-06",
    "price" : 308.30,
    "dma50" : 313.09,
    "dma100" : null,
    "dma200" : 349.48,
    "volume" : 97873.00
  }, {
    "date" : "2025-05-07",
    "price" : 310.90,
    "dma50" : 313.00,
    "dma100" : null,
    "dma200" : 349.10,
    "volume" : 133532.00
  }, {
    "date" : "2025-05-08",
    "price" : 303.15,
    "dma50" : 312.61,
    "dma100" : null,
    "dma200" : 348.64,
    "volume" : 79438.00
  }, {
    "date" : "2025-05-09",
    "price" : 301.65,
    "dma50" : 312.18,
    "dma100" : null,
    "dma200" : 348.17,
    "volume" : 82827.00
  }, {
    "date" : "2025-05-12",
    "price" : 330.80,
    "dma50" : 312.91,
    "dma100" : null,
    "dma200" : 348.00,
    "volume" : 320718.00
  }, {
    "date" : "2025-05-13",
    "price" : 342.05,
    "dma50" : 314.06,
    "dma100" : null,
    "dma200" : 347.94,
    "volume" : 280583.00
  }, {
    "date" : "2025-05-14",
    "price" : 349.35,
    "dma50" : 315.44,
    "dma100" : null,
    "dma200" : 347.95,
    "volume" : 162038.00
  }, {
    "date" : "2025-05-15",
    "price" : 358.75,
    "dma50" : 317.14,
    "dma100" : null,
    "dma200" : 348.06,
    "volume" : 205266.00
  }, {
    "date" : "2025-05-16",
    "price" : 356.85,
    "dma50" : 318.70,
    "dma100" : null,
    "dma200" : 348.15,
    "volume" : 85608.00
  }, {
    "date" : "2025-05-19",
    "price" : 360.85,
    "dma50" : 320.35,
    "dma100" : null,
    "dma200" : 348.28,
    "volume" : 429100.00
  }, {
    "date" : "2025-05-20",
    "price" : 356.45,
    "dma50" : 321.77,
    "dma100" : null,
    "dma200" : 348.36,
    "volume" : 1438975.00
  }, {
    "date" : "2025-05-21",
    "price" : 360.35,
    "dma50" : 323.28,
    "dma100" : 324.72,
    "dma200" : 348.48,
    "volume" : 80089.00
  }, {
    "date" : "2025-05-22",
    "price" : 357.35,
    "dma50" : 324.61,
    "dma100" : 324.66,
    "dma200" : 348.56,
    "volume" : 109388.00
  }, {
    "date" : "2025-05-23",
    "price" : 363.00,
    "dma50" : 326.12,
    "dma100" : 324.72,
    "dma200" : 348.71,
    "volume" : 1728781.00
  }, {
    "date" : "2025-05-26",
    "price" : 373.25,
    "dma50" : 327.97,
    "dma100" : 324.88,
    "dma200" : 348.95,
    "volume" : 246731.00
  }, {
    "date" : "2025-05-27",
    "price" : 372.80,
    "dma50" : 329.73,
    "dma100" : 325.08,
    "dma200" : 349.19,
    "volume" : 102230.00
  }, {
    "date" : "2025-05-28",
    "price" : 357.25,
    "dma50" : 330.81,
    "dma100" : 325.08,
    "dma200" : 349.27,
    "volume" : 107209.00
  }, {
    "date" : "2025-05-29",
    "price" : 359.50,
    "dma50" : 331.93,
    "dma100" : 324.97,
    "dma200" : 349.37,
    "volume" : 59570.00
  }, {
    "date" : "2025-05-30",
    "price" : 361.35,
    "dma50" : 333.08,
    "dma100" : 324.79,
    "dma200" : 349.49,
    "volume" : 79186.00
  }, {
    "date" : "2025-06-02",
    "price" : 361.50,
    "dma50" : 334.20,
    "dma100" : 324.63,
    "dma200" : 349.61,
    "volume" : 642382.00
  }, {
    "date" : "2025-06-03",
    "price" : 361.50,
    "dma50" : 335.27,
    "dma100" : 324.64,
    "dma200" : 349.73,
    "volume" : 153455.00
  }, {
    "date" : "2025-06-04",
    "price" : 359.15,
    "dma50" : 336.21,
    "dma100" : 324.53,
    "dma200" : 349.82,
    "volume" : 60068.00
  }, {
    "date" : "2025-06-05",
    "price" : 357.60,
    "dma50" : 337.05,
    "dma100" : 324.40,
    "dma200" : 349.90,
    "volume" : 48064.00
  }, {
    "date" : "2025-06-06",
    "price" : 360.00,
    "dma50" : 337.95,
    "dma100" : 324.33,
    "dma200" : 350.00,
    "volume" : 57105.00
  }, {
    "date" : "2025-06-09",
    "price" : 358.30,
    "dma50" : 338.74,
    "dma100" : 324.33,
    "dma200" : 350.08,
    "volume" : 74483.00
  }, {
    "date" : "2025-06-10",
    "price" : 358.85,
    "dma50" : 339.53,
    "dma100" : 324.50,
    "dma200" : 350.17,
    "volume" : 32447.00
  }, {
    "date" : "2025-06-11",
    "price" : 357.50,
    "dma50" : 340.24,
    "dma100" : 324.72,
    "dma200" : 350.24,
    "volume" : 77278.00
  }, {
    "date" : "2025-06-12",
    "price" : 347.45,
    "dma50" : 340.52,
    "dma100" : 324.85,
    "dma200" : 350.21,
    "volume" : 72478.00
  }, {
    "date" : "2025-06-13",
    "price" : 345.25,
    "dma50" : 340.71,
    "dma100" : 324.89,
    "dma200" : 350.17,
    "volume" : 70715.00
  }, {
    "date" : "2025-06-16",
    "price" : 338.35,
    "dma50" : 340.61,
    "dma100" : 324.91,
    "dma200" : 350.05,
    "volume" : 115232.00
  }, {
    "date" : "2025-06-17",
    "price" : 336.00,
    "dma50" : 340.43,
    "dma100" : 324.86,
    "dma200" : 349.91,
    "volume" : 52124.00
  }, {
    "date" : "2025-06-18",
    "price" : 337.70,
    "dma50" : 340.32,
    "dma100" : 324.87,
    "dma200" : 349.79,
    "volume" : 39751.00
  }, {
    "date" : "2025-06-19",
    "price" : 333.55,
    "dma50" : 340.06,
    "dma100" : 324.91,
    "dma200" : 349.62,
    "volume" : 45583.00
  }, {
    "date" : "2025-06-20",
    "price" : 337.50,
    "dma50" : 339.96,
    "dma100" : 325.02,
    "dma200" : 349.50,
    "volume" : 118575.00
  }, {
    "date" : "2025-06-23",
    "price" : 328.25,
    "dma50" : 339.50,
    "dma100" : 325.09,
    "dma200" : 349.29,
    "volume" : 133924.00
  }, {
    "date" : "2025-06-24",
    "price" : 334.95,
    "dma50" : 339.32,
    "dma100" : 325.22,
    "dma200" : 349.15,
    "volume" : 94575.00
  }, {
    "date" : "2025-06-25",
    "price" : 342.05,
    "dma50" : 339.43,
    "dma100" : 325.55,
    "dma200" : 349.08,
    "volume" : 58275.00
  }, {
    "date" : "2025-06-26",
    "price" : 341.25,
    "dma50" : 339.50,
    "dma100" : 325.75,
    "dma200" : 349.00,
    "volume" : 110463.00
  }, {
    "date" : "2025-06-27",
    "price" : 339.40,
    "dma50" : 339.50,
    "dma100" : 325.91,
    "dma200" : 348.91,
    "volume" : 152411.00
  }, {
    "date" : "2025-06-30",
    "price" : 337.65,
    "dma50" : 339.42,
    "dma100" : 325.90,
    "dma200" : 348.79,
    "volume" : 232105.00
  }, {
    "date" : "2025-07-01",
    "price" : 341.45,
    "dma50" : 339.50,
    "dma100" : 325.88,
    "dma200" : 348.72,
    "volume" : 243234.00
  }, {
    "date" : "2025-07-02",
    "price" : 338.95,
    "dma50" : 339.48,
    "dma100" : 325.89,
    "dma200" : 348.62,
    "volume" : 99714.00
  }, {
    "date" : "2025-07-03",
    "price" : 341.30,
    "dma50" : 339.55,
    "dma100" : 325.94,
    "dma200" : 348.55,
    "volume" : 56033.00
  }, {
    "date" : "2025-07-04",
    "price" : 343.35,
    "dma50" : 339.70,
    "dma100" : 325.93,
    "dma200" : 348.50,
    "volume" : 56553.00
  }, {
    "date" : "2025-07-07",
    "price" : 346.40,
    "dma50" : 339.96,
    "dma100" : 325.86,
    "dma200" : 348.48,
    "volume" : 48594.00
  }, {
    "date" : "2025-07-08",
    "price" : 345.90,
    "dma50" : 340.20,
    "dma100" : 325.86,
    "dma200" : 348.45,
    "volume" : 62325.00
  }, {
    "date" : "2025-07-09",
    "price" : 348.65,
    "dma50" : 340.53,
    "dma100" : 325.98,
    "dma200" : 348.45,
    "volume" : 82083.00
  }, {
    "date" : "2025-07-10",
    "price" : 352.15,
    "dma50" : 340.98,
    "dma100" : 326.27,
    "dma200" : 348.49,
    "volume" : 57261.00
  }, {
    "date" : "2025-07-11",
    "price" : 357.20,
    "dma50" : 341.62,
    "dma100" : 326.64,
    "dma200" : 348.58,
    "volume" : 131588.00
  }, {
    "date" : "2025-07-14",
    "price" : 351.15,
    "dma50" : 341.99,
    "dma100" : 326.95,
    "dma200" : 348.60,
    "volume" : 58101.00
  }, {
    "date" : "2025-07-15",
    "price" : 353.15,
    "dma50" : 342.43,
    "dma100" : 327.26,
    "dma200" : 348.65,
    "volume" : 32999.00
  }, {
    "date" : "2025-07-16",
    "price" : 358.25,
    "dma50" : 343.05,
    "dma100" : 327.67,
    "dma200" : 348.74,
    "volume" : 64887.00
  }, {
    "date" : "2025-07-17",
    "price" : 363.70,
    "dma50" : 343.86,
    "dma100" : 328.16,
    "dma200" : 348.89,
    "volume" : 243404.00
  }, {
    "date" : "2025-07-18",
    "price" : 361.30,
    "dma50" : 344.55,
    "dma100" : 328.58,
    "dma200" : 349.02,
    "volume" : 99908.00
  }, {
    "date" : "2025-07-21",
    "price" : 357.20,
    "dma50" : 345.04,
    "dma100" : 328.95,
    "dma200" : 349.10,
    "volume" : 60409.00
  }, {
    "date" : "2025-07-22",
    "price" : 360.35,
    "dma50" : 345.64,
    "dma100" : 329.38,
    "dma200" : 349.21,
    "volume" : 175330.00
  }, {
    "date" : "2025-07-23",
    "price" : 367.25,
    "dma50" : 346.49,
    "dma100" : 329.93,
    "dma200" : 349.39,
    "volume" : 1367825.00
  }, {
    "date" : "2025-07-24",
    "price" : 368.65,
    "dma50" : 347.36,
    "dma100" : 330.59,
    "dma200" : 349.58,
    "volume" : 942243.00
  }, {
    "date" : "2025-07-25",
    "price" : 359.65,
    "dma50" : 347.84,
    "dma100" : 331.20,
    "dma200" : 349.68,
    "volume" : 133416.00
  }, {
    "date" : "2025-07-28",
    "price" : 360.65,
    "dma50" : 348.34,
    "dma100" : 331.86,
    "dma200" : 349.79,
    "volume" : 110387.00
  }, {
    "date" : "2025-07-29",
    "price" : 361.70,
    "dma50" : 348.87,
    "dma100" : 332.61,
    "dma200" : 349.91,
    "volume" : 80544.00
  }, {
    "date" : "2025-07-30",
    "price" : 359.65,
    "dma50" : 349.29,
    "dma100" : 333.29,
    "dma200" : 350.01,
    "volume" : 41918.00
  }, {
    "date" : "2025-07-31",
    "price" : 356.45,
    "dma50" : 349.57,
    "dma100" : 333.82,
    "dma200" : 350.07,
    "volume" : 86432.00
  }, {
    "date" : "2025-08-01",
    "price" : 355.80,
    "dma50" : 349.81,
    "dma100" : 334.25,
    "dma200" : 350.13,
    "volume" : 226892.00
  }, {
    "date" : "2025-08-04",
    "price" : 355.95,
    "dma50" : 350.06,
    "dma100" : 334.68,
    "dma200" : 350.18,
    "volume" : 60920.00
  }, {
    "date" : "2025-08-05",
    "price" : 355.15,
    "dma50" : 350.25,
    "dma100" : 335.19,
    "dma200" : 350.23,
    "volume" : 45233.00
  }, {
    "date" : "2025-08-06",
    "price" : 351.75,
    "dma50" : 350.31,
    "dma100" : 335.66,
    "dma200" : 350.25,
    "volume" : 55516.00
  }, {
    "date" : "2025-08-07",
    "price" : 350.40,
    "dma50" : 350.32,
    "dma100" : 336.16,
    "dma200" : 350.25,
    "volume" : 80385.00
  }, {
    "date" : "2025-08-08",
    "price" : 351.65,
    "dma50" : 350.37,
    "dma100" : 336.69,
    "dma200" : 350.26,
    "volume" : 34867.00
  }, {
    "date" : "2025-08-11",
    "price" : 354.20,
    "dma50" : 350.52,
    "dma100" : 337.27,
    "dma200" : 350.30,
    "volume" : 79408.00
  }, {
    "date" : "2025-08-12",
    "price" : 356.65,
    "dma50" : 350.76,
    "dma100" : 337.75,
    "dma200" : 350.37,
    "volume" : 46470.00
  }, {
    "date" : "2025-08-13",
    "price" : 358.30,
    "dma50" : 351.06,
    "dma100" : 338.16,
    "dma200" : 350.45,
    "volume" : 41487.00
  }, {
    "date" : "2025-08-14",
    "price" : 355.55,
    "dma50" : 351.23,
    "dma100" : 338.54,
    "dma200" : 350.50,
    "volume" : 38505.00
  }, {
    "date" : "2025-08-18",
    "price" : 354.40,
    "dma50" : 351.36,
    "dma100" : 338.81,
    "dma200" : 350.54,
    "volume" : 47501.00
  }, {
    "date" : "2025-08-19",
    "price" : 353.90,
    "dma50" : 351.46,
    "dma100" : 339.10,
    "dma200" : 350.57,
    "volume" : 44052.00
  }, {
    "date" : "2025-08-20",
    "price" : 363.50,
    "dma50" : 351.93,
    "dma100" : 339.54,
    "dma200" : 350.70,
    "volume" : 114789.00
  }, {
    "date" : "2025-08-21",
    "price" : 362.35,
    "dma50" : 352.34,
    "dma100" : 340.08,
    "dma200" : 350.81,
    "volume" : 44536.00
  }, {
    "date" : "2025-08-22",
    "price" : 362.00,
    "dma50" : 352.72,
    "dma100" : 340.78,
    "dma200" : 350.93,
    "volume" : 36176.00
  }, {
    "date" : "2025-08-25",
    "price" : 360.15,
    "dma50" : 353.01,
    "dma100" : 341.53,
    "dma200" : 351.02,
    "volume" : 44324.00
  }, {
    "date" : "2025-08-26",
    "price" : 350.55,
    "dma50" : 352.91,
    "dma100" : 342.06,
    "dma200" : 351.01,
    "volume" : 74292.00
  }, {
    "date" : "2025-08-28",
    "price" : 351.90,
    "dma50" : 352.87,
    "dma100" : 342.60,
    "dma200" : 351.02,
    "volume" : 46681.00
  }, {
    "date" : "2025-08-29",
    "price" : 349.90,
    "dma50" : 352.75,
    "dma100" : 343.03,
    "dma200" : 351.01,
    "volume" : 35711.00
  }, {
    "date" : "2025-09-01",
    "price" : 349.60,
    "dma50" : 352.63,
    "dma100" : 343.57,
    "dma200" : 351.00,
    "volume" : 49460.00
  }, {
    "date" : "2025-09-02",
    "price" : 353.00,
    "dma50" : 352.65,
    "dma100" : 344.17,
    "dma200" : 351.02,
    "volume" : 55841.00
  }, {
    "date" : "2025-09-03",
    "price" : 357.60,
    "dma50" : 352.84,
    "dma100" : 344.78,
    "dma200" : 351.08,
    "volume" : 137512.00
  }, {
    "date" : "2025-09-04",
    "price" : 360.20,
    "dma50" : 353.13,
    "dma100" : 345.45,
    "dma200" : 351.17,
    "volume" : 135484.00
  }, {
    "date" : "2025-09-05",
    "price" : 358.05,
    "dma50" : 353.32,
    "dma100" : 346.04,
    "dma200" : 351.24,
    "volume" : 47816.00
  }, {
    "date" : "2025-09-08",
    "price" : 352.05,
    "dma50" : 353.27,
    "dma100" : 346.53,
    "dma200" : 351.25,
    "volume" : 114644.00
  }, {
    "date" : "2025-09-09",
    "price" : 355.95,
    "dma50" : 353.38,
    "dma100" : 347.03,
    "dma200" : 351.30,
    "volume" : 69368.00
  }, {
    "date" : "2025-09-10",
    "price" : 357.25,
    "dma50" : 353.53,
    "dma100" : 347.53,
    "dma200" : 351.35,
    "volume" : 174494.00
  }, {
    "date" : "2025-09-11",
    "price" : 358.25,
    "dma50" : 353.71,
    "dma100" : 347.96,
    "dma200" : 351.42,
    "volume" : 37028.00
  }, {
    "date" : "2025-09-12",
    "price" : 357.20,
    "dma50" : 353.85,
    "dma100" : 348.36,
    "dma200" : 351.48,
    "volume" : 51784.00
  }, {
    "date" : "2025-09-15",
    "price" : 360.50,
    "dma50" : 354.11,
    "dma100" : 348.80,
    "dma200" : 351.57,
    "volume" : 53155.00
  }, {
    "date" : "2025-09-16",
    "price" : 356.05,
    "dma50" : 354.19,
    "dma100" : 349.18,
    "dma200" : 351.62,
    "volume" : 188181.00
  }, {
    "date" : "2025-09-17",
    "price" : 356.35,
    "dma50" : 354.27,
    "dma100" : 349.74,
    "dma200" : 351.66,
    "volume" : 70419.00
  }, {
    "date" : "2025-09-18",
    "price" : 362.05,
    "dma50" : 354.58,
    "dma100" : 350.27,
    "dma200" : 351.77,
    "volume" : 76182.00
  }, {
    "date" : "2025-09-19",
    "price" : 358.25,
    "dma50" : 354.72,
    "dma100" : 350.68,
    "dma200" : 351.83,
    "volume" : 73754.00
  }, {
    "date" : "2025-09-22",
    "price" : 360.50,
    "dma50" : 354.95,
    "dma100" : 351.18,
    "dma200" : 351.92,
    "volume" : 129318.00
  }, {
    "date" : "2025-09-23",
    "price" : 354.55,
    "dma50" : 354.93,
    "dma100" : 351.54,
    "dma200" : 351.94,
    "volume" : 108368.00
  }, {
    "date" : "2025-09-24",
    "price" : 354.10,
    "dma50" : 354.90,
    "dma100" : 351.88,
    "dma200" : 351.96,
    "volume" : 31948.00
  }, {
    "date" : "2025-09-25",
    "price" : 349.30,
    "dma50" : 354.68,
    "dma100" : 352.29,
    "dma200" : 351.94,
    "volume" : 52580.00
  }, {
    "date" : "2025-09-26",
    "price" : 342.10,
    "dma50" : 354.19,
    "dma100" : 352.60,
    "dma200" : 351.84,
    "volume" : 72420.00
  }, {
    "date" : "2025-09-29",
    "price" : 348.70,
    "dma50" : 353.97,
    "dma100" : 353.05,
    "dma200" : 351.81,
    "volume" : 335067.00
  }, {
    "date" : "2025-09-30",
    "price" : 352.80,
    "dma50" : 353.93,
    "dma100" : 353.57,
    "dma200" : 351.82,
    "volume" : 46852.00
  }, {
    "date" : "2025-10-01",
    "price" : 348.35,
    "dma50" : 353.71,
    "dma100" : 353.74,
    "dma200" : 351.78,
    "volume" : 50060.00
  }, {
    "date" : "2025-10-03",
    "price" : 352.60,
    "dma50" : 353.66,
    "dma100" : 353.85,
    "dma200" : 351.79,
    "volume" : 30641.00
  }, {
    "date" : "2025-10-06",
    "price" : 347.40,
    "dma50" : 353.42,
    "dma100" : 353.83,
    "dma200" : 351.75,
    "volume" : 51217.00
  }, {
    "date" : "2025-10-07",
    "price" : 344.10,
    "dma50" : 353.05,
    "dma100" : 353.68,
    "dma200" : 351.67,
    "volume" : 66408.00
  }, {
    "date" : "2025-10-08",
    "price" : 341.00,
    "dma50" : 352.58,
    "dma100" : 353.52,
    "dma200" : 351.57,
    "volume" : 54313.00
  }, {
    "date" : "2025-10-09",
    "price" : 342.10,
    "dma50" : 352.17,
    "dma100" : 353.34,
    "dma200" : 351.47,
    "volume" : 38995.00
  }, {
    "date" : "2025-10-10",
    "price" : 344.05,
    "dma50" : 351.85,
    "dma100" : 353.21,
    "dma200" : 351.40,
    "volume" : 30924.00
  }, {
    "date" : "2025-10-13",
    "price" : 339.30,
    "dma50" : 351.36,
    "dma100" : 353.00,
    "dma200" : 351.28,
    "volume" : 46751.00
  }, {
    "date" : "2025-10-14",
    "price" : 334.75,
    "dma50" : 350.71,
    "dma100" : 352.77,
    "dma200" : 351.11,
    "volume" : 37149.00
  }, {
    "date" : "2025-10-15",
    "price" : 335.20,
    "dma50" : 350.10,
    "dma100" : 352.50,
    "dma200" : 350.95,
    "volume" : 76689.00
  }, {
    "date" : "2025-10-16",
    "price" : 332.45,
    "dma50" : 349.41,
    "dma100" : 352.09,
    "dma200" : 350.77,
    "volume" : 41879.00
  }, {
    "date" : "2025-10-17",
    "price" : 331.50,
    "dma50" : 348.70,
    "dma100" : 351.68,
    "dma200" : 350.58,
    "volume" : 39519.00
  }, {
    "date" : "2025-10-20",
    "price" : 335.10,
    "dma50" : 348.17,
    "dma100" : 351.45,
    "dma200" : 350.42,
    "volume" : 32825.00
  }, {
    "date" : "2025-10-21",
    "price" : 338.70,
    "dma50" : 347.80,
    "dma100" : 351.25,
    "dma200" : 350.31,
    "volume" : 19758.00
  }, {
    "date" : "2025-10-23",
    "price" : 337.90,
    "dma50" : 347.41,
    "dma100" : 351.01,
    "dma200" : 350.18,
    "volume" : 70895.00
  }, {
    "date" : "2025-10-24",
    "price" : 333.05,
    "dma50" : 346.85,
    "dma100" : 350.73,
    "dma200" : 350.01,
    "volume" : 35666.00
  }, {
    "date" : "2025-10-27",
    "price" : 332.45,
    "dma50" : 346.28,
    "dma100" : 350.44,
    "dma200" : 349.84,
    "volume" : 32968.00
  }, {
    "date" : "2025-10-28",
    "price" : 333.15,
    "dma50" : 345.77,
    "dma100" : 350.18,
    "dma200" : 349.67,
    "volume" : 28110.00
  }, {
    "date" : "2025-10-29",
    "price" : 335.00,
    "dma50" : 345.35,
    "dma100" : 349.95,
    "dma200" : 349.53,
    "volume" : 41970.00
  }, {
    "date" : "2025-10-30",
    "price" : 330.25,
    "dma50" : 344.75,
    "dma100" : 349.65,
    "dma200" : 349.34,
    "volume" : 92231.00
  }, {
    "date" : "2025-10-31",
    "price" : 328.65,
    "dma50" : 344.12,
    "dma100" : 349.36,
    "dma200" : 349.13,
    "volume" : 59738.00
  }, {
    "date" : "2025-11-03",
    "price" : 331.05,
    "dma50" : 343.61,
    "dma100" : 349.08,
    "dma200" : 348.95,
    "volume" : 451539.00
  }, {
    "date" : "2025-11-04",
    "price" : 331.00,
    "dma50" : 343.12,
    "dma100" : 348.81,
    "dma200" : 348.77,
    "volume" : 62451.00
  }, {
    "date" : "2025-11-06",
    "price" : 324.65,
    "dma50" : 342.39,
    "dma100" : 348.59,
    "dma200" : 348.53,
    "volume" : 104785.00
  }, {
    "date" : "2025-11-07",
    "price" : 318.75,
    "dma50" : 341.46,
    "dma100" : 348.32,
    "dma200" : 348.23,
    "volume" : 91695.00
  }, {
    "date" : "2025-11-10",
    "price" : 316.80,
    "dma50" : 340.50,
    "dma100" : 348.11,
    "dma200" : 347.92,
    "volume" : 157088.00
  }, {
    "date" : "2025-11-11",
    "price" : 313.80,
    "dma50" : 339.45,
    "dma100" : 347.88,
    "dma200" : 347.58,
    "volume" : 138896.00
  }, {
    "date" : "2025-11-12",
    "price" : 312.60,
    "dma50" : 338.40,
    "dma100" : 347.63,
    "dma200" : 347.23,
    "volume" : 129096.00
  }, {
    "date" : "2025-11-13",
    "price" : 312.45,
    "dma50" : 337.38,
    "dma100" : 347.42,
    "dma200" : 346.89,
    "volume" : 117858.00
  }, {
    "date" : "2025-11-14",
    "price" : 313.00,
    "dma50" : 336.42,
    "dma100" : 347.18,
    "dma200" : 346.55,
    "volume" : 52752.00
  }, {
    "date" : "2025-11-17",
    "price" : 317.25,
    "dma50" : 335.67,
    "dma100" : 347.07,
    "dma200" : 346.26,
    "volume" : 1049101.00
  }, {
    "date" : "2025-11-18",
    "price" : 333.10,
    "dma50" : 335.57,
    "dma100" : 347.05,
    "dma200" : 346.13,
    "volume" : 587251.00
  }, {
    "date" : "2025-11-19",
    "price" : 323.45,
    "dma50" : 335.10,
    "dma100" : 346.86,
    "dma200" : 345.90,
    "volume" : 196410.00
  }, {
    "date" : "2025-11-20",
    "price" : 334.25,
    "dma50" : 335.06,
    "dma100" : 346.79,
    "dma200" : 345.79,
    "volume" : 1890303.00
  }, {
    "date" : "2025-11-21",
    "price" : 330.40,
    "dma50" : 334.88,
    "dma100" : 346.70,
    "dma200" : 345.63,
    "volume" : 128647.00
  }, {
    "date" : "2025-11-24",
    "price" : 318.95,
    "dma50" : 334.25,
    "dma100" : 346.51,
    "dma200" : 345.37,
    "volume" : 378111.00
  }, {
    "date" : "2025-11-25",
    "price" : 317.50,
    "dma50" : 333.60,
    "dma100" : 346.28,
    "dma200" : 345.09,
    "volume" : 125623.00
  }, {
    "date" : "2025-11-26",
    "price" : 322.40,
    "dma50" : 333.16,
    "dma100" : 346.11,
    "dma200" : 344.87,
    "volume" : 95702.00
  }, {
    "date" : "2025-11-27",
    "price" : 318.75,
    "dma50" : 332.59,
    "dma100" : 345.88,
    "dma200" : 344.61,
    "volume" : 48758.00
  }, {
    "date" : "2025-11-28",
    "price" : 317.45,
    "dma50" : 332.00,
    "dma100" : 345.63,
    "dma200" : 344.34,
    "volume" : 68435.00
  }, {
    "date" : "2025-12-01",
    "price" : 318.95,
    "dma50" : 331.49,
    "dma100" : 345.35,
    "dma200" : 344.08,
    "volume" : 102375.00
  }, {
    "date" : "2025-12-02",
    "price" : 319.10,
    "dma50" : 331.00,
    "dma100" : 345.08,
    "dma200" : 343.83,
    "volume" : 48807.00
  }, {
    "date" : "2025-12-03",
    "price" : 316.00,
    "dma50" : 330.41,
    "dma100" : 344.76,
    "dma200" : 343.56,
    "volume" : 44273.00
  }, {
    "date" : "2025-12-04",
    "price" : 314.30,
    "dma50" : 329.78,
    "dma100" : 344.38,
    "dma200" : 343.27,
    "volume" : 48253.00
  }, {
    "date" : "2025-12-05",
    "price" : 312.95,
    "dma50" : 329.12,
    "dma100" : 343.94,
    "dma200" : 342.96,
    "volume" : 65831.00
  }, {
    "date" : "2025-12-08",
    "price" : 308.85,
    "dma50" : 328.33,
    "dma100" : 343.51,
    "dma200" : 342.62,
    "volume" : 66170.00
  }, {
    "date" : "2025-12-09",
    "price" : 309.60,
    "dma50" : 327.59,
    "dma100" : 343.08,
    "dma200" : 342.30,
    "volume" : 135315.00
  }, {
    "date" : "2025-12-10",
    "price" : 315.05,
    "dma50" : 327.10,
    "dma100" : 342.64,
    "dma200" : 342.03,
    "volume" : 118642.00
  }, {
    "date" : "2025-12-11",
    "price" : 310.95,
    "dma50" : 326.47,
    "dma100" : 342.12,
    "dma200" : 341.72,
    "volume" : 39986.00
  }, {
    "date" : "2025-12-12",
    "price" : 314.25,
    "dma50" : 325.99,
    "dma100" : 341.65,
    "dma200" : 341.44,
    "volume" : 41213.00
  }, {
    "date" : "2025-12-15",
    "price" : 310.40,
    "dma50" : 325.38,
    "dma100" : 341.18,
    "dma200" : 341.13,
    "volume" : 53775.00
  }, {
    "date" : "2025-12-16",
    "price" : 303.10,
    "dma50" : 324.50,
    "dma100" : 340.61,
    "dma200" : 340.76,
    "volume" : 388544.00
  }, {
    "date" : "2025-12-17",
    "price" : 303.35,
    "dma50" : 323.67,
    "dma100" : 339.97,
    "dma200" : 340.38,
    "volume" : 608909.00
  }, {
    "date" : "2025-12-18",
    "price" : 305.65,
    "dma50" : 322.97,
    "dma100" : 339.34,
    "dma200" : 340.04,
    "volume" : 318487.00
  }, {
    "date" : "2025-12-19",
    "price" : 309.10,
    "dma50" : 322.42,
    "dma100" : 338.83,
    "dma200" : 339.73,
    "volume" : 75525.00
  }, {
    "date" : "2025-12-22",
    "price" : 310.85,
    "dma50" : 321.97,
    "dma100" : 338.33,
    "dma200" : 339.44,
    "volume" : 49195.00
  } ],
  "latestTechnicalAttributes" : {
    "date" : "2025-12-22",
    "price" : 310.85,
    "dma50" : 321.97,
    "dma100" : 338.33,
    "dma200" : 339.44,
    "volume" : 49195.00
  },
  "quarterlyResults" : [ {
    "date" : "2008-06-30",
    "sales" : 114.23,
    "salesGrowthYoY" : null,
    "grossProfitMargin" : 100.00,
    "grossProfit" : 114.23,
    "operatingProfitMargin" : 36.81,
    "operatingProfit" : 42.05,
    "netProfitMargin" : 21.34,
    "netProfit" : 24.38
  }, {
    "date" : "2008-09-30",
    "sales" : 117.81,
    "salesGrowthYoY" : null,
    "grossProfitMargin" : 100.00,
    "grossProfit" : 117.81,
    "operatingProfitMargin" : 31.11,
    "operatingProfit" : 36.65,
    "netProfitMargin" : 17.31,
    "netProfit" : 20.39
  }, {
    "date" : "2008-12-31",
    "sales" : 90.67,
    "salesGrowthYoY" : null,
    "grossProfitMargin" : 100.00,
    "grossProfit" : 90.67,
    "operatingProfitMargin" : 22.34,
    "operatingProfit" : 20.26,
    "netProfitMargin" : 9.75,
    "netProfit" : 8.84
  }, {
    "date" : "2009-03-31",
    "sales" : 118.26,
    "salesGrowthYoY" : null,
    "grossProfitMargin" : 100.00,
    "grossProfit" : 118.26,
    "operatingProfitMargin" : 45.08,
    "operatingProfit" : 53.31,
    "netProfitMargin" : 25.20,
    "netProfit" : 29.80
  }, {
    "date" : "2009-06-30",
    "sales" : 135.30,
    "salesGrowthYoY" : 18.45,
    "grossProfitMargin" : 100.00,
    "grossProfit" : 135.30,
    "operatingProfitMargin" : 43.55,
    "operatingProfit" : 58.92,
    "netProfitMargin" : 24.94,
    "netProfit" : 33.74
  }, {
    "date" : "2009-09-30",
    "sales" : 120.07,
    "salesGrowthYoY" : 1.92,
    "grossProfitMargin" : 100.00,
    "grossProfit" : 120.07,
    "operatingProfitMargin" : 37.20,
    "operatingProfit" : 44.67,
    "netProfitMargin" : 23.38,
    "netProfit" : 28.07
  }, {
    "date" : "2009-12-31",
    "sales" : 124.99,
    "salesGrowthYoY" : 37.85,
    "grossProfitMargin" : 100.00,
    "grossProfit" : 124.99,
    "operatingProfitMargin" : 31.88,
    "operatingProfit" : 39.85,
    "netProfitMargin" : 19.05,
    "netProfit" : 23.81
  }, {
    "date" : "2010-03-31",
    "sales" : 130.22,
    "salesGrowthYoY" : 10.11,
    "grossProfitMargin" : 100.00,
    "grossProfit" : 130.22,
    "operatingProfitMargin" : 38.98,
    "operatingProfit" : 50.76,
    "netProfitMargin" : 24.74,
    "netProfit" : 32.22
  }, {
    "date" : "2010-06-30",
    "sales" : 101.77,
    "salesGrowthYoY" : -24.78,
    "grossProfitMargin" : 100.00,
    "grossProfit" : 101.77,
    "operatingProfitMargin" : 21.95,
    "operatingProfit" : 22.34,
    "netProfitMargin" : 13.06,
    "netProfit" : 13.29
  }, {
    "date" : "2010-09-30",
    "sales" : 113.52,
    "salesGrowthYoY" : -5.46,
    "grossProfitMargin" : 100.00,
    "grossProfit" : 113.52,
    "operatingProfitMargin" : 24.69,
    "operatingProfit" : 28.03,
    "netProfitMargin" : 16.03,
    "netProfit" : 18.20
  }, {
    "date" : "2010-12-31",
    "sales" : 141.39,
    "salesGrowthYoY" : 13.12,
    "grossProfitMargin" : 100.00,
    "grossProfit" : 141.39,
    "operatingProfitMargin" : 33.79,
    "operatingProfit" : 47.78,
    "netProfitMargin" : 22.00,
    "netProfit" : 31.11
  }, {
    "date" : "2011-03-31",
    "sales" : 165.78,
    "salesGrowthYoY" : 27.31,
    "grossProfitMargin" : 100.00,
    "grossProfit" : 165.78,
    "operatingProfitMargin" : 36.02,
    "operatingProfit" : 59.71,
    "netProfitMargin" : 24.24,
    "netProfit" : 40.19
  }, {
    "date" : "2011-06-30",
    "sales" : 126.05,
    "salesGrowthYoY" : 23.86,
    "grossProfitMargin" : 100.00,
    "grossProfit" : 126.05,
    "operatingProfitMargin" : 18.75,
    "operatingProfit" : 23.63,
    "netProfitMargin" : 13.40,
    "netProfit" : 16.89
  }, {
    "date" : "2011-09-30",
    "sales" : 148.26,
    "salesGrowthYoY" : 30.60,
    "grossProfitMargin" : 100.00,
    "grossProfit" : 148.26,
    "operatingProfitMargin" : 24.45,
    "operatingProfit" : 36.25,
    "netProfitMargin" : 16.23,
    "netProfit" : 24.06
  }, {
    "date" : "2011-12-31",
    "sales" : 158.88,
    "salesGrowthYoY" : 12.37,
    "grossProfitMargin" : 100.00,
    "grossProfit" : 158.88,
    "operatingProfitMargin" : 25.06,
    "operatingProfit" : 39.82,
    "netProfitMargin" : 16.65,
    "netProfit" : 26.45
  }, {
    "date" : "2012-03-31",
    "sales" : 188.37,
    "salesGrowthYoY" : 13.63,
    "grossProfitMargin" : 100.00,
    "grossProfit" : 188.37,
    "operatingProfitMargin" : 27.33,
    "operatingProfit" : 51.48,
    "netProfitMargin" : 19.76,
    "netProfit" : 37.22
  }, {
    "date" : "2012-06-30",
    "sales" : 157.44,
    "salesGrowthYoY" : 24.90,
    "grossProfitMargin" : 100.00,
    "grossProfit" : 157.44,
    "operatingProfitMargin" : 17.53,
    "operatingProfit" : 27.60,
    "netProfitMargin" : 12.05,
    "netProfit" : 18.97
  }, {
    "date" : "2012-09-30",
    "sales" : 164.54,
    "salesGrowthYoY" : 10.98,
    "grossProfitMargin" : 100.00,
    "grossProfit" : 164.54,
    "operatingProfitMargin" : 25.29,
    "operatingProfit" : 41.61,
    "netProfitMargin" : 16.42,
    "netProfit" : 27.02
  }, {
    "date" : "2012-12-31",
    "sales" : 179.02,
    "salesGrowthYoY" : 12.68,
    "grossProfitMargin" : 100.00,
    "grossProfit" : 179.02,
    "operatingProfitMargin" : 26.15,
    "operatingProfit" : 46.81,
    "netProfitMargin" : 16.80,
    "netProfit" : 30.08
  }, {
    "date" : "2013-03-31",
    "sales" : 200.54,
    "salesGrowthYoY" : 6.46,
    "grossProfitMargin" : 100.00,
    "grossProfit" : 200.54,
    "operatingProfitMargin" : 25.54,
    "operatingProfit" : 51.22,
    "netProfitMargin" : 15.42,
    "netProfit" : 30.92
  }, {
    "date" : "2013-06-30",
    "sales" : 180.30,
    "salesGrowthYoY" : 14.52,
    "grossProfitMargin" : 100.00,
    "grossProfit" : 180.30,
    "operatingProfitMargin" : 19.23,
    "operatingProfit" : 34.67,
    "netProfitMargin" : 11.65,
    "netProfit" : 21.00
  }, {
    "date" : "2013-09-30",
    "sales" : 189.15,
    "salesGrowthYoY" : 14.96,
    "grossProfitMargin" : 100.00,
    "grossProfit" : 189.15,
    "operatingProfitMargin" : 25.26,
    "operatingProfit" : 47.78,
    "netProfitMargin" : 15.24,
    "netProfit" : 28.83
  }, {
    "date" : "2013-12-31",
    "sales" : 189.45,
    "salesGrowthYoY" : 5.83,
    "grossProfitMargin" : 100.00,
    "grossProfit" : 189.45,
    "operatingProfitMargin" : 17.84,
    "operatingProfit" : 33.80,
    "netProfitMargin" : 10.72,
    "netProfit" : 20.31
  }, {
    "date" : "2014-03-31",
    "sales" : 218.62,
    "salesGrowthYoY" : 9.02,
    "grossProfitMargin" : 100.00,
    "grossProfit" : 218.62,
    "operatingProfitMargin" : 19.55,
    "operatingProfit" : 42.74,
    "netProfitMargin" : 11.16,
    "netProfit" : 24.40
  }, {
    "date" : "2014-06-30",
    "sales" : 186.17,
    "salesGrowthYoY" : 3.26,
    "grossProfitMargin" : 100.00,
    "grossProfit" : 186.17,
    "operatingProfitMargin" : 22.11,
    "operatingProfit" : 41.16,
    "netProfitMargin" : 10.97,
    "netProfit" : 20.42
  }, {
    "date" : "2014-09-30",
    "sales" : 198.24,
    "salesGrowthYoY" : 4.81,
    "grossProfitMargin" : 100.00,
    "grossProfit" : 198.24,
    "operatingProfitMargin" : 26.63,
    "operatingProfit" : 52.79,
    "netProfitMargin" : 12.47,
    "netProfit" : 24.72
  }, {
    "date" : "2014-12-31",
    "sales" : 206.51,
    "salesGrowthYoY" : 9.01,
    "grossProfitMargin" : 100.00,
    "grossProfit" : 206.51,
    "operatingProfitMargin" : 22.77,
    "operatingProfit" : 47.02,
    "netProfitMargin" : 11.37,
    "netProfit" : 23.48
  }, {
    "date" : "2015-03-31",
    "sales" : 203.92,
    "salesGrowthYoY" : -6.72,
    "grossProfitMargin" : 100.00,
    "grossProfit" : 203.92,
    "operatingProfitMargin" : 19.03,
    "operatingProfit" : 38.81,
    "netProfitMargin" : 12.19,
    "netProfit" : 24.86
  }, {
    "date" : "2015-06-30",
    "sales" : 231.03,
    "salesGrowthYoY" : 24.10,
    "grossProfitMargin" : 100.00,
    "grossProfit" : 231.03,
    "operatingProfitMargin" : 22.95,
    "operatingProfit" : 53.02,
    "netProfitMargin" : 10.91,
    "netProfit" : 25.21
  }, {
    "date" : "2015-09-30",
    "sales" : 234.56,
    "salesGrowthYoY" : 18.32,
    "grossProfitMargin" : 100.00,
    "grossProfit" : 234.56,
    "operatingProfitMargin" : 23.32,
    "operatingProfit" : 54.70,
    "netProfitMargin" : 11.49,
    "netProfit" : 26.95
  }, {
    "date" : "2015-12-31",
    "sales" : 240.41,
    "salesGrowthYoY" : 16.42,
    "grossProfitMargin" : 100.00,
    "grossProfit" : 240.41,
    "operatingProfitMargin" : 25.02,
    "operatingProfit" : 60.15,
    "netProfitMargin" : 12.90,
    "netProfit" : 31.01
  }, {
    "date" : "2016-03-31",
    "sales" : 245.53,
    "salesGrowthYoY" : 20.41,
    "grossProfitMargin" : 100.00,
    "grossProfit" : 245.53,
    "operatingProfitMargin" : 24.12,
    "operatingProfit" : 59.22,
    "netProfitMargin" : 12.40,
    "netProfit" : 30.45
  }, {
    "date" : "2016-06-30",
    "sales" : 249.67,
    "salesGrowthYoY" : 8.07,
    "grossProfitMargin" : 100.00,
    "grossProfit" : 249.67,
    "operatingProfitMargin" : 23.06,
    "operatingProfit" : 57.57,
    "netProfitMargin" : 12.11,
    "netProfit" : 30.24
  }, {
    "date" : "2016-09-30",
    "sales" : 258.07,
    "salesGrowthYoY" : 10.02,
    "grossProfitMargin" : 100.00,
    "grossProfit" : 258.07,
    "operatingProfitMargin" : 23.67,
    "operatingProfit" : 61.09,
    "netProfitMargin" : 12.74,
    "netProfit" : 32.88
  }, {
    "date" : "2016-12-31",
    "sales" : 270.52,
    "salesGrowthYoY" : 12.52,
    "grossProfitMargin" : 100.00,
    "grossProfit" : 270.52,
    "operatingProfitMargin" : 24.56,
    "operatingProfit" : 66.44,
    "netProfitMargin" : 13.20,
    "netProfit" : 35.71
  }, {
    "date" : "2017-03-31",
    "sales" : 303.67,
    "salesGrowthYoY" : 23.68,
    "grossProfitMargin" : 100.00,
    "grossProfit" : 303.67,
    "operatingProfitMargin" : 19.48,
    "operatingProfit" : 59.15,
    "netProfitMargin" : 10.48,
    "netProfit" : 31.82
  }, {
    "date" : "2017-06-30",
    "sales" : 267.09,
    "salesGrowthYoY" : 6.98,
    "grossProfitMargin" : 100.00,
    "grossProfit" : 267.09,
    "operatingProfitMargin" : 21.46,
    "operatingProfit" : 57.32,
    "netProfitMargin" : 12.11,
    "netProfit" : 32.34
  }, {
    "date" : "2017-09-30",
    "sales" : 240.15,
    "salesGrowthYoY" : -6.94,
    "grossProfitMargin" : 100.00,
    "grossProfit" : 240.15,
    "operatingProfitMargin" : 22.62,
    "operatingProfit" : 54.32,
    "netProfitMargin" : 13.20,
    "netProfit" : 31.70
  }, {
    "date" : "2017-12-31",
    "sales" : 260.80,
    "salesGrowthYoY" : -3.59,
    "grossProfitMargin" : 100.00,
    "grossProfit" : 260.80,
    "operatingProfitMargin" : 22.18,
    "operatingProfit" : 57.85,
    "netProfitMargin" : 12.18,
    "netProfit" : 31.77
  }, {
    "date" : "2018-03-31",
    "sales" : 296.15,
    "salesGrowthYoY" : -2.48,
    "grossProfitMargin" : 100.00,
    "grossProfit" : 296.15,
    "operatingProfitMargin" : 21.11,
    "operatingProfit" : 62.52,
    "netProfitMargin" : 13.02,
    "netProfit" : 38.56
  }, {
    "date" : "2018-06-30",
    "sales" : 234.54,
    "salesGrowthYoY" : -12.19,
    "grossProfitMargin" : 100.00,
    "grossProfit" : 234.54,
    "operatingProfitMargin" : 11.50,
    "operatingProfit" : 26.97,
    "netProfitMargin" : 5.85,
    "netProfit" : 13.72
  }, {
    "date" : "2018-09-30",
    "sales" : 209.40,
    "salesGrowthYoY" : -12.80,
    "grossProfitMargin" : 100.00,
    "grossProfit" : 209.40,
    "operatingProfitMargin" : 11.01,
    "operatingProfit" : 23.05,
    "netProfitMargin" : 6.91,
    "netProfit" : 14.47
  }, {
    "date" : "2018-12-31",
    "sales" : 236.06,
    "salesGrowthYoY" : -9.49,
    "grossProfitMargin" : 100.00,
    "grossProfit" : 236.06,
    "operatingProfitMargin" : 14.94,
    "operatingProfit" : 35.27,
    "netProfitMargin" : 9.00,
    "netProfit" : 21.25
  }, {
    "date" : "2019-03-31",
    "sales" : 238.29,
    "salesGrowthYoY" : -19.54,
    "grossProfitMargin" : 100.00,
    "grossProfit" : 238.29,
    "operatingProfitMargin" : 8.87,
    "operatingProfit" : 21.14,
    "netProfitMargin" : 6.05,
    "netProfit" : 14.42
  }, {
    "date" : "2019-06-30",
    "sales" : 250.55,
    "salesGrowthYoY" : 6.83,
    "grossProfitMargin" : 100.00,
    "grossProfit" : 250.55,
    "operatingProfitMargin" : 16.95,
    "operatingProfit" : 42.47,
    "netProfitMargin" : 7.24,
    "netProfit" : 18.14
  }, {
    "date" : "2019-09-30",
    "sales" : 233.54,
    "salesGrowthYoY" : 11.53,
    "grossProfitMargin" : 100.00,
    "grossProfit" : 233.54,
    "operatingProfitMargin" : 17.17,
    "operatingProfit" : 40.10,
    "netProfitMargin" : 7.66,
    "netProfit" : 17.89
  }, {
    "date" : "2019-12-31",
    "sales" : 252.24,
    "salesGrowthYoY" : 6.85,
    "grossProfitMargin" : 100.00,
    "grossProfit" : 252.24,
    "operatingProfitMargin" : 21.90,
    "operatingProfit" : 55.24,
    "netProfitMargin" : 9.89,
    "netProfit" : 24.95
  }, {
    "date" : "2020-03-31",
    "sales" : 240.67,
    "salesGrowthYoY" : 1.00,
    "grossProfitMargin" : 100.00,
    "grossProfit" : 240.67,
    "operatingProfitMargin" : -64.84,
    "operatingProfit" : -156.05,
    "netProfitMargin" : -70.31,
    "netProfit" : -169.22
  }, {
    "date" : "2020-06-30",
    "sales" : 177.01,
    "salesGrowthYoY" : -29.35,
    "grossProfitMargin" : 100.00,
    "grossProfit" : 177.01,
    "operatingProfitMargin" : 25.82,
    "operatingProfit" : 45.70,
    "netProfitMargin" : 15.11,
    "netProfit" : 26.75
  }, {
    "date" : "2020-09-30",
    "sales" : 185.79,
    "salesGrowthYoY" : -20.45,
    "grossProfitMargin" : 100.00,
    "grossProfit" : 185.79,
    "operatingProfitMargin" : 26.15,
    "operatingProfit" : 48.58,
    "netProfitMargin" : 18.17,
    "netProfit" : 33.76
  }, {
    "date" : "2020-12-31",
    "sales" : 226.56,
    "salesGrowthYoY" : -10.18,
    "grossProfitMargin" : 100.00,
    "grossProfit" : 226.56,
    "operatingProfitMargin" : 28.12,
    "operatingProfit" : 63.71,
    "netProfitMargin" : 17.93,
    "netProfit" : 40.62
  }, {
    "date" : "2021-03-31",
    "sales" : 232.88,
    "salesGrowthYoY" : -3.24,
    "grossProfitMargin" : 100.00,
    "grossProfit" : 232.88,
    "operatingProfitMargin" : 17.89,
    "operatingProfit" : 41.66,
    "netProfitMargin" : 10.58,
    "netProfit" : 24.64
  }, {
    "date" : "2021-06-30",
    "sales" : 196.74,
    "salesGrowthYoY" : 11.15,
    "grossProfitMargin" : 100.00,
    "grossProfit" : 196.74,
    "operatingProfitMargin" : 26.90,
    "operatingProfit" : 52.92,
    "netProfitMargin" : 15.38,
    "netProfit" : 30.26
  }, {
    "date" : "2021-09-30",
    "sales" : 237.66,
    "salesGrowthYoY" : 27.92,
    "grossProfitMargin" : 100.00,
    "grossProfit" : 237.66,
    "operatingProfitMargin" : 25.85,
    "operatingProfit" : 61.44,
    "netProfitMargin" : 17.07,
    "netProfit" : 40.57
  }, {
    "date" : "2021-12-31",
    "sales" : 267.26,
    "salesGrowthYoY" : 17.96,
    "grossProfitMargin" : 100.00,
    "grossProfit" : 267.26,
    "operatingProfitMargin" : 25.33,
    "operatingProfit" : 67.70,
    "netProfitMargin" : 13.46,
    "netProfit" : 35.97
  }, {
    "date" : "2022-03-31",
    "sales" : 259.03,
    "salesGrowthYoY" : 11.23,
    "grossProfitMargin" : 100.00,
    "grossProfit" : 259.03,
    "operatingProfitMargin" : 20.26,
    "operatingProfit" : 52.48,
    "netProfitMargin" : 17.18,
    "netProfit" : 44.50
  }, {
    "date" : "2022-06-30",
    "sales" : 287.86,
    "salesGrowthYoY" : 46.31,
    "grossProfitMargin" : 100.00,
    "grossProfit" : 287.86,
    "operatingProfitMargin" : 23.57,
    "operatingProfit" : 67.85,
    "netProfitMargin" : 11.68,
    "netProfit" : 33.62
  }, {
    "date" : "2022-09-30",
    "sales" : 283.60,
    "salesGrowthYoY" : 19.33,
    "grossProfitMargin" : 100.00,
    "grossProfit" : 283.60,
    "operatingProfitMargin" : 22.88,
    "operatingProfit" : 64.89,
    "netProfitMargin" : 10.90,
    "netProfit" : 30.91
  }, {
    "date" : "2022-12-31",
    "sales" : 315.05,
    "salesGrowthYoY" : 17.88,
    "grossProfitMargin" : 100.00,
    "grossProfit" : 315.05,
    "operatingProfitMargin" : 25.04,
    "operatingProfit" : 78.89,
    "netProfitMargin" : 19.93,
    "netProfit" : 62.79
  }, {
    "date" : "2023-03-31",
    "sales" : 309.67,
    "salesGrowthYoY" : 19.55,
    "grossProfitMargin" : 100.00,
    "grossProfit" : 309.67,
    "operatingProfitMargin" : 19.79,
    "operatingProfit" : 61.28,
    "netProfitMargin" : 10.09,
    "netProfit" : 31.25
  }, {
    "date" : "2023-06-30",
    "sales" : 327.60,
    "salesGrowthYoY" : 13.81,
    "grossProfitMargin" : 100.00,
    "grossProfit" : 327.60,
    "operatingProfitMargin" : 21.23,
    "operatingProfit" : 69.55,
    "netProfitMargin" : 11.57,
    "netProfit" : 37.90
  }, {
    "date" : "2023-09-30",
    "sales" : 307.70,
    "salesGrowthYoY" : 8.50,
    "grossProfitMargin" : 100.00,
    "grossProfit" : 307.70,
    "operatingProfitMargin" : 26.13,
    "operatingProfit" : 80.40,
    "netProfitMargin" : 13.44,
    "netProfit" : 41.35
  }, {
    "date" : "2023-12-31",
    "sales" : 335.71,
    "salesGrowthYoY" : 6.56,
    "grossProfitMargin" : 100.00,
    "grossProfit" : 335.71,
    "operatingProfitMargin" : 24.75,
    "operatingProfit" : 83.09,
    "netProfitMargin" : 20.27,
    "netProfit" : 68.05
  }, {
    "date" : "2024-03-31",
    "sales" : 343.02,
    "salesGrowthYoY" : 10.77,
    "grossProfitMargin" : 100.00,
    "grossProfit" : 343.02,
    "operatingProfitMargin" : 17.89,
    "operatingProfit" : 61.37,
    "netProfitMargin" : 9.72,
    "netProfit" : 33.34
  }, {
    "date" : "2024-06-30",
    "sales" : 350.97,
    "salesGrowthYoY" : 7.13,
    "grossProfitMargin" : 100.00,
    "grossProfit" : 350.97,
    "operatingProfitMargin" : 22.79,
    "operatingProfit" : 79.99,
    "netProfitMargin" : 12.88,
    "netProfit" : 45.20
  }, {
    "date" : "2024-09-30",
    "sales" : 328.06,
    "salesGrowthYoY" : 6.62,
    "grossProfitMargin" : 100.00,
    "grossProfit" : 328.06,
    "operatingProfitMargin" : 23.33,
    "operatingProfit" : 76.54,
    "netProfitMargin" : 14.34,
    "netProfit" : 47.04
  }, {
    "date" : "2024-12-31",
    "sales" : 359.93,
    "salesGrowthYoY" : 7.21,
    "grossProfitMargin" : 100.00,
    "grossProfit" : 359.93,
    "operatingProfitMargin" : 26.54,
    "operatingProfit" : 95.53,
    "netProfitMargin" : 14.09,
    "netProfit" : 50.71
  }, {
    "date" : "2025-03-31",
    "sales" : 361.34,
    "salesGrowthYoY" : 5.34,
    "grossProfitMargin" : 100.00,
    "grossProfit" : 361.34,
    "operatingProfitMargin" : 26.30,
    "operatingProfit" : 95.03,
    "netProfitMargin" : 15.91,
    "netProfit" : 57.49
  }, {
    "date" : "2025-06-30",
    "sales" : 368.66,
    "salesGrowthYoY" : 5.04,
    "grossProfitMargin" : 100.00,
    "grossProfit" : 368.66,
    "operatingProfitMargin" : 32.28,
    "operatingProfit" : 119.00,
    "netProfitMargin" : 20.68,
    "netProfit" : 76.24
  }, {
    "date" : "2025-09-30",
    "sales" : 344.17,
    "salesGrowthYoY" : 4.91,
    "grossProfitMargin" : 100.00,
    "grossProfit" : 344.17,
    "operatingProfitMargin" : 30.23,
    "operatingProfit" : 104.04,
    "netProfitMargin" : 15.01,
    "netProfit" : 51.66
  } ],
  "latestQuarterlyResult" : {
    "date" : "2025-09-30",
    "sales" : 344.17,
    "salesGrowthYoY" : 4.91,
    "grossProfitMargin" : 100.00,
    "grossProfit" : 344.17,
    "operatingProfitMargin" : 30.23,
    "operatingProfit" : 104.04,
    "netProfitMargin" : 15.01,
    "netProfit" : 51.66
  },
  "companyScore" : {
    "priceHigherThanDma50" : 0.00,
    "priceHigherThanDma100" : 0.00,
    "priceHigherThanDma200" : 0.00,
    "dma50HigherThanDma100" : 0.00,
    "dma50HigherThanDma200" : 0.00,
    "dma100HigherThanDma200" : 0.00,
    "pricePercentageAboveDma50" : 5.17,
    "pricePercentageAboveDma100" : 5.41,
    "pricePercentageAboveDma200" : 5.42,
    "weeklyVolumeHigherThanYearlyVolume" : 5.00,
    "salesGrowthPercentile" : 9.06,
    "operatingProfitMarginPercentile" : 17.30,
    "netProfitMarginPercentile" : 8.93,
    "totalTechnicalScore" : 21.00,
    "totalFundamentalScore" : 35.29,
    "totalScore" : 56.29
  }
}