{
  "metadata" : {
    "screenerCompanyId" : "2089",
    "companyCode" : "MINDACORP",
    "companyName" : "Minda Corp",
    "screenerCompanyLink" : "https://www.screener.in/company/MINDACORP/consolidated/",
    "screenerTechnicalHistoryLink" : "https://www.screener.in/api/company/2089/chart/?q=Price-DMA50-DMA200-Volume&days=365",
    "screenerQuarterlyResultsLink" : "https://www.screener.in/api/company/2089/chart/?q=GPM-OPM-NPM-Quarter+Sales&days=10000",
    "attributes" : {
      "companyCode" : "MINDACORP",
      "companyName" : "Minda Corp",
      "marketCap" : 14090.00,
      "peRatio" : 48.60,
      "description" : "Minda Corporation Ltd is one of the leading automotive component manufacturing companies in India with a pan-India presence and international footprint. It is the flagship company of Spark Minda, which was part of the erstwhile Minda Group.[1] The company was formed after a split between the businesses of the Minda brothers in 2012. Presently, NK Minda owns and operates Minda Industries Ltd and Ashok Minda is the owner of Minda Corporation Ltd. [2] Both the companies are listed on the exchanges."
    },
    "companyScore" : {
      "priceHigherThanDma50" : 5.00,
      "priceHigherThanDma100" : 5.00,
      "priceHigherThanDma200" : 5.00,
      "dma50HigherThanDma100" : 0.00,
      "dma50HigherThanDma200" : 5.00,
      "dma100HigherThanDma200" : 5.00,
      "pricePercentageAboveDma50" : 4.86,
      "pricePercentageAboveDma100" : 4.90,
      "pricePercentageAboveDma200" : 4.67,
      "weeklyVolumeHigherThanYearlyVolume" : 0.00,
      "salesGrowthPercentile" : 13.75,
      "operatingProfitMarginPercentile" : 16.47,
      "netProfitMarginPercentile" : 7.74,
      "totalTechnicalScore" : 39.43,
      "totalFundamentalScore" : 37.96,
      "totalScore" : 77.39
    }
  },
  "attributes" : {
    "companyCode" : "MINDACORP",
    "companyName" : "Minda Corp",
    "marketCap" : 14090.00,
    "peRatio" : 48.60,
    "description" : "Minda Corporation Ltd is one of the leading automotive component manufacturing companies in India with a pan-India presence and international footprint. It is the flagship company of Spark Minda, which was part of the erstwhile Minda Group.[1] The company was formed after a split between the businesses of the Minda brothers in 2012. Presently, NK Minda owns and operates Minda Industries Ltd and Ashok Minda is the owner of Minda Corporation Ltd. [2] Both the companies are listed on the exchanges."
  },
  "technicalHistory" : [ {
    "date" : "2025-02-10",
    "price" : 558.25,
    "dma50" : 544.58,
    "dma100" : null,
    "dma200" : 503.72,
    "volume" : 182081.00
  }, {
    "date" : "2025-02-11",
    "price" : 537.15,
    "dma50" : 544.29,
    "dma100" : null,
    "dma200" : 504.05,
    "volume" : 276446.00
  }, {
    "date" : "2025-02-12",
    "price" : 538.65,
    "dma50" : 544.07,
    "dma100" : null,
    "dma200" : 504.40,
    "volume" : 374891.00
  }, {
    "date" : "2025-02-13",
    "price" : 529.70,
    "dma50" : 543.51,
    "dma100" : null,
    "dma200" : 504.65,
    "volume" : 201011.00
  }, {
    "date" : "2025-02-14",
    "price" : 519.20,
    "dma50" : 542.55,
    "dma100" : null,
    "dma200" : 504.79,
    "volume" : 234503.00
  }, {
    "date" : "2025-02-17",
    "price" : 517.55,
    "dma50" : 541.57,
    "dma100" : null,
    "dma200" : 504.92,
    "volume" : 143672.00
  }, {
    "date" : "2025-02-18",
    "price" : 501.65,
    "dma50" : 540.01,
    "dma100" : null,
    "dma200" : 504.89,
    "volume" : 358483.00
  }, {
    "date" : "2025-02-19",
    "price" : 548.05,
    "dma50" : 540.32,
    "dma100" : null,
    "dma200" : 505.32,
    "volume" : 2503540.00
  }, {
    "date" : "2025-02-20",
    "price" : 539.30,
    "dma50" : 540.28,
    "dma100" : null,
    "dma200" : 505.66,
    "volume" : 369884.00
  }, {
    "date" : "2025-02-21",
    "price" : 526.80,
    "dma50" : 539.75,
    "dma100" : null,
    "dma200" : 505.87,
    "volume" : 171416.00
  }, {
    "date" : "2025-02-24",
    "price" : 517.15,
    "dma50" : 538.87,
    "dma100" : null,
    "dma200" : 505.98,
    "volume" : 144952.00
  }, {
    "date" : "2025-02-25",
    "price" : 508.25,
    "dma50" : 537.67,
    "dma100" : null,
    "dma200" : 506.00,
    "volume" : 158926.00
  }, {
    "date" : "2025-02-27",
    "price" : 501.50,
    "dma50" : 536.25,
    "dma100" : null,
    "dma200" : 505.96,
    "volume" : 241845.00
  }, {
    "date" : "2025-02-28",
    "price" : 480.30,
    "dma50" : 534.05,
    "dma100" : null,
    "dma200" : 505.70,
    "volume" : 506452.00
  }, {
    "date" : "2025-03-03",
    "price" : 489.70,
    "dma50" : 532.31,
    "dma100" : null,
    "dma200" : 505.54,
    "volume" : 498375.00
  }, {
    "date" : "2025-03-04",
    "price" : 499.00,
    "dma50" : 531.01,
    "dma100" : null,
    "dma200" : 505.48,
    "volume" : 249933.00
  }, {
    "date" : "2025-03-05",
    "price" : 517.05,
    "dma50" : 530.46,
    "dma100" : null,
    "dma200" : 505.59,
    "volume" : 292786.00
  }, {
    "date" : "2025-03-06",
    "price" : 519.30,
    "dma50" : 530.02,
    "dma100" : null,
    "dma200" : 505.73,
    "volume" : 162374.00
  }, {
    "date" : "2025-03-07",
    "price" : 519.95,
    "dma50" : 529.63,
    "dma100" : null,
    "dma200" : 505.87,
    "volume" : 266467.00
  }, {
    "date" : "2025-03-10",
    "price" : 515.00,
    "dma50" : 529.05,
    "dma100" : null,
    "dma200" : 505.96,
    "volume" : 294585.00
  }, {
    "date" : "2025-03-11",
    "price" : 515.05,
    "dma50" : 528.51,
    "dma100" : null,
    "dma200" : 506.05,
    "volume" : 171730.00
  }, {
    "date" : "2025-03-12",
    "price" : 515.20,
    "dma50" : 527.98,
    "dma100" : null,
    "dma200" : 506.14,
    "volume" : 107738.00
  }, {
    "date" : "2025-03-13",
    "price" : 510.45,
    "dma50" : 527.30,
    "dma100" : null,
    "dma200" : 506.18,
    "volume" : 259632.00
  }, {
    "date" : "2025-03-17",
    "price" : 515.05,
    "dma50" : 526.82,
    "dma100" : null,
    "dma200" : 506.27,
    "volume" : 234350.00
  }, {
    "date" : "2025-03-18",
    "price" : 527.95,
    "dma50" : 526.86,
    "dma100" : null,
    "dma200" : 506.49,
    "volume" : 145736.00
  }, {
    "date" : "2025-03-19",
    "price" : 529.95,
    "dma50" : 526.98,
    "dma100" : null,
    "dma200" : 506.72,
    "volume" : 598914.00
  }, {
    "date" : "2025-03-20",
    "price" : 530.40,
    "dma50" : 527.12,
    "dma100" : null,
    "dma200" : 506.96,
    "volume" : 356264.00
  }, {
    "date" : "2025-03-21",
    "price" : 533.90,
    "dma50" : 527.38,
    "dma100" : null,
    "dma200" : 507.23,
    "volume" : 603025.00
  }, {
    "date" : "2025-03-24",
    "price" : 541.15,
    "dma50" : 527.92,
    "dma100" : null,
    "dma200" : 507.56,
    "volume" : 586171.00
  }, {
    "date" : "2025-03-25",
    "price" : 540.10,
    "dma50" : 528.40,
    "dma100" : null,
    "dma200" : 507.89,
    "volume" : 364159.00
  }, {
    "date" : "2025-03-26",
    "price" : 535.90,
    "dma50" : 528.69,
    "dma100" : null,
    "dma200" : 508.17,
    "volume" : 449101.00
  }, {
    "date" : "2025-03-27",
    "price" : 538.20,
    "dma50" : 529.07,
    "dma100" : null,
    "dma200" : 508.46,
    "volume" : 528974.00
  }, {
    "date" : "2025-03-28",
    "price" : 539.30,
    "dma50" : 529.47,
    "dma100" : null,
    "dma200" : 508.77,
    "volume" : 371680.00
  }, {
    "date" : "2025-04-01",
    "price" : 544.15,
    "dma50" : 530.04,
    "dma100" : null,
    "dma200" : 509.12,
    "volume" : 145806.00
  }, {
    "date" : "2025-04-02",
    "price" : 537.65,
    "dma50" : 530.34,
    "dma100" : null,
    "dma200" : 509.41,
    "volume" : 110927.00
  }, {
    "date" : "2025-04-03",
    "price" : 533.75,
    "dma50" : 530.47,
    "dma100" : null,
    "dma200" : 509.65,
    "volume" : 113126.00
  }, {
    "date" : "2025-04-04",
    "price" : 519.35,
    "dma50" : 530.04,
    "dma100" : null,
    "dma200" : 509.75,
    "volume" : 163474.00
  }, {
    "date" : "2025-04-07",
    "price" : 481.20,
    "dma50" : 528.12,
    "dma100" : null,
    "dma200" : 509.46,
    "volume" : 229926.00
  }, {
    "date" : "2025-04-08",
    "price" : 483.30,
    "dma50" : 526.37,
    "dma100" : null,
    "dma200" : 509.20,
    "volume" : 121121.00
  }, {
    "date" : "2025-04-09",
    "price" : 475.40,
    "dma50" : 524.37,
    "dma100" : null,
    "dma200" : 508.87,
    "volume" : 103916.00
  }, {
    "date" : "2025-04-11",
    "price" : 494.50,
    "dma50" : 523.20,
    "dma100" : null,
    "dma200" : 508.72,
    "volume" : 116260.00
  }, {
    "date" : "2025-04-15",
    "price" : 508.30,
    "dma50" : 522.61,
    "dma100" : null,
    "dma200" : 508.72,
    "volume" : 141172.00
  }, {
    "date" : "2025-04-16",
    "price" : 507.10,
    "dma50" : 522.00,
    "dma100" : null,
    "dma200" : 508.70,
    "volume" : 136978.00
  }, {
    "date" : "2025-04-17",
    "price" : 510.35,
    "dma50" : 521.55,
    "dma100" : null,
    "dma200" : 508.72,
    "volume" : 180665.00
  }, {
    "date" : "2025-04-21",
    "price" : 522.15,
    "dma50" : 521.57,
    "dma100" : null,
    "dma200" : 508.85,
    "volume" : 186015.00
  }, {
    "date" : "2025-04-22",
    "price" : 517.00,
    "dma50" : 521.39,
    "dma100" : null,
    "dma200" : 508.93,
    "volume" : 85650.00
  }, {
    "date" : "2025-04-23",
    "price" : 520.10,
    "dma50" : 521.34,
    "dma100" : null,
    "dma200" : 509.04,
    "volume" : 109946.00
  }, {
    "date" : "2025-04-24",
    "price" : 516.10,
    "dma50" : 521.13,
    "dma100" : null,
    "dma200" : 509.11,
    "volume" : 90692.00
  }, {
    "date" : "2025-04-25",
    "price" : 505.25,
    "dma50" : 520.51,
    "dma100" : null,
    "dma200" : 509.08,
    "volume" : 207320.00
  }, {
    "date" : "2025-04-28",
    "price" : 509.75,
    "dma50" : 520.09,
    "dma100" : null,
    "dma200" : 509.08,
    "volume" : 377196.00
  }, {
    "date" : "2025-04-29",
    "price" : 504.00,
    "dma50" : 519.46,
    "dma100" : null,
    "dma200" : 509.03,
    "volume" : 161664.00
  }, {
    "date" : "2025-04-30",
    "price" : 486.45,
    "dma50" : 518.16,
    "dma100" : null,
    "dma200" : 508.81,
    "volume" : 100384.00
  }, {
    "date" : "2025-05-02",
    "price" : 491.80,
    "dma50" : 517.13,
    "dma100" : null,
    "dma200" : 508.64,
    "volume" : 152474.00
  }, {
    "date" : "2025-05-05",
    "price" : 495.20,
    "dma50" : 516.27,
    "dma100" : null,
    "dma200" : 508.50,
    "volume" : 82419.00
  }, {
    "date" : "2025-05-06",
    "price" : 477.50,
    "dma50" : 514.75,
    "dma100" : null,
    "dma200" : 508.20,
    "volume" : 309904.00
  }, {
    "date" : "2025-05-07",
    "price" : 482.80,
    "dma50" : 513.50,
    "dma100" : null,
    "dma200" : 507.94,
    "volume" : 113040.00
  }, {
    "date" : "2025-05-08",
    "price" : 477.30,
    "dma50" : 512.08,
    "dma100" : null,
    "dma200" : 507.64,
    "volume" : 125879.00
  }, {
    "date" : "2025-05-09",
    "price" : 468.20,
    "dma50" : 510.36,
    "dma100" : null,
    "dma200" : 507.25,
    "volume" : 225975.00
  }, {
    "date" : "2025-05-12",
    "price" : 482.45,
    "dma50" : 509.26,
    "dma100" : null,
    "dma200" : 507.00,
    "volume" : 246176.00
  }, {
    "date" : "2025-05-13",
    "price" : 486.35,
    "dma50" : 508.36,
    "dma100" : null,
    "dma200" : 506.79,
    "volume" : 124116.00
  }, {
    "date" : "2025-05-14",
    "price" : 501.05,
    "dma50" : 508.08,
    "dma100" : null,
    "dma200" : 506.74,
    "volume" : 123391.00
  }, {
    "date" : "2025-05-15",
    "price" : 507.40,
    "dma50" : 508.05,
    "dma100" : null,
    "dma200" : 506.74,
    "volume" : 134669.00
  }, {
    "date" : "2025-05-16",
    "price" : 502.70,
    "dma50" : 507.84,
    "dma100" : null,
    "dma200" : 506.70,
    "volume" : 82280.00
  }, {
    "date" : "2025-05-19",
    "price" : 517.20,
    "dma50" : 508.21,
    "dma100" : null,
    "dma200" : 506.81,
    "volume" : 355227.00
  }, {
    "date" : "2025-05-20",
    "price" : 501.35,
    "dma50" : 507.94,
    "dma100" : null,
    "dma200" : 506.75,
    "volume" : 111984.00
  }, {
    "date" : "2025-05-21",
    "price" : 505.20,
    "dma50" : 507.83,
    "dma100" : null,
    "dma200" : 506.74,
    "volume" : 78526.00
  }, {
    "date" : "2025-05-22",
    "price" : 511.80,
    "dma50" : 507.99,
    "dma100" : null,
    "dma200" : 506.79,
    "volume" : 115429.00
  }, {
    "date" : "2025-05-23",
    "price" : 514.10,
    "dma50" : 508.23,
    "dma100" : null,
    "dma200" : 506.86,
    "volume" : 80045.00
  }, {
    "date" : "2025-05-26",
    "price" : 523.35,
    "dma50" : 508.82,
    "dma100" : null,
    "dma200" : 507.02,
    "volume" : 141407.00
  }, {
    "date" : "2025-05-27",
    "price" : 550.55,
    "dma50" : 510.46,
    "dma100" : null,
    "dma200" : 507.46,
    "volume" : 2174116.00
  }, {
    "date" : "2025-05-28",
    "price" : 540.10,
    "dma50" : 511.62,
    "dma100" : null,
    "dma200" : 507.78,
    "volume" : 648626.00
  }, {
    "date" : "2025-05-29",
    "price" : 533.30,
    "dma50" : 512.47,
    "dma100" : null,
    "dma200" : 508.04,
    "volume" : 517966.00
  }, {
    "date" : "2025-05-30",
    "price" : 522.75,
    "dma50" : 512.87,
    "dma100" : null,
    "dma200" : 508.18,
    "volume" : 123781.00
  }, {
    "date" : "2025-06-02",
    "price" : 514.05,
    "dma50" : 512.92,
    "dma100" : null,
    "dma200" : 508.24,
    "volume" : 119008.00
  }, {
    "date" : "2025-06-03",
    "price" : 513.20,
    "dma50" : 512.93,
    "dma100" : null,
    "dma200" : 508.29,
    "volume" : 110926.00
  }, {
    "date" : "2025-06-04",
    "price" : 516.95,
    "dma50" : 513.09,
    "dma100" : null,
    "dma200" : 508.38,
    "volume" : 83043.00
  }, {
    "date" : "2025-06-05",
    "price" : 536.75,
    "dma50" : 514.02,
    "dma100" : null,
    "dma200" : 508.66,
    "volume" : 505740.00
  }, {
    "date" : "2025-06-06",
    "price" : 560.05,
    "dma50" : 515.82,
    "dma100" : null,
    "dma200" : 509.17,
    "volume" : 1013807.00
  }, {
    "date" : "2025-06-09",
    "price" : 568.00,
    "dma50" : 517.87,
    "dma100" : null,
    "dma200" : 509.76,
    "volume" : 409946.00
  }, {
    "date" : "2025-06-10",
    "price" : 574.35,
    "dma50" : 520.08,
    "dma100" : null,
    "dma200" : 510.40,
    "volume" : 577854.00
  }, {
    "date" : "2025-06-11",
    "price" : 573.10,
    "dma50" : 522.16,
    "dma100" : null,
    "dma200" : 511.02,
    "volume" : 366492.00
  }, {
    "date" : "2025-06-12",
    "price" : 553.90,
    "dma50" : 523.41,
    "dma100" : null,
    "dma200" : 511.45,
    "volume" : 173657.00
  }, {
    "date" : "2025-06-13",
    "price" : 547.10,
    "dma50" : 524.33,
    "dma100" : null,
    "dma200" : 511.80,
    "volume" : 128103.00
  }, {
    "date" : "2025-06-16",
    "price" : 535.20,
    "dma50" : 524.76,
    "dma100" : null,
    "dma200" : 512.04,
    "volume" : 153901.00
  }, {
    "date" : "2025-06-17",
    "price" : 527.40,
    "dma50" : 524.86,
    "dma100" : null,
    "dma200" : 512.19,
    "volume" : 71570.00
  }, {
    "date" : "2025-06-18",
    "price" : 538.40,
    "dma50" : 525.40,
    "dma100" : null,
    "dma200" : 512.45,
    "volume" : 608795.00
  }, {
    "date" : "2025-06-19",
    "price" : 510.75,
    "dma50" : 524.82,
    "dma100" : null,
    "dma200" : 512.43,
    "volume" : 916023.00
  }, {
    "date" : "2025-06-20",
    "price" : 505.10,
    "dma50" : 524.05,
    "dma100" : null,
    "dma200" : 512.36,
    "volume" : 391925.00
  }, {
    "date" : "2025-06-23",
    "price" : 504.85,
    "dma50" : 523.29,
    "dma100" : null,
    "dma200" : 512.29,
    "volume" : 138616.00
  }, {
    "date" : "2025-06-24",
    "price" : 510.55,
    "dma50" : 522.79,
    "dma100" : null,
    "dma200" : 512.27,
    "volume" : 147274.00
  }, {
    "date" : "2025-06-25",
    "price" : 511.65,
    "dma50" : 522.36,
    "dma100" : null,
    "dma200" : 512.26,
    "volume" : 325537.00
  }, {
    "date" : "2025-06-26",
    "price" : 511.95,
    "dma50" : 521.95,
    "dma100" : null,
    "dma200" : 512.26,
    "volume" : 133101.00
  }, {
    "date" : "2025-06-27",
    "price" : 513.10,
    "dma50" : 521.60,
    "dma100" : null,
    "dma200" : 512.27,
    "volume" : 159136.00
  }, {
    "date" : "2025-06-30",
    "price" : 521.50,
    "dma50" : 521.60,
    "dma100" : null,
    "dma200" : 512.36,
    "volume" : 301965.00
  }, {
    "date" : "2025-07-01",
    "price" : 521.50,
    "dma50" : 521.59,
    "dma100" : null,
    "dma200" : 512.45,
    "volume" : 810618.00
  }, {
    "date" : "2025-07-02",
    "price" : 519.95,
    "dma50" : 521.53,
    "dma100" : null,
    "dma200" : 512.53,
    "volume" : 703045.00
  }, {
    "date" : "2025-07-03",
    "price" : 518.90,
    "dma50" : 521.43,
    "dma100" : null,
    "dma200" : 512.59,
    "volume" : 139288.00
  }, {
    "date" : "2025-07-04",
    "price" : 520.65,
    "dma50" : 521.40,
    "dma100" : null,
    "dma200" : 512.67,
    "volume" : 324283.00
  }, {
    "date" : "2025-07-07",
    "price" : 524.40,
    "dma50" : 521.51,
    "dma100" : null,
    "dma200" : 512.79,
    "volume" : 825364.00
  }, {
    "date" : "2025-07-08",
    "price" : 519.20,
    "dma50" : 521.42,
    "dma100" : null,
    "dma200" : 512.85,
    "volume" : 591411.00
  }, {
    "date" : "2025-07-09",
    "price" : 517.05,
    "dma50" : 521.25,
    "dma100" : 517.56,
    "dma200" : 512.89,
    "volume" : 182280.00
  }, {
    "date" : "2025-07-10",
    "price" : 517.20,
    "dma50" : 521.09,
    "dma100" : 517.36,
    "dma200" : 512.93,
    "volume" : 140761.00
  }, {
    "date" : "2025-07-11",
    "price" : 503.35,
    "dma50" : 520.40,
    "dma100" : 517.00,
    "dma200" : 512.84,
    "volume" : 605026.00
  }, {
    "date" : "2025-07-14",
    "price" : 516.40,
    "dma50" : 520.24,
    "dma100" : 516.87,
    "dma200" : 512.87,
    "volume" : 553450.00
  }, {
    "date" : "2025-07-15",
    "price" : 519.35,
    "dma50" : 520.21,
    "dma100" : 516.87,
    "dma200" : 512.94,
    "volume" : 148310.00
  }, {
    "date" : "2025-07-16",
    "price" : 522.85,
    "dma50" : 520.31,
    "dma100" : 516.93,
    "dma200" : 513.04,
    "volume" : 239628.00
  }, {
    "date" : "2025-07-17",
    "price" : 536.50,
    "dma50" : 520.94,
    "dma100" : 517.27,
    "dma200" : 513.27,
    "volume" : 661154.00
  }, {
    "date" : "2025-07-18",
    "price" : 529.65,
    "dma50" : 521.29,
    "dma100" : 517.09,
    "dma200" : 513.43,
    "volume" : 260839.00
  }, {
    "date" : "2025-07-21",
    "price" : 519.15,
    "dma50" : 521.20,
    "dma100" : 516.89,
    "dma200" : 513.49,
    "volume" : 139112.00
  }, {
    "date" : "2025-07-22",
    "price" : 518.30,
    "dma50" : 521.09,
    "dma100" : 516.80,
    "dma200" : 513.54,
    "volume" : 86018.00
  }, {
    "date" : "2025-07-23",
    "price" : 516.20,
    "dma50" : 520.90,
    "dma100" : 516.79,
    "dma200" : 513.56,
    "volume" : 255403.00
  }, {
    "date" : "2025-07-24",
    "price" : 514.25,
    "dma50" : 520.64,
    "dma100" : 516.85,
    "dma200" : 513.57,
    "volume" : 92490.00
  }, {
    "date" : "2025-07-25",
    "price" : 510.95,
    "dma50" : 520.26,
    "dma100" : 516.95,
    "dma200" : 513.55,
    "volume" : 268456.00
  }, {
    "date" : "2025-07-28",
    "price" : 510.10,
    "dma50" : 519.86,
    "dma100" : 517.25,
    "dma200" : 513.51,
    "volume" : 221018.00
  }, {
    "date" : "2025-07-29",
    "price" : 512.50,
    "dma50" : 519.57,
    "dma100" : 517.47,
    "dma200" : 513.50,
    "volume" : 97626.00
  }, {
    "date" : "2025-07-30",
    "price" : 505.90,
    "dma50" : 519.03,
    "dma100" : 517.54,
    "dma200" : 513.43,
    "volume" : 161284.00
  }, {
    "date" : "2025-07-31",
    "price" : 499.30,
    "dma50" : 518.26,
    "dma100" : 517.37,
    "dma200" : 513.28,
    "volume" : 183368.00
  }, {
    "date" : "2025-08-01",
    "price" : 490.20,
    "dma50" : 517.16,
    "dma100" : 517.08,
    "dma200" : 513.06,
    "volume" : 246499.00
  }, {
    "date" : "2025-08-04",
    "price" : 496.35,
    "dma50" : 516.34,
    "dma100" : 516.84,
    "dma200" : 512.89,
    "volume" : 132399.00
  }, {
    "date" : "2025-08-05",
    "price" : 483.40,
    "dma50" : 515.05,
    "dma100" : 516.52,
    "dma200" : 512.60,
    "volume" : 259032.00
  }, {
    "date" : "2025-08-06",
    "price" : 474.90,
    "dma50" : 513.48,
    "dma100" : 516.12,
    "dma200" : 512.22,
    "volume" : 394471.00
  }, {
    "date" : "2025-08-07",
    "price" : 461.65,
    "dma50" : 511.44,
    "dma100" : 515.59,
    "dma200" : 511.72,
    "volume" : 314302.00
  }, {
    "date" : "2025-08-08",
    "price" : 458.80,
    "dma50" : 509.38,
    "dma100" : 515.07,
    "dma200" : 511.19,
    "volume" : 99920.00
  }, {
    "date" : "2025-08-11",
    "price" : 459.65,
    "dma50" : 507.43,
    "dma100" : 514.52,
    "dma200" : 510.68,
    "volume" : 408948.00
  }, {
    "date" : "2025-08-12",
    "price" : 471.35,
    "dma50" : 506.01,
    "dma100" : 513.95,
    "dma200" : 510.29,
    "volume" : 748977.00
  }, {
    "date" : "2025-08-13",
    "price" : 490.85,
    "dma50" : 505.42,
    "dma100" : 513.56,
    "dma200" : 510.09,
    "volume" : 754156.00
  }, {
    "date" : "2025-08-14",
    "price" : 495.15,
    "dma50" : 505.02,
    "dma100" : 513.21,
    "dma200" : 509.94,
    "volume" : 185544.00
  }, {
    "date" : "2025-08-18",
    "price" : 510.65,
    "dma50" : 505.24,
    "dma100" : 512.97,
    "dma200" : 509.95,
    "volume" : 369045.00
  }, {
    "date" : "2025-08-19",
    "price" : 516.85,
    "dma50" : 505.69,
    "dma100" : 512.73,
    "dma200" : 510.02,
    "volume" : 306847.00
  }, {
    "date" : "2025-08-20",
    "price" : 507.95,
    "dma50" : 505.78,
    "dma100" : 512.41,
    "dma200" : 510.00,
    "volume" : 124751.00
  }, {
    "date" : "2025-08-21",
    "price" : 500.05,
    "dma50" : 505.56,
    "dma100" : 512.05,
    "dma200" : 509.90,
    "volume" : 117319.00
  }, {
    "date" : "2025-08-22",
    "price" : 507.85,
    "dma50" : 505.65,
    "dma100" : 511.75,
    "dma200" : 509.88,
    "volume" : 284136.00
  }, {
    "date" : "2025-08-25",
    "price" : 512.85,
    "dma50" : 505.93,
    "dma100" : 511.48,
    "dma200" : 509.91,
    "volume" : 1682744.00
  }, {
    "date" : "2025-08-26",
    "price" : 499.00,
    "dma50" : 505.66,
    "dma100" : 511.03,
    "dma200" : 509.80,
    "volume" : 165599.00
  }, {
    "date" : "2025-08-28",
    "price" : 501.30,
    "dma50" : 505.49,
    "dma100" : 510.67,
    "dma200" : 509.72,
    "volume" : 146174.00
  }, {
    "date" : "2025-08-29",
    "price" : 498.85,
    "dma50" : 505.23,
    "dma100" : 510.32,
    "dma200" : 509.61,
    "volume" : 355979.00
  }, {
    "date" : "2025-09-01",
    "price" : 507.10,
    "dma50" : 505.30,
    "dma100" : 510.20,
    "dma200" : 509.58,
    "volume" : 415736.00
  }, {
    "date" : "2025-09-02",
    "price" : 507.60,
    "dma50" : 505.39,
    "dma100" : 510.46,
    "dma200" : 509.56,
    "volume" : 908433.00
  }, {
    "date" : "2025-09-03",
    "price" : 506.70,
    "dma50" : 505.44,
    "dma100" : 510.69,
    "dma200" : 509.54,
    "volume" : 81996.00
  }, {
    "date" : "2025-09-04",
    "price" : 502.50,
    "dma50" : 505.33,
    "dma100" : 510.97,
    "dma200" : 509.47,
    "volume" : 184664.00
  }, {
    "date" : "2025-09-05",
    "price" : 504.00,
    "dma50" : 505.27,
    "dma100" : 511.06,
    "dma200" : 509.41,
    "volume" : 64006.00
  }, {
    "date" : "2025-09-08",
    "price" : 520.60,
    "dma50" : 505.88,
    "dma100" : 511.18,
    "dma200" : 509.52,
    "volume" : 572337.00
  }, {
    "date" : "2025-09-09",
    "price" : 515.25,
    "dma50" : 506.24,
    "dma100" : 511.26,
    "dma200" : 509.58,
    "volume" : 234144.00
  }, {
    "date" : "2025-09-10",
    "price" : 509.90,
    "dma50" : 506.39,
    "dma100" : 511.26,
    "dma200" : 509.58,
    "volume" : 140980.00
  }, {
    "date" : "2025-09-11",
    "price" : 507.00,
    "dma50" : 506.41,
    "dma100" : 511.11,
    "dma200" : 509.56,
    "volume" : 108092.00
  }, {
    "date" : "2025-09-12",
    "price" : 511.60,
    "dma50" : 506.61,
    "dma100" : 511.05,
    "dma200" : 509.58,
    "volume" : 108873.00
  }, {
    "date" : "2025-09-15",
    "price" : 509.65,
    "dma50" : 506.73,
    "dma100" : 510.95,
    "dma200" : 509.58,
    "volume" : 100230.00
  }, {
    "date" : "2025-09-16",
    "price" : 518.00,
    "dma50" : 507.17,
    "dma100" : 510.97,
    "dma200" : 509.66,
    "volume" : 157623.00
  }, {
    "date" : "2025-09-17",
    "price" : 531.75,
    "dma50" : 508.14,
    "dma100" : 511.23,
    "dma200" : 509.88,
    "volume" : 678439.00
  }, {
    "date" : "2025-09-18",
    "price" : 531.45,
    "dma50" : 509.05,
    "dma100" : 511.45,
    "dma200" : 510.10,
    "volume" : 510252.00
  }, {
    "date" : "2025-09-19",
    "price" : 549.25,
    "dma50" : 510.63,
    "dma100" : 511.90,
    "dma200" : 510.49,
    "volume" : 923531.00
  }, {
    "date" : "2025-09-22",
    "price" : 532.80,
    "dma50" : 511.50,
    "dma100" : 512.37,
    "dma200" : 510.71,
    "volume" : 271956.00
  }, {
    "date" : "2025-09-23",
    "price" : 534.50,
    "dma50" : 512.40,
    "dma100" : 512.79,
    "dma200" : 510.94,
    "volume" : 563664.00
  }, {
    "date" : "2025-09-24",
    "price" : 579.10,
    "dma50" : 515.02,
    "dma100" : 513.63,
    "dma200" : 511.62,
    "volume" : 26942445.00
  }, {
    "date" : "2025-09-25",
    "price" : 575.05,
    "dma50" : 517.37,
    "dma100" : 514.61,
    "dma200" : 512.25,
    "volume" : 2468442.00
  }, {
    "date" : "2025-09-26",
    "price" : 571.30,
    "dma50" : 519.49,
    "dma100" : 515.49,
    "dma200" : 512.84,
    "volume" : 986086.00
  }, {
    "date" : "2025-09-29",
    "price" : 568.85,
    "dma50" : 521.42,
    "dma100" : 516.41,
    "dma200" : 513.40,
    "volume" : 1792908.00
  }, {
    "date" : "2025-09-30",
    "price" : 569.45,
    "dma50" : 523.30,
    "dma100" : 517.42,
    "dma200" : 513.96,
    "volume" : 555805.00
  }, {
    "date" : "2025-10-01",
    "price" : 579.80,
    "dma50" : 525.52,
    "dma100" : 518.40,
    "dma200" : 514.61,
    "volume" : 511181.00
  }, {
    "date" : "2025-10-03",
    "price" : 588.30,
    "dma50" : 527.98,
    "dma100" : 519.41,
    "dma200" : 515.34,
    "volume" : 1337650.00
  }, {
    "date" : "2025-10-06",
    "price" : 579.60,
    "dma50" : 530.01,
    "dma100" : 520.20,
    "dma200" : 515.98,
    "volume" : 396872.00
  }, {
    "date" : "2025-10-07",
    "price" : 594.35,
    "dma50" : 532.53,
    "dma100" : 521.07,
    "dma200" : 516.76,
    "volume" : 2106198.00
  }, {
    "date" : "2025-10-08",
    "price" : 582.15,
    "dma50" : 534.48,
    "dma100" : 521.86,
    "dma200" : 517.41,
    "volume" : 974345.00
  }, {
    "date" : "2025-10-09",
    "price" : 582.05,
    "dma50" : 536.34,
    "dma100" : 522.51,
    "dma200" : 518.06,
    "volume" : 478640.00
  }, {
    "date" : "2025-10-10",
    "price" : 588.95,
    "dma50" : 538.40,
    "dma100" : 523.39,
    "dma200" : 518.76,
    "volume" : 492116.00
  }, {
    "date" : "2025-10-13",
    "price" : 569.65,
    "dma50" : 539.63,
    "dma100" : 524.03,
    "dma200" : 519.27,
    "volume" : 1124339.00
  }, {
    "date" : "2025-10-14",
    "price" : 564.20,
    "dma50" : 540.59,
    "dma100" : 524.56,
    "dma200" : 519.72,
    "volume" : 520956.00
  }, {
    "date" : "2025-10-15",
    "price" : 568.75,
    "dma50" : 541.70,
    "dma100" : 525.10,
    "dma200" : 520.20,
    "volume" : 250768.00
  }, {
    "date" : "2025-10-16",
    "price" : 583.05,
    "dma50" : 543.32,
    "dma100" : 525.70,
    "dma200" : 520.83,
    "volume" : 515627.00
  }, {
    "date" : "2025-10-17",
    "price" : 568.50,
    "dma50" : 544.31,
    "dma100" : 525.88,
    "dma200" : 521.30,
    "volume" : 295867.00
  }, {
    "date" : "2025-10-20",
    "price" : 577.40,
    "dma50" : 545.60,
    "dma100" : 526.25,
    "dma200" : 521.86,
    "volume" : 250350.00
  }, {
    "date" : "2025-10-21",
    "price" : 576.95,
    "dma50" : 546.83,
    "dma100" : 526.69,
    "dma200" : 522.41,
    "volume" : 109368.00
  }, {
    "date" : "2025-10-23",
    "price" : 567.20,
    "dma50" : 547.63,
    "dma100" : 527.13,
    "dma200" : 522.86,
    "volume" : 165409.00
  }, {
    "date" : "2025-10-24",
    "price" : 565.05,
    "dma50" : 548.32,
    "dma100" : 527.64,
    "dma200" : 523.28,
    "volume" : 310736.00
  }, {
    "date" : "2025-10-27",
    "price" : 562.80,
    "dma50" : 548.88,
    "dma100" : 528.14,
    "dma200" : 523.67,
    "volume" : 151784.00
  }, {
    "date" : "2025-10-28",
    "price" : 566.65,
    "dma50" : 549.58,
    "dma100" : 528.64,
    "dma200" : 524.10,
    "volume" : 127027.00
  }, {
    "date" : "2025-10-29",
    "price" : 575.10,
    "dma50" : 550.58,
    "dma100" : 529.02,
    "dma200" : 524.60,
    "volume" : 226217.00
  }, {
    "date" : "2025-10-30",
    "price" : 569.15,
    "dma50" : 551.31,
    "dma100" : 529.11,
    "dma200" : 525.05,
    "volume" : 181979.00
  }, {
    "date" : "2025-10-31",
    "price" : 563.70,
    "dma50" : 551.79,
    "dma100" : 529.07,
    "dma200" : 525.43,
    "volume" : 263448.00
  }, {
    "date" : "2025-11-03",
    "price" : 588.85,
    "dma50" : 553.25,
    "dma100" : 529.21,
    "dma200" : 526.06,
    "volume" : 579178.00
  }, {
    "date" : "2025-11-04",
    "price" : 591.40,
    "dma50" : 554.74,
    "dma100" : 529.40,
    "dma200" : 526.71,
    "volume" : 674486.00
  }, {
    "date" : "2025-11-06",
    "price" : 573.35,
    "dma50" : 555.47,
    "dma100" : 529.59,
    "dma200" : 527.18,
    "volume" : 1006933.00
  }, {
    "date" : "2025-11-07",
    "price" : 579.20,
    "dma50" : 556.40,
    "dma100" : 529.91,
    "dma200" : 527.69,
    "volume" : 8233422.00
  }, {
    "date" : "2025-11-10",
    "price" : 590.35,
    "dma50" : 557.74,
    "dma100" : 530.46,
    "dma200" : 528.32,
    "volume" : 627996.00
  }, {
    "date" : "2025-11-11",
    "price" : 597.40,
    "dma50" : 559.29,
    "dma100" : 531.16,
    "dma200" : 529.01,
    "volume" : 577090.00
  }, {
    "date" : "2025-11-12",
    "price" : 607.60,
    "dma50" : 561.19,
    "dma100" : 531.86,
    "dma200" : 529.79,
    "volume" : 866230.00
  }, {
    "date" : "2025-11-13",
    "price" : 605.35,
    "dma50" : 562.92,
    "dma100" : 532.80,
    "dma200" : 530.54,
    "volume" : 830823.00
  }, {
    "date" : "2025-11-14",
    "price" : 601.15,
    "dma50" : 564.42,
    "dma100" : 533.76,
    "dma200" : 531.24,
    "volume" : 306092.00
  }, {
    "date" : "2025-11-17",
    "price" : 605.45,
    "dma50" : 566.03,
    "dma100" : 534.77,
    "dma200" : 531.98,
    "volume" : 290963.00
  }, {
    "date" : "2025-11-18",
    "price" : 595.25,
    "dma50" : 567.17,
    "dma100" : 535.62,
    "dma200" : 532.61,
    "volume" : 222116.00
  }, {
    "date" : "2025-11-19",
    "price" : 605.30,
    "dma50" : 568.67,
    "dma100" : 536.55,
    "dma200" : 533.33,
    "volume" : 870859.00
  }, {
    "date" : "2025-11-20",
    "price" : 601.95,
    "dma50" : 569.97,
    "dma100" : 537.45,
    "dma200" : 534.02,
    "volume" : 187875.00
  }, {
    "date" : "2025-11-21",
    "price" : 595.20,
    "dma50" : 570.96,
    "dma100" : 538.27,
    "dma200" : 534.62,
    "volume" : 206980.00
  }, {
    "date" : "2025-11-24",
    "price" : 586.20,
    "dma50" : 571.56,
    "dma100" : 538.92,
    "dma200" : 535.14,
    "volume" : 191753.00
  }, {
    "date" : "2025-11-25",
    "price" : 593.40,
    "dma50" : 572.42,
    "dma100" : 539.64,
    "dma200" : 535.72,
    "volume" : 128553.00
  }, {
    "date" : "2025-11-26",
    "price" : 595.65,
    "dma50" : 573.33,
    "dma100" : 540.40,
    "dma200" : 536.31,
    "volume" : 275723.00
  }, {
    "date" : "2025-11-27",
    "price" : 586.70,
    "dma50" : 573.85,
    "dma100" : 541.07,
    "dma200" : 536.82,
    "volume" : 123892.00
  }, {
    "date" : "2025-11-28",
    "price" : 581.25,
    "dma50" : 574.14,
    "dma100" : 541.68,
    "dma200" : 537.26,
    "volume" : 270359.00
  }, {
    "date" : "2025-12-01",
    "price" : 576.65,
    "dma50" : 574.24,
    "dma100" : 542.20,
    "dma200" : 537.65,
    "volume" : 117725.00
  }, {
    "date" : "2025-12-02",
    "price" : 600.90,
    "dma50" : 575.29,
    "dma100" : 543.02,
    "dma200" : 538.28,
    "volume" : 629367.00
  }, {
    "date" : "2025-12-03",
    "price" : 590.25,
    "dma50" : 575.87,
    "dma100" : 543.75,
    "dma200" : 538.80,
    "volume" : 358696.00
  }, {
    "date" : "2025-12-04",
    "price" : 590.75,
    "dma50" : 576.46,
    "dma100" : 544.49,
    "dma200" : 539.31,
    "volume" : 143627.00
  }, {
    "date" : "2025-12-05",
    "price" : 586.15,
    "dma50" : 576.84,
    "dma100" : 545.31,
    "dma200" : 539.78,
    "volume" : 195930.00
  }, {
    "date" : "2025-12-08",
    "price" : 582.10,
    "dma50" : 577.04,
    "dma100" : 545.97,
    "dma200" : 540.20,
    "volume" : 121515.00
  }, {
    "date" : "2025-12-09",
    "price" : 581.40,
    "dma50" : 577.21,
    "dma100" : 546.59,
    "dma200" : 540.61,
    "volume" : 350368.00
  }, {
    "date" : "2025-12-10",
    "price" : 586.00,
    "dma50" : 577.56,
    "dma100" : 547.22,
    "dma200" : 541.06,
    "volume" : 233377.00
  }, {
    "date" : "2025-12-11",
    "price" : 584.05,
    "dma50" : 577.81,
    "dma100" : 547.70,
    "dma200" : 541.49,
    "volume" : 408632.00
  }, {
    "date" : "2025-12-12",
    "price" : 584.95,
    "dma50" : 578.09,
    "dma100" : 548.25,
    "dma200" : 541.92,
    "volume" : 144524.00
  }, {
    "date" : "2025-12-15",
    "price" : 592.35,
    "dma50" : 578.65,
    "dma100" : 548.98,
    "dma200" : 542.42,
    "volume" : 371873.00
  }, {
    "date" : "2025-12-16",
    "price" : 597.80,
    "dma50" : 579.40,
    "dma100" : 549.78,
    "dma200" : 542.97,
    "volume" : 592027.00
  }, {
    "date" : "2025-12-17",
    "price" : 596.05,
    "dma50" : 580.06,
    "dma100" : 550.58,
    "dma200" : 543.50,
    "volume" : 1141496.00
  }, {
    "date" : "2025-12-18",
    "price" : 581.65,
    "dma50" : 580.12,
    "dma100" : 551.25,
    "dma200" : 543.88,
    "volume" : 282227.00
  }, {
    "date" : "2025-12-19",
    "price" : 596.65,
    "dma50" : 580.77,
    "dma100" : 552.11,
    "dma200" : 544.41,
    "volume" : 231707.00
  }, {
    "date" : "2025-12-22",
    "price" : 605.25,
    "dma50" : 581.73,
    "dma100" : 553.06,
    "dma200" : 545.01,
    "volume" : 241022.00
  }, {
    "date" : "2025-12-23",
    "price" : 597.25,
    "dma50" : 582.33,
    "dma100" : 553.91,
    "dma200" : 545.53,
    "volume" : 107135.00
  }, {
    "date" : "2025-12-24",
    "price" : 587.35,
    "dma50" : 582.53,
    "dma100" : 554.72,
    "dma200" : 545.95,
    "volume" : 137898.00
  }, {
    "date" : "2025-12-26",
    "price" : 581.30,
    "dma50" : 582.48,
    "dma100" : 555.54,
    "dma200" : 546.30,
    "volume" : 162168.00
  }, {
    "date" : "2025-12-29",
    "price" : 566.75,
    "dma50" : 581.87,
    "dma100" : 556.31,
    "dma200" : 546.50,
    "volume" : 230593.00
  }, {
    "date" : "2025-12-30",
    "price" : 567.15,
    "dma50" : 581.29,
    "dma100" : 557.02,
    "dma200" : 546.71,
    "volume" : 150549.00
  }, {
    "date" : "2025-12-31",
    "price" : 574.10,
    "dma50" : 581.01,
    "dma100" : 557.92,
    "dma200" : 546.98,
    "volume" : 154501.00
  }, {
    "date" : "2026-01-01",
    "price" : 584.90,
    "dma50" : 581.16,
    "dma100" : 559.02,
    "dma200" : 547.36,
    "volume" : 200214.00
  }, {
    "date" : "2026-01-02",
    "price" : 602.50,
    "dma50" : 582.00,
    "dma100" : 560.43,
    "dma200" : 547.91,
    "volume" : 843336.00
  }, {
    "date" : "2026-01-05",
    "price" : 603.05,
    "dma50" : 582.82,
    "dma100" : 561.87,
    "dma200" : 548.46,
    "volume" : 451420.00
  }, {
    "date" : "2026-01-06",
    "price" : 597.95,
    "dma50" : 583.42,
    "dma100" : 563.26,
    "dma200" : 548.95,
    "volume" : 356075.00
  }, {
    "date" : "2026-01-07",
    "price" : 596.00,
    "dma50" : 583.91,
    "dma100" : 564.50,
    "dma200" : 549.42,
    "volume" : 245923.00
  }, {
    "date" : "2026-01-08",
    "price" : 586.75,
    "dma50" : 584.02,
    "dma100" : 565.46,
    "dma200" : 549.79,
    "volume" : 163629.00
  }, {
    "date" : "2026-01-09",
    "price" : 578.50,
    "dma50" : 583.80,
    "dma100" : 566.30,
    "dma200" : 550.07,
    "volume" : 243939.00
  }, {
    "date" : "2026-01-12",
    "price" : 579.75,
    "dma50" : 583.65,
    "dma100" : 566.99,
    "dma200" : 550.37,
    "volume" : 219953.00
  }, {
    "date" : "2026-01-13",
    "price" : 575.00,
    "dma50" : 583.31,
    "dma100" : 567.57,
    "dma200" : 550.61,
    "volume" : 116024.00
  }, {
    "date" : "2026-01-14",
    "price" : 569.05,
    "dma50" : 582.75,
    "dma100" : 568.18,
    "dma200" : 550.80,
    "volume" : 168717.00
  }, {
    "date" : "2026-01-16",
    "price" : 560.80,
    "dma50" : 581.89,
    "dma100" : 568.79,
    "dma200" : 550.90,
    "volume" : 372327.00
  }, {
    "date" : "2026-01-19",
    "price" : 544.80,
    "dma50" : 580.43,
    "dma100" : 569.16,
    "dma200" : 550.84,
    "volume" : 335998.00
  }, {
    "date" : "2026-01-20",
    "price" : 536.15,
    "dma50" : 578.70,
    "dma100" : 569.39,
    "dma200" : 550.69,
    "volume" : 234768.00
  }, {
    "date" : "2026-01-21",
    "price" : 524.05,
    "dma50" : 576.55,
    "dma100" : 569.64,
    "dma200" : 550.43,
    "volume" : 461214.00
  }, {
    "date" : "2026-01-22",
    "price" : 564.55,
    "dma50" : 576.08,
    "dma100" : 570.27,
    "dma200" : 550.57,
    "volume" : 1258080.00
  }, {
    "date" : "2026-01-23",
    "price" : 542.90,
    "dma50" : 574.78,
    "dma100" : 570.71,
    "dma200" : 550.49,
    "volume" : 425779.00
  }, {
    "date" : "2026-01-27",
    "price" : 539.75,
    "dma50" : 573.41,
    "dma100" : 571.04,
    "dma200" : 550.38,
    "volume" : 143016.00
  }, {
    "date" : "2026-01-28",
    "price" : 543.35,
    "dma50" : 572.23,
    "dma100" : 571.40,
    "dma200" : 550.31,
    "volume" : 157584.00
  }, {
    "date" : "2026-01-29",
    "price" : 558.60,
    "dma50" : 571.69,
    "dma100" : 571.92,
    "dma200" : 550.40,
    "volume" : 134744.00
  }, {
    "date" : "2026-01-30",
    "price" : 562.85,
    "dma50" : 571.35,
    "dma100" : 572.52,
    "dma200" : 550.52,
    "volume" : 200615.00
  }, {
    "date" : "2026-02-01",
    "price" : 552.05,
    "dma50" : 570.59,
    "dma100" : 573.00,
    "dma200" : 550.53,
    "volume" : 161447.00
  }, {
    "date" : "2026-02-02",
    "price" : 563.65,
    "dma50" : 570.32,
    "dma100" : 573.43,
    "dma200" : 550.67,
    "volume" : 149369.00
  }, {
    "date" : "2026-02-03",
    "price" : 581.55,
    "dma50" : 570.76,
    "dma100" : 574.09,
    "dma200" : 550.97,
    "volume" : 257198.00
  }, {
    "date" : "2026-02-04",
    "price" : 582.00,
    "dma50" : 571.20,
    "dma100" : 574.81,
    "dma200" : 551.28,
    "volume" : 150000.00
  }, {
    "date" : "2026-02-05",
    "price" : 595.30,
    "dma50" : 572.14,
    "dma100" : 575.70,
    "dma200" : 551.72,
    "volume" : 1366353.00
  }, {
    "date" : "2026-02-06",
    "price" : 584.20,
    "dma50" : 572.62,
    "dma100" : 576.42,
    "dma200" : 552.04,
    "volume" : 278408.00
  }, {
    "date" : "2026-02-09",
    "price" : 589.05,
    "dma50" : 573.26,
    "dma100" : 577.22,
    "dma200" : 552.41,
    "volume" : 369974.00
  } ],
  "latestTechnicalAttributes" : {
    "date" : "2026-02-09",
    "price" : 589.05,
    "dma50" : 573.26,
    "dma100" : 577.22,
    "dma200" : 552.41,
    "volume" : 369974.00
  },
  "quarterlyResults" : [ {
    "date" : "2005-03-31",
    "sales" : 38.75,
    "salesGrowthYoY" : null,
    "grossProfitMargin" : 31.77,
    "grossProfit" : 12.31,
    "operatingProfitMargin" : 3.69,
    "operatingProfit" : 1.43,
    "netProfitMargin" : 2.53,
    "netProfit" : 0.98
  }, {
    "date" : "2005-06-30",
    "sales" : 42.76,
    "salesGrowthYoY" : null,
    "grossProfitMargin" : 30.33,
    "grossProfit" : 12.97,
    "operatingProfitMargin" : 5.96,
    "operatingProfit" : 2.55,
    "netProfitMargin" : 0.98,
    "netProfit" : 0.42
  }, {
    "date" : "2005-09-30",
    "sales" : 43.16,
    "salesGrowthYoY" : null,
    "grossProfitMargin" : 28.89,
    "grossProfit" : 12.47,
    "operatingProfitMargin" : 5.35,
    "operatingProfit" : 2.31,
    "netProfitMargin" : 1.46,
    "netProfit" : 0.63
  }, {
    "date" : "2005-12-31",
    "sales" : 43.08,
    "salesGrowthYoY" : null,
    "grossProfitMargin" : 29.50,
    "grossProfit" : 12.71,
    "operatingProfitMargin" : 7.34,
    "operatingProfit" : 3.16,
    "netProfitMargin" : 1.65,
    "netProfit" : 0.71
  }, {
    "date" : "2006-03-31",
    "sales" : 46.04,
    "salesGrowthYoY" : 18.81,
    "grossProfitMargin" : 28.32,
    "grossProfit" : 13.04,
    "operatingProfitMargin" : 7.02,
    "operatingProfit" : 3.23,
    "netProfitMargin" : 2.54,
    "netProfit" : 1.17
  }, {
    "date" : "2006-06-30",
    "sales" : 47.47,
    "salesGrowthYoY" : 11.01,
    "grossProfitMargin" : 25.07,
    "grossProfit" : 11.90,
    "operatingProfitMargin" : 5.06,
    "operatingProfit" : 2.40,
    "netProfitMargin" : 0.46,
    "netProfit" : 0.22
  }, {
    "date" : "2006-09-30",
    "sales" : 57.84,
    "salesGrowthYoY" : 34.01,
    "grossProfitMargin" : 24.93,
    "grossProfit" : 14.42,
    "operatingProfitMargin" : 9.09,
    "operatingProfit" : 5.26,
    "netProfitMargin" : 4.34,
    "netProfit" : 2.51
  }, {
    "date" : "2006-12-31",
    "sales" : 56.88,
    "salesGrowthYoY" : 32.03,
    "grossProfitMargin" : 23.00,
    "grossProfit" : 13.08,
    "operatingProfitMargin" : 6.47,
    "operatingProfit" : 3.68,
    "netProfitMargin" : 1.85,
    "netProfit" : 1.05
  }, {
    "date" : "2007-03-31",
    "sales" : 56.51,
    "salesGrowthYoY" : 22.74,
    "grossProfitMargin" : 21.09,
    "grossProfit" : 11.92,
    "operatingProfitMargin" : 2.97,
    "operatingProfit" : 1.68,
    "netProfitMargin" : 1.10,
    "netProfit" : 0.62
  }, {
    "date" : "2007-06-30",
    "sales" : 37.60,
    "salesGrowthYoY" : -20.79,
    "grossProfitMargin" : 22.50,
    "grossProfit" : 8.46,
    "operatingProfitMargin" : 5.03,
    "operatingProfit" : 1.89,
    "netProfitMargin" : 0.37,
    "netProfit" : 0.14
  }, {
    "date" : "2007-09-30",
    "sales" : 43.43,
    "salesGrowthYoY" : -24.91,
    "grossProfitMargin" : 24.80,
    "grossProfit" : 10.77,
    "operatingProfitMargin" : 9.99,
    "operatingProfit" : 4.34,
    "netProfitMargin" : 3.06,
    "netProfit" : 1.33
  }, {
    "date" : "2007-12-31",
    "sales" : 53.08,
    "salesGrowthYoY" : -6.68,
    "grossProfitMargin" : 26.77,
    "grossProfit" : 14.21,
    "operatingProfitMargin" : 11.13,
    "operatingProfit" : 5.91,
    "netProfitMargin" : 4.09,
    "netProfit" : 2.17
  }, {
    "date" : "2008-03-31",
    "sales" : 48.38,
    "salesGrowthYoY" : -14.39,
    "grossProfitMargin" : 34.44,
    "grossProfit" : 16.66,
    "operatingProfitMargin" : 16.70,
    "operatingProfit" : 8.08,
    "netProfitMargin" : 8.85,
    "netProfit" : 4.28
  }, {
    "date" : "2008-06-30",
    "sales" : 52.19,
    "salesGrowthYoY" : 38.80,
    "grossProfitMargin" : 30.68,
    "grossProfit" : 16.01,
    "operatingProfitMargin" : 11.21,
    "operatingProfit" : 5.85,
    "netProfitMargin" : 3.53,
    "netProfit" : 1.84
  }, {
    "date" : "2008-09-30",
    "sales" : 60.75,
    "salesGrowthYoY" : 39.88,
    "grossProfitMargin" : 30.17,
    "grossProfit" : 18.33,
    "operatingProfitMargin" : 11.33,
    "operatingProfit" : 6.88,
    "netProfitMargin" : 4.35,
    "netProfit" : 2.64
  }, {
    "date" : "2008-12-31",
    "sales" : 47.88,
    "salesGrowthYoY" : -9.80,
    "grossProfitMargin" : 36.74,
    "grossProfit" : 17.59,
    "operatingProfitMargin" : 13.87,
    "operatingProfit" : 6.64,
    "netProfitMargin" : 5.56,
    "netProfit" : 2.66
  }, {
    "date" : "2009-03-31",
    "sales" : 46.44,
    "salesGrowthYoY" : -4.01,
    "grossProfitMargin" : 36.28,
    "grossProfit" : 16.85,
    "operatingProfitMargin" : 11.24,
    "operatingProfit" : 5.22,
    "netProfitMargin" : 4.41,
    "netProfit" : 2.05
  }, {
    "date" : "2009-06-30",
    "sales" : 67.34,
    "salesGrowthYoY" : 29.03,
    "grossProfitMargin" : 33.80,
    "grossProfit" : 22.76,
    "operatingProfitMargin" : 12.01,
    "operatingProfit" : 8.09,
    "netProfitMargin" : 4.56,
    "netProfit" : 3.07
  }, {
    "date" : "2009-09-30",
    "sales" : 86.70,
    "salesGrowthYoY" : 42.72,
    "grossProfitMargin" : 29.04,
    "grossProfit" : 25.18,
    "operatingProfitMargin" : 10.84,
    "operatingProfit" : 9.40,
    "netProfitMargin" : 4.59,
    "netProfit" : 3.98
  }, {
    "date" : "2009-12-31",
    "sales" : 87.40,
    "salesGrowthYoY" : 82.54,
    "grossProfitMargin" : 36.41,
    "grossProfit" : 31.82,
    "operatingProfitMargin" : 9.69,
    "operatingProfit" : 8.47,
    "netProfitMargin" : 3.74,
    "netProfit" : 3.27
  }, {
    "date" : "2010-03-31",
    "sales" : 98.23,
    "salesGrowthYoY" : 111.52,
    "grossProfitMargin" : 46.81,
    "grossProfit" : 45.98,
    "operatingProfitMargin" : 11.14,
    "operatingProfit" : 10.94,
    "netProfitMargin" : 7.88,
    "netProfit" : 7.74
  }, {
    "date" : "2010-06-30",
    "sales" : 102.52,
    "salesGrowthYoY" : 52.24,
    "grossProfitMargin" : 35.12,
    "grossProfit" : 36.01,
    "operatingProfitMargin" : 14.38,
    "operatingProfit" : 14.74,
    "netProfitMargin" : 7.38,
    "netProfit" : 7.57
  }, {
    "date" : "2010-09-30",
    "sales" : 122.63,
    "salesGrowthYoY" : 41.44,
    "grossProfitMargin" : 38.29,
    "grossProfit" : 46.96,
    "operatingProfitMargin" : 15.03,
    "operatingProfit" : 18.43,
    "netProfitMargin" : 8.52,
    "netProfit" : 10.45
  }, {
    "date" : "2010-12-31",
    "sales" : 117.96,
    "salesGrowthYoY" : 34.97,
    "grossProfitMargin" : 37.64,
    "grossProfit" : 44.40,
    "operatingProfitMargin" : 14.66,
    "operatingProfit" : 17.29,
    "netProfitMargin" : 7.85,
    "netProfit" : 9.26
  }, {
    "date" : "2011-03-31",
    "sales" : 141.06,
    "salesGrowthYoY" : 43.60,
    "grossProfitMargin" : 34.55,
    "grossProfit" : 48.74,
    "operatingProfitMargin" : 10.63,
    "operatingProfit" : 14.99,
    "netProfitMargin" : 3.25,
    "netProfit" : 4.58
  }, {
    "date" : "2011-06-30",
    "sales" : 128.14,
    "salesGrowthYoY" : 24.99,
    "grossProfitMargin" : 33.39,
    "grossProfit" : 42.79,
    "operatingProfitMargin" : 9.54,
    "operatingProfit" : 12.22,
    "netProfitMargin" : 5.10,
    "netProfit" : 6.54
  }, {
    "date" : "2011-09-30",
    "sales" : 138.31,
    "salesGrowthYoY" : 12.79,
    "grossProfitMargin" : 37.03,
    "grossProfit" : 51.22,
    "operatingProfitMargin" : 13.61,
    "operatingProfit" : 18.82,
    "netProfitMargin" : 7.40,
    "netProfit" : 10.23
  }, {
    "date" : "2011-12-31",
    "sales" : 141.06,
    "salesGrowthYoY" : 19.58,
    "grossProfitMargin" : 37.89,
    "grossProfit" : 53.45,
    "operatingProfitMargin" : 11.88,
    "operatingProfit" : 16.76,
    "netProfitMargin" : 6.25,
    "netProfit" : 8.82
  }, {
    "date" : "2012-03-31",
    "sales" : 152.15,
    "salesGrowthYoY" : 7.86,
    "grossProfitMargin" : 35.23,
    "grossProfit" : 53.60,
    "operatingProfitMargin" : 7.94,
    "operatingProfit" : 12.08,
    "netProfitMargin" : 9.58,
    "netProfit" : 14.58
  }, {
    "date" : "2012-06-30",
    "sales" : 154.07,
    "salesGrowthYoY" : 20.24,
    "grossProfitMargin" : 33.34,
    "grossProfit" : 51.37,
    "operatingProfitMargin" : 8.15,
    "operatingProfit" : 12.56,
    "netProfitMargin" : 4.29,
    "netProfit" : 6.61
  }, {
    "date" : "2012-09-30",
    "sales" : 142.04,
    "salesGrowthYoY" : 2.70,
    "grossProfitMargin" : 35.66,
    "grossProfit" : 50.65,
    "operatingProfitMargin" : 8.38,
    "operatingProfit" : 11.90,
    "netProfitMargin" : 3.95,
    "netProfit" : 5.61
  }, {
    "date" : "2012-12-31",
    "sales" : 149.29,
    "salesGrowthYoY" : 5.83,
    "grossProfitMargin" : 36.27,
    "grossProfit" : 54.15,
    "operatingProfitMargin" : 10.06,
    "operatingProfit" : 15.02,
    "netProfitMargin" : 4.15,
    "netProfit" : 6.20
  }, {
    "date" : "2013-03-31",
    "sales" : 152.81,
    "salesGrowthYoY" : 0.43,
    "grossProfitMargin" : 36.71,
    "grossProfit" : 56.10,
    "operatingProfitMargin" : 10.57,
    "operatingProfit" : 16.15,
    "netProfitMargin" : 6.55,
    "netProfit" : 10.01
  }, {
    "date" : "2013-06-30",
    "sales" : 134.13,
    "salesGrowthYoY" : -12.94,
    "grossProfitMargin" : 99.60,
    "grossProfit" : 133.59,
    "operatingProfitMargin" : 7.03,
    "operatingProfit" : 9.43,
    "netProfitMargin" : 1.85,
    "netProfit" : 2.48
  }, {
    "date" : "2013-09-30",
    "sales" : 156.27,
    "salesGrowthYoY" : 10.02,
    "grossProfitMargin" : 37.73,
    "grossProfit" : 58.96,
    "operatingProfitMargin" : 10.21,
    "operatingProfit" : 15.96,
    "netProfitMargin" : 4.54,
    "netProfit" : 7.09
  }, {
    "date" : "2013-12-31",
    "sales" : 163.82,
    "salesGrowthYoY" : 9.73,
    "grossProfitMargin" : 37.08,
    "grossProfit" : 60.74,
    "operatingProfitMargin" : 10.54,
    "operatingProfit" : 17.27,
    "netProfitMargin" : 4.35,
    "netProfit" : 7.13
  }, {
    "date" : "2014-03-31",
    "sales" : 162.54,
    "salesGrowthYoY" : 6.37,
    "grossProfitMargin" : 100.12,
    "grossProfit" : 162.74,
    "operatingProfitMargin" : 10.53,
    "operatingProfit" : 17.12,
    "netProfitMargin" : 4.15,
    "netProfit" : 6.75
  }, {
    "date" : "2014-06-30",
    "sales" : 156.18,
    "salesGrowthYoY" : 16.44,
    "grossProfitMargin" : 38.67,
    "grossProfit" : 60.39,
    "operatingProfitMargin" : 9.85,
    "operatingProfit" : 15.38,
    "netProfitMargin" : 4.20,
    "netProfit" : 6.56
  }, {
    "date" : "2014-09-30",
    "sales" : 171.67,
    "salesGrowthYoY" : 9.85,
    "grossProfitMargin" : 37.40,
    "grossProfit" : 64.20,
    "operatingProfitMargin" : 11.84,
    "operatingProfit" : 20.33,
    "netProfitMargin" : 6.16,
    "netProfit" : 10.57
  }, {
    "date" : "2014-12-31",
    "sales" : 166.26,
    "salesGrowthYoY" : 1.49,
    "grossProfitMargin" : 36.97,
    "grossProfit" : 61.47,
    "operatingProfitMargin" : 10.23,
    "operatingProfit" : 17.01,
    "netProfitMargin" : 4.84,
    "netProfit" : 8.05
  }, {
    "date" : "2015-03-31",
    "sales" : 154.95,
    "salesGrowthYoY" : -4.67,
    "grossProfitMargin" : 38.25,
    "grossProfit" : 59.27,
    "operatingProfitMargin" : 10.75,
    "operatingProfit" : 16.66,
    "netProfitMargin" : 6.25,
    "netProfit" : 9.68
  }, {
    "date" : "2015-06-30",
    "sales" : 160.43,
    "salesGrowthYoY" : 2.72,
    "grossProfitMargin" : 37.82,
    "grossProfit" : 60.67,
    "operatingProfitMargin" : 11.16,
    "operatingProfit" : 17.90,
    "netProfitMargin" : 5.84,
    "netProfit" : 9.37
  }, {
    "date" : "2015-09-30",
    "sales" : 182.75,
    "salesGrowthYoY" : 6.45,
    "grossProfitMargin" : 39.28,
    "grossProfit" : 71.78,
    "operatingProfitMargin" : 14.19,
    "operatingProfit" : 25.93,
    "netProfitMargin" : 8.38,
    "netProfit" : 15.31
  }, {
    "date" : "2015-12-31",
    "sales" : 179.47,
    "salesGrowthYoY" : 7.95,
    "grossProfitMargin" : 40.42,
    "grossProfit" : 72.54,
    "operatingProfitMargin" : 11.26,
    "operatingProfit" : 20.21,
    "netProfitMargin" : 6.24,
    "netProfit" : 11.20
  }, {
    "date" : "2016-03-31",
    "sales" : 182.04,
    "salesGrowthYoY" : 17.48,
    "grossProfitMargin" : 40.12,
    "grossProfit" : 73.03,
    "operatingProfitMargin" : 10.51,
    "operatingProfit" : 19.13,
    "netProfitMargin" : 5.81,
    "netProfit" : 10.58
  }, {
    "date" : "2016-06-30",
    "sales" : 180.54,
    "salesGrowthYoY" : 12.54,
    "grossProfitMargin" : 37.94,
    "grossProfit" : 68.50,
    "operatingProfitMargin" : 10.26,
    "operatingProfit" : 18.52,
    "netProfitMargin" : 6.07,
    "netProfit" : 10.96
  }, {
    "date" : "2016-09-30",
    "sales" : 198.37,
    "salesGrowthYoY" : 8.55,
    "grossProfitMargin" : 38.63,
    "grossProfit" : 76.63,
    "operatingProfitMargin" : 10.40,
    "operatingProfit" : 20.63,
    "netProfitMargin" : 8.37,
    "netProfit" : 16.60
  }, {
    "date" : "2016-12-31",
    "sales" : 191.70,
    "salesGrowthYoY" : 6.81,
    "grossProfitMargin" : 41.11,
    "grossProfit" : 78.81,
    "operatingProfitMargin" : 12.07,
    "operatingProfit" : 23.14,
    "netProfitMargin" : 9.32,
    "netProfit" : 17.87
  }, {
    "date" : "2017-03-31",
    "sales" : 201.85,
    "salesGrowthYoY" : 10.88,
    "grossProfitMargin" : 35.73,
    "grossProfit" : 72.12,
    "operatingProfitMargin" : 8.27,
    "operatingProfit" : 16.69,
    "netProfitMargin" : 4.57,
    "netProfit" : 9.22
  }, {
    "date" : "2017-06-30",
    "sales" : 187.13,
    "salesGrowthYoY" : 3.65,
    "grossProfitMargin" : 40.45,
    "grossProfit" : 75.69,
    "operatingProfitMargin" : 7.87,
    "operatingProfit" : 14.73,
    "netProfitMargin" : 4.48,
    "netProfit" : 8.38
  }, {
    "date" : "2017-09-30",
    "sales" : 240.78,
    "salesGrowthYoY" : 21.38,
    "grossProfitMargin" : 39.30,
    "grossProfit" : 94.63,
    "operatingProfitMargin" : 13.10,
    "operatingProfit" : 31.54,
    "netProfitMargin" : 11.99,
    "netProfit" : 28.87
  }, {
    "date" : "2017-12-31",
    "sales" : 249.65,
    "salesGrowthYoY" : 30.23,
    "grossProfitMargin" : 38.98,
    "grossProfit" : 97.31,
    "operatingProfitMargin" : 12.51,
    "operatingProfit" : 31.23,
    "netProfitMargin" : 6.54,
    "netProfit" : 16.33
  }, {
    "date" : "2018-03-31",
    "sales" : 255.43,
    "salesGrowthYoY" : 26.54,
    "grossProfitMargin" : 39.04,
    "grossProfit" : 99.72,
    "operatingProfitMargin" : 11.20,
    "operatingProfit" : 28.61,
    "netProfitMargin" : 6.46,
    "netProfit" : 16.50
  }, {
    "date" : "2018-06-30",
    "sales" : 557.68,
    "salesGrowthYoY" : 198.02,
    "grossProfitMargin" : 37.33,
    "grossProfit" : 208.18,
    "operatingProfitMargin" : 10.46,
    "operatingProfit" : 58.33,
    "netProfitMargin" : 5.09,
    "netProfit" : 28.39
  }, {
    "date" : "2018-09-30",
    "sales" : 620.93,
    "salesGrowthYoY" : 157.88,
    "grossProfitMargin" : 38.46,
    "grossProfit" : 238.81,
    "operatingProfitMargin" : 13.09,
    "operatingProfit" : 81.28,
    "netProfitMargin" : 8.54,
    "netProfit" : 53.03
  }, {
    "date" : "2018-12-31",
    "sales" : 586.63,
    "salesGrowthYoY" : 134.98,
    "grossProfitMargin" : 37.28,
    "grossProfit" : 218.70,
    "operatingProfitMargin" : 10.39,
    "operatingProfit" : 60.95,
    "netProfitMargin" : 5.94,
    "netProfit" : 34.85
  }, {
    "date" : "2019-03-31",
    "sales" : 605.60,
    "salesGrowthYoY" : 137.09,
    "grossProfitMargin" : 38.77,
    "grossProfit" : 234.79,
    "operatingProfitMargin" : 12.90,
    "operatingProfit" : 78.12,
    "netProfitMargin" : 6.78,
    "netProfit" : 41.06
  }, {
    "date" : "2019-06-30",
    "sales" : 562.84,
    "salesGrowthYoY" : 0.93,
    "grossProfitMargin" : 38.62,
    "grossProfit" : 217.37,
    "operatingProfitMargin" : 11.39,
    "operatingProfit" : 64.11,
    "netProfitMargin" : 5.02,
    "netProfit" : 28.25
  }, {
    "date" : "2019-09-30",
    "sales" : 528.91,
    "salesGrowthYoY" : -14.82,
    "grossProfitMargin" : 38.47,
    "grossProfit" : 203.47,
    "operatingProfitMargin" : 11.97,
    "operatingProfit" : 63.31,
    "netProfitMargin" : 7.53,
    "netProfit" : 39.83
  }, {
    "date" : "2019-12-31",
    "sales" : 526.40,
    "salesGrowthYoY" : -10.27,
    "grossProfitMargin" : 40.68,
    "grossProfit" : 214.14,
    "operatingProfitMargin" : 13.08,
    "operatingProfit" : 68.85,
    "netProfitMargin" : 7.96,
    "netProfit" : 41.90
  }, {
    "date" : "2020-03-31",
    "sales" : 512.35,
    "salesGrowthYoY" : -15.40,
    "grossProfitMargin" : 40.45,
    "grossProfit" : 207.25,
    "operatingProfitMargin" : 8.37,
    "operatingProfit" : 42.88,
    "netProfitMargin" : 1.20,
    "netProfit" : 6.15
  }, {
    "date" : "2020-06-30",
    "sales" : 169.11,
    "salesGrowthYoY" : -69.95,
    "grossProfitMargin" : 37.27,
    "grossProfit" : 63.03,
    "operatingProfitMargin" : -11.72,
    "operatingProfit" : -19.82,
    "netProfitMargin" : -16.98,
    "netProfit" : -28.71
  }, {
    "date" : "2020-09-30",
    "sales" : 635.67,
    "salesGrowthYoY" : 20.18,
    "grossProfitMargin" : 36.15,
    "grossProfit" : 229.79,
    "operatingProfitMargin" : 10.11,
    "operatingProfit" : 64.27,
    "netProfitMargin" : 4.23,
    "netProfit" : 26.89
  }, {
    "date" : "2020-12-31",
    "sales" : 716.42,
    "salesGrowthYoY" : 36.10,
    "grossProfitMargin" : 36.97,
    "grossProfit" : 264.86,
    "operatingProfitMargin" : 10.86,
    "operatingProfit" : 77.80,
    "netProfitMargin" : 5.52,
    "netProfit" : 39.55
  }, {
    "date" : "2021-03-31",
    "sales" : 767.55,
    "salesGrowthYoY" : 49.81,
    "grossProfitMargin" : 36.48,
    "grossProfit" : 280.00,
    "operatingProfitMargin" : 11.26,
    "operatingProfit" : 86.43,
    "netProfitMargin" : 5.98,
    "netProfit" : 45.90
  }, {
    "date" : "2021-06-30",
    "sales" : 529.93,
    "salesGrowthYoY" : 213.36,
    "grossProfitMargin" : 36.98,
    "grossProfit" : 195.97,
    "operatingProfitMargin" : 5.03,
    "operatingProfit" : 26.66,
    "netProfitMargin" : 0.28,
    "netProfit" : 1.48
  }, {
    "date" : "2021-09-30",
    "sales" : 704.80,
    "salesGrowthYoY" : 10.88,
    "grossProfitMargin" : 37.78,
    "grossProfit" : 266.27,
    "operatingProfitMargin" : 10.69,
    "operatingProfit" : 75.34,
    "netProfitMargin" : 5.93,
    "netProfit" : 41.79
  }, {
    "date" : "2021-12-31",
    "sales" : 714.16,
    "salesGrowthYoY" : -0.32,
    "grossProfitMargin" : 36.37,
    "grossProfit" : 259.74,
    "operatingProfitMargin" : 10.76,
    "operatingProfit" : 76.84,
    "netProfitMargin" : 4.78,
    "netProfit" : 34.14
  }, {
    "date" : "2022-03-31",
    "sales" : 785.93,
    "salesGrowthYoY" : 2.39,
    "grossProfitMargin" : 36.69,
    "grossProfit" : 288.36,
    "operatingProfitMargin" : 10.95,
    "operatingProfit" : 86.06,
    "netProfitMargin" : 10.54,
    "netProfit" : 82.84
  }, {
    "date" : "2022-06-30",
    "sales" : 829.89,
    "salesGrowthYoY" : 56.60,
    "grossProfitMargin" : 35.62,
    "grossProfit" : 295.61,
    "operatingProfitMargin" : 10.13,
    "operatingProfit" : 84.07,
    "netProfitMargin" : 4.90,
    "netProfit" : 40.66
  }, {
    "date" : "2022-09-30",
    "sales" : 908.35,
    "salesGrowthYoY" : 28.88,
    "grossProfitMargin" : 35.60,
    "grossProfit" : 323.37,
    "operatingProfitMargin" : 10.29,
    "operatingProfit" : 93.47,
    "netProfitMargin" : 5.33,
    "netProfit" : 48.42
  }, {
    "date" : "2022-12-31",
    "sales" : 869.30,
    "salesGrowthYoY" : 21.72,
    "grossProfitMargin" : 36.86,
    "grossProfit" : 320.42,
    "operatingProfitMargin" : 10.33,
    "operatingProfit" : 89.80,
    "netProfitMargin" : 4.69,
    "netProfit" : 40.77
  }, {
    "date" : "2023-03-31",
    "sales" : 884.88,
    "salesGrowthYoY" : 12.59,
    "grossProfitMargin" : 37.80,
    "grossProfit" : 334.48,
    "operatingProfitMargin" : 10.11,
    "operatingProfit" : 89.46,
    "netProfitMargin" : 15.34,
    "netProfit" : 135.74
  }, {
    "date" : "2023-06-30",
    "sales" : 880.45,
    "salesGrowthYoY" : 6.09,
    "grossProfitMargin" : 38.00,
    "grossProfit" : 334.57,
    "operatingProfitMargin" : 10.34,
    "operatingProfit" : 91.04,
    "netProfitMargin" : 3.96,
    "netProfit" : 34.87
  }, {
    "date" : "2023-09-30",
    "sales" : 990.44,
    "salesGrowthYoY" : 9.04,
    "grossProfitMargin" : 38.01,
    "grossProfit" : 376.47,
    "operatingProfitMargin" : 11.22,
    "operatingProfit" : 111.13,
    "netProfitMargin" : 4.82,
    "netProfit" : 47.74
  }, {
    "date" : "2023-12-31",
    "sales" : 969.01,
    "salesGrowthYoY" : 11.47,
    "grossProfitMargin" : 39.24,
    "grossProfit" : 380.24,
    "operatingProfitMargin" : 11.65,
    "operatingProfit" : 112.89,
    "netProfitMargin" : 4.57,
    "netProfit" : 44.28
  }, {
    "date" : "2024-03-31",
    "sales" : 1004.60,
    "salesGrowthYoY" : 13.53,
    "grossProfitMargin" : 39.13,
    "grossProfit" : 393.10,
    "operatingProfitMargin" : 12.13,
    "operatingProfit" : 121.86,
    "netProfitMargin" : 6.13,
    "netProfit" : 61.58
  }, {
    "date" : "2024-06-30",
    "sales" : 966.98,
    "salesGrowthYoY" : 9.83,
    "grossProfitMargin" : 39.12,
    "grossProfit" : 378.28,
    "operatingProfitMargin" : 11.21,
    "operatingProfit" : 108.40,
    "netProfitMargin" : 5.34,
    "netProfit" : 51.64
  }, {
    "date" : "2024-09-30",
    "sales" : 1057.60,
    "salesGrowthYoY" : 6.78,
    "grossProfitMargin" : 38.83,
    "grossProfit" : 410.67,
    "operatingProfitMargin" : 11.69,
    "operatingProfit" : 123.63,
    "netProfitMargin" : 5.93,
    "netProfit" : 62.72
  }, {
    "date" : "2024-12-31",
    "sales" : 1036.59,
    "salesGrowthYoY" : 6.97,
    "grossProfitMargin" : 39.94,
    "grossProfit" : 414.01,
    "operatingProfitMargin" : 11.83,
    "operatingProfit" : 122.63,
    "netProfitMargin" : 5.58,
    "netProfit" : 57.84
  }, {
    "date" : "2025-03-31",
    "sales" : 1083.16,
    "salesGrowthYoY" : 7.82,
    "grossProfitMargin" : 39.40,
    "grossProfit" : 426.77,
    "operatingProfitMargin" : 11.30,
    "operatingProfit" : 122.40,
    "netProfitMargin" : 3.12,
    "netProfit" : 33.79
  }, {
    "date" : "2025-06-30",
    "sales" : 1134.55,
    "salesGrowthYoY" : 17.33,
    "grossProfitMargin" : 38.86,
    "grossProfit" : 440.89,
    "operatingProfitMargin" : 10.93,
    "operatingProfit" : 124.01,
    "netProfitMargin" : 3.69,
    "netProfit" : 41.86
  }, {
    "date" : "2025-09-30",
    "sales" : 1248.71,
    "salesGrowthYoY" : 18.07,
    "grossProfitMargin" : 38.70,
    "grossProfit" : 483.25,
    "operatingProfitMargin" : 11.01,
    "operatingProfit" : 137.48,
    "netProfitMargin" : 3.76,
    "netProfit" : 46.95
  }, {
    "date" : "2025-12-31",
    "sales" : 1263.36,
    "salesGrowthYoY" : 21.88,
    "grossProfitMargin" : 38.61,
    "grossProfit" : 487.78,
    "operatingProfitMargin" : 11.69,
    "operatingProfit" : 147.69,
    "netProfitMargin" : 6.46,
    "netProfit" : 81.61
  } ],
  "latestQuarterlyResult" : {
    "date" : "2025-12-31",
    "sales" : 1263.36,
    "salesGrowthYoY" : 21.88,
    "grossProfitMargin" : 38.61,
    "grossProfit" : 487.78,
    "operatingProfitMargin" : 11.69,
    "operatingProfit" : 147.69,
    "netProfitMargin" : 6.46,
    "netProfit" : 81.61
  },
  "companyScore" : {
    "priceHigherThanDma50" : 5.00,
    "priceHigherThanDma100" : 5.00,
    "priceHigherThanDma200" : 5.00,
    "dma50HigherThanDma100" : 0.00,
    "dma50HigherThanDma200" : 5.00,
    "dma100HigherThanDma200" : 5.00,
    "pricePercentageAboveDma50" : 4.86,
    "pricePercentageAboveDma100" : 4.90,
    "pricePercentageAboveDma200" : 4.67,
    "weeklyVolumeHigherThanYearlyVolume" : 0.00,
    "salesGrowthPercentile" : 13.75,
    "operatingProfitMarginPercentile" : 16.47,
    "netProfitMarginPercentile" : 7.74,
    "totalTechnicalScore" : 39.43,
    "totalFundamentalScore" : 37.96,
    "totalScore" : 77.39
  }
}