{
  "metadata" : {
    "screenerCompanyId" : "1176414",
    "companyCode" : "MONTECARLO",
    "companyName" : "Monte Carlo Fas.",
    "screenerCompanyLink" : "https://www.screener.in/company/MONTECARLO/",
    "screenerTechnicalHistoryLink" : "https://www.screener.in/api/company/1176414/chart/?q=Price-DMA50-DMA200-Volume&days=365",
    "screenerQuarterlyResultsLink" : "https://www.screener.in/api/company/1176414/chart/?q=GPM-OPM-NPM-Quarter+Sales&days=10000",
    "attributes" : {
      "companyCode" : "MONTECARLO",
      "companyName" : "Monte Carlo Fas.",
      "marketCap" : 1351.00,
      "peRatio" : 15.90,
      "description" : "Incorporated in 2008, Monte Carlo Fashions Ltd, manufacturer and designer of woollen/ cotton ready-made apparel and trading of ready-made apparels[1]"
    },
    "companyScore" : {
      "priceHigherThanDma50" : 0.00,
      "priceHigherThanDma100" : 0.00,
      "priceHigherThanDma200" : 0.00,
      "dma50HigherThanDma100" : 5.00,
      "dma50HigherThanDma200" : 5.00,
      "dma100HigherThanDma200" : 5.00,
      "pricePercentageAboveDma50" : 5.37,
      "pricePercentageAboveDma100" : 5.21,
      "pricePercentageAboveDma200" : 5.15,
      "weeklyVolumeHigherThanYearlyVolume" : 5.00,
      "salesGrowthPercentile" : 13.64,
      "operatingProfitMarginPercentile" : 18.15,
      "netProfitMarginPercentile" : 9.04,
      "totalTechnicalScore" : 35.73,
      "totalFundamentalScore" : 40.83,
      "totalScore" : 76.56
    }
  },
  "attributes" : {
    "companyCode" : "MONTECARLO",
    "companyName" : "Monte Carlo Fas.",
    "marketCap" : 1351.00,
    "peRatio" : 15.90,
    "description" : "Incorporated in 2008, Monte Carlo Fashions Ltd, manufacturer and designer of woollen/ cotton ready-made apparel and trading of ready-made apparels[1]"
  },
  "technicalHistory" : [ {
    "date" : "2025-01-06",
    "price" : 735.95,
    "dma50" : 832.08,
    "dma100" : null,
    "dma200" : 762.40,
    "volume" : 51261.00
  }, {
    "date" : "2025-01-07",
    "price" : 765.50,
    "dma50" : 829.46,
    "dma100" : null,
    "dma200" : 762.43,
    "volume" : 38046.00
  }, {
    "date" : "2025-01-08",
    "price" : 749.80,
    "dma50" : 826.34,
    "dma100" : null,
    "dma200" : 762.30,
    "volume" : 21060.00
  }, {
    "date" : "2025-01-09",
    "price" : 719.15,
    "dma50" : 822.14,
    "dma100" : null,
    "dma200" : 761.88,
    "volume" : 32046.00
  }, {
    "date" : "2025-01-10",
    "price" : 693.50,
    "dma50" : 817.09,
    "dma100" : null,
    "dma200" : 761.19,
    "volume" : 38568.00
  }, {
    "date" : "2025-01-13",
    "price" : 654.95,
    "dma50" : 810.73,
    "dma100" : null,
    "dma200" : 760.14,
    "volume" : 33452.00
  }, {
    "date" : "2025-01-14",
    "price" : 674.80,
    "dma50" : 805.40,
    "dma100" : null,
    "dma200" : 759.29,
    "volume" : 28422.00
  }, {
    "date" : "2025-01-15",
    "price" : 668.65,
    "dma50" : 800.04,
    "dma100" : null,
    "dma200" : 758.39,
    "volume" : 21273.00
  }, {
    "date" : "2025-01-16",
    "price" : 674.95,
    "dma50" : 795.13,
    "dma100" : null,
    "dma200" : 757.56,
    "volume" : 11113.00
  }, {
    "date" : "2025-01-17",
    "price" : 666.85,
    "dma50" : 790.10,
    "dma100" : null,
    "dma200" : 756.65,
    "volume" : 31729.00
  }, {
    "date" : "2025-01-20",
    "price" : 664.55,
    "dma50" : 785.18,
    "dma100" : null,
    "dma200" : 755.74,
    "volume" : 20963.00
  }, {
    "date" : "2025-01-21",
    "price" : 668.25,
    "dma50" : 780.59,
    "dma100" : null,
    "dma200" : 754.87,
    "volume" : 28278.00
  }, {
    "date" : "2025-01-22",
    "price" : 661.50,
    "dma50" : 775.92,
    "dma100" : null,
    "dma200" : 753.94,
    "volume" : 21451.00
  }, {
    "date" : "2025-01-23",
    "price" : 664.05,
    "dma50" : 771.54,
    "dma100" : null,
    "dma200" : 753.04,
    "volume" : 12092.00
  }, {
    "date" : "2025-01-24",
    "price" : 672.95,
    "dma50" : 767.67,
    "dma100" : null,
    "dma200" : 752.25,
    "volume" : 69201.00
  }, {
    "date" : "2025-01-27",
    "price" : 645.85,
    "dma50" : 762.89,
    "dma100" : null,
    "dma200" : 751.19,
    "volume" : 31730.00
  }, {
    "date" : "2025-01-28",
    "price" : 663.10,
    "dma50" : 758.98,
    "dma100" : null,
    "dma200" : 750.31,
    "volume" : 30474.00
  }, {
    "date" : "2025-01-29",
    "price" : 671.40,
    "dma50" : 755.55,
    "dma100" : null,
    "dma200" : 749.53,
    "volume" : 7869.00
  }, {
    "date" : "2025-01-30",
    "price" : 679.95,
    "dma50" : 752.58,
    "dma100" : null,
    "dma200" : 748.83,
    "volume" : 21645.00
  }, {
    "date" : "2025-01-31",
    "price" : 687.80,
    "dma50" : 750.04,
    "dma100" : null,
    "dma200" : 748.23,
    "volume" : 8073.00
  }, {
    "date" : "2025-02-01",
    "price" : 690.15,
    "dma50" : 747.69,
    "dma100" : null,
    "dma200" : 747.65,
    "volume" : 14826.00
  }, {
    "date" : "2025-02-03",
    "price" : 687.90,
    "dma50" : 745.35,
    "dma100" : null,
    "dma200" : 747.05,
    "volume" : 10002.00
  }, {
    "date" : "2025-02-04",
    "price" : 683.90,
    "dma50" : 742.94,
    "dma100" : null,
    "dma200" : 746.43,
    "volume" : 17484.00
  }, {
    "date" : "2025-02-05",
    "price" : 709.65,
    "dma50" : 741.63,
    "dma100" : null,
    "dma200" : 746.06,
    "volume" : 45308.00
  }, {
    "date" : "2025-02-06",
    "price" : 712.35,
    "dma50" : 740.48,
    "dma100" : null,
    "dma200" : 745.72,
    "volume" : 6644.00
  }, {
    "date" : "2025-02-07",
    "price" : 693.60,
    "dma50" : 738.65,
    "dma100" : null,
    "dma200" : 745.21,
    "volume" : 9000.00
  }, {
    "date" : "2025-02-10",
    "price" : 675.00,
    "dma50" : 736.15,
    "dma100" : null,
    "dma200" : 744.51,
    "volume" : 9561.00
  }, {
    "date" : "2025-02-11",
    "price" : 672.30,
    "dma50" : 733.65,
    "dma100" : null,
    "dma200" : 743.79,
    "volume" : 61322.00
  }, {
    "date" : "2025-02-12",
    "price" : 663.55,
    "dma50" : 730.90,
    "dma100" : null,
    "dma200" : 742.99,
    "volume" : 60700.00
  }, {
    "date" : "2025-02-13",
    "price" : 644.65,
    "dma50" : 727.51,
    "dma100" : null,
    "dma200" : 742.01,
    "volume" : 32410.00
  }, {
    "date" : "2025-02-14",
    "price" : 624.05,
    "dma50" : 723.46,
    "dma100" : null,
    "dma200" : 740.84,
    "volume" : 20689.00
  }, {
    "date" : "2025-02-17",
    "price" : 609.70,
    "dma50" : 719.00,
    "dma100" : null,
    "dma200" : 739.53,
    "volume" : 26576.00
  }, {
    "date" : "2025-02-18",
    "price" : 605.75,
    "dma50" : 714.55,
    "dma100" : null,
    "dma200" : 738.20,
    "volume" : 16411.00
  }, {
    "date" : "2025-02-19",
    "price" : 636.80,
    "dma50" : 711.51,
    "dma100" : null,
    "dma200" : 737.19,
    "volume" : 33436.00
  }, {
    "date" : "2025-02-20",
    "price" : 635.70,
    "dma50" : 708.53,
    "dma100" : null,
    "dma200" : 736.18,
    "volume" : 10930.00
  }, {
    "date" : "2025-02-21",
    "price" : 621.05,
    "dma50" : 705.10,
    "dma100" : null,
    "dma200" : 735.04,
    "volume" : 16213.00
  }, {
    "date" : "2025-02-24",
    "price" : 613.40,
    "dma50" : 701.51,
    "dma100" : null,
    "dma200" : 733.83,
    "volume" : 13644.00
  }, {
    "date" : "2025-02-25",
    "price" : 600.85,
    "dma50" : 697.56,
    "dma100" : null,
    "dma200" : 732.50,
    "volume" : 15468.00
  }, {
    "date" : "2025-02-27",
    "price" : 571.85,
    "dma50" : 692.63,
    "dma100" : null,
    "dma200" : 730.91,
    "volume" : 39066.00
  }, {
    "date" : "2025-02-28",
    "price" : 559.75,
    "dma50" : 687.42,
    "dma100" : null,
    "dma200" : 729.20,
    "volume" : 22297.00
  }, {
    "date" : "2025-03-03",
    "price" : 538.50,
    "dma50" : 681.58,
    "dma100" : null,
    "dma200" : 727.31,
    "volume" : 36489.00
  }, {
    "date" : "2025-03-04",
    "price" : 537.95,
    "dma50" : 675.95,
    "dma100" : null,
    "dma200" : 725.42,
    "volume" : 24378.00
  }, {
    "date" : "2025-03-05",
    "price" : 565.40,
    "dma50" : 671.61,
    "dma100" : null,
    "dma200" : 723.83,
    "volume" : 17361.00
  }, {
    "date" : "2025-03-06",
    "price" : 596.95,
    "dma50" : 668.68,
    "dma100" : null,
    "dma200" : 722.57,
    "volume" : 25408.00
  }, {
    "date" : "2025-03-07",
    "price" : 594.25,
    "dma50" : 665.76,
    "dma100" : null,
    "dma200" : 721.29,
    "volume" : 62306.00
  }, {
    "date" : "2025-03-10",
    "price" : 577.15,
    "dma50" : 662.29,
    "dma100" : null,
    "dma200" : 719.86,
    "volume" : 24962.00
  }, {
    "date" : "2025-03-11",
    "price" : 565.70,
    "dma50" : 658.50,
    "dma100" : null,
    "dma200" : 718.32,
    "volume" : 40394.00
  }, {
    "date" : "2025-03-12",
    "price" : 551.65,
    "dma50" : 654.31,
    "dma100" : null,
    "dma200" : 716.66,
    "volume" : 14234.00
  }, {
    "date" : "2025-03-13",
    "price" : 556.45,
    "dma50" : 650.47,
    "dma100" : null,
    "dma200" : 715.07,
    "volume" : 25353.00
  }, {
    "date" : "2025-03-17",
    "price" : 546.30,
    "dma50" : 646.39,
    "dma100" : null,
    "dma200" : 713.39,
    "volume" : 41389.00
  }, {
    "date" : "2025-03-18",
    "price" : 540.00,
    "dma50" : 642.22,
    "dma100" : null,
    "dma200" : 711.66,
    "volume" : 81663.00
  }, {
    "date" : "2025-03-19",
    "price" : 555.60,
    "dma50" : 638.82,
    "dma100" : null,
    "dma200" : 710.11,
    "volume" : 46330.00
  }, {
    "date" : "2025-03-20",
    "price" : 558.65,
    "dma50" : 635.68,
    "dma100" : null,
    "dma200" : 708.60,
    "volume" : 27748.00
  }, {
    "date" : "2025-03-21",
    "price" : 542.45,
    "dma50" : 632.02,
    "dma100" : null,
    "dma200" : 706.95,
    "volume" : 106371.00
  }, {
    "date" : "2025-03-24",
    "price" : 572.15,
    "dma50" : 629.67,
    "dma100" : null,
    "dma200" : 705.61,
    "volume" : 112489.00
  }, {
    "date" : "2025-03-25",
    "price" : 553.50,
    "dma50" : 626.68,
    "dma100" : null,
    "dma200" : 704.10,
    "volume" : 64010.00
  }, {
    "date" : "2025-03-26",
    "price" : 541.40,
    "dma50" : 623.34,
    "dma100" : null,
    "dma200" : 702.48,
    "volume" : 53823.00
  }, {
    "date" : "2025-03-27",
    "price" : 530.65,
    "dma50" : 619.70,
    "dma100" : null,
    "dma200" : 700.77,
    "volume" : 69805.00
  }, {
    "date" : "2025-03-28",
    "price" : 525.25,
    "dma50" : 616.00,
    "dma100" : null,
    "dma200" : 699.02,
    "volume" : 47211.00
  }, {
    "date" : "2025-04-01",
    "price" : 537.20,
    "dma50" : 612.91,
    "dma100" : null,
    "dma200" : 697.41,
    "volume" : 18598.00
  }, {
    "date" : "2025-04-02",
    "price" : 550.35,
    "dma50" : 610.46,
    "dma100" : null,
    "dma200" : 695.95,
    "volume" : 41844.00
  }, {
    "date" : "2025-04-03",
    "price" : 570.40,
    "dma50" : 608.89,
    "dma100" : null,
    "dma200" : 694.70,
    "volume" : 100892.00
  }, {
    "date" : "2025-04-04",
    "price" : 557.15,
    "dma50" : 606.86,
    "dma100" : null,
    "dma200" : 693.33,
    "volume" : 24545.00
  }, {
    "date" : "2025-04-07",
    "price" : 524.75,
    "dma50" : 603.64,
    "dma100" : null,
    "dma200" : 691.65,
    "volume" : 36828.00
  }, {
    "date" : "2025-04-08",
    "price" : 546.20,
    "dma50" : 601.39,
    "dma100" : null,
    "dma200" : 690.21,
    "volume" : 25339.00
  }, {
    "date" : "2025-04-09",
    "price" : 555.40,
    "dma50" : 599.58,
    "dma100" : null,
    "dma200" : 688.86,
    "volume" : 28082.00
  }, {
    "date" : "2025-04-11",
    "price" : 567.50,
    "dma50" : 598.32,
    "dma100" : null,
    "dma200" : 687.66,
    "volume" : 30231.00
  }, {
    "date" : "2025-04-15",
    "price" : 577.55,
    "dma50" : 597.51,
    "dma100" : null,
    "dma200" : 686.56,
    "volume" : 20719.00
  }, {
    "date" : "2025-04-16",
    "price" : 583.00,
    "dma50" : 596.94,
    "dma100" : null,
    "dma200" : 685.53,
    "volume" : 30366.00
  }, {
    "date" : "2025-04-17",
    "price" : 576.60,
    "dma50" : 596.14,
    "dma100" : null,
    "dma200" : 684.45,
    "volume" : 17496.00
  }, {
    "date" : "2025-04-21",
    "price" : 586.20,
    "dma50" : 595.75,
    "dma100" : null,
    "dma200" : 683.47,
    "volume" : 16319.00
  }, {
    "date" : "2025-04-22",
    "price" : 585.10,
    "dma50" : 595.33,
    "dma100" : null,
    "dma200" : 682.49,
    "volume" : 14130.00
  }, {
    "date" : "2025-04-23",
    "price" : 612.85,
    "dma50" : 596.02,
    "dma100" : null,
    "dma200" : 681.80,
    "volume" : 47264.00
  }, {
    "date" : "2025-04-24",
    "price" : 603.90,
    "dma50" : 596.33,
    "dma100" : null,
    "dma200" : 681.02,
    "volume" : 15394.00
  }, {
    "date" : "2025-04-25",
    "price" : 598.90,
    "dma50" : 596.43,
    "dma100" : null,
    "dma200" : 680.20,
    "volume" : 31370.00
  }, {
    "date" : "2025-04-28",
    "price" : 584.40,
    "dma50" : 595.96,
    "dma100" : null,
    "dma200" : 679.25,
    "volume" : 26191.00
  }, {
    "date" : "2025-04-29",
    "price" : 583.15,
    "dma50" : 595.46,
    "dma100" : null,
    "dma200" : 678.30,
    "volume" : 9005.00
  }, {
    "date" : "2025-04-30",
    "price" : 572.90,
    "dma50" : 594.57,
    "dma100" : null,
    "dma200" : 677.25,
    "volume" : 19137.00
  }, {
    "date" : "2025-05-02",
    "price" : 569.25,
    "dma50" : 593.58,
    "dma100" : null,
    "dma200" : 676.17,
    "volume" : 12270.00
  }, {
    "date" : "2025-05-05",
    "price" : 573.00,
    "dma50" : 592.77,
    "dma100" : null,
    "dma200" : 675.15,
    "volume" : 13715.00
  }, {
    "date" : "2025-05-06",
    "price" : 555.75,
    "dma50" : 591.32,
    "dma100" : null,
    "dma200" : 673.96,
    "volume" : 16429.00
  }, {
    "date" : "2025-05-07",
    "price" : 555.95,
    "dma50" : 589.93,
    "dma100" : null,
    "dma200" : 672.78,
    "volume" : 39014.00
  }, {
    "date" : "2025-05-08",
    "price" : 550.45,
    "dma50" : 588.39,
    "dma100" : null,
    "dma200" : 671.57,
    "volume" : 38126.00
  }, {
    "date" : "2025-05-09",
    "price" : 542.60,
    "dma50" : 586.59,
    "dma100" : null,
    "dma200" : 670.28,
    "volume" : 27805.00
  }, {
    "date" : "2025-05-12",
    "price" : 568.30,
    "dma50" : 585.87,
    "dma100" : null,
    "dma200" : 669.27,
    "volume" : 23973.00
  }, {
    "date" : "2025-05-13",
    "price" : 568.35,
    "dma50" : 585.19,
    "dma100" : null,
    "dma200" : 668.26,
    "volume" : 32554.00
  }, {
    "date" : "2025-05-14",
    "price" : 570.00,
    "dma50" : 584.59,
    "dma100" : null,
    "dma200" : 667.29,
    "volume" : 31919.00
  }, {
    "date" : "2025-05-15",
    "price" : 592.60,
    "dma50" : 584.90,
    "dma100" : null,
    "dma200" : 666.54,
    "volume" : 32627.00
  }, {
    "date" : "2025-05-16",
    "price" : 591.95,
    "dma50" : 585.18,
    "dma100" : null,
    "dma200" : 665.80,
    "volume" : 33018.00
  }, {
    "date" : "2025-05-19",
    "price" : 623.55,
    "dma50" : 586.68,
    "dma100" : null,
    "dma200" : 665.38,
    "volume" : 55693.00
  }, {
    "date" : "2025-05-20",
    "price" : 611.00,
    "dma50" : 587.64,
    "dma100" : null,
    "dma200" : 664.84,
    "volume" : 26454.00
  }, {
    "date" : "2025-05-21",
    "price" : 616.00,
    "dma50" : 588.75,
    "dma100" : null,
    "dma200" : 664.35,
    "volume" : 13484.00
  }, {
    "date" : "2025-05-22",
    "price" : 607.75,
    "dma50" : 589.50,
    "dma100" : null,
    "dma200" : 663.79,
    "volume" : 20099.00
  }, {
    "date" : "2025-05-23",
    "price" : 605.25,
    "dma50" : 590.11,
    "dma100" : null,
    "dma200" : 663.21,
    "volume" : 44081.00
  }, {
    "date" : "2025-05-26",
    "price" : 610.60,
    "dma50" : 590.92,
    "dma100" : null,
    "dma200" : 662.68,
    "volume" : 28187.00
  }, {
    "date" : "2025-05-27",
    "price" : 593.05,
    "dma50" : 591.00,
    "dma100" : null,
    "dma200" : 661.99,
    "volume" : 147742.00
  }, {
    "date" : "2025-05-28",
    "price" : 606.15,
    "dma50" : 591.59,
    "dma100" : null,
    "dma200" : 661.44,
    "volume" : 52613.00
  }, {
    "date" : "2025-05-29",
    "price" : 606.65,
    "dma50" : 592.19,
    "dma100" : null,
    "dma200" : 660.89,
    "volume" : 21674.00
  }, {
    "date" : "2025-05-30",
    "price" : 599.15,
    "dma50" : 592.46,
    "dma100" : null,
    "dma200" : 660.28,
    "volume" : 25777.00
  }, {
    "date" : "2025-06-02",
    "price" : 602.70,
    "dma50" : 592.86,
    "dma100" : null,
    "dma200" : 659.70,
    "volume" : 26198.00
  }, {
    "date" : "2025-06-03",
    "price" : 603.40,
    "dma50" : 593.27,
    "dma100" : 608.06,
    "dma200" : 659.14,
    "volume" : 25954.00
  }, {
    "date" : "2025-06-04",
    "price" : 609.00,
    "dma50" : 593.89,
    "dma100" : 606.50,
    "dma200" : 658.64,
    "volume" : 18637.00
  }, {
    "date" : "2025-06-05",
    "price" : 615.90,
    "dma50" : 594.75,
    "dma100" : 605.16,
    "dma200" : 658.22,
    "volume" : 31354.00
  }, {
    "date" : "2025-06-06",
    "price" : 610.55,
    "dma50" : 595.37,
    "dma100" : 604.07,
    "dma200" : 657.74,
    "volume" : 18128.00
  }, {
    "date" : "2025-06-09",
    "price" : 620.05,
    "dma50" : 596.34,
    "dma100" : 603.34,
    "dma200" : 657.37,
    "volume" : 21138.00
  }, {
    "date" : "2025-06-10",
    "price" : 621.85,
    "dma50" : 597.34,
    "dma100" : 603.01,
    "dma200" : 657.02,
    "volume" : 25742.00
  }, {
    "date" : "2025-06-11",
    "price" : 622.25,
    "dma50" : 598.32,
    "dma100" : 602.48,
    "dma200" : 656.67,
    "volume" : 27842.00
  }, {
    "date" : "2025-06-12",
    "price" : 615.85,
    "dma50" : 599.01,
    "dma100" : 601.96,
    "dma200" : 656.26,
    "volume" : 31835.00
  }, {
    "date" : "2025-06-13",
    "price" : 612.30,
    "dma50" : 599.53,
    "dma100" : 601.33,
    "dma200" : 655.83,
    "volume" : 13106.00
  }, {
    "date" : "2025-06-16",
    "price" : 608.50,
    "dma50" : 599.88,
    "dma100" : 600.75,
    "dma200" : 655.36,
    "volume" : 32576.00
  }, {
    "date" : "2025-06-17",
    "price" : 596.50,
    "dma50" : 599.75,
    "dma100" : 600.06,
    "dma200" : 654.77,
    "volume" : 26379.00
  }, {
    "date" : "2025-06-18",
    "price" : 592.70,
    "dma50" : 599.47,
    "dma100" : 599.31,
    "dma200" : 654.15,
    "volume" : 13173.00
  }, {
    "date" : "2025-06-19",
    "price" : 582.35,
    "dma50" : 598.80,
    "dma100" : 598.52,
    "dma200" : 653.44,
    "volume" : 12593.00
  }, {
    "date" : "2025-06-20",
    "price" : 596.10,
    "dma50" : 598.69,
    "dma100" : 597.84,
    "dma200" : 652.87,
    "volume" : 31819.00
  }, {
    "date" : "2025-06-23",
    "price" : 589.60,
    "dma50" : 598.34,
    "dma100" : 597.00,
    "dma200" : 652.24,
    "volume" : 16944.00
  }, {
    "date" : "2025-06-24",
    "price" : 602.10,
    "dma50" : 598.48,
    "dma100" : 596.57,
    "dma200" : 651.74,
    "volume" : 22159.00
  }, {
    "date" : "2025-06-25",
    "price" : 609.90,
    "dma50" : 598.93,
    "dma100" : 596.04,
    "dma200" : 651.32,
    "volume" : 22289.00
  }, {
    "date" : "2025-06-26",
    "price" : 611.15,
    "dma50" : 599.41,
    "dma100" : 595.43,
    "dma200" : 650.92,
    "volume" : 34417.00
  }, {
    "date" : "2025-06-27",
    "price" : 605.70,
    "dma50" : 599.66,
    "dma100" : 594.69,
    "dma200" : 650.47,
    "volume" : 30032.00
  }, {
    "date" : "2025-06-30",
    "price" : 610.00,
    "dma50" : 600.06,
    "dma100" : 593.91,
    "dma200" : 650.07,
    "volume" : 22582.00
  }, {
    "date" : "2025-07-01",
    "price" : 610.30,
    "dma50" : 600.46,
    "dma100" : 593.11,
    "dma200" : 649.67,
    "volume" : 21864.00
  }, {
    "date" : "2025-07-02",
    "price" : 609.40,
    "dma50" : 600.81,
    "dma100" : 592.33,
    "dma200" : 649.27,
    "volume" : 10481.00
  }, {
    "date" : "2025-07-03",
    "price" : 610.15,
    "dma50" : 601.18,
    "dma100" : 591.59,
    "dma200" : 648.88,
    "volume" : 28135.00
  }, {
    "date" : "2025-07-04",
    "price" : 607.00,
    "dma50" : 601.41,
    "dma100" : 590.56,
    "dma200" : 648.47,
    "volume" : 21992.00
  }, {
    "date" : "2025-07-07",
    "price" : 605.10,
    "dma50" : 601.55,
    "dma100" : 589.49,
    "dma200" : 648.04,
    "volume" : 13374.00
  }, {
    "date" : "2025-07-08",
    "price" : 607.85,
    "dma50" : 601.80,
    "dma100" : 588.63,
    "dma200" : 647.64,
    "volume" : 207342.00
  }, {
    "date" : "2025-07-09",
    "price" : 618.70,
    "dma50" : 602.46,
    "dma100" : 588.07,
    "dma200" : 647.35,
    "volume" : 62150.00
  }, {
    "date" : "2025-07-10",
    "price" : 613.95,
    "dma50" : 602.91,
    "dma100" : 587.49,
    "dma200" : 647.02,
    "volume" : 27575.00
  }, {
    "date" : "2025-07-11",
    "price" : 607.65,
    "dma50" : 603.10,
    "dma100" : 586.93,
    "dma200" : 646.62,
    "volume" : 22110.00
  }, {
    "date" : "2025-07-14",
    "price" : 593.95,
    "dma50" : 602.74,
    "dma100" : 586.42,
    "dma200" : 646.10,
    "volume" : 66750.00
  }, {
    "date" : "2025-07-15",
    "price" : 596.00,
    "dma50" : 602.48,
    "dma100" : 586.14,
    "dma200" : 645.60,
    "volume" : 57531.00
  }, {
    "date" : "2025-07-16",
    "price" : 604.85,
    "dma50" : 602.57,
    "dma100" : 586.09,
    "dma200" : 645.20,
    "volume" : 20366.00
  }, {
    "date" : "2025-07-17",
    "price" : 603.05,
    "dma50" : 602.59,
    "dma100" : 586.07,
    "dma200" : 644.78,
    "volume" : 28508.00
  }, {
    "date" : "2025-07-18",
    "price" : 602.00,
    "dma50" : 602.57,
    "dma100" : 585.72,
    "dma200" : 644.35,
    "volume" : 13228.00
  }, {
    "date" : "2025-07-21",
    "price" : 604.50,
    "dma50" : 602.64,
    "dma100" : 585.41,
    "dma200" : 643.95,
    "volume" : 14617.00
  }, {
    "date" : "2025-07-22",
    "price" : 604.25,
    "dma50" : 602.70,
    "dma100" : 585.24,
    "dma200" : 643.56,
    "volume" : 12639.00
  }, {
    "date" : "2025-07-23",
    "price" : 602.35,
    "dma50" : 602.69,
    "dma100" : 585.13,
    "dma200" : 643.15,
    "volume" : 17433.00
  }, {
    "date" : "2025-07-24",
    "price" : 607.30,
    "dma50" : 602.87,
    "dma100" : 585.19,
    "dma200" : 642.79,
    "volume" : 22122.00
  }, {
    "date" : "2025-07-25",
    "price" : 595.50,
    "dma50" : 602.58,
    "dma100" : 585.43,
    "dma200" : 642.32,
    "volume" : 20355.00
  }, {
    "date" : "2025-07-28",
    "price" : 584.70,
    "dma50" : 601.88,
    "dma100" : 585.68,
    "dma200" : 641.75,
    "volume" : 15882.00
  }, {
    "date" : "2025-07-29",
    "price" : 589.30,
    "dma50" : 601.39,
    "dma100" : 586.19,
    "dma200" : 641.23,
    "volume" : 17808.00
  }, {
    "date" : "2025-07-30",
    "price" : 582.35,
    "dma50" : 600.64,
    "dma100" : 586.63,
    "dma200" : 640.64,
    "volume" : 28458.00
  }, {
    "date" : "2025-07-31",
    "price" : 581.45,
    "dma50" : 599.89,
    "dma100" : 586.79,
    "dma200" : 640.05,
    "volume" : 13826.00
  }, {
    "date" : "2025-08-01",
    "price" : 580.55,
    "dma50" : 599.13,
    "dma100" : 586.63,
    "dma200" : 639.46,
    "volume" : 18078.00
  }, {
    "date" : "2025-08-04",
    "price" : 580.70,
    "dma50" : 598.41,
    "dma100" : 586.49,
    "dma200" : 638.88,
    "volume" : 13514.00
  }, {
    "date" : "2025-08-05",
    "price" : 577.30,
    "dma50" : 597.58,
    "dma100" : 586.49,
    "dma200" : 638.26,
    "volume" : 10596.00
  }, {
    "date" : "2025-08-06",
    "price" : 569.65,
    "dma50" : 596.48,
    "dma100" : 586.53,
    "dma200" : 637.58,
    "volume" : 19922.00
  }, {
    "date" : "2025-08-07",
    "price" : 555.55,
    "dma50" : 594.88,
    "dma100" : 586.57,
    "dma200" : 636.76,
    "volume" : 65774.00
  }, {
    "date" : "2025-08-08",
    "price" : 548.15,
    "dma50" : 593.05,
    "dma100" : 586.49,
    "dma200" : 635.88,
    "volume" : 46100.00
  }, {
    "date" : "2025-08-11",
    "price" : 551.00,
    "dma50" : 591.40,
    "dma100" : 586.53,
    "dma200" : 635.04,
    "volume" : 24290.00
  }, {
    "date" : "2025-08-12",
    "price" : 549.45,
    "dma50" : 589.75,
    "dma100" : 586.63,
    "dma200" : 634.19,
    "volume" : 14761.00
  }, {
    "date" : "2025-08-13",
    "price" : 545.70,
    "dma50" : 588.02,
    "dma100" : 586.53,
    "dma200" : 633.31,
    "volume" : 62559.00
  }, {
    "date" : "2025-08-14",
    "price" : 545.60,
    "dma50" : 586.36,
    "dma100" : 586.40,
    "dma200" : 632.43,
    "volume" : 50073.00
  }, {
    "date" : "2025-08-18",
    "price" : 570.15,
    "dma50" : 585.73,
    "dma100" : 586.68,
    "dma200" : 631.81,
    "volume" : 24185.00
  }, {
    "date" : "2025-08-19",
    "price" : 594.60,
    "dma50" : 586.07,
    "dma100" : 586.90,
    "dma200" : 631.44,
    "volume" : 42299.00
  }, {
    "date" : "2025-08-20",
    "price" : 588.15,
    "dma50" : 586.15,
    "dma100" : 587.25,
    "dma200" : 631.01,
    "volume" : 45357.00
  }, {
    "date" : "2025-08-21",
    "price" : 585.05,
    "dma50" : 586.11,
    "dma100" : 587.68,
    "dma200" : 630.55,
    "volume" : 13766.00
  }, {
    "date" : "2025-08-22",
    "price" : 585.30,
    "dma50" : 586.08,
    "dma100" : 588.23,
    "dma200" : 630.10,
    "volume" : 12539.00
  }, {
    "date" : "2025-08-25",
    "price" : 580.35,
    "dma50" : 585.86,
    "dma100" : 588.78,
    "dma200" : 629.61,
    "volume" : 19892.00
  }, {
    "date" : "2025-08-26",
    "price" : 569.75,
    "dma50" : 585.22,
    "dma100" : 589.11,
    "dma200" : 629.01,
    "volume" : 17486.00
  }, {
    "date" : "2025-08-28",
    "price" : 572.35,
    "dma50" : 584.72,
    "dma100" : 589.33,
    "dma200" : 628.45,
    "volume" : 17233.00
  }, {
    "date" : "2025-08-29",
    "price" : 572.55,
    "dma50" : 584.24,
    "dma100" : 589.35,
    "dma200" : 627.89,
    "volume" : 16945.00
  }, {
    "date" : "2025-09-01",
    "price" : 576.10,
    "dma50" : 583.92,
    "dma100" : 589.54,
    "dma200" : 627.38,
    "volume" : 12946.00
  }, {
    "date" : "2025-09-02",
    "price" : 576.15,
    "dma50" : 583.62,
    "dma100" : 590.05,
    "dma200" : 626.87,
    "volume" : 11666.00
  }, {
    "date" : "2025-09-03",
    "price" : 600.65,
    "dma50" : 584.29,
    "dma100" : 590.60,
    "dma200" : 626.61,
    "volume" : 35384.00
  }, {
    "date" : "2025-09-04",
    "price" : 598.75,
    "dma50" : 584.85,
    "dma100" : 591.03,
    "dma200" : 626.33,
    "volume" : 26294.00
  }, {
    "date" : "2025-09-05",
    "price" : 600.60,
    "dma50" : 585.47,
    "dma100" : 591.36,
    "dma200" : 626.07,
    "volume" : 19341.00
  }, {
    "date" : "2025-09-08",
    "price" : 614.60,
    "dma50" : 586.61,
    "dma100" : 591.73,
    "dma200" : 625.96,
    "volume" : 31786.00
  }, {
    "date" : "2025-09-09",
    "price" : 616.65,
    "dma50" : 587.79,
    "dma100" : 592.07,
    "dma200" : 625.87,
    "volume" : 35920.00
  }, {
    "date" : "2025-09-10",
    "price" : 618.60,
    "dma50" : 589.00,
    "dma100" : 592.49,
    "dma200" : 625.80,
    "volume" : 26506.00
  }, {
    "date" : "2025-09-11",
    "price" : 619.50,
    "dma50" : 590.19,
    "dma100" : 592.82,
    "dma200" : 625.73,
    "volume" : 30832.00
  }, {
    "date" : "2025-09-12",
    "price" : 622.65,
    "dma50" : 591.47,
    "dma100" : 593.20,
    "dma200" : 625.70,
    "volume" : 40571.00
  }, {
    "date" : "2025-09-15",
    "price" : 637.00,
    "dma50" : 593.25,
    "dma100" : 593.44,
    "dma200" : 625.81,
    "volume" : 91781.00
  }, {
    "date" : "2025-09-16",
    "price" : 648.60,
    "dma50" : 595.42,
    "dma100" : 593.89,
    "dma200" : 626.04,
    "volume" : 78349.00
  }, {
    "date" : "2025-09-17",
    "price" : 661.50,
    "dma50" : 598.01,
    "dma100" : 594.51,
    "dma200" : 626.39,
    "volume" : 98703.00
  }, {
    "date" : "2025-09-18",
    "price" : 665.20,
    "dma50" : 600.65,
    "dma100" : 595.32,
    "dma200" : 626.78,
    "volume" : 83114.00
  }, {
    "date" : "2025-09-19",
    "price" : 670.75,
    "dma50" : 603.40,
    "dma100" : 596.20,
    "dma200" : 627.22,
    "volume" : 124954.00
  }, {
    "date" : "2025-09-22",
    "price" : 644.85,
    "dma50" : 605.02,
    "dma100" : 596.91,
    "dma200" : 627.39,
    "volume" : 87503.00
  }, {
    "date" : "2025-09-23",
    "price" : 687.30,
    "dma50" : 608.25,
    "dma100" : 598.10,
    "dma200" : 627.99,
    "volume" : 719297.00
  }, {
    "date" : "2025-09-24",
    "price" : 686.55,
    "dma50" : 611.32,
    "dma100" : 599.23,
    "dma200" : 628.57,
    "volume" : 91060.00
  }, {
    "date" : "2025-09-25",
    "price" : 684.10,
    "dma50" : 614.18,
    "dma100" : 600.51,
    "dma200" : 629.12,
    "volume" : 39829.00
  }, {
    "date" : "2025-09-26",
    "price" : 666.05,
    "dma50" : 616.21,
    "dma100" : 601.62,
    "dma200" : 629.49,
    "volume" : 42186.00
  }, {
    "date" : "2025-09-29",
    "price" : 670.85,
    "dma50" : 618.35,
    "dma100" : 602.82,
    "dma200" : 629.90,
    "volume" : 39103.00
  }, {
    "date" : "2025-09-30",
    "price" : 685.10,
    "dma50" : 620.97,
    "dma100" : 604.24,
    "dma200" : 630.45,
    "volume" : 39107.00
  }, {
    "date" : "2025-10-01",
    "price" : 690.50,
    "dma50" : 623.70,
    "dma100" : 605.47,
    "dma200" : 631.05,
    "volume" : 38313.00
  }, {
    "date" : "2025-10-03",
    "price" : 688.00,
    "dma50" : 626.22,
    "dma100" : 606.66,
    "dma200" : 631.62,
    "volume" : 16845.00
  }, {
    "date" : "2025-10-06",
    "price" : 670.55,
    "dma50" : 627.96,
    "dma100" : 607.67,
    "dma200" : 632.00,
    "volume" : 29323.00
  }, {
    "date" : "2025-10-07",
    "price" : 659.45,
    "dma50" : 629.19,
    "dma100" : 608.34,
    "dma200" : 632.28,
    "volume" : 30694.00
  }, {
    "date" : "2025-10-08",
    "price" : 668.85,
    "dma50" : 630.75,
    "dma100" : 609.11,
    "dma200" : 632.64,
    "volume" : 15479.00
  }, {
    "date" : "2025-10-09",
    "price" : 670.40,
    "dma50" : 632.30,
    "dma100" : 609.57,
    "dma200" : 633.02,
    "volume" : 68263.00
  }, {
    "date" : "2025-10-10",
    "price" : 665.30,
    "dma50" : 633.60,
    "dma100" : 610.12,
    "dma200" : 633.34,
    "volume" : 165424.00
  }, {
    "date" : "2025-10-13",
    "price" : 669.30,
    "dma50" : 635.00,
    "dma100" : 610.65,
    "dma200" : 633.70,
    "volume" : 85920.00
  }, {
    "date" : "2025-10-14",
    "price" : 654.95,
    "dma50" : 635.78,
    "dma100" : 611.12,
    "dma200" : 633.91,
    "volume" : 74259.00
  }, {
    "date" : "2025-10-15",
    "price" : 678.75,
    "dma50" : 637.46,
    "dma100" : 611.86,
    "dma200" : 634.35,
    "volume" : 39088.00
  }, {
    "date" : "2025-10-16",
    "price" : 698.70,
    "dma50" : 639.87,
    "dma100" : 612.74,
    "dma200" : 634.99,
    "volume" : 149818.00
  }, {
    "date" : "2025-10-17",
    "price" : 696.20,
    "dma50" : 642.07,
    "dma100" : 613.77,
    "dma200" : 635.60,
    "volume" : 35030.00
  }, {
    "date" : "2025-10-20",
    "price" : 700.10,
    "dma50" : 644.35,
    "dma100" : 614.71,
    "dma200" : 636.24,
    "volume" : 26398.00
  }, {
    "date" : "2025-10-21",
    "price" : 702.40,
    "dma50" : 646.63,
    "dma100" : 615.67,
    "dma200" : 636.90,
    "volume" : 5404.00
  }, {
    "date" : "2025-10-23",
    "price" : 703.90,
    "dma50" : 648.87,
    "dma100" : 616.71,
    "dma200" : 637.57,
    "volume" : 29369.00
  }, {
    "date" : "2025-10-24",
    "price" : 695.25,
    "dma50" : 650.69,
    "dma100" : 617.64,
    "dma200" : 638.14,
    "volume" : 22765.00
  }, {
    "date" : "2025-10-27",
    "price" : 695.65,
    "dma50" : 652.45,
    "dma100" : 618.56,
    "dma200" : 638.72,
    "volume" : 17168.00
  }, {
    "date" : "2025-10-28",
    "price" : 699.50,
    "dma50" : 654.30,
    "dma100" : 619.47,
    "dma200" : 639.32,
    "volume" : 12218.00
  }, {
    "date" : "2025-10-29",
    "price" : 701.95,
    "dma50" : 656.17,
    "dma100" : 620.33,
    "dma200" : 639.94,
    "volume" : 17925.00
  }, {
    "date" : "2025-10-30",
    "price" : 704.05,
    "dma50" : 658.05,
    "dma100" : 621.26,
    "dma200" : 640.58,
    "volume" : 51812.00
  }, {
    "date" : "2025-10-31",
    "price" : 701.00,
    "dma50" : 659.73,
    "dma100" : 622.07,
    "dma200" : 641.18,
    "volume" : 23808.00
  }, {
    "date" : "2025-11-03",
    "price" : 731.00,
    "dma50" : 662.52,
    "dma100" : 623.16,
    "dma200" : 642.08,
    "volume" : 110604.00
  }, {
    "date" : "2025-11-04",
    "price" : 724.90,
    "dma50" : 664.97,
    "dma100" : 624.19,
    "dma200" : 642.90,
    "volume" : 32498.00
  }, {
    "date" : "2025-11-06",
    "price" : 714.25,
    "dma50" : 666.90,
    "dma100" : 625.17,
    "dma200" : 643.61,
    "volume" : 36370.00
  }, {
    "date" : "2025-11-07",
    "price" : 709.50,
    "dma50" : 668.57,
    "dma100" : 626.15,
    "dma200" : 644.27,
    "volume" : 47783.00
  }, {
    "date" : "2025-11-10",
    "price" : 705.60,
    "dma50" : 670.03,
    "dma100" : 627.12,
    "dma200" : 644.88,
    "volume" : 11612.00
  }, {
    "date" : "2025-11-11",
    "price" : 696.45,
    "dma50" : 671.06,
    "dma100" : 628.12,
    "dma200" : 645.39,
    "volume" : 29475.00
  }, {
    "date" : "2025-11-12",
    "price" : 771.15,
    "dma50" : 674.99,
    "dma100" : 629.90,
    "dma200" : 646.64,
    "volume" : 759659.00
  }, {
    "date" : "2025-11-13",
    "price" : 768.95,
    "dma50" : 678.67,
    "dma100" : 631.77,
    "dma200" : 647.86,
    "volume" : 224311.00
  }, {
    "date" : "2025-11-14",
    "price" : 773.60,
    "dma50" : 682.39,
    "dma100" : 633.54,
    "dma200" : 649.11,
    "volume" : 55632.00
  }, {
    "date" : "2025-11-17",
    "price" : 798.70,
    "dma50" : 686.96,
    "dma100" : 635.63,
    "dma200" : 650.60,
    "volume" : 96408.00
  }, {
    "date" : "2025-11-18",
    "price" : 821.25,
    "dma50" : 692.22,
    "dma100" : 637.82,
    "dma200" : 652.30,
    "volume" : 111654.00
  }, {
    "date" : "2025-11-19",
    "price" : 814.40,
    "dma50" : 697.01,
    "dma100" : 639.87,
    "dma200" : 653.91,
    "volume" : 46829.00
  }, {
    "date" : "2025-11-20",
    "price" : 834.85,
    "dma50" : 702.42,
    "dma100" : 642.11,
    "dma200" : 655.71,
    "volume" : 137897.00
  }, {
    "date" : "2025-11-21",
    "price" : 823.80,
    "dma50" : 707.18,
    "dma100" : 644.29,
    "dma200" : 657.38,
    "volume" : 47887.00
  }, {
    "date" : "2025-11-24",
    "price" : 803.15,
    "dma50" : 710.94,
    "dma100" : 646.22,
    "dma200" : 658.83,
    "volume" : 91111.00
  }, {
    "date" : "2025-11-25",
    "price" : 789.05,
    "dma50" : 714.01,
    "dma100" : 648.01,
    "dma200" : 660.13,
    "volume" : 26185.00
  }, {
    "date" : "2025-11-26",
    "price" : 794.70,
    "dma50" : 717.17,
    "dma100" : 649.86,
    "dma200" : 661.47,
    "volume" : 24808.00
  }, {
    "date" : "2025-11-27",
    "price" : 786.45,
    "dma50" : 719.89,
    "dma100" : 651.62,
    "dma200" : 662.71,
    "volume" : 27301.00
  }, {
    "date" : "2025-11-28",
    "price" : 768.80,
    "dma50" : 721.81,
    "dma100" : 653.24,
    "dma200" : 663.77,
    "volume" : 48930.00
  }, {
    "date" : "2025-12-01",
    "price" : 757.30,
    "dma50" : 723.20,
    "dma100" : 654.76,
    "dma200" : 664.70,
    "volume" : 48528.00
  }, {
    "date" : "2025-12-02",
    "price" : 740.00,
    "dma50" : 723.86,
    "dma100" : 656.08,
    "dma200" : 665.45,
    "volume" : 51892.00
  }, {
    "date" : "2025-12-03",
    "price" : 732.35,
    "dma50" : 724.19,
    "dma100" : 657.22,
    "dma200" : 666.11,
    "volume" : 34657.00
  }, {
    "date" : "2025-12-04",
    "price" : 716.75,
    "dma50" : 723.90,
    "dma100" : 658.25,
    "dma200" : 666.62,
    "volume" : 28384.00
  }, {
    "date" : "2025-12-05",
    "price" : 702.20,
    "dma50" : 723.05,
    "dma100" : 659.19,
    "dma200" : 666.97,
    "volume" : 32586.00
  }, {
    "date" : "2025-12-08",
    "price" : 685.65,
    "dma50" : 721.58,
    "dma100" : 660.11,
    "dma200" : 667.16,
    "volume" : 25248.00
  }, {
    "date" : "2025-12-09",
    "price" : 698.50,
    "dma50" : 720.67,
    "dma100" : 661.14,
    "dma200" : 667.47,
    "volume" : 33789.00
  }, {
    "date" : "2025-12-10",
    "price" : 700.50,
    "dma50" : 719.88,
    "dma100" : 662.09,
    "dma200" : 667.80,
    "volume" : 20324.00
  }, {
    "date" : "2025-12-11",
    "price" : 706.85,
    "dma50" : 719.37,
    "dma100" : 663.13,
    "dma200" : 668.18,
    "volume" : 15615.00
  }, {
    "date" : "2025-12-12",
    "price" : 708.65,
    "dma50" : 718.95,
    "dma100" : 664.20,
    "dma200" : 668.59,
    "volume" : 18464.00
  }, {
    "date" : "2025-12-15",
    "price" : 732.65,
    "dma50" : 719.49,
    "dma100" : 665.48,
    "dma200" : 669.22,
    "volume" : 41759.00
  }, {
    "date" : "2025-12-16",
    "price" : 719.10,
    "dma50" : 719.47,
    "dma100" : 666.63,
    "dma200" : 669.72,
    "volume" : 13547.00
  }, {
    "date" : "2025-12-17",
    "price" : 701.60,
    "dma50" : 718.77,
    "dma100" : 667.62,
    "dma200" : 670.04,
    "volume" : 23001.00
  }, {
    "date" : "2025-12-18",
    "price" : 702.10,
    "dma50" : 718.12,
    "dma100" : 668.57,
    "dma200" : 670.36,
    "volume" : 17620.00
  }, {
    "date" : "2025-12-19",
    "price" : 707.10,
    "dma50" : 717.69,
    "dma100" : 669.68,
    "dma200" : 670.72,
    "volume" : 15672.00
  }, {
    "date" : "2025-12-22",
    "price" : 727.95,
    "dma50" : 718.09,
    "dma100" : 671.12,
    "dma200" : 671.29,
    "volume" : 38701.00
  }, {
    "date" : "2025-12-23",
    "price" : 724.85,
    "dma50" : 718.35,
    "dma100" : 672.47,
    "dma200" : 671.83,
    "volume" : 26517.00
  }, {
    "date" : "2025-12-24",
    "price" : 702.05,
    "dma50" : 717.72,
    "dma100" : 673.67,
    "dma200" : 672.13,
    "volume" : 190872.00
  }, {
    "date" : "2025-12-26",
    "price" : 698.00,
    "dma50" : 716.94,
    "dma100" : 674.83,
    "dma200" : 672.38,
    "volume" : 29677.00
  }, {
    "date" : "2025-12-29",
    "price" : 686.15,
    "dma50" : 715.73,
    "dma100" : 675.89,
    "dma200" : 672.52,
    "volume" : 29470.00
  }, {
    "date" : "2025-12-30",
    "price" : 668.75,
    "dma50" : 713.89,
    "dma100" : 676.77,
    "dma200" : 672.48,
    "volume" : 34213.00
  }, {
    "date" : "2025-12-31",
    "price" : 639.60,
    "dma50" : 710.98,
    "dma100" : 677.39,
    "dma200" : 672.16,
    "volume" : 156419.00
  }, {
    "date" : "2026-01-01",
    "price" : 636.45,
    "dma50" : 708.06,
    "dma100" : 678.06,
    "dma200" : 671.80,
    "volume" : 36027.00
  }, {
    "date" : "2026-01-02",
    "price" : 643.15,
    "dma50" : 705.51,
    "dma100" : 678.94,
    "dma200" : 671.52,
    "volume" : 26735.00
  }, {
    "date" : "2026-01-05",
    "price" : 651.25,
    "dma50" : 703.38,
    "dma100" : 679.97,
    "dma200" : 671.31,
    "volume" : 60393.00
  } ],
  "latestTechnicalAttributes" : {
    "date" : "2026-01-05",
    "price" : 651.25,
    "dma50" : 703.38,
    "dma100" : 679.97,
    "dma200" : 671.31,
    "volume" : 60393.00
  },
  "quarterlyResults" : [ {
    "date" : "2013-12-31",
    "sales" : 266.87,
    "salesGrowthYoY" : null,
    "grossProfitMargin" : 40.00,
    "grossProfit" : 106.75,
    "operatingProfitMargin" : 19.93,
    "operatingProfit" : 53.19,
    "netProfitMargin" : 12.34,
    "netProfit" : 32.93
  }, {
    "date" : "2014-03-31",
    "sales" : 74.64,
    "salesGrowthYoY" : null,
    "grossProfitMargin" : 48.89,
    "grossProfit" : 36.49,
    "operatingProfitMargin" : 7.01,
    "operatingProfit" : 5.23,
    "netProfitMargin" : 3.19,
    "netProfit" : 2.38
  }, {
    "date" : "2014-06-30",
    "sales" : 73.21,
    "salesGrowthYoY" : null,
    "grossProfitMargin" : 69.50,
    "grossProfit" : 50.88,
    "operatingProfitMargin" : 24.45,
    "operatingProfit" : 17.90,
    "netProfitMargin" : 11.53,
    "netProfit" : 8.44
  }, {
    "date" : "2014-09-30",
    "sales" : 125.69,
    "salesGrowthYoY" : null,
    "grossProfitMargin" : 48.08,
    "grossProfit" : 60.43,
    "operatingProfitMargin" : 14.61,
    "operatingProfit" : 18.36,
    "netProfitMargin" : 6.19,
    "netProfit" : 7.78
  }, {
    "date" : "2014-12-31",
    "sales" : 313.09,
    "salesGrowthYoY" : 17.32,
    "grossProfitMargin" : 40.10,
    "grossProfit" : 125.55,
    "operatingProfitMargin" : 23.00,
    "operatingProfit" : 72.01,
    "netProfitMargin" : 13.03,
    "netProfit" : 40.80
  }, {
    "date" : "2015-03-31",
    "sales" : 70.60,
    "salesGrowthYoY" : -5.41,
    "grossProfitMargin" : 75.74,
    "grossProfit" : 53.47,
    "operatingProfitMargin" : 20.81,
    "operatingProfit" : 14.69,
    "netProfitMargin" : 3.94,
    "netProfit" : 2.78
  }, {
    "date" : "2015-06-30",
    "sales" : 68.87,
    "salesGrowthYoY" : -5.93,
    "grossProfitMargin" : 72.54,
    "grossProfit" : 49.96,
    "operatingProfitMargin" : 13.94,
    "operatingProfit" : 9.60,
    "netProfitMargin" : 2.15,
    "netProfit" : 1.48
  }, {
    "date" : "2015-09-30",
    "sales" : 136.62,
    "salesGrowthYoY" : 8.70,
    "grossProfitMargin" : 52.61,
    "grossProfit" : 71.88,
    "operatingProfitMargin" : 19.50,
    "operatingProfit" : 26.64,
    "netProfitMargin" : 9.98,
    "netProfit" : 13.63
  }, {
    "date" : "2015-12-31",
    "sales" : 351.46,
    "salesGrowthYoY" : 12.26,
    "grossProfitMargin" : 39.14,
    "grossProfit" : 137.56,
    "operatingProfitMargin" : 21.97,
    "operatingProfit" : 77.22,
    "netProfitMargin" : 12.66,
    "netProfit" : 44.49
  }, {
    "date" : "2016-03-31",
    "sales" : 64.57,
    "salesGrowthYoY" : -8.54,
    "grossProfitMargin" : 77.98,
    "grossProfit" : 50.35,
    "operatingProfitMargin" : 12.79,
    "operatingProfit" : 8.26,
    "netProfitMargin" : -1.05,
    "netProfit" : -0.68
  }, {
    "date" : "2016-06-30",
    "sales" : 75.11,
    "salesGrowthYoY" : 9.06,
    "grossProfitMargin" : 71.07,
    "grossProfit" : 53.38,
    "operatingProfitMargin" : 13.13,
    "operatingProfit" : 9.86,
    "netProfitMargin" : 4.31,
    "netProfit" : 3.24
  }, {
    "date" : "2016-09-30",
    "sales" : 123.33,
    "salesGrowthYoY" : -9.73,
    "grossProfitMargin" : 54.63,
    "grossProfit" : 67.38,
    "operatingProfitMargin" : 19.98,
    "operatingProfit" : 24.64,
    "netProfitMargin" : 10.91,
    "netProfit" : 13.46
  }, {
    "date" : "2016-12-31",
    "sales" : 287.82,
    "salesGrowthYoY" : -18.11,
    "grossProfitMargin" : 33.96,
    "grossProfit" : 97.74,
    "operatingProfitMargin" : 18.44,
    "operatingProfit" : 53.07,
    "netProfitMargin" : 12.15,
    "netProfit" : 34.97
  }, {
    "date" : "2017-03-31",
    "sales" : 92.20,
    "salesGrowthYoY" : 42.79,
    "grossProfitMargin" : 34.70,
    "grossProfit" : 31.99,
    "operatingProfitMargin" : -10.87,
    "operatingProfit" : -10.02,
    "netProfitMargin" : -7.89,
    "netProfit" : -7.27
  }, {
    "date" : "2017-06-30",
    "sales" : 63.34,
    "salesGrowthYoY" : -15.67,
    "grossProfitMargin" : 70.68,
    "grossProfit" : 44.77,
    "operatingProfitMargin" : 13.37,
    "operatingProfit" : 8.47,
    "netProfitMargin" : 8.30,
    "netProfit" : 5.26
  }, {
    "date" : "2017-09-30",
    "sales" : 108.30,
    "salesGrowthYoY" : -12.19,
    "grossProfitMargin" : 61.26,
    "grossProfit" : 66.34,
    "operatingProfitMargin" : 23.87,
    "operatingProfit" : 25.85,
    "netProfitMargin" : 14.37,
    "netProfit" : 15.56
  }, {
    "date" : "2017-12-31",
    "sales" : 324.13,
    "salesGrowthYoY" : 12.62,
    "grossProfitMargin" : 46.27,
    "grossProfit" : 149.97,
    "operatingProfitMargin" : 31.45,
    "operatingProfit" : 101.94,
    "netProfitMargin" : 19.18,
    "netProfit" : 62.17
  }, {
    "date" : "2018-03-31",
    "sales" : 83.65,
    "salesGrowthYoY" : -9.27,
    "grossProfitMargin" : 38.67,
    "grossProfit" : 32.35,
    "operatingProfitMargin" : -15.92,
    "operatingProfit" : -13.32,
    "netProfitMargin" : -10.38,
    "netProfit" : -8.68
  }, {
    "date" : "2018-06-30",
    "sales" : 59.24,
    "salesGrowthYoY" : -6.47,
    "grossProfitMargin" : 67.76,
    "grossProfit" : 40.14,
    "operatingProfitMargin" : -5.44,
    "operatingProfit" : -3.22,
    "netProfitMargin" : -6.48,
    "netProfit" : -3.84
  }, {
    "date" : "2018-09-30",
    "sales" : 125.80,
    "salesGrowthYoY" : 16.16,
    "grossProfitMargin" : 53.28,
    "grossProfit" : 67.03,
    "operatingProfitMargin" : 11.47,
    "operatingProfit" : 14.43,
    "netProfitMargin" : 5.43,
    "netProfit" : 6.83
  }, {
    "date" : "2018-12-31",
    "sales" : 375.56,
    "salesGrowthYoY" : 15.87,
    "grossProfitMargin" : 46.51,
    "grossProfit" : 174.67,
    "operatingProfitMargin" : 31.25,
    "operatingProfit" : 117.36,
    "netProfitMargin" : 20.09,
    "netProfit" : 75.45
  }, {
    "date" : "2019-03-31",
    "sales" : 95.78,
    "salesGrowthYoY" : 14.50,
    "grossProfitMargin" : 31.48,
    "grossProfit" : 30.15,
    "operatingProfitMargin" : -31.56,
    "operatingProfit" : -30.23,
    "netProfitMargin" : -19.68,
    "netProfit" : -18.85
  }, {
    "date" : "2019-06-30",
    "sales" : 59.92,
    "salesGrowthYoY" : 1.15,
    "grossProfitMargin" : 67.49,
    "grossProfit" : 40.44,
    "operatingProfitMargin" : -3.96,
    "operatingProfit" : -2.37,
    "netProfitMargin" : -10.25,
    "netProfit" : -6.14
  }, {
    "date" : "2019-09-30",
    "sales" : 152.82,
    "salesGrowthYoY" : 21.48,
    "grossProfitMargin" : 52.87,
    "grossProfit" : 80.80,
    "operatingProfitMargin" : 13.23,
    "operatingProfit" : 20.22,
    "netProfitMargin" : 4.44,
    "netProfit" : 6.79
  }, {
    "date" : "2019-12-31",
    "sales" : 403.40,
    "salesGrowthYoY" : 7.41,
    "grossProfitMargin" : 42.35,
    "grossProfit" : 170.84,
    "operatingProfitMargin" : 26.40,
    "operatingProfit" : 106.50,
    "netProfitMargin" : 17.91,
    "netProfit" : 72.25
  }, {
    "date" : "2020-03-31",
    "sales" : 109.47,
    "salesGrowthYoY" : 14.29,
    "grossProfitMargin" : 46.05,
    "grossProfit" : 50.41,
    "operatingProfitMargin" : 0.06,
    "operatingProfit" : 0.07,
    "netProfitMargin" : -9.34,
    "netProfit" : -10.22
  }, {
    "date" : "2020-06-30",
    "sales" : 11.18,
    "salesGrowthYoY" : -81.34,
    "grossProfitMargin" : 93.74,
    "grossProfit" : 10.48,
    "operatingProfitMargin" : -128.18,
    "operatingProfit" : -14.33,
    "netProfitMargin" : -121.02,
    "netProfit" : -13.53
  }, {
    "date" : "2020-09-30",
    "sales" : 98.25,
    "salesGrowthYoY" : -35.71,
    "grossProfitMargin" : 60.42,
    "grossProfit" : 59.36,
    "operatingProfitMargin" : 15.25,
    "operatingProfit" : 14.98,
    "netProfitMargin" : 4.51,
    "netProfit" : 4.43
  }, {
    "date" : "2020-12-31",
    "sales" : 403.82,
    "salesGrowthYoY" : 0.10,
    "grossProfitMargin" : 41.82,
    "grossProfit" : 168.88,
    "operatingProfitMargin" : 28.78,
    "operatingProfit" : 116.22,
    "netProfitMargin" : 19.65,
    "netProfit" : 79.35
  }, {
    "date" : "2021-03-31",
    "sales" : 108.76,
    "salesGrowthYoY" : -0.65,
    "grossProfitMargin" : 48.07,
    "grossProfit" : 52.28,
    "operatingProfitMargin" : -1.18,
    "operatingProfit" : -1.28,
    "netProfitMargin" : -3.64,
    "netProfit" : -3.96
  }, {
    "date" : "2021-06-30",
    "sales" : 41.70,
    "salesGrowthYoY" : 272.99,
    "grossProfitMargin" : 84.65,
    "grossProfit" : 35.30,
    "operatingProfitMargin" : -20.74,
    "operatingProfit" : -8.65,
    "netProfitMargin" : -24.41,
    "netProfit" : -10.18
  }, {
    "date" : "2021-09-30",
    "sales" : 238.29,
    "salesGrowthYoY" : 142.53,
    "grossProfitMargin" : 50.82,
    "grossProfit" : 121.10,
    "operatingProfitMargin" : 22.11,
    "operatingProfit" : 52.69,
    "netProfitMargin" : 14.23,
    "netProfit" : 33.91
  }, {
    "date" : "2021-12-31",
    "sales" : 461.87,
    "salesGrowthYoY" : 14.38,
    "grossProfitMargin" : 42.02,
    "grossProfit" : 194.08,
    "operatingProfitMargin" : 24.61,
    "operatingProfit" : 113.67,
    "netProfitMargin" : 16.77,
    "netProfit" : 77.46
  }, {
    "date" : "2022-03-31",
    "sales" : 162.46,
    "salesGrowthYoY" : 49.37,
    "grossProfitMargin" : 51.30,
    "grossProfit" : 83.34,
    "operatingProfitMargin" : 13.92,
    "operatingProfit" : 22.61,
    "netProfitMargin" : 7.91,
    "netProfit" : 12.85
  }, {
    "date" : "2022-06-30",
    "sales" : 112.87,
    "salesGrowthYoY" : 170.67,
    "grossProfitMargin" : 53.51,
    "grossProfit" : 60.40,
    "operatingProfitMargin" : 3.89,
    "operatingProfit" : 4.39,
    "netProfitMargin" : -3.47,
    "netProfit" : -3.92
  }, {
    "date" : "2022-09-30",
    "sales" : 248.58,
    "salesGrowthYoY" : 4.32,
    "grossProfitMargin" : 54.64,
    "grossProfit" : 135.82,
    "operatingProfitMargin" : 20.42,
    "operatingProfit" : 50.76,
    "netProfitMargin" : 12.20,
    "netProfit" : 30.33
  }, {
    "date" : "2022-12-31",
    "sales" : 519.54,
    "salesGrowthYoY" : 12.49,
    "grossProfitMargin" : 43.23,
    "grossProfit" : 224.60,
    "operatingProfitMargin" : 25.05,
    "operatingProfit" : 130.14,
    "netProfitMargin" : 16.61,
    "netProfit" : 86.30
  }, {
    "date" : "2023-03-31",
    "sales" : 236.72,
    "salesGrowthYoY" : 45.71,
    "grossProfitMargin" : 48.28,
    "grossProfit" : 114.29,
    "operatingProfitMargin" : 13.75,
    "operatingProfit" : 32.55,
    "netProfitMargin" : 8.46,
    "netProfit" : 20.03
  }, {
    "date" : "2023-06-30",
    "sales" : 138.77,
    "salesGrowthYoY" : 22.95,
    "grossProfitMargin" : 40.71,
    "grossProfit" : 56.49,
    "operatingProfitMargin" : -3.00,
    "operatingProfit" : -4.16,
    "netProfitMargin" : -8.35,
    "netProfit" : -11.59
  }, {
    "date" : "2023-09-30",
    "sales" : 212.43,
    "salesGrowthYoY" : -14.54,
    "grossProfitMargin" : 48.93,
    "grossProfit" : 103.94,
    "operatingProfitMargin" : 16.09,
    "operatingProfit" : 34.18,
    "netProfitMargin" : 6.29,
    "netProfit" : 13.36
  }, {
    "date" : "2023-12-31",
    "sales" : 504.19,
    "salesGrowthYoY" : -2.95,
    "grossProfitMargin" : 43.11,
    "grossProfit" : 217.36,
    "operatingProfitMargin" : 24.35,
    "operatingProfit" : 122.77,
    "netProfitMargin" : 15.51,
    "netProfit" : 78.20
  }, {
    "date" : "2024-03-31",
    "sales" : 206.52,
    "salesGrowthYoY" : -12.76,
    "grossProfitMargin" : 35.85,
    "grossProfit" : 74.04,
    "operatingProfitMargin" : -4.77,
    "operatingProfit" : -9.85,
    "netProfitMargin" : -9.18,
    "netProfit" : -18.96
  }, {
    "date" : "2024-06-30",
    "sales" : 126.00,
    "salesGrowthYoY" : -9.20,
    "grossProfitMargin" : 52.44,
    "grossProfit" : 66.07,
    "operatingProfitMargin" : -1.90,
    "operatingProfit" : -2.39,
    "netProfitMargin" : -10.53,
    "netProfit" : -13.27
  }, {
    "date" : "2024-09-30",
    "sales" : 219.70,
    "salesGrowthYoY" : 3.42,
    "grossProfitMargin" : 51.76,
    "grossProfit" : 113.72,
    "operatingProfitMargin" : 12.91,
    "operatingProfit" : 28.36,
    "netProfitMargin" : 3.65,
    "netProfit" : 8.02
  }, {
    "date" : "2024-12-31",
    "sales" : 548.78,
    "salesGrowthYoY" : 8.84,
    "grossProfitMargin" : 46.81,
    "grossProfit" : 256.88,
    "operatingProfitMargin" : 27.99,
    "operatingProfit" : 153.60,
    "netProfitMargin" : 17.37,
    "netProfit" : 95.32
  }, {
    "date" : "2025-03-31",
    "sales" : 205.93,
    "salesGrowthYoY" : -0.29,
    "grossProfitMargin" : 44.05,
    "grossProfit" : 90.71,
    "operatingProfitMargin" : 2.89,
    "operatingProfit" : 5.95,
    "netProfitMargin" : -4.99,
    "netProfit" : -10.28
  }, {
    "date" : "2025-06-30",
    "sales" : 138.53,
    "salesGrowthYoY" : 9.94,
    "grossProfitMargin" : 53.80,
    "grossProfit" : 74.53,
    "operatingProfitMargin" : -4.24,
    "operatingProfit" : -5.87,
    "netProfitMargin" : -11.78,
    "netProfit" : -16.32
  }, {
    "date" : "2025-09-30",
    "sales" : 248.70,
    "salesGrowthYoY" : 13.20,
    "grossProfitMargin" : 54.41,
    "grossProfit" : 135.32,
    "operatingProfitMargin" : 16.70,
    "operatingProfit" : 41.53,
    "netProfitMargin" : 6.50,
    "netProfit" : 16.17
  } ],
  "latestQuarterlyResult" : {
    "date" : "2025-09-30",
    "sales" : 248.70,
    "salesGrowthYoY" : 13.20,
    "grossProfitMargin" : 54.41,
    "grossProfit" : 135.32,
    "operatingProfitMargin" : 16.70,
    "operatingProfit" : 41.53,
    "netProfitMargin" : 6.50,
    "netProfit" : 16.17
  },
  "companyScore" : {
    "priceHigherThanDma50" : 0.00,
    "priceHigherThanDma100" : 0.00,
    "priceHigherThanDma200" : 0.00,
    "dma50HigherThanDma100" : 5.00,
    "dma50HigherThanDma200" : 5.00,
    "dma100HigherThanDma200" : 5.00,
    "pricePercentageAboveDma50" : 5.37,
    "pricePercentageAboveDma100" : 5.21,
    "pricePercentageAboveDma200" : 5.15,
    "weeklyVolumeHigherThanYearlyVolume" : 5.00,
    "salesGrowthPercentile" : 13.64,
    "operatingProfitMarginPercentile" : 18.15,
    "netProfitMarginPercentile" : 9.04,
    "totalTechnicalScore" : 35.73,
    "totalFundamentalScore" : 40.83,
    "totalScore" : 76.56
  }
}