{
  "metadata" : {
    "screenerCompanyId" : "2141",
    "companyCode" : "MRF",
    "companyName" : "MRF",
    "screenerCompanyLink" : "https://www.screener.in/company/MRF/consolidated/",
    "screenerTechnicalHistoryLink" : "https://www.screener.in/api/company/2141/chart/?q=Price-DMA50-DMA200-Volume&days=365",
    "screenerQuarterlyResultsLink" : "https://www.screener.in/api/company/2141/chart/?q=GPM-OPM-NPM-Quarter+Sales&days=10000",
    "attributes" : {
      "companyCode" : "MRF",
      "companyName" : "MRF",
      "marketCap" : 62086.00,
      "peRatio" : 27.10,
      "description" : "Madras Rubber Factory Limited (MRF) is the parent company of the MRF Group. The Co is engaged in the business of manufacturing tyres[1]"
    },
    "companyScore" : {
      "priceHigherThanDma50" : 5.00,
      "priceHigherThanDma100" : 0.00,
      "priceHigherThanDma200" : 5.00,
      "dma50HigherThanDma100" : 0.00,
      "dma50HigherThanDma200" : 5.00,
      "dma100HigherThanDma200" : 5.00,
      "pricePercentageAboveDma50" : 4.99,
      "pricePercentageAboveDma100" : 5.15,
      "pricePercentageAboveDma200" : 4.94,
      "weeklyVolumeHigherThanYearlyVolume" : 0.00,
      "salesGrowthPercentile" : 13.75,
      "operatingProfitMarginPercentile" : 16.19,
      "netProfitMarginPercentile" : 8.45,
      "totalTechnicalScore" : 35.08,
      "totalFundamentalScore" : 38.39,
      "totalScore" : 73.47
    }
  },
  "attributes" : {
    "companyCode" : "MRF",
    "companyName" : "MRF",
    "marketCap" : 62086.00,
    "peRatio" : 27.10,
    "description" : "Madras Rubber Factory Limited (MRF) is the parent company of the MRF Group. The Co is engaged in the business of manufacturing tyres[1]"
  },
  "technicalHistory" : [ {
    "date" : "2025-02-24",
    "price" : 108842.00,
    "dma50" : 115814.43,
    "dma100" : null,
    "dma200" : 123799.17,
    "volume" : 4493.00
  }, {
    "date" : "2025-02-25",
    "price" : 107203.95,
    "dma50" : 115476.76,
    "dma100" : null,
    "dma200" : 123634.05,
    "volume" : 5125.00
  }, {
    "date" : "2025-02-27",
    "price" : 105723.40,
    "dma50" : 115094.28,
    "dma100" : null,
    "dma200" : 123455.83,
    "volume" : 8694.00
  }, {
    "date" : "2025-02-28",
    "price" : 105373.70,
    "dma50" : 114713.08,
    "dma100" : null,
    "dma200" : 123275.91,
    "volume" : 8907.00
  }, {
    "date" : "2025-03-03",
    "price" : 105170.25,
    "dma50" : 114338.85,
    "dma100" : null,
    "dma200" : 123095.75,
    "volume" : 4972.00
  }, {
    "date" : "2025-03-04",
    "price" : 102659.40,
    "dma50" : 113880.83,
    "dma100" : null,
    "dma200" : 122892.41,
    "volume" : 14200.00
  }, {
    "date" : "2025-03-05",
    "price" : 105805.50,
    "dma50" : 113564.15,
    "dma100" : null,
    "dma200" : 122722.39,
    "volume" : 7136.00
  }, {
    "date" : "2025-03-06",
    "price" : 107795.30,
    "dma50" : 113337.92,
    "dma100" : null,
    "dma200" : 122573.86,
    "volume" : 6453.00
  }, {
    "date" : "2025-03-07",
    "price" : 107202.95,
    "dma50" : 113097.34,
    "dma100" : null,
    "dma200" : 122420.91,
    "volume" : 4861.00
  }, {
    "date" : "2025-03-10",
    "price" : 106650.60,
    "dma50" : 112844.52,
    "dma100" : null,
    "dma200" : 122264.00,
    "volume" : 5487.00
  }, {
    "date" : "2025-03-11",
    "price" : 106534.30,
    "dma50" : 112597.06,
    "dma100" : null,
    "dma200" : 122107.48,
    "volume" : 3965.00
  }, {
    "date" : "2025-03-12",
    "price" : 107264.30,
    "dma50" : 112387.94,
    "dma100" : null,
    "dma200" : 121959.79,
    "volume" : 3864.00
  }, {
    "date" : "2025-03-13",
    "price" : 105041.60,
    "dma50" : 112099.84,
    "dma100" : null,
    "dma200" : 121791.45,
    "volume" : 9415.00
  }, {
    "date" : "2025-03-17",
    "price" : 105410.80,
    "dma50" : 111837.53,
    "dma100" : null,
    "dma200" : 121628.46,
    "volume" : 4094.00
  }, {
    "date" : "2025-03-18",
    "price" : 107839.20,
    "dma50" : 111680.73,
    "dma100" : null,
    "dma200" : 121491.25,
    "volume" : 5271.00
  }, {
    "date" : "2025-03-19",
    "price" : 109922.80,
    "dma50" : 111611.79,
    "dma100" : null,
    "dma200" : 121376.14,
    "volume" : 6362.00
  }, {
    "date" : "2025-03-20",
    "price" : 111107.90,
    "dma50" : 111592.03,
    "dma100" : null,
    "dma200" : 121273.97,
    "volume" : 6087.00
  }, {
    "date" : "2025-03-21",
    "price" : 112050.15,
    "dma50" : 111610.00,
    "dma100" : null,
    "dma200" : 121182.19,
    "volume" : 8644.00
  }, {
    "date" : "2025-03-24",
    "price" : 114020.80,
    "dma50" : 111704.54,
    "dma100" : null,
    "dma200" : 121110.93,
    "volume" : 6265.00
  }, {
    "date" : "2025-03-25",
    "price" : 114264.50,
    "dma50" : 111804.93,
    "dma100" : null,
    "dma200" : 121042.81,
    "volume" : 8585.00
  }, {
    "date" : "2025-03-26",
    "price" : 114321.20,
    "dma50" : 111903.61,
    "dma100" : null,
    "dma200" : 120975.93,
    "volume" : 6221.00
  }, {
    "date" : "2025-03-27",
    "price" : 113264.05,
    "dma50" : 111956.96,
    "dma100" : null,
    "dma200" : 120899.19,
    "volume" : 10835.00
  }, {
    "date" : "2025-03-28",
    "price" : 112677.75,
    "dma50" : 111985.22,
    "dma100" : null,
    "dma200" : 120817.39,
    "volume" : 7697.00
  }, {
    "date" : "2025-04-01",
    "price" : 113037.05,
    "dma50" : 112026.47,
    "dma100" : null,
    "dma200" : 120739.97,
    "volume" : 3698.00
  }, {
    "date" : "2025-04-02",
    "price" : 115137.35,
    "dma50" : 112148.47,
    "dma100" : null,
    "dma200" : 120684.22,
    "volume" : 5165.00
  }, {
    "date" : "2025-04-03",
    "price" : 114870.45,
    "dma50" : 112255.21,
    "dma100" : null,
    "dma200" : 120626.37,
    "volume" : 3396.00
  }, {
    "date" : "2025-04-04",
    "price" : 113236.95,
    "dma50" : 112293.71,
    "dma100" : null,
    "dma200" : 120552.85,
    "volume" : 4630.00
  }, {
    "date" : "2025-04-07",
    "price" : 110385.50,
    "dma50" : 112218.88,
    "dma100" : null,
    "dma200" : 120451.68,
    "volume" : 7379.00
  }, {
    "date" : "2025-04-08",
    "price" : 112592.40,
    "dma50" : 112233.53,
    "dma100" : null,
    "dma200" : 120373.48,
    "volume" : 5317.00
  }, {
    "date" : "2025-04-09",
    "price" : 113113.30,
    "dma50" : 112268.03,
    "dma100" : null,
    "dma200" : 120301.24,
    "volume" : 5275.00
  }, {
    "date" : "2025-04-11",
    "price" : 117544.40,
    "dma50" : 112474.95,
    "dma100" : null,
    "dma200" : 120273.81,
    "volume" : 18482.00
  }, {
    "date" : "2025-04-15",
    "price" : 122905.00,
    "dma50" : 112883.97,
    "dma100" : null,
    "dma200" : 120299.99,
    "volume" : 15718.00
  }, {
    "date" : "2025-04-16",
    "price" : 124490.00,
    "dma50" : 113339.11,
    "dma100" : null,
    "dma200" : 120341.68,
    "volume" : 10652.00
  }, {
    "date" : "2025-04-17",
    "price" : 126475.00,
    "dma50" : 113854.24,
    "dma100" : null,
    "dma200" : 120402.71,
    "volume" : 16018.00
  }, {
    "date" : "2025-04-21",
    "price" : 126800.00,
    "dma50" : 114361.92,
    "dma100" : null,
    "dma200" : 120466.36,
    "volume" : 7076.00
  }, {
    "date" : "2025-04-22",
    "price" : 127655.00,
    "dma50" : 114883.21,
    "dma100" : null,
    "dma200" : 120537.89,
    "volume" : 9576.00
  }, {
    "date" : "2025-04-23",
    "price" : 127980.00,
    "dma50" : 115396.81,
    "dma100" : null,
    "dma200" : 120611.94,
    "volume" : 6994.00
  }, {
    "date" : "2025-04-24",
    "price" : 129920.00,
    "dma50" : 115966.35,
    "dma100" : null,
    "dma200" : 120704.56,
    "volume" : 12130.00
  }, {
    "date" : "2025-04-25",
    "price" : 128655.00,
    "dma50" : 116463.94,
    "dma100" : null,
    "dma200" : 120783.67,
    "volume" : 8343.00
  }, {
    "date" : "2025-04-28",
    "price" : 130225.00,
    "dma50" : 117003.59,
    "dma100" : null,
    "dma200" : 120877.61,
    "volume" : 5492.00
  }, {
    "date" : "2025-04-29",
    "price" : 132805.00,
    "dma50" : 117623.26,
    "dma100" : null,
    "dma200" : 120996.29,
    "volume" : 8715.00
  }, {
    "date" : "2025-04-30",
    "price" : 134505.00,
    "dma50" : 118285.28,
    "dma100" : null,
    "dma200" : 121130.71,
    "volume" : 11648.00
  }, {
    "date" : "2025-05-02",
    "price" : 135200.00,
    "dma50" : 118948.61,
    "dma100" : null,
    "dma200" : 121270.70,
    "volume" : 9050.00
  }, {
    "date" : "2025-05-05",
    "price" : 136120.00,
    "dma50" : 119622.00,
    "dma100" : null,
    "dma200" : 121418.45,
    "volume" : 7353.00
  }, {
    "date" : "2025-05-06",
    "price" : 134990.00,
    "dma50" : 120224.66,
    "dma100" : null,
    "dma200" : 121553.49,
    "volume" : 6307.00
  }, {
    "date" : "2025-05-07",
    "price" : 140420.00,
    "dma50" : 121016.64,
    "dma100" : null,
    "dma200" : 121741.22,
    "volume" : 28396.00
  }, {
    "date" : "2025-05-08",
    "price" : 138760.00,
    "dma50" : 121712.45,
    "dma100" : null,
    "dma200" : 121910.56,
    "volume" : 16603.00
  }, {
    "date" : "2025-05-09",
    "price" : 137675.00,
    "dma50" : 122338.44,
    "dma100" : null,
    "dma200" : 122067.42,
    "volume" : 9993.00
  }, {
    "date" : "2025-05-12",
    "price" : 139925.00,
    "dma50" : 123028.11,
    "dma100" : null,
    "dma200" : 122245.11,
    "volume" : 6390.00
  }, {
    "date" : "2025-05-13",
    "price" : 140425.00,
    "dma50" : 123710.34,
    "dma100" : null,
    "dma200" : 122426.00,
    "volume" : 6276.00
  }, {
    "date" : "2025-05-14",
    "price" : 141070.00,
    "dma50" : 124391.11,
    "dma100" : null,
    "dma200" : 122611.52,
    "volume" : 7151.00
  }, {
    "date" : "2025-05-15",
    "price" : 141140.00,
    "dma50" : 125047.93,
    "dma100" : null,
    "dma200" : 122795.88,
    "volume" : 6141.00
  }, {
    "date" : "2025-05-16",
    "price" : 140265.00,
    "dma50" : 125644.67,
    "dma100" : null,
    "dma200" : 122969.70,
    "volume" : 10129.00
  }, {
    "date" : "2025-05-19",
    "price" : 140145.00,
    "dma50" : 126213.32,
    "dma100" : null,
    "dma200" : 123140.60,
    "volume" : 6737.00
  }, {
    "date" : "2025-05-20",
    "price" : 140240.00,
    "dma50" : 126763.38,
    "dma100" : null,
    "dma200" : 123310.74,
    "volume" : 9101.00
  }, {
    "date" : "2025-05-21",
    "price" : 142285.00,
    "dma50" : 127372.07,
    "dma100" : null,
    "dma200" : 123499.54,
    "volume" : 7738.00
  }, {
    "date" : "2025-05-22",
    "price" : 142345.00,
    "dma50" : 127959.25,
    "dma100" : null,
    "dma200" : 123687.06,
    "volume" : 5641.00
  }, {
    "date" : "2025-05-23",
    "price" : 143670.00,
    "dma50" : 128575.35,
    "dma100" : null,
    "dma200" : 123885.89,
    "volume" : 6070.00
  }, {
    "date" : "2025-05-26",
    "price" : 146625.00,
    "dma50" : 129283.18,
    "dma100" : null,
    "dma200" : 124112.15,
    "volume" : 15841.00
  }, {
    "date" : "2025-05-27",
    "price" : 143985.00,
    "dma50" : 129859.72,
    "dma100" : null,
    "dma200" : 124309.89,
    "volume" : 10629.00
  }, {
    "date" : "2025-05-28",
    "price" : 142785.00,
    "dma50" : 130366.60,
    "dma100" : null,
    "dma200" : 124493.73,
    "volume" : 15325.00
  }, {
    "date" : "2025-05-29",
    "price" : 140905.00,
    "dma50" : 130779.87,
    "dma100" : null,
    "dma200" : 124657.02,
    "volume" : 15572.00
  }, {
    "date" : "2025-05-30",
    "price" : 138865.00,
    "dma50" : 131096.93,
    "dma100" : null,
    "dma200" : 124798.39,
    "volume" : 14232.00
  }, {
    "date" : "2025-06-02",
    "price" : 140750.00,
    "dma50" : 131475.48,
    "dma100" : null,
    "dma200" : 124957.12,
    "volume" : 13767.00
  }, {
    "date" : "2025-06-03",
    "price" : 138080.00,
    "dma50" : 131734.49,
    "dma100" : null,
    "dma200" : 125087.69,
    "volume" : 12813.00
  }, {
    "date" : "2025-06-04",
    "price" : 136105.00,
    "dma50" : 131905.88,
    "dma100" : null,
    "dma200" : 125197.32,
    "volume" : 11690.00
  }, {
    "date" : "2025-06-05",
    "price" : 140360.00,
    "dma50" : 132237.41,
    "dma100" : null,
    "dma200" : 125348.19,
    "volume" : 16367.00
  }, {
    "date" : "2025-06-06",
    "price" : 139530.00,
    "dma50" : 132523.40,
    "dma100" : null,
    "dma200" : 125489.30,
    "volume" : 7476.00
  }, {
    "date" : "2025-06-09",
    "price" : 138595.00,
    "dma50" : 132761.50,
    "dma100" : null,
    "dma200" : 125619.71,
    "volume" : 6644.00
  }, {
    "date" : "2025-06-10",
    "price" : 137850.00,
    "dma50" : 132961.05,
    "dma100" : null,
    "dma200" : 125741.40,
    "volume" : 10016.00
  }, {
    "date" : "2025-06-11",
    "price" : 136880.00,
    "dma50" : 133114.73,
    "dma100" : null,
    "dma200" : 125852.23,
    "volume" : 6256.00
  }, {
    "date" : "2025-06-12",
    "price" : 136385.00,
    "dma50" : 133242.98,
    "dma100" : null,
    "dma200" : 125957.04,
    "volume" : 9006.00
  }, {
    "date" : "2025-06-13",
    "price" : 137620.00,
    "dma50" : 133414.63,
    "dma100" : null,
    "dma200" : 126073.09,
    "volume" : 6152.00
  }, {
    "date" : "2025-06-16",
    "price" : 136145.00,
    "dma50" : 133521.70,
    "dma100" : null,
    "dma200" : 126173.31,
    "volume" : 4287.00
  }, {
    "date" : "2025-06-17",
    "price" : 136350.00,
    "dma50" : 133632.61,
    "dma100" : null,
    "dma200" : 126274.57,
    "volume" : 2730.00
  }, {
    "date" : "2025-06-18",
    "price" : 137950.00,
    "dma50" : 133801.92,
    "dma100" : null,
    "dma200" : 126390.74,
    "volume" : 4378.00
  }, {
    "date" : "2025-06-19",
    "price" : 138180.00,
    "dma50" : 133973.61,
    "dma100" : null,
    "dma200" : 126508.05,
    "volume" : 4114.00
  }, {
    "date" : "2025-06-20",
    "price" : 134430.00,
    "dma50" : 133991.51,
    "dma100" : null,
    "dma200" : 126586.87,
    "volume" : 25172.00
  }, {
    "date" : "2025-06-23",
    "price" : 135555.00,
    "dma50" : 134052.82,
    "dma100" : null,
    "dma200" : 126676.11,
    "volume" : 3830.00
  }, {
    "date" : "2025-06-24",
    "price" : 136610.00,
    "dma50" : 134153.10,
    "dma100" : null,
    "dma200" : 126774.95,
    "volume" : 4903.00
  }, {
    "date" : "2025-06-25",
    "price" : 139255.00,
    "dma50" : 134353.18,
    "dma100" : null,
    "dma200" : 126899.13,
    "volume" : 6444.00
  }, {
    "date" : "2025-06-26",
    "price" : 142515.00,
    "dma50" : 134673.25,
    "dma100" : null,
    "dma200" : 127054.51,
    "volume" : 11632.00
  }, {
    "date" : "2025-06-27",
    "price" : 143215.00,
    "dma50" : 135008.22,
    "dma100" : null,
    "dma200" : 127215.31,
    "volume" : 21120.00
  }, {
    "date" : "2025-06-30",
    "price" : 142360.00,
    "dma50" : 135296.53,
    "dma100" : null,
    "dma200" : 127366.01,
    "volume" : 6754.00
  }, {
    "date" : "2025-07-01",
    "price" : 142500.00,
    "dma50" : 135579.01,
    "dma100" : null,
    "dma200" : 127516.59,
    "volume" : 6192.00
  }, {
    "date" : "2025-07-02",
    "price" : 145210.00,
    "dma50" : 135956.70,
    "dma100" : null,
    "dma200" : 127692.65,
    "volume" : 7861.00
  }, {
    "date" : "2025-07-03",
    "price" : 144920.00,
    "dma50" : 136308.20,
    "dma100" : null,
    "dma200" : 127864.06,
    "volume" : 8250.00
  }, {
    "date" : "2025-07-04",
    "price" : 143965.00,
    "dma50" : 136608.47,
    "dma100" : null,
    "dma200" : 128024.27,
    "volume" : 4343.00
  }, {
    "date" : "2025-07-07",
    "price" : 143135.00,
    "dma50" : 136864.41,
    "dma100" : null,
    "dma200" : 128174.63,
    "volume" : 4070.00
  }, {
    "date" : "2025-07-08",
    "price" : 144945.00,
    "dma50" : 137181.30,
    "dma100" : null,
    "dma200" : 128341.50,
    "volume" : 4742.00
  }, {
    "date" : "2025-07-09",
    "price" : 150715.00,
    "dma50" : 137712.03,
    "dma100" : null,
    "dma200" : 128564.12,
    "volume" : 25961.00
  }, {
    "date" : "2025-07-10",
    "price" : 148280.00,
    "dma50" : 138126.46,
    "dma100" : null,
    "dma200" : 128760.30,
    "volume" : 9993.00
  }, {
    "date" : "2025-07-11",
    "price" : 148240.00,
    "dma50" : 138523.07,
    "dma100" : null,
    "dma200" : 128954.12,
    "volume" : 7675.00
  }, {
    "date" : "2025-07-14",
    "price" : 148845.00,
    "dma50" : 138927.85,
    "dma100" : null,
    "dma200" : 129152.04,
    "volume" : 13053.00
  }, {
    "date" : "2025-07-15",
    "price" : 150785.00,
    "dma50" : 139392.84,
    "dma100" : null,
    "dma200" : 129367.30,
    "volume" : 10489.00
  }, {
    "date" : "2025-07-16",
    "price" : 152470.00,
    "dma50" : 139905.67,
    "dma100" : null,
    "dma200" : 129597.17,
    "volume" : 8655.00
  }, {
    "date" : "2025-07-17",
    "price" : 150535.00,
    "dma50" : 140322.50,
    "dma100" : null,
    "dma200" : 129805.51,
    "volume" : 6973.00
  }, {
    "date" : "2025-07-18",
    "price" : 148060.00,
    "dma50" : 140625.94,
    "dma100" : null,
    "dma200" : 129987.15,
    "volume" : 8391.00
  }, {
    "date" : "2025-07-21",
    "price" : 148405.00,
    "dma50" : 140931.00,
    "dma100" : null,
    "dma200" : 130170.41,
    "volume" : 6839.00
  }, {
    "date" : "2025-07-22",
    "price" : 148170.00,
    "dma50" : 141214.88,
    "dma100" : null,
    "dma200" : 130349.51,
    "volume" : 6974.00
  }, {
    "date" : "2025-07-23",
    "price" : 149915.00,
    "dma50" : 141556.06,
    "dma100" : 130712.92,
    "dma200" : 130544.19,
    "volume" : 3987.00
  }, {
    "date" : "2025-07-24",
    "price" : 150880.00,
    "dma50" : 141921.71,
    "dma100" : 131149.68,
    "dma200" : 130746.54,
    "volume" : 8181.00
  }, {
    "date" : "2025-07-25",
    "price" : 149210.00,
    "dma50" : 142207.52,
    "dma100" : 131584.54,
    "dma200" : 130930.25,
    "volume" : 4854.00
  }, {
    "date" : "2025-07-28",
    "price" : 147805.00,
    "dma50" : 142427.03,
    "dma100" : 132008.86,
    "dma200" : 131098.16,
    "volume" : 4793.00
  }, {
    "date" : "2025-07-29",
    "price" : 149355.00,
    "dma50" : 142698.71,
    "dma100" : 132450.71,
    "dma200" : 131279.82,
    "volume" : 4694.00
  }, {
    "date" : "2025-07-30",
    "price" : 150025.00,
    "dma50" : 142986.02,
    "dma100" : 132924.36,
    "dma200" : 131466.34,
    "volume" : 3270.00
  }, {
    "date" : "2025-07-31",
    "price" : 147845.00,
    "dma50" : 143176.57,
    "dma100" : 133344.76,
    "dma200" : 131629.31,
    "volume" : 6952.00
  }, {
    "date" : "2025-08-01",
    "price" : 145905.00,
    "dma50" : 143283.57,
    "dma100" : 133725.85,
    "dma200" : 131771.36,
    "volume" : 6954.00
  }, {
    "date" : "2025-08-04",
    "price" : 144285.00,
    "dma50" : 143322.84,
    "dma100" : 134096.67,
    "dma200" : 131895.87,
    "volume" : 7356.00
  }, {
    "date" : "2025-08-05",
    "price" : 145845.00,
    "dma50" : 143421.75,
    "dma100" : 134488.62,
    "dma200" : 132034.67,
    "volume" : 4224.00
  }, {
    "date" : "2025-08-06",
    "price" : 146385.00,
    "dma50" : 143537.95,
    "dma100" : 134887.12,
    "dma200" : 132177.46,
    "volume" : 4344.00
  }, {
    "date" : "2025-08-07",
    "price" : 144265.00,
    "dma50" : 143566.46,
    "dma100" : 135257.13,
    "dma200" : 132297.73,
    "volume" : 4755.00
  }, {
    "date" : "2025-08-08",
    "price" : 142715.00,
    "dma50" : 143533.07,
    "dma100" : 135633.87,
    "dma200" : 132401.39,
    "volume" : 2993.00
  }, {
    "date" : "2025-08-11",
    "price" : 142170.00,
    "dma50" : 143479.62,
    "dma100" : 136001.46,
    "dma200" : 132498.59,
    "volume" : 3107.00
  }, {
    "date" : "2025-08-12",
    "price" : 140535.00,
    "dma50" : 143364.14,
    "dma100" : 136328.42,
    "dma200" : 132578.55,
    "volume" : 12218.00
  }, {
    "date" : "2025-08-13",
    "price" : 138840.00,
    "dma50" : 143186.73,
    "dma100" : 136617.59,
    "dma200" : 132640.86,
    "volume" : 4592.00
  }, {
    "date" : "2025-08-14",
    "price" : 138475.00,
    "dma50" : 143001.95,
    "dma100" : 136891.26,
    "dma200" : 132698.91,
    "volume" : 4707.00
  }, {
    "date" : "2025-08-18",
    "price" : 144515.00,
    "dma50" : 143061.29,
    "dma100" : 137215.91,
    "dma200" : 132816.48,
    "volume" : 13498.00
  }, {
    "date" : "2025-08-19",
    "price" : 146535.00,
    "dma50" : 143197.51,
    "dma100" : 137541.05,
    "dma200" : 132952.98,
    "volume" : 18815.00
  }, {
    "date" : "2025-08-20",
    "price" : 148790.00,
    "dma50" : 143416.83,
    "dma100" : 137886.30,
    "dma200" : 133110.57,
    "volume" : 6826.00
  }, {
    "date" : "2025-08-21",
    "price" : 148125.00,
    "dma50" : 143601.46,
    "dma100" : 138224.34,
    "dma200" : 133259.96,
    "volume" : 5903.00
  }, {
    "date" : "2025-08-22",
    "price" : 147505.00,
    "dma50" : 143754.54,
    "dma100" : 138566.75,
    "dma200" : 133401.70,
    "volume" : 3333.00
  }, {
    "date" : "2025-08-25",
    "price" : 146745.00,
    "dma50" : 143871.81,
    "dma100" : 138907.42,
    "dma200" : 133534.47,
    "volume" : 4975.00
  }, {
    "date" : "2025-08-26",
    "price" : 142380.00,
    "dma50" : 143813.31,
    "dma100" : 139200.85,
    "dma200" : 133622.49,
    "volume" : 9395.00
  }, {
    "date" : "2025-08-28",
    "price" : 142275.00,
    "dma50" : 143752.98,
    "dma100" : 139472.23,
    "dma200" : 133708.58,
    "volume" : 6441.00
  }, {
    "date" : "2025-08-29",
    "price" : 140955.00,
    "dma50" : 143643.26,
    "dma100" : 139733.08,
    "dma200" : 133780.69,
    "volume" : 7444.00
  }, {
    "date" : "2025-09-01",
    "price" : 144835.00,
    "dma50" : 143689.99,
    "dma100" : 140049.06,
    "dma200" : 133890.68,
    "volume" : 6826.00
  }, {
    "date" : "2025-09-02",
    "price" : 153885.00,
    "dma50" : 144089.80,
    "dma100" : 140484.05,
    "dma200" : 134089.63,
    "volume" : 36139.00
  }, {
    "date" : "2025-09-03",
    "price" : 150550.00,
    "dma50" : 144343.14,
    "dma100" : 140863.63,
    "dma200" : 134253.41,
    "volume" : 9689.00
  }, {
    "date" : "2025-09-04",
    "price" : 149655.00,
    "dma50" : 144551.45,
    "dma100" : 141229.04,
    "dma200" : 134406.66,
    "volume" : 12766.00
  }, {
    "date" : "2025-09-05",
    "price" : 148100.00,
    "dma50" : 144690.61,
    "dma100" : 141534.60,
    "dma200" : 134542.91,
    "volume" : 5039.00
  }, {
    "date" : "2025-09-08",
    "price" : 147075.00,
    "dma50" : 144784.11,
    "dma100" : 141776.30,
    "dma200" : 134667.61,
    "volume" : 8469.00
  }, {
    "date" : "2025-09-09",
    "price" : 149315.00,
    "dma50" : 144961.79,
    "dma100" : 142024.55,
    "dma200" : 134813.36,
    "volume" : 4783.00
  }, {
    "date" : "2025-09-10",
    "price" : 145255.00,
    "dma50" : 144973.29,
    "dma100" : 142212.35,
    "dma200" : 134917.25,
    "volume" : 11408.00
  }, {
    "date" : "2025-09-11",
    "price" : 146480.00,
    "dma50" : 145032.38,
    "dma100" : 142409.15,
    "dma200" : 135032.31,
    "volume" : 7702.00
  }, {
    "date" : "2025-09-12",
    "price" : 146570.00,
    "dma50" : 145092.68,
    "dma100" : 142598.30,
    "dma200" : 135147.11,
    "volume" : 6880.00
  }, {
    "date" : "2025-09-15",
    "price" : 147400.00,
    "dma50" : 145183.16,
    "dma100" : 142792.50,
    "dma200" : 135269.03,
    "volume" : 4743.00
  }, {
    "date" : "2025-09-16",
    "price" : 150890.00,
    "dma50" : 145406.96,
    "dma100" : 143002.20,
    "dma200" : 135424.46,
    "volume" : 13887.00
  }, {
    "date" : "2025-09-17",
    "price" : 150230.00,
    "dma50" : 145596.10,
    "dma100" : 143217.95,
    "dma200" : 135571.78,
    "volume" : 6422.00
  }, {
    "date" : "2025-09-18",
    "price" : 149050.00,
    "dma50" : 145731.54,
    "dma100" : 143406.20,
    "dma200" : 135705.89,
    "volume" : 4842.00
  }, {
    "date" : "2025-09-19",
    "price" : 149705.00,
    "dma50" : 145887.37,
    "dma100" : 143575.20,
    "dma200" : 135845.19,
    "volume" : 11247.00
  }, {
    "date" : "2025-09-22",
    "price" : 152850.00,
    "dma50" : 146160.41,
    "dma100" : 143758.65,
    "dma200" : 136014.39,
    "volume" : 11746.00
  }, {
    "date" : "2025-09-23",
    "price" : 155935.00,
    "dma50" : 146543.73,
    "dma100" : 143966.00,
    "dma200" : 136212.60,
    "volume" : 13179.00
  }, {
    "date" : "2025-09-24",
    "price" : 153745.00,
    "dma50" : 146826.13,
    "dma100" : 144142.25,
    "dma200" : 136387.06,
    "volume" : 6013.00
  }, {
    "date" : "2025-09-25",
    "price" : 150435.00,
    "dma50" : 146967.66,
    "dma100" : 144296.70,
    "dma200" : 136526.84,
    "volume" : 6087.00
  }, {
    "date" : "2025-09-26",
    "price" : 148545.00,
    "dma50" : 147029.51,
    "dma100" : 144377.95,
    "dma200" : 136646.42,
    "volume" : 5926.00
  }, {
    "date" : "2025-09-29",
    "price" : 145885.00,
    "dma50" : 146984.63,
    "dma100" : 144449.20,
    "dma200" : 136738.35,
    "volume" : 9720.00
  }, {
    "date" : "2025-09-30",
    "price" : 145820.00,
    "dma50" : 146938.96,
    "dma100" : 144530.65,
    "dma200" : 136828.71,
    "volume" : 7697.00
  }, {
    "date" : "2025-10-01",
    "price" : 148740.00,
    "dma50" : 147009.59,
    "dma100" : 144618.80,
    "dma200" : 136947.23,
    "volume" : 8676.00
  }, {
    "date" : "2025-10-03",
    "price" : 153195.00,
    "dma50" : 147252.15,
    "dma100" : 144746.50,
    "dma200" : 137108.90,
    "volume" : 12556.00
  }, {
    "date" : "2025-10-06",
    "price" : 152350.00,
    "dma50" : 147452.07,
    "dma100" : 144859.30,
    "dma200" : 137260.55,
    "volume" : 4999.00
  }, {
    "date" : "2025-10-07",
    "price" : 153720.00,
    "dma50" : 147697.87,
    "dma100" : 144985.10,
    "dma200" : 137424.33,
    "volume" : 7744.00
  }, {
    "date" : "2025-10-08",
    "price" : 155210.00,
    "dma50" : 147992.46,
    "dma100" : 145134.55,
    "dma200" : 137601.30,
    "volume" : 16904.00
  }, {
    "date" : "2025-10-09",
    "price" : 156355.00,
    "dma50" : 148320.40,
    "dma100" : 145296.65,
    "dma200" : 137787.90,
    "volume" : 6680.00
  }, {
    "date" : "2025-10-10",
    "price" : 155395.00,
    "dma50" : 148597.84,
    "dma100" : 145448.20,
    "dma200" : 137963.10,
    "volume" : 8959.00
  }, {
    "date" : "2025-10-13",
    "price" : 156885.00,
    "dma50" : 148922.83,
    "dma100" : 145594.20,
    "dma200" : 138151.38,
    "volume" : 4772.00
  }, {
    "date" : "2025-10-14",
    "price" : 157695.00,
    "dma50" : 149266.83,
    "dma100" : 145747.70,
    "dma200" : 138345.84,
    "volume" : 7807.00
  }, {
    "date" : "2025-10-15",
    "price" : 155310.00,
    "dma50" : 149503.82,
    "dma100" : 145864.10,
    "dma200" : 138514.64,
    "volume" : 5789.00
  }, {
    "date" : "2025-10-16",
    "price" : 155255.00,
    "dma50" : 149729.36,
    "dma100" : 145950.40,
    "dma200" : 138681.21,
    "volume" : 4870.00
  }, {
    "date" : "2025-10-17",
    "price" : 155940.00,
    "dma50" : 149972.91,
    "dma100" : 146069.95,
    "dma200" : 138852.94,
    "volume" : 3783.00
  }, {
    "date" : "2025-10-20",
    "price" : 161695.00,
    "dma50" : 150432.60,
    "dma100" : 146259.05,
    "dma200" : 139080.22,
    "volume" : 16507.00
  }, {
    "date" : "2025-10-21",
    "price" : 161680.00,
    "dma50" : 150873.68,
    "dma100" : 146466.80,
    "dma200" : 139305.10,
    "volume" : 2304.00
  }, {
    "date" : "2025-10-23",
    "price" : 162295.00,
    "dma50" : 151321.57,
    "dma100" : 146701.10,
    "dma200" : 139533.85,
    "volume" : 6817.00
  }, {
    "date" : "2025-10-24",
    "price" : 160190.00,
    "dma50" : 151669.35,
    "dma100" : 146895.50,
    "dma200" : 139739.39,
    "volume" : 8287.00
  }, {
    "date" : "2025-10-27",
    "price" : 159335.00,
    "dma50" : 151969.97,
    "dma100" : 147108.05,
    "dma200" : 139934.37,
    "volume" : 4609.00
  }, {
    "date" : "2025-10-28",
    "price" : 158195.00,
    "dma50" : 152214.08,
    "dma100" : 147328.95,
    "dma200" : 140116.06,
    "volume" : 7929.00
  }, {
    "date" : "2025-10-29",
    "price" : 159900.00,
    "dma50" : 152515.49,
    "dma100" : 147524.35,
    "dma200" : 140312.92,
    "volume" : 3986.00
  }, {
    "date" : "2025-10-30",
    "price" : 158135.00,
    "dma50" : 152735.87,
    "dma100" : 147710.40,
    "dma200" : 140490.25,
    "volume" : 4326.00
  }, {
    "date" : "2025-10-31",
    "price" : 157515.00,
    "dma50" : 152923.28,
    "dma100" : 147899.60,
    "dma200" : 140659.65,
    "volume" : 3948.00
  }, {
    "date" : "2025-11-03",
    "price" : 158360.00,
    "dma50" : 153136.49,
    "dma100" : 148104.70,
    "dma200" : 140835.78,
    "volume" : 3336.00
  }, {
    "date" : "2025-11-04",
    "price" : 157915.00,
    "dma50" : 153323.88,
    "dma100" : 148315.05,
    "dma200" : 141005.72,
    "volume" : 3761.00
  }, {
    "date" : "2025-11-06",
    "price" : 157255.00,
    "dma50" : 153478.04,
    "dma100" : 148523.75,
    "dma200" : 141167.40,
    "volume" : 3904.00
  }, {
    "date" : "2025-11-07",
    "price" : 158765.00,
    "dma50" : 153685.37,
    "dma100" : 148735.20,
    "dma200" : 141342.50,
    "volume" : 4099.00
  }, {
    "date" : "2025-11-10",
    "price" : 157825.00,
    "dma50" : 153847.71,
    "dma100" : 148952.00,
    "dma200" : 141506.51,
    "volume" : 3236.00
  }, {
    "date" : "2025-11-11",
    "price" : 158165.00,
    "dma50" : 154017.02,
    "dma100" : 149170.15,
    "dma200" : 141672.27,
    "volume" : 2826.00
  }, {
    "date" : "2025-11-12",
    "price" : 157775.00,
    "dma50" : 154164.39,
    "dma100" : 149368.40,
    "dma200" : 141832.49,
    "volume" : 3636.00
  }, {
    "date" : "2025-11-13",
    "price" : 158315.00,
    "dma50" : 154327.16,
    "dma100" : 149569.75,
    "dma200" : 141996.50,
    "volume" : 3271.00
  }, {
    "date" : "2025-11-14",
    "price" : 157400.00,
    "dma50" : 154447.66,
    "dma100" : 149799.45,
    "dma200" : 142149.77,
    "volume" : 14601.00
  }, {
    "date" : "2025-11-17",
    "price" : 157135.00,
    "dma50" : 154553.05,
    "dma100" : 150015.25,
    "dma200" : 142298.87,
    "volume" : 4642.00
  }, {
    "date" : "2025-11-18",
    "price" : 155210.00,
    "dma50" : 154578.81,
    "dma100" : 150201.25,
    "dma200" : 142427.34,
    "volume" : 6352.00
  }, {
    "date" : "2025-11-19",
    "price" : 153355.00,
    "dma50" : 154530.82,
    "dma100" : 150342.25,
    "dma200" : 142536.07,
    "volume" : 4902.00
  }, {
    "date" : "2025-11-20",
    "price" : 151950.00,
    "dma50" : 154429.61,
    "dma100" : 150436.60,
    "dma200" : 142629.74,
    "volume" : 5620.00
  }, {
    "date" : "2025-11-21",
    "price" : 152435.00,
    "dma50" : 154351.39,
    "dma100" : 150528.80,
    "dma200" : 142727.31,
    "volume" : 7375.00
  }, {
    "date" : "2025-11-24",
    "price" : 155455.00,
    "dma50" : 154394.67,
    "dma100" : 150659.75,
    "dma200" : 142853.95,
    "volume" : 14372.00
  }, {
    "date" : "2025-11-25",
    "price" : 154780.00,
    "dma50" : 154409.78,
    "dma100" : 150782.55,
    "dma200" : 142972.62,
    "volume" : 3179.00
  }, {
    "date" : "2025-11-26",
    "price" : 154490.00,
    "dma50" : 154412.93,
    "dma100" : 150875.35,
    "dma200" : 143087.22,
    "volume" : 3754.00
  }, {
    "date" : "2025-11-27",
    "price" : 153750.00,
    "dma50" : 154386.93,
    "dma100" : 150963.65,
    "dma200" : 143193.32,
    "volume" : 2444.00
  }, {
    "date" : "2025-11-28",
    "price" : 152420.00,
    "dma50" : 154309.79,
    "dma100" : 151048.20,
    "dma200" : 143285.13,
    "volume" : 3754.00
  }, {
    "date" : "2025-12-01",
    "price" : 152420.00,
    "dma50" : 154235.68,
    "dma100" : 151141.05,
    "dma200" : 143376.02,
    "volume" : 3218.00
  }, {
    "date" : "2025-12-02",
    "price" : 154505.00,
    "dma50" : 154246.25,
    "dma100" : 151236.65,
    "dma200" : 143486.76,
    "volume" : 7800.00
  }, {
    "date" : "2025-12-03",
    "price" : 152040.00,
    "dma50" : 154159.73,
    "dma100" : 151249.90,
    "dma200" : 143571.86,
    "volume" : 4028.00
  }, {
    "date" : "2025-12-04",
    "price" : 153625.00,
    "dma50" : 154138.76,
    "dma100" : 151303.35,
    "dma200" : 143671.89,
    "volume" : 3423.00
  }, {
    "date" : "2025-12-05",
    "price" : 153210.00,
    "dma50" : 154102.33,
    "dma100" : 151353.05,
    "dma200" : 143766.80,
    "volume" : 2325.00
  }, {
    "date" : "2025-12-08",
    "price" : 153500.00,
    "dma50" : 154078.71,
    "dma100" : 151399.60,
    "dma200" : 143863.65,
    "volume" : 2555.00
  }, {
    "date" : "2025-12-09",
    "price" : 152345.00,
    "dma50" : 154010.72,
    "dma100" : 151415.20,
    "dma200" : 143948.04,
    "volume" : 3815.00
  }, {
    "date" : "2025-12-10",
    "price" : 151675.00,
    "dma50" : 153919.13,
    "dma100" : 151407.25,
    "dma200" : 144024.93,
    "volume" : 3503.00
  }, {
    "date" : "2025-12-11",
    "price" : 153560.00,
    "dma50" : 153905.04,
    "dma100" : 151437.50,
    "dma200" : 144119.80,
    "volume" : 4072.00
  }, {
    "date" : "2025-12-12",
    "price" : 152550.00,
    "dma50" : 153851.91,
    "dma100" : 151482.40,
    "dma200" : 144203.68,
    "volume" : 2702.00
  }, {
    "date" : "2025-12-15",
    "price" : 153155.00,
    "dma50" : 153824.58,
    "dma100" : 151529.90,
    "dma200" : 144292.75,
    "volume" : 2971.00
  }, {
    "date" : "2025-12-16",
    "price" : 152655.00,
    "dma50" : 153778.71,
    "dma100" : 151574.75,
    "dma200" : 144375.96,
    "volume" : 2042.00
  }, {
    "date" : "2025-12-17",
    "price" : 151755.00,
    "dma50" : 153699.35,
    "dma100" : 151593.15,
    "dma200" : 144449.38,
    "volume" : 3066.00
  }, {
    "date" : "2025-12-18",
    "price" : 152260.00,
    "dma50" : 153642.90,
    "dma100" : 151606.95,
    "dma200" : 144527.10,
    "volume" : 4746.00
  }, {
    "date" : "2025-12-19",
    "price" : 153580.00,
    "dma50" : 153640.44,
    "dma100" : 151650.65,
    "dma200" : 144617.18,
    "volume" : 10067.00
  }, {
    "date" : "2025-12-22",
    "price" : 153900.00,
    "dma50" : 153650.62,
    "dma100" : 151711.60,
    "dma200" : 144709.54,
    "volume" : 2997.00
  }, {
    "date" : "2025-12-23",
    "price" : 153360.00,
    "dma50" : 153639.22,
    "dma100" : 151751.65,
    "dma200" : 144795.62,
    "volume" : 3117.00
  }, {
    "date" : "2025-12-24",
    "price" : 151435.00,
    "dma50" : 153552.78,
    "dma100" : 151765.75,
    "dma200" : 144861.68,
    "volume" : 4380.00
  }, {
    "date" : "2025-12-26",
    "price" : 150205.00,
    "dma50" : 153421.49,
    "dma100" : 151789.35,
    "dma200" : 144914.85,
    "volume" : 3815.00
  }, {
    "date" : "2025-12-29",
    "price" : 148760.00,
    "dma50" : 153238.69,
    "dma100" : 151817.90,
    "dma200" : 144953.11,
    "volume" : 7129.00
  }, {
    "date" : "2025-12-30",
    "price" : 151090.00,
    "dma50" : 153154.43,
    "dma100" : 151885.95,
    "dma200" : 145014.17,
    "volume" : 9269.00
  }, {
    "date" : "2025-12-31",
    "price" : 152855.00,
    "dma50" : 153142.69,
    "dma100" : 151956.05,
    "dma200" : 145092.19,
    "volume" : 6568.00
  }, {
    "date" : "2026-01-01",
    "price" : 151535.00,
    "dma50" : 153079.64,
    "dma100" : 152007.55,
    "dma200" : 145156.30,
    "volume" : 3132.00
  }, {
    "date" : "2026-01-02",
    "price" : 150685.00,
    "dma50" : 152985.73,
    "dma100" : 152071.75,
    "dma200" : 145211.31,
    "volume" : 3974.00
  }, {
    "date" : "2026-01-05",
    "price" : 150405.00,
    "dma50" : 152884.53,
    "dma100" : 152148.65,
    "dma200" : 145262.99,
    "volume" : 5045.00
  }, {
    "date" : "2026-01-06",
    "price" : 150195.00,
    "dma50" : 152779.05,
    "dma100" : 152228.90,
    "dma200" : 145312.06,
    "volume" : 3530.00
  }, {
    "date" : "2026-01-07",
    "price" : 150135.00,
    "dma50" : 152675.37,
    "dma100" : 152324.90,
    "dma200" : 145360.05,
    "volume" : 3597.00
  }, {
    "date" : "2026-01-08",
    "price" : 148720.00,
    "dma50" : 152520.25,
    "dma100" : 152423.70,
    "dma200" : 145393.49,
    "volume" : 4611.00
  }, {
    "date" : "2026-01-09",
    "price" : 147095.00,
    "dma50" : 152307.50,
    "dma100" : 152509.90,
    "dma200" : 145410.42,
    "volume" : 4508.00
  }, {
    "date" : "2026-01-12",
    "price" : 148735.00,
    "dma50" : 152167.40,
    "dma100" : 152552.10,
    "dma200" : 145443.50,
    "volume" : 5010.00
  }, {
    "date" : "2026-01-13",
    "price" : 147710.00,
    "dma50" : 151992.60,
    "dma100" : 152563.85,
    "dma200" : 145466.05,
    "volume" : 3901.00
  }, {
    "date" : "2026-01-14",
    "price" : 145665.00,
    "dma50" : 151744.46,
    "dma100" : 152532.60,
    "dma200" : 145468.03,
    "volume" : 5519.00
  }, {
    "date" : "2026-01-16",
    "price" : 142840.00,
    "dma50" : 151395.27,
    "dma100" : 152479.75,
    "dma200" : 145441.88,
    "volume" : 8506.00
  }, {
    "date" : "2026-01-19",
    "price" : 143045.00,
    "dma50" : 151067.80,
    "dma100" : 152435.15,
    "dma200" : 145418.03,
    "volume" : 6264.00
  }, {
    "date" : "2026-01-20",
    "price" : 143235.00,
    "dma50" : 150760.64,
    "dma100" : 152400.05,
    "dma200" : 145396.31,
    "volume" : 6702.00
  }, {
    "date" : "2026-01-21",
    "price" : 140050.00,
    "dma50" : 150340.61,
    "dma100" : 152376.75,
    "dma200" : 145343.11,
    "volume" : 10674.00
  }, {
    "date" : "2026-01-22",
    "price" : 142275.00,
    "dma50" : 150024.31,
    "dma100" : 152376.75,
    "dma200" : 145312.58,
    "volume" : 5386.00
  }, {
    "date" : "2026-01-23",
    "price" : 137475.00,
    "dma50" : 149532.18,
    "dma100" : 152341.95,
    "dma200" : 145234.60,
    "volume" : 7650.00
  }, {
    "date" : "2026-01-27",
    "price" : 135810.00,
    "dma50" : 148994.06,
    "dma100" : 152251.70,
    "dma200" : 145140.82,
    "volume" : 5797.00
  }, {
    "date" : "2026-01-28",
    "price" : 134935.00,
    "dma50" : 148442.72,
    "dma100" : 152062.20,
    "dma200" : 145039.27,
    "volume" : 6857.00
  }, {
    "date" : "2026-01-29",
    "price" : 130915.00,
    "dma50" : 147755.36,
    "dma100" : 151865.85,
    "dma200" : 144898.73,
    "volume" : 10706.00
  }, {
    "date" : "2026-01-30",
    "price" : 132165.00,
    "dma50" : 147143.97,
    "dma100" : 151690.95,
    "dma200" : 144772.03,
    "volume" : 19360.00
  }, {
    "date" : "2026-02-01",
    "price" : 132295.00,
    "dma50" : 146561.66,
    "dma100" : 151532.90,
    "dma200" : 144647.88,
    "volume" : 3503.00
  }, {
    "date" : "2026-02-02",
    "price" : 133765.00,
    "dma50" : 146059.83,
    "dma100" : 151399.80,
    "dma200" : 144539.59,
    "volume" : 4472.00
  }, {
    "date" : "2026-02-03",
    "price" : 136650.00,
    "dma50" : 145690.82,
    "dma100" : 151273.15,
    "dma200" : 144461.09,
    "volume" : 6237.00
  }, {
    "date" : "2026-02-04",
    "price" : 137640.00,
    "dma50" : 145375.10,
    "dma100" : 151197.00,
    "dma200" : 144393.21,
    "volume" : 5829.00
  }, {
    "date" : "2026-02-05",
    "price" : 134970.00,
    "dma50" : 144967.06,
    "dma100" : 151081.90,
    "dma200" : 144299.45,
    "volume" : 5180.00
  }, {
    "date" : "2026-02-06",
    "price" : 146455.00,
    "dma50" : 145025.41,
    "dma100" : 151080.75,
    "dma200" : 144320.90,
    "volume" : 68851.00
  }, {
    "date" : "2026-02-09",
    "price" : 145310.00,
    "dma50" : 145036.57,
    "dma100" : 151059.85,
    "dma200" : 144330.74,
    "volume" : 14078.00
  }, {
    "date" : "2026-02-10",
    "price" : 148640.00,
    "dma50" : 145177.88,
    "dma100" : 151037.35,
    "dma200" : 144373.62,
    "volume" : 15901.00
  }, {
    "date" : "2026-02-11",
    "price" : 151740.00,
    "dma50" : 145435.22,
    "dma100" : 151052.45,
    "dma200" : 144446.92,
    "volume" : 12392.00
  }, {
    "date" : "2026-02-12",
    "price" : 151210.00,
    "dma50" : 145661.68,
    "dma100" : 151074.05,
    "dma200" : 144514.21,
    "volume" : 8727.00
  }, {
    "date" : "2026-02-13",
    "price" : 150105.00,
    "dma50" : 145835.93,
    "dma100" : 151078.05,
    "dma200" : 144569.84,
    "volume" : 7509.00
  }, {
    "date" : "2026-02-16",
    "price" : 147075.00,
    "dma50" : 145884.52,
    "dma100" : 151020.30,
    "dma200" : 144594.77,
    "volume" : 6512.00
  }, {
    "date" : "2026-02-17",
    "price" : 147970.00,
    "dma50" : 145966.30,
    "dma100" : 150940.65,
    "dma200" : 144628.35,
    "volume" : 5471.00
  }, {
    "date" : "2026-02-18",
    "price" : 147760.00,
    "dma50" : 146036.64,
    "dma100" : 150880.80,
    "dma200" : 144659.51,
    "volume" : 4154.00
  }, {
    "date" : "2026-02-19",
    "price" : 145605.00,
    "dma50" : 146019.72,
    "dma100" : 150832.50,
    "dma200" : 144668.92,
    "volume" : 4206.00
  }, {
    "date" : "2026-02-20",
    "price" : 146390.00,
    "dma50" : 146034.24,
    "dma100" : 150810.95,
    "dma200" : 144686.05,
    "volume" : 5326.00
  } ],
  "latestTechnicalAttributes" : {
    "date" : "2026-02-20",
    "price" : 146390.00,
    "dma50" : 146034.24,
    "dma100" : 150810.95,
    "dma200" : 144686.05,
    "volume" : 5326.00
  },
  "quarterlyResults" : [ {
    "date" : "2005-03-31",
    "sales" : 701.79,
    "salesGrowthYoY" : null,
    "grossProfitMargin" : 29.31,
    "grossProfit" : 205.69,
    "operatingProfitMargin" : 4.84,
    "operatingProfit" : 33.97,
    "netProfitMargin" : 0.11,
    "netProfit" : 0.77
  }, {
    "date" : "2005-06-30",
    "sales" : 795.12,
    "salesGrowthYoY" : null,
    "grossProfitMargin" : 28.54,
    "grossProfit" : 226.93,
    "operatingProfitMargin" : 5.54,
    "operatingProfit" : 44.05,
    "netProfitMargin" : 2.12,
    "netProfit" : 16.86
  }, {
    "date" : "2005-09-30",
    "sales" : 786.95,
    "salesGrowthYoY" : null,
    "grossProfitMargin" : 31.98,
    "grossProfit" : 251.67,
    "operatingProfitMargin" : 6.20,
    "operatingProfit" : 48.79,
    "netProfitMargin" : 1.82,
    "netProfit" : 14.32
  }, {
    "date" : "2005-12-31",
    "sales" : 822.21,
    "salesGrowthYoY" : null,
    "grossProfitMargin" : 32.49,
    "grossProfit" : 267.14,
    "operatingProfitMargin" : 7.58,
    "operatingProfit" : 62.32,
    "netProfitMargin" : 1.69,
    "netProfit" : 13.90
  }, {
    "date" : "2006-03-31",
    "sales" : 879.60,
    "salesGrowthYoY" : 25.34,
    "grossProfitMargin" : 30.60,
    "grossProfit" : 269.16,
    "operatingProfitMargin" : 6.25,
    "operatingProfit" : 54.98,
    "netProfitMargin" : 0.66,
    "netProfit" : 5.81
  }, {
    "date" : "2006-06-30",
    "sales" : 994.77,
    "salesGrowthYoY" : 25.11,
    "grossProfitMargin" : 28.50,
    "grossProfit" : 283.51,
    "operatingProfitMargin" : 6.08,
    "operatingProfit" : 60.48,
    "netProfitMargin" : 0.82,
    "netProfit" : 8.16
  }, {
    "date" : "2006-09-30",
    "sales" : 1047.30,
    "salesGrowthYoY" : 33.08,
    "grossProfitMargin" : 28.48,
    "grossProfit" : 298.27,
    "operatingProfitMargin" : 6.50,
    "operatingProfit" : 68.07,
    "netProfitMargin" : 1.75,
    "netProfit" : 18.33
  }, {
    "date" : "2006-12-31",
    "sales" : 1057.83,
    "salesGrowthYoY" : 28.66,
    "grossProfitMargin" : 30.69,
    "grossProfit" : 324.65,
    "operatingProfitMargin" : 8.06,
    "operatingProfit" : 85.26,
    "netProfitMargin" : 2.74,
    "netProfit" : 28.98
  }, {
    "date" : "2007-03-31",
    "sales" : 1083.52,
    "salesGrowthYoY" : 23.18,
    "grossProfitMargin" : 30.04,
    "grossProfit" : 325.49,
    "operatingProfitMargin" : 9.35,
    "operatingProfit" : 101.31,
    "netProfitMargin" : 3.30,
    "netProfit" : 35.76
  }, {
    "date" : "2007-06-30",
    "sales" : 1133.43,
    "salesGrowthYoY" : 13.94,
    "grossProfitMargin" : 31.48,
    "grossProfit" : 356.80,
    "operatingProfitMargin" : 10.02,
    "operatingProfit" : 113.57,
    "netProfitMargin" : 3.75,
    "netProfit" : 42.50
  }, {
    "date" : "2007-09-30",
    "sales" : 1136.22,
    "salesGrowthYoY" : 8.49,
    "grossProfitMargin" : 36.88,
    "grossProfit" : 419.04,
    "operatingProfitMargin" : 12.65,
    "operatingProfit" : 143.73,
    "netProfitMargin" : 5.68,
    "netProfit" : 64.54
  }, {
    "date" : "2007-12-31",
    "sales" : 1155.57,
    "salesGrowthYoY" : 9.24,
    "grossProfitMargin" : 32.73,
    "grossProfit" : 378.22,
    "operatingProfitMargin" : 10.61,
    "operatingProfit" : 122.61,
    "netProfitMargin" : 4.48,
    "netProfit" : 51.77
  }, {
    "date" : "2008-03-31",
    "sales" : 1214.83,
    "salesGrowthYoY" : 12.12,
    "grossProfitMargin" : 34.19,
    "grossProfit" : 415.35,
    "operatingProfitMargin" : 12.26,
    "operatingProfit" : 148.94,
    "netProfitMargin" : 5.40,
    "netProfit" : 65.60
  }, {
    "date" : "2008-06-30",
    "sales" : 1274.37,
    "salesGrowthYoY" : 12.43,
    "grossProfitMargin" : 33.24,
    "grossProfit" : 423.60,
    "operatingProfitMargin" : 8.20,
    "operatingProfit" : 104.50,
    "netProfitMargin" : 2.50,
    "netProfit" : 31.86
  }, {
    "date" : "2008-09-30",
    "sales" : 1402.14,
    "salesGrowthYoY" : 23.40,
    "grossProfitMargin" : 26.77,
    "grossProfit" : 375.35,
    "operatingProfitMargin" : 2.48,
    "operatingProfit" : 34.77,
    "netProfitMargin" : -0.33,
    "netProfit" : -4.63
  }, {
    "date" : "2008-12-31",
    "sales" : 1351.97,
    "salesGrowthYoY" : 17.00,
    "grossProfitMargin" : 23.03,
    "grossProfit" : 311.36,
    "operatingProfitMargin" : 1.26,
    "operatingProfit" : 17.03,
    "netProfitMargin" : -2.83,
    "netProfit" : -38.26
  }, {
    "date" : "2009-03-31",
    "sales" : 1405.82,
    "salesGrowthYoY" : 15.72,
    "grossProfitMargin" : 32.44,
    "grossProfit" : 456.05,
    "operatingProfitMargin" : 12.38,
    "operatingProfit" : 174.04,
    "netProfitMargin" : 4.89,
    "netProfit" : 68.74
  }, {
    "date" : "2009-06-30",
    "sales" : 1438.21,
    "salesGrowthYoY" : 12.86,
    "grossProfitMargin" : 39.98,
    "grossProfit" : 575.00,
    "operatingProfitMargin" : 17.48,
    "operatingProfit" : 251.40,
    "netProfitMargin" : 8.74,
    "netProfit" : 125.70
  }, {
    "date" : "2009-09-30",
    "sales" : 1476.84,
    "salesGrowthYoY" : 5.33,
    "grossProfitMargin" : 42.02,
    "grossProfit" : 620.57,
    "operatingProfitMargin" : 16.85,
    "operatingProfit" : 248.85,
    "netProfitMargin" : 6.56,
    "netProfit" : 96.88
  }, {
    "date" : "2009-12-31",
    "sales" : 1656.30,
    "salesGrowthYoY" : 22.51,
    "grossProfitMargin" : 37.01,
    "grossProfit" : 613.00,
    "operatingProfitMargin" : 15.03,
    "operatingProfit" : 248.94,
    "netProfitMargin" : 7.21,
    "netProfit" : 119.42
  }, {
    "date" : "2010-03-31",
    "sales" : 1773.71,
    "salesGrowthYoY" : 26.17,
    "grossProfitMargin" : 33.75,
    "grossProfit" : 598.63,
    "operatingProfitMargin" : 11.80,
    "operatingProfit" : 209.30,
    "netProfitMargin" : 5.40,
    "netProfit" : 95.78
  }, {
    "date" : "2010-06-30",
    "sales" : 1925.40,
    "salesGrowthYoY" : 33.87,
    "grossProfitMargin" : 30.62,
    "grossProfit" : 589.56,
    "operatingProfitMargin" : 8.51,
    "operatingProfit" : 163.85,
    "netProfitMargin" : 3.20,
    "netProfit" : 61.61
  }, {
    "date" : "2010-09-30",
    "sales" : 2108.33,
    "salesGrowthYoY" : 42.76,
    "grossProfitMargin" : 30.70,
    "grossProfit" : 647.26,
    "operatingProfitMargin" : 9.75,
    "operatingProfit" : 205.56,
    "netProfitMargin" : 3.66,
    "netProfit" : 77.16
  }, {
    "date" : "2010-12-31",
    "sales" : 2166.53,
    "salesGrowthYoY" : 30.81,
    "grossProfitMargin" : 30.34,
    "grossProfit" : 657.33,
    "operatingProfitMargin" : 12.24,
    "operatingProfit" : 265.18,
    "netProfitMargin" : 5.34,
    "netProfit" : 115.69
  }, {
    "date" : "2011-03-31",
    "sales" : 2383.79,
    "salesGrowthYoY" : 34.40,
    "grossProfitMargin" : 27.72,
    "grossProfit" : 660.79,
    "operatingProfitMargin" : 10.25,
    "operatingProfit" : 244.34,
    "netProfitMargin" : 4.52,
    "netProfit" : 107.75
  }, {
    "date" : "2011-06-30",
    "sales" : 2573.06,
    "salesGrowthYoY" : 33.64,
    "grossProfitMargin" : 24.09,
    "grossProfit" : 619.85,
    "operatingProfitMargin" : 7.33,
    "operatingProfit" : 188.61,
    "netProfitMargin" : 2.23,
    "netProfit" : 57.38
  }, {
    "date" : "2011-09-30",
    "sales" : 2619.79,
    "salesGrowthYoY" : 24.26,
    "grossProfitMargin" : 26.66,
    "grossProfit" : 698.44,
    "operatingProfitMargin" : 6.89,
    "operatingProfit" : 180.50,
    "netProfitMargin" : 2.34,
    "netProfit" : 61.30
  }, {
    "date" : "2011-12-31",
    "sales" : 2875.49,
    "salesGrowthYoY" : 32.72,
    "grossProfitMargin" : 26.63,
    "grossProfit" : 765.74,
    "operatingProfitMargin" : 8.99,
    "operatingProfit" : 258.51,
    "netProfitMargin" : 3.93,
    "netProfit" : 113.01
  }, {
    "date" : "2012-03-31",
    "sales" : 2992.80,
    "salesGrowthYoY" : 25.55,
    "grossProfitMargin" : 29.53,
    "grossProfit" : 883.77,
    "operatingProfitMargin" : 10.94,
    "operatingProfit" : 327.41,
    "netProfitMargin" : 5.02,
    "netProfit" : 150.24
  }, {
    "date" : "2012-06-30",
    "sales" : 3008.27,
    "salesGrowthYoY" : 16.91,
    "grossProfitMargin" : 30.80,
    "grossProfit" : 926.55,
    "operatingProfitMargin" : 10.78,
    "operatingProfit" : 324.29,
    "netProfitMargin" : 4.81,
    "netProfit" : 144.70
  }, {
    "date" : "2012-09-30",
    "sales" : 2993.62,
    "salesGrowthYoY" : 14.27,
    "grossProfitMargin" : 31.44,
    "grossProfit" : 941.19,
    "operatingProfitMargin" : 11.71,
    "operatingProfit" : 350.55,
    "netProfitMargin" : 5.50,
    "netProfit" : 164.65
  }, {
    "date" : "2012-12-31",
    "sales" : 3025.75,
    "salesGrowthYoY" : 5.23,
    "grossProfitMargin" : 33.12,
    "grossProfit" : 1002.13,
    "operatingProfitMargin" : 13.32,
    "operatingProfit" : 403.03,
    "netProfitMargin" : 5.96,
    "netProfit" : 180.33
  }, {
    "date" : "2013-03-31",
    "sales" : 2906.40,
    "salesGrowthYoY" : -2.89,
    "grossProfitMargin" : 35.28,
    "grossProfit" : 1025.38,
    "operatingProfitMargin" : 15.29,
    "operatingProfit" : 444.39,
    "netProfitMargin" : 7.25,
    "netProfit" : 210.71
  }, {
    "date" : "2013-06-30",
    "sales" : 3051.46,
    "salesGrowthYoY" : 1.44,
    "grossProfitMargin" : 35.01,
    "grossProfit" : 1068.32,
    "operatingProfitMargin" : 15.84,
    "operatingProfit" : 483.35,
    "netProfitMargin" : 7.45,
    "netProfit" : 227.33
  }, {
    "date" : "2013-09-30",
    "sales" : 3147.45,
    "salesGrowthYoY" : 5.14,
    "grossProfitMargin" : 36.09,
    "grossProfit" : 1135.91,
    "operatingProfitMargin" : 13.84,
    "operatingProfit" : 435.61,
    "netProfitMargin" : 5.85,
    "netProfit" : 184.13
  }, {
    "date" : "2013-12-31",
    "sales" : 3200.57,
    "salesGrowthYoY" : 5.78,
    "grossProfitMargin" : 34.83,
    "grossProfit" : 1114.76,
    "operatingProfitMargin" : 13.09,
    "operatingProfit" : 418.95,
    "netProfitMargin" : 5.62,
    "netProfit" : 179.87
  }, {
    "date" : "2014-03-31",
    "sales" : 3298.91,
    "salesGrowthYoY" : 13.51,
    "grossProfitMargin" : 34.31,
    "grossProfit" : 1131.86,
    "operatingProfitMargin" : 12.50,
    "operatingProfit" : 412.36,
    "netProfitMargin" : 5.18,
    "netProfit" : 170.88
  }, {
    "date" : "2014-06-30",
    "sales" : 3336.98,
    "salesGrowthYoY" : 9.36,
    "grossProfitMargin" : 36.25,
    "grossProfit" : 1209.66,
    "operatingProfitMargin" : 14.66,
    "operatingProfit" : 489.20,
    "netProfitMargin" : 6.90,
    "netProfit" : 230.25
  }, {
    "date" : "2014-09-30",
    "sales" : 3361.12,
    "salesGrowthYoY" : 6.79,
    "grossProfitMargin" : 40.52,
    "grossProfit" : 1361.93,
    "operatingProfitMargin" : 18.07,
    "operatingProfit" : 607.35,
    "netProfitMargin" : 9.43,
    "netProfit" : 316.95
  }, {
    "date" : "2014-12-31",
    "sales" : 3353.01,
    "salesGrowthYoY" : 4.76,
    "grossProfitMargin" : 42.12,
    "grossProfit" : 1412.29,
    "operatingProfitMargin" : 18.68,
    "operatingProfit" : 626.34,
    "netProfitMargin" : 9.65,
    "netProfit" : 323.57
  }, {
    "date" : "2015-03-31",
    "sales" : 3312.03,
    "salesGrowthYoY" : 0.40,
    "grossProfitMargin" : 42.59,
    "grossProfit" : 1410.59,
    "operatingProfitMargin" : 19.02,
    "operatingProfit" : 629.95,
    "netProfitMargin" : 10.04,
    "netProfit" : 332.53
  }, {
    "date" : "2015-06-30",
    "sales" : 3477.17,
    "salesGrowthYoY" : 4.20,
    "grossProfitMargin" : 44.17,
    "grossProfit" : 1535.87,
    "operatingProfitMargin" : 23.74,
    "operatingProfit" : 825.48,
    "netProfitMargin" : 13.79,
    "netProfit" : 479.50
  }, {
    "date" : "2015-09-30",
    "sales" : 3273.36,
    "salesGrowthYoY" : -2.61,
    "grossProfitMargin" : 45.50,
    "grossProfit" : 1489.38,
    "operatingProfitMargin" : 24.12,
    "operatingProfit" : 789.53,
    "netProfitMargin" : 13.74,
    "netProfit" : 449.76
  }, {
    "date" : "2015-12-31",
    "sales" : 3200.21,
    "salesGrowthYoY" : -4.56,
    "grossProfitMargin" : 45.39,
    "grossProfit" : 1452.58,
    "operatingProfitMargin" : 23.31,
    "operatingProfit" : 745.97,
    "netProfitMargin" : 12.99,
    "netProfit" : 415.71
  }, {
    "date" : "2016-03-31",
    "sales" : 3386.48,
    "salesGrowthYoY" : 2.25,
    "grossProfitMargin" : 44.74,
    "grossProfit" : 1515.11,
    "operatingProfitMargin" : 21.44,
    "operatingProfit" : 726.06,
    "netProfitMargin" : 12.50,
    "netProfit" : 423.31
  }, {
    "date" : "2016-06-30",
    "sales" : 3481.97,
    "salesGrowthYoY" : 0.14,
    "grossProfitMargin" : 45.56,
    "grossProfit" : 1586.39,
    "operatingProfitMargin" : 24.12,
    "operatingProfit" : 839.85,
    "netProfitMargin" : 14.10,
    "netProfit" : 490.96
  }, {
    "date" : "2016-09-30",
    "sales" : 3249.49,
    "salesGrowthYoY" : -0.73,
    "grossProfitMargin" : 44.77,
    "grossProfit" : 1454.80,
    "operatingProfitMargin" : 20.22,
    "operatingProfit" : 657.05,
    "netProfitMargin" : 11.86,
    "netProfit" : 385.39
  }, {
    "date" : "2016-12-31",
    "sales" : 3175.90,
    "salesGrowthYoY" : -0.76,
    "grossProfitMargin" : 42.96,
    "grossProfit" : 1364.37,
    "operatingProfitMargin" : 17.83,
    "operatingProfit" : 566.26,
    "netProfitMargin" : 9.07,
    "netProfit" : 288.05
  }, {
    "date" : "2017-03-31",
    "sales" : 3338.44,
    "salesGrowthYoY" : -1.42,
    "grossProfitMargin" : 40.17,
    "grossProfit" : 1341.05,
    "operatingProfitMargin" : 15.66,
    "operatingProfit" : 522.80,
    "netProfitMargin" : 8.59,
    "netProfit" : 286.77
  }, {
    "date" : "2017-06-30",
    "sales" : 3566.61,
    "salesGrowthYoY" : 2.43,
    "grossProfitMargin" : 32.50,
    "grossProfit" : 1159.15,
    "operatingProfitMargin" : 7.71,
    "operatingProfit" : 274.99,
    "netProfitMargin" : 2.99,
    "netProfit" : 106.64
  }, {
    "date" : "2017-09-30",
    "sales" : 3591.11,
    "salesGrowthYoY" : 10.51,
    "grossProfitMargin" : 40.01,
    "grossProfit" : 1436.80,
    "operatingProfitMargin" : 16.87,
    "operatingProfit" : 605.82,
    "netProfitMargin" : 8.35,
    "netProfit" : 299.86
  }, {
    "date" : "2017-12-31",
    "sales" : 3798.82,
    "salesGrowthYoY" : 19.61,
    "grossProfitMargin" : 41.58,
    "grossProfit" : 1579.55,
    "operatingProfitMargin" : 18.51,
    "operatingProfit" : 703.16,
    "netProfitMargin" : 8.96,
    "netProfit" : 340.37
  }, {
    "date" : "2018-03-31",
    "sales" : 3835.50,
    "salesGrowthYoY" : 14.89,
    "grossProfitMargin" : 40.37,
    "grossProfit" : 1548.39,
    "operatingProfitMargin" : 17.11,
    "operatingProfit" : 656.25,
    "netProfitMargin" : 9.00,
    "netProfit" : 345.19
  }, {
    "date" : "2018-06-30",
    "sales" : 3836.25,
    "salesGrowthYoY" : 7.56,
    "grossProfitMargin" : 39.55,
    "grossProfit" : 1517.24,
    "operatingProfitMargin" : 15.02,
    "operatingProfit" : 576.20,
    "netProfitMargin" : 6.80,
    "netProfit" : 260.87
  }, {
    "date" : "2018-09-30",
    "sales" : 3893.54,
    "salesGrowthYoY" : 8.42,
    "grossProfitMargin" : 39.20,
    "grossProfit" : 1526.27,
    "operatingProfitMargin" : 14.03,
    "operatingProfit" : 546.26,
    "netProfitMargin" : 6.76,
    "netProfit" : 263.20
  }, {
    "date" : "2018-12-31",
    "sales" : 4033.76,
    "salesGrowthYoY" : 6.18,
    "grossProfitMargin" : 38.68,
    "grossProfit" : 1560.26,
    "operatingProfitMargin" : 13.68,
    "operatingProfit" : 551.82,
    "netProfitMargin" : 6.92,
    "netProfit" : 279.14
  }, {
    "date" : "2019-03-31",
    "sales" : 4073.45,
    "salesGrowthYoY" : 6.20,
    "grossProfitMargin" : 39.08,
    "grossProfit" : 1591.90,
    "operatingProfitMargin" : 14.02,
    "operatingProfit" : 571.10,
    "netProfitMargin" : 7.21,
    "netProfit" : 293.70
  }, {
    "date" : "2019-06-30",
    "sales" : 4409.50,
    "salesGrowthYoY" : 14.94,
    "grossProfitMargin" : 38.85,
    "grossProfit" : 1713.09,
    "operatingProfitMargin" : 13.67,
    "operatingProfit" : 602.78,
    "netProfitMargin" : 6.09,
    "netProfit" : 268.54
  }, {
    "date" : "2019-09-30",
    "sales" : 3947.57,
    "salesGrowthYoY" : 1.39,
    "grossProfitMargin" : 40.55,
    "grossProfit" : 1600.74,
    "operatingProfitMargin" : 13.70,
    "operatingProfit" : 540.82,
    "netProfitMargin" : 5.58,
    "netProfit" : 220.27
  }, {
    "date" : "2019-12-31",
    "sales" : 4008.89,
    "salesGrowthYoY" : -0.62,
    "grossProfitMargin" : 40.30,
    "grossProfit" : 1615.58,
    "operatingProfitMargin" : 15.22,
    "operatingProfit" : 610.15,
    "netProfitMargin" : 5.90,
    "netProfit" : 236.52
  }, {
    "date" : "2020-03-31",
    "sales" : 3625.18,
    "salesGrowthYoY" : -11.00,
    "grossProfitMargin" : 42.83,
    "grossProfit" : 1552.66,
    "operatingProfitMargin" : 15.72,
    "operatingProfit" : 569.88,
    "netProfitMargin" : 18.47,
    "netProfit" : 669.57
  }, {
    "date" : "2020-06-30",
    "sales" : 2430.57,
    "salesGrowthYoY" : -44.88,
    "grossProfitMargin" : 40.00,
    "grossProfit" : 972.23,
    "operatingProfitMargin" : 13.64,
    "operatingProfit" : 331.53,
    "netProfitMargin" : 0.70,
    "netProfit" : 17.01
  }, {
    "date" : "2020-09-30",
    "sales" : 4186.35,
    "salesGrowthYoY" : 6.05,
    "grossProfitMargin" : 44.26,
    "grossProfit" : 1852.88,
    "operatingProfitMargin" : 20.41,
    "operatingProfit" : 854.43,
    "netProfitMargin" : 9.63,
    "netProfit" : 403.15
  }, {
    "date" : "2020-12-31",
    "sales" : 4566.75,
    "salesGrowthYoY" : 13.92,
    "grossProfitMargin" : 44.75,
    "grossProfit" : 2043.62,
    "operatingProfitMargin" : 21.09,
    "operatingProfit" : 963.13,
    "netProfitMargin" : 11.21,
    "netProfit" : 511.93
  }, {
    "date" : "2021-03-31",
    "sales" : 4737.68,
    "salesGrowthYoY" : 30.69,
    "grossProfitMargin" : 38.50,
    "grossProfit" : 1824.01,
    "operatingProfitMargin" : 15.74,
    "operatingProfit" : 745.71,
    "netProfitMargin" : 6.70,
    "netProfit" : 317.42
  }, {
    "date" : "2021-06-30",
    "sales" : 4127.72,
    "salesGrowthYoY" : 69.83,
    "grossProfitMargin" : 37.91,
    "grossProfit" : 1564.82,
    "operatingProfitMargin" : 11.80,
    "operatingProfit" : 487.07,
    "netProfitMargin" : 3.91,
    "netProfit" : 161.39
  }, {
    "date" : "2021-09-30",
    "sales" : 4831.65,
    "salesGrowthYoY" : 15.41,
    "grossProfitMargin" : 35.48,
    "grossProfit" : 1714.27,
    "operatingProfitMargin" : 10.60,
    "operatingProfit" : 512.15,
    "netProfitMargin" : 3.80,
    "netProfit" : 183.60
  }, {
    "date" : "2021-12-31",
    "sales" : 4829.85,
    "salesGrowthYoY" : 5.76,
    "grossProfitMargin" : 33.38,
    "grossProfit" : 1612.20,
    "operatingProfitMargin" : 10.06,
    "operatingProfit" : 485.88,
    "netProfitMargin" : 3.02,
    "netProfit" : 145.86
  }, {
    "date" : "2022-03-31",
    "sales" : 5200.29,
    "salesGrowthYoY" : 9.76,
    "grossProfitMargin" : 32.14,
    "grossProfit" : 1671.37,
    "operatingProfitMargin" : 10.14,
    "operatingProfit" : 527.31,
    "netProfitMargin" : 3.01,
    "netProfit" : 156.53
  }, {
    "date" : "2022-06-30",
    "sales" : 5598.92,
    "salesGrowthYoY" : 35.64,
    "grossProfitMargin" : 31.45,
    "grossProfit" : 1760.86,
    "operatingProfitMargin" : 8.54,
    "operatingProfit" : 478.15,
    "netProfitMargin" : 2.01,
    "netProfit" : 112.54
  }, {
    "date" : "2022-09-30",
    "sales" : 5719.00,
    "salesGrowthYoY" : 18.37,
    "grossProfitMargin" : 29.67,
    "grossProfit" : 1696.83,
    "operatingProfitMargin" : 8.17,
    "operatingProfit" : 467.24,
    "netProfitMargin" : 2.17,
    "netProfit" : 124.10
  }, {
    "date" : "2022-12-31",
    "sales" : 5534.92,
    "salesGrowthYoY" : 14.60,
    "grossProfitMargin" : 32.13,
    "grossProfit" : 1778.37,
    "operatingProfitMargin" : 9.91,
    "operatingProfit" : 548.51,
    "netProfitMargin" : 3.06,
    "netProfit" : 169.37
  }, {
    "date" : "2023-03-31",
    "sales" : 5725.39,
    "salesGrowthYoY" : 10.10,
    "grossProfitMargin" : 37.02,
    "grossProfit" : 2119.54,
    "operatingProfitMargin" : 14.73,
    "operatingProfit" : 843.35,
    "netProfitMargin" : 6.18,
    "netProfit" : 353.83
  }, {
    "date" : "2023-06-30",
    "sales" : 6323.28,
    "salesGrowthYoY" : 12.94,
    "grossProfitMargin" : 38.83,
    "grossProfit" : 2455.33,
    "operatingProfitMargin" : 17.62,
    "operatingProfit" : 1114.16,
    "netProfitMargin" : 9.20,
    "netProfit" : 581.74
  }, {
    "date" : "2023-09-30",
    "sales" : 6087.56,
    "salesGrowthYoY" : 6.44,
    "grossProfitMargin" : 40.77,
    "grossProfit" : 2481.90,
    "operatingProfitMargin" : 18.54,
    "operatingProfit" : 1128.63,
    "netProfitMargin" : 9.40,
    "netProfit" : 572.23
  }, {
    "date" : "2023-12-31",
    "sales" : 6047.79,
    "salesGrowthYoY" : 9.27,
    "grossProfitMargin" : 40.14,
    "grossProfit" : 2427.58,
    "operatingProfitMargin" : 17.19,
    "operatingProfit" : 1039.62,
    "netProfitMargin" : 8.40,
    "netProfit" : 508.01
  }, {
    "date" : "2024-03-31",
    "sales" : 6215.05,
    "salesGrowthYoY" : 8.55,
    "grossProfitMargin" : 38.92,
    "grossProfit" : 2418.90,
    "operatingProfitMargin" : 14.25,
    "operatingProfit" : 885.64,
    "netProfitMargin" : 6.11,
    "netProfit" : 379.74
  }, {
    "date" : "2024-06-30",
    "sales" : 7077.84,
    "salesGrowthYoY" : 11.93,
    "grossProfitMargin" : 37.25,
    "grossProfit" : 2636.50,
    "operatingProfitMargin" : 16.08,
    "operatingProfit" : 1138.12,
    "netProfitMargin" : 7.95,
    "netProfit" : 562.69
  }, {
    "date" : "2024-09-30",
    "sales" : 6760.37,
    "salesGrowthYoY" : 11.05,
    "grossProfitMargin" : 36.51,
    "grossProfit" : 2468.21,
    "operatingProfitMargin" : 14.40,
    "operatingProfit" : 973.49,
    "netProfitMargin" : 6.74,
    "netProfit" : 455.65
  }, {
    "date" : "2024-12-31",
    "sales" : 6883.17,
    "salesGrowthYoY" : 13.81,
    "grossProfitMargin" : 33.12,
    "grossProfit" : 2279.71,
    "operatingProfitMargin" : 11.65,
    "operatingProfit" : 801.89,
    "netProfitMargin" : 4.46,
    "netProfit" : 306.99
  }, {
    "date" : "2025-03-31",
    "sales" : 6943.84,
    "salesGrowthYoY" : 11.73,
    "grossProfitMargin" : 36.07,
    "grossProfit" : 2504.64,
    "operatingProfitMargin" : 15.02,
    "operatingProfit" : 1042.96,
    "netProfitMargin" : 7.17,
    "netProfit" : 497.87
  }, {
    "date" : "2025-06-30",
    "sales" : 7560.28,
    "salesGrowthYoY" : 6.82,
    "grossProfitMargin" : 34.34,
    "grossProfit" : 2596.20,
    "operatingProfitMargin" : 13.68,
    "operatingProfit" : 1034.25,
    "netProfitMargin" : 6.40,
    "netProfit" : 483.86
  }, {
    "date" : "2025-09-30",
    "sales" : 7249.68,
    "salesGrowthYoY" : 7.24,
    "grossProfitMargin" : 36.38,
    "grossProfit" : 2637.43,
    "operatingProfitMargin" : 15.03,
    "operatingProfit" : 1089.63,
    "netProfitMargin" : 7.06,
    "netProfit" : 511.83
  }, {
    "date" : "2025-12-31",
    "sales" : 7933.69,
    "salesGrowthYoY" : 15.26,
    "grossProfitMargin" : 37.93,
    "grossProfit" : 3009.25,
    "operatingProfitMargin" : 17.20,
    "operatingProfit" : 1364.59,
    "netProfitMargin" : 9.28,
    "netProfit" : 736.25
  } ],
  "latestQuarterlyResult" : {
    "date" : "2025-12-31",
    "sales" : 7933.69,
    "salesGrowthYoY" : 15.26,
    "grossProfitMargin" : 37.93,
    "grossProfit" : 3009.25,
    "operatingProfitMargin" : 17.20,
    "operatingProfit" : 1364.59,
    "netProfitMargin" : 9.28,
    "netProfit" : 736.25
  },
  "companyScore" : {
    "priceHigherThanDma50" : 5.00,
    "priceHigherThanDma100" : 0.00,
    "priceHigherThanDma200" : 5.00,
    "dma50HigherThanDma100" : 0.00,
    "dma50HigherThanDma200" : 5.00,
    "dma100HigherThanDma200" : 5.00,
    "pricePercentageAboveDma50" : 4.99,
    "pricePercentageAboveDma100" : 5.15,
    "pricePercentageAboveDma200" : 4.94,
    "weeklyVolumeHigherThanYearlyVolume" : 0.00,
    "salesGrowthPercentile" : 13.75,
    "operatingProfitMarginPercentile" : 16.19,
    "netProfitMarginPercentile" : 8.45,
    "totalTechnicalScore" : 35.08,
    "totalFundamentalScore" : 38.39,
    "totalScore" : 73.47
  }
}