{
  "metadata" : {
    "screenerCompanyId" : "1996",
    "companyCode" : "MRPL",
    "companyName" : "M R P L",
    "screenerCompanyLink" : "https://www.screener.in/company/MRPL/consolidated/",
    "screenerTechnicalHistoryLink" : "https://www.screener.in/api/company/1996/chart/?q=Price-DMA50-DMA200-Volume&days=365",
    "screenerQuarterlyResultsLink" : "https://www.screener.in/api/company/1996/chart/?q=GPM-OPM-NPM-Quarter+Sales&days=10000",
    "attributes" : {
      "companyCode" : "MRPL",
      "companyName" : "M R P L",
      "marketCap" : 27411.00,
      "peRatio" : 12.60,
      "description" : "Mangalore Refinery & Petrochemicals Limited (MRPL) was set up as a joint venture (JV) between the AV Birla Group and Hindustan Petroleum Corporation Limited (HPCL). It is now a subsidiary of Oil & Natural Gas Corporation(ONGC). The company is mainly engaged in the business of refining crude oil, petrochemical business, trading of aviation fuels and distribution of petroleum products through retail outlets and transport terminals. [1][2]"
    },
    "companyScore" : {
      "priceHigherThanDma50" : 5.00,
      "priceHigherThanDma100" : 5.00,
      "priceHigherThanDma200" : 5.00,
      "dma50HigherThanDma100" : 5.00,
      "dma50HigherThanDma200" : 5.00,
      "dma100HigherThanDma200" : 5.00,
      "pricePercentageAboveDma50" : 4.81,
      "pricePercentageAboveDma100" : 4.75,
      "pricePercentageAboveDma200" : 4.68,
      "weeklyVolumeHigherThanYearlyVolume" : 5.00,
      "salesGrowthPercentile" : 11.50,
      "operatingProfitMarginPercentile" : 17.86,
      "netProfitMarginPercentile" : 8.45,
      "totalTechnicalScore" : 49.24,
      "totalFundamentalScore" : 37.81,
      "totalScore" : 87.05
    }
  },
  "attributes" : {
    "companyCode" : "MRPL",
    "companyName" : "M R P L",
    "marketCap" : 27411.00,
    "peRatio" : 12.60,
    "description" : "Mangalore Refinery & Petrochemicals Limited (MRPL) was set up as a joint venture (JV) between the AV Birla Group and Hindustan Petroleum Corporation Limited (HPCL). It is now a subsidiary of Oil & Natural Gas Corporation(ONGC). The company is mainly engaged in the business of refining crude oil, petrochemical business, trading of aviation fuels and distribution of petroleum products through retail outlets and transport terminals. [1][2]"
  },
  "technicalHistory" : [ {
    "date" : "2025-01-28",
    "price" : 123.07,
    "dma50" : 146.33,
    "dma100" : null,
    "dma200" : 168.06,
    "volume" : 2378303.00
  }, {
    "date" : "2025-01-29",
    "price" : 126.15,
    "dma50" : 145.54,
    "dma100" : null,
    "dma200" : 167.64,
    "volume" : 1271257.00
  }, {
    "date" : "2025-01-30",
    "price" : 126.39,
    "dma50" : 144.79,
    "dma100" : null,
    "dma200" : 167.23,
    "volume" : 1148031.00
  }, {
    "date" : "2025-01-31",
    "price" : 129.50,
    "dma50" : 144.19,
    "dma100" : null,
    "dma200" : 166.86,
    "volume" : 1531882.00
  }, {
    "date" : "2025-02-01",
    "price" : 128.17,
    "dma50" : 143.56,
    "dma100" : null,
    "dma200" : 166.47,
    "volume" : 1264277.00
  }, {
    "date" : "2025-02-03",
    "price" : 121.87,
    "dma50" : 142.71,
    "dma100" : null,
    "dma200" : 166.03,
    "volume" : 1611399.00
  }, {
    "date" : "2025-02-04",
    "price" : 124.04,
    "dma50" : 141.98,
    "dma100" : null,
    "dma200" : 165.61,
    "volume" : 1056159.00
  }, {
    "date" : "2025-02-05",
    "price" : 127.20,
    "dma50" : 141.40,
    "dma100" : null,
    "dma200" : 165.23,
    "volume" : 1617712.00
  }, {
    "date" : "2025-02-06",
    "price" : 126.04,
    "dma50" : 140.80,
    "dma100" : null,
    "dma200" : 164.84,
    "volume" : 1020461.00
  }, {
    "date" : "2025-02-07",
    "price" : 124.13,
    "dma50" : 140.14,
    "dma100" : null,
    "dma200" : 164.43,
    "volume" : 988102.00
  }, {
    "date" : "2025-02-10",
    "price" : 121.30,
    "dma50" : 139.41,
    "dma100" : null,
    "dma200" : 164.00,
    "volume" : 1038742.00
  }, {
    "date" : "2025-02-11",
    "price" : 117.63,
    "dma50" : 138.55,
    "dma100" : null,
    "dma200" : 163.54,
    "volume" : 1418891.00
  }, {
    "date" : "2025-02-12",
    "price" : 115.28,
    "dma50" : 137.64,
    "dma100" : null,
    "dma200" : 163.06,
    "volume" : 2327865.00
  }, {
    "date" : "2025-02-13",
    "price" : 115.52,
    "dma50" : 136.77,
    "dma100" : null,
    "dma200" : 162.59,
    "volume" : 983133.00
  }, {
    "date" : "2025-02-14",
    "price" : 110.67,
    "dma50" : 135.75,
    "dma100" : null,
    "dma200" : 162.07,
    "volume" : 1505140.00
  }, {
    "date" : "2025-02-17",
    "price" : 111.00,
    "dma50" : 134.78,
    "dma100" : null,
    "dma200" : 161.57,
    "volume" : 1552002.00
  }, {
    "date" : "2025-02-18",
    "price" : 110.28,
    "dma50" : 133.82,
    "dma100" : null,
    "dma200" : 161.05,
    "volume" : 1381688.00
  }, {
    "date" : "2025-02-19",
    "price" : 114.07,
    "dma50" : 133.04,
    "dma100" : null,
    "dma200" : 160.59,
    "volume" : 1268413.00
  }, {
    "date" : "2025-02-20",
    "price" : 117.37,
    "dma50" : 132.43,
    "dma100" : null,
    "dma200" : 160.16,
    "volume" : 4087227.00
  }, {
    "date" : "2025-02-21",
    "price" : 115.63,
    "dma50" : 131.77,
    "dma100" : null,
    "dma200" : 159.71,
    "volume" : 1544793.00
  }, {
    "date" : "2025-02-24",
    "price" : 114.35,
    "dma50" : 131.09,
    "dma100" : null,
    "dma200" : 159.26,
    "volume" : 968654.00
  }, {
    "date" : "2025-02-25",
    "price" : 114.31,
    "dma50" : 130.43,
    "dma100" : null,
    "dma200" : 158.82,
    "volume" : 945121.00
  }, {
    "date" : "2025-02-27",
    "price" : 110.49,
    "dma50" : 129.65,
    "dma100" : null,
    "dma200" : 158.33,
    "volume" : 839377.00
  }, {
    "date" : "2025-02-28",
    "price" : 105.80,
    "dma50" : 128.71,
    "dma100" : null,
    "dma200" : 157.81,
    "volume" : 1224761.00
  }, {
    "date" : "2025-03-03",
    "price" : 101.40,
    "dma50" : 127.64,
    "dma100" : null,
    "dma200" : 157.25,
    "volume" : 3268050.00
  }, {
    "date" : "2025-03-04",
    "price" : 103.31,
    "dma50" : 126.69,
    "dma100" : null,
    "dma200" : 156.71,
    "volume" : 2139949.00
  }, {
    "date" : "2025-03-05",
    "price" : 106.29,
    "dma50" : 125.89,
    "dma100" : null,
    "dma200" : 156.21,
    "volume" : 1678042.00
  }, {
    "date" : "2025-03-06",
    "price" : 113.10,
    "dma50" : 125.38,
    "dma100" : null,
    "dma200" : 155.78,
    "volume" : 14120454.00
  }, {
    "date" : "2025-03-07",
    "price" : 113.67,
    "dma50" : 124.93,
    "dma100" : null,
    "dma200" : 155.36,
    "volume" : 5512929.00
  }, {
    "date" : "2025-03-10",
    "price" : 111.28,
    "dma50" : 124.39,
    "dma100" : null,
    "dma200" : 154.93,
    "volume" : 1481765.00
  }, {
    "date" : "2025-03-11",
    "price" : 112.68,
    "dma50" : 123.93,
    "dma100" : null,
    "dma200" : 154.51,
    "volume" : 5354513.00
  }, {
    "date" : "2025-03-12",
    "price" : 112.09,
    "dma50" : 123.47,
    "dma100" : null,
    "dma200" : 154.08,
    "volume" : 1376307.00
  }, {
    "date" : "2025-03-13",
    "price" : 119.33,
    "dma50" : 123.30,
    "dma100" : null,
    "dma200" : 153.74,
    "volume" : 41496807.00
  }, {
    "date" : "2025-03-17",
    "price" : 117.47,
    "dma50" : 123.08,
    "dma100" : null,
    "dma200" : 153.38,
    "volume" : 8736241.00
  }, {
    "date" : "2025-03-18",
    "price" : 114.84,
    "dma50" : 122.75,
    "dma100" : null,
    "dma200" : 152.99,
    "volume" : 4716564.00
  }, {
    "date" : "2025-03-19",
    "price" : 115.95,
    "dma50" : 122.49,
    "dma100" : null,
    "dma200" : 152.62,
    "volume" : 5782366.00
  }, {
    "date" : "2025-03-20",
    "price" : 117.88,
    "dma50" : 122.31,
    "dma100" : null,
    "dma200" : 152.28,
    "volume" : 4532073.00
  }, {
    "date" : "2025-03-21",
    "price" : 135.53,
    "dma50" : 122.82,
    "dma100" : null,
    "dma200" : 152.11,
    "volume" : 34256288.00
  }, {
    "date" : "2025-03-24",
    "price" : 143.24,
    "dma50" : 123.62,
    "dma100" : null,
    "dma200" : 152.02,
    "volume" : 20307481.00
  }, {
    "date" : "2025-03-25",
    "price" : 140.18,
    "dma50" : 124.27,
    "dma100" : null,
    "dma200" : 151.91,
    "volume" : 10719160.00
  }, {
    "date" : "2025-03-26",
    "price" : 140.92,
    "dma50" : 124.93,
    "dma100" : null,
    "dma200" : 151.80,
    "volume" : 15650334.00
  }, {
    "date" : "2025-03-27",
    "price" : 136.92,
    "dma50" : 125.40,
    "dma100" : null,
    "dma200" : 151.65,
    "volume" : 5633828.00
  }, {
    "date" : "2025-03-28",
    "price" : 134.44,
    "dma50" : 125.75,
    "dma100" : null,
    "dma200" : 151.48,
    "volume" : 3929008.00
  }, {
    "date" : "2025-04-01",
    "price" : 134.62,
    "dma50" : 126.10,
    "dma100" : null,
    "dma200" : 151.31,
    "volume" : 4073370.00
  }, {
    "date" : "2025-04-02",
    "price" : 138.35,
    "dma50" : 126.58,
    "dma100" : null,
    "dma200" : 151.18,
    "volume" : 4704150.00
  }, {
    "date" : "2025-04-03",
    "price" : 136.73,
    "dma50" : 126.98,
    "dma100" : null,
    "dma200" : 151.04,
    "volume" : 3780500.00
  }, {
    "date" : "2025-04-04",
    "price" : 134.90,
    "dma50" : 127.29,
    "dma100" : null,
    "dma200" : 150.88,
    "volume" : 11421154.00
  }, {
    "date" : "2025-04-07",
    "price" : 129.18,
    "dma50" : 127.36,
    "dma100" : null,
    "dma200" : 150.66,
    "volume" : 7321984.00
  }, {
    "date" : "2025-04-08",
    "price" : 134.91,
    "dma50" : 127.66,
    "dma100" : null,
    "dma200" : 150.50,
    "volume" : 4004215.00
  }, {
    "date" : "2025-04-09",
    "price" : 132.24,
    "dma50" : 127.84,
    "dma100" : null,
    "dma200" : 150.32,
    "volume" : 2884693.00
  }, {
    "date" : "2025-04-11",
    "price" : 130.81,
    "dma50" : 127.95,
    "dma100" : null,
    "dma200" : 150.13,
    "volume" : 3700683.00
  }, {
    "date" : "2025-04-15",
    "price" : 132.50,
    "dma50" : 128.13,
    "dma100" : null,
    "dma200" : 149.95,
    "volume" : 2238912.00
  }, {
    "date" : "2025-04-16",
    "price" : 137.58,
    "dma50" : 128.50,
    "dma100" : null,
    "dma200" : 149.83,
    "volume" : 10656249.00
  }, {
    "date" : "2025-04-17",
    "price" : 136.21,
    "dma50" : 128.81,
    "dma100" : null,
    "dma200" : 149.69,
    "volume" : 2277765.00
  }, {
    "date" : "2025-04-21",
    "price" : 141.08,
    "dma50" : 129.29,
    "dma100" : null,
    "dma200" : 149.61,
    "volume" : 8086917.00
  }, {
    "date" : "2025-04-22",
    "price" : 143.07,
    "dma50" : 129.83,
    "dma100" : null,
    "dma200" : 149.54,
    "volume" : 4182007.00
  }, {
    "date" : "2025-04-23",
    "price" : 141.26,
    "dma50" : 130.28,
    "dma100" : null,
    "dma200" : 149.46,
    "volume" : 4182380.00
  }, {
    "date" : "2025-04-24",
    "price" : 141.20,
    "dma50" : 130.70,
    "dma100" : null,
    "dma200" : 149.38,
    "volume" : 2243166.00
  }, {
    "date" : "2025-04-25",
    "price" : 137.11,
    "dma50" : 130.96,
    "dma100" : null,
    "dma200" : 149.26,
    "volume" : 4897339.00
  }, {
    "date" : "2025-04-28",
    "price" : 135.66,
    "dma50" : 131.14,
    "dma100" : null,
    "dma200" : 149.12,
    "volume" : 5135420.00
  }, {
    "date" : "2025-04-29",
    "price" : 133.90,
    "dma50" : 131.25,
    "dma100" : null,
    "dma200" : 148.97,
    "volume" : 4085040.00
  }, {
    "date" : "2025-04-30",
    "price" : 134.21,
    "dma50" : 131.36,
    "dma100" : null,
    "dma200" : 148.82,
    "volume" : 2675110.00
  }, {
    "date" : "2025-05-02",
    "price" : 134.00,
    "dma50" : 131.47,
    "dma100" : null,
    "dma200" : 148.68,
    "volume" : 1954435.00
  }, {
    "date" : "2025-05-05",
    "price" : 133.34,
    "dma50" : 131.54,
    "dma100" : null,
    "dma200" : 148.52,
    "volume" : 6253572.00
  }, {
    "date" : "2025-05-06",
    "price" : 127.98,
    "dma50" : 131.40,
    "dma100" : null,
    "dma200" : 148.32,
    "volume" : 2707223.00
  }, {
    "date" : "2025-05-07",
    "price" : 130.99,
    "dma50" : 131.39,
    "dma100" : null,
    "dma200" : 148.15,
    "volume" : 2486664.00
  }, {
    "date" : "2025-05-08",
    "price" : 125.16,
    "dma50" : 131.14,
    "dma100" : null,
    "dma200" : 147.92,
    "volume" : 4137798.00
  }, {
    "date" : "2025-05-09",
    "price" : 125.39,
    "dma50" : 130.92,
    "dma100" : null,
    "dma200" : 147.69,
    "volume" : 2577816.00
  }, {
    "date" : "2025-05-12",
    "price" : 131.83,
    "dma50" : 130.95,
    "dma100" : null,
    "dma200" : 147.54,
    "volume" : 1847854.00
  }, {
    "date" : "2025-05-13",
    "price" : 132.04,
    "dma50" : 130.99,
    "dma100" : null,
    "dma200" : 147.38,
    "volume" : 1444958.00
  }, {
    "date" : "2025-05-14",
    "price" : 134.23,
    "dma50" : 131.12,
    "dma100" : null,
    "dma200" : 147.25,
    "volume" : 1541400.00
  }, {
    "date" : "2025-05-15",
    "price" : 135.86,
    "dma50" : 131.31,
    "dma100" : null,
    "dma200" : 147.14,
    "volume" : 3189267.00
  }, {
    "date" : "2025-05-16",
    "price" : 138.00,
    "dma50" : 131.57,
    "dma100" : null,
    "dma200" : 147.05,
    "volume" : 3600962.00
  }, {
    "date" : "2025-05-19",
    "price" : 137.75,
    "dma50" : 131.81,
    "dma100" : null,
    "dma200" : 146.95,
    "volume" : 2531835.00
  }, {
    "date" : "2025-05-20",
    "price" : 139.59,
    "dma50" : 132.12,
    "dma100" : null,
    "dma200" : 146.88,
    "volume" : 7481253.00
  }, {
    "date" : "2025-05-21",
    "price" : 139.72,
    "dma50" : 132.41,
    "dma100" : null,
    "dma200" : 146.81,
    "volume" : 3135666.00
  }, {
    "date" : "2025-05-22",
    "price" : 137.19,
    "dma50" : 132.60,
    "dma100" : null,
    "dma200" : 146.71,
    "volume" : 1601713.00
  }, {
    "date" : "2025-05-23",
    "price" : 141.24,
    "dma50" : 132.94,
    "dma100" : null,
    "dma200" : 146.66,
    "volume" : 4137990.00
  }, {
    "date" : "2025-05-26",
    "price" : 141.99,
    "dma50" : 133.30,
    "dma100" : null,
    "dma200" : 146.61,
    "volume" : 2414802.00
  }, {
    "date" : "2025-05-27",
    "price" : 140.64,
    "dma50" : 133.58,
    "dma100" : null,
    "dma200" : 146.55,
    "volume" : 1320403.00
  }, {
    "date" : "2025-05-28",
    "price" : 148.83,
    "dma50" : 134.18,
    "dma100" : null,
    "dma200" : 146.58,
    "volume" : 17356097.00
  }, {
    "date" : "2025-05-29",
    "price" : 149.97,
    "dma50" : 134.80,
    "dma100" : null,
    "dma200" : 146.61,
    "volume" : 7932372.00
  }, {
    "date" : "2025-05-30",
    "price" : 144.04,
    "dma50" : 135.16,
    "dma100" : null,
    "dma200" : 146.58,
    "volume" : 3309706.00
  }, {
    "date" : "2025-06-02",
    "price" : 143.50,
    "dma50" : 135.49,
    "dma100" : null,
    "dma200" : 146.55,
    "volume" : 1772068.00
  }, {
    "date" : "2025-06-03",
    "price" : 141.04,
    "dma50" : 135.71,
    "dma100" : null,
    "dma200" : 146.50,
    "volume" : 3626677.00
  }, {
    "date" : "2025-06-04",
    "price" : 141.70,
    "dma50" : 135.94,
    "dma100" : null,
    "dma200" : 146.45,
    "volume" : 2437182.00
  }, {
    "date" : "2025-06-05",
    "price" : 141.34,
    "dma50" : 136.15,
    "dma100" : null,
    "dma200" : 146.40,
    "volume" : 1552866.00
  }, {
    "date" : "2025-06-06",
    "price" : 141.07,
    "dma50" : 136.35,
    "dma100" : null,
    "dma200" : 146.35,
    "volume" : 1151488.00
  }, {
    "date" : "2025-06-09",
    "price" : 143.15,
    "dma50" : 136.61,
    "dma100" : null,
    "dma200" : 146.31,
    "volume" : 1917441.00
  }, {
    "date" : "2025-06-10",
    "price" : 143.91,
    "dma50" : 136.90,
    "dma100" : null,
    "dma200" : 146.29,
    "volume" : 2426384.00
  }, {
    "date" : "2025-06-11",
    "price" : 145.90,
    "dma50" : 137.25,
    "dma100" : null,
    "dma200" : 146.29,
    "volume" : 9339336.00
  }, {
    "date" : "2025-06-12",
    "price" : 142.78,
    "dma50" : 137.47,
    "dma100" : null,
    "dma200" : 146.25,
    "volume" : 3196174.00
  }, {
    "date" : "2025-06-13",
    "price" : 138.92,
    "dma50" : 137.53,
    "dma100" : null,
    "dma200" : 146.18,
    "volume" : 2149784.00
  }, {
    "date" : "2025-06-16",
    "price" : 136.67,
    "dma50" : 137.49,
    "dma100" : null,
    "dma200" : 146.08,
    "volume" : 2973670.00
  }, {
    "date" : "2025-06-17",
    "price" : 137.69,
    "dma50" : 137.50,
    "dma100" : null,
    "dma200" : 146.00,
    "volume" : 1880840.00
  }, {
    "date" : "2025-06-18",
    "price" : 135.65,
    "dma50" : 137.43,
    "dma100" : null,
    "dma200" : 145.90,
    "volume" : 1205183.00
  }, {
    "date" : "2025-06-19",
    "price" : 132.77,
    "dma50" : 137.25,
    "dma100" : null,
    "dma200" : 145.77,
    "volume" : 1316740.00
  }, {
    "date" : "2025-06-20",
    "price" : 135.05,
    "dma50" : 137.16,
    "dma100" : null,
    "dma200" : 145.66,
    "volume" : 1902124.00
  }, {
    "date" : "2025-06-23",
    "price" : 145.74,
    "dma50" : 137.50,
    "dma100" : null,
    "dma200" : 145.66,
    "volume" : 23238449.00
  }, {
    "date" : "2025-06-24",
    "price" : 141.74,
    "dma50" : 137.66,
    "dma100" : null,
    "dma200" : 145.62,
    "volume" : 3518721.00
  }, {
    "date" : "2025-06-25",
    "price" : 141.23,
    "dma50" : 137.80,
    "dma100" : 130.03,
    "dma200" : 145.58,
    "volume" : 2565506.00
  }, {
    "date" : "2025-06-26",
    "price" : 142.77,
    "dma50" : 138.00,
    "dma100" : 130.19,
    "dma200" : 145.55,
    "volume" : 3410784.00
  }, {
    "date" : "2025-06-27",
    "price" : 143.41,
    "dma50" : 138.21,
    "dma100" : 130.37,
    "dma200" : 145.53,
    "volume" : 1897236.00
  }, {
    "date" : "2025-06-30",
    "price" : 143.33,
    "dma50" : 138.41,
    "dma100" : 130.50,
    "dma200" : 145.51,
    "volume" : 1297986.00
  }, {
    "date" : "2025-07-01",
    "price" : 142.79,
    "dma50" : 138.58,
    "dma100" : 130.65,
    "dma200" : 145.48,
    "volume" : 2923753.00
  }, {
    "date" : "2025-07-02",
    "price" : 144.23,
    "dma50" : 138.80,
    "dma100" : 130.87,
    "dma200" : 145.47,
    "volume" : 6274469.00
  }, {
    "date" : "2025-07-03",
    "price" : 147.62,
    "dma50" : 139.15,
    "dma100" : 131.11,
    "dma200" : 145.49,
    "volume" : 13418933.00
  }, {
    "date" : "2025-07-04",
    "price" : 150.87,
    "dma50" : 139.61,
    "dma100" : 131.35,
    "dma200" : 145.54,
    "volume" : 19656195.00
  }, {
    "date" : "2025-07-07",
    "price" : 145.61,
    "dma50" : 139.84,
    "dma100" : 131.54,
    "dma200" : 145.54,
    "volume" : 4485821.00
  }, {
    "date" : "2025-07-08",
    "price" : 144.83,
    "dma50" : 140.04,
    "dma100" : 131.75,
    "dma200" : 145.54,
    "volume" : 2584753.00
  }, {
    "date" : "2025-07-09",
    "price" : 146.74,
    "dma50" : 140.30,
    "dma100" : 132.00,
    "dma200" : 145.55,
    "volume" : 5985310.00
  }, {
    "date" : "2025-07-10",
    "price" : 145.56,
    "dma50" : 140.51,
    "dma100" : 132.28,
    "dma200" : 145.55,
    "volume" : 1848972.00
  }, {
    "date" : "2025-07-11",
    "price" : 142.44,
    "dma50" : 140.58,
    "dma100" : 132.55,
    "dma200" : 145.52,
    "volume" : 1768150.00
  }, {
    "date" : "2025-07-14",
    "price" : 141.98,
    "dma50" : 140.64,
    "dma100" : 132.82,
    "dma200" : 145.48,
    "volume" : 1415169.00
  }, {
    "date" : "2025-07-15",
    "price" : 145.78,
    "dma50" : 140.84,
    "dma100" : 133.17,
    "dma200" : 145.49,
    "volume" : 2577840.00
  }, {
    "date" : "2025-07-16",
    "price" : 146.96,
    "dma50" : 141.08,
    "dma100" : 133.53,
    "dma200" : 145.50,
    "volume" : 2180434.00
  }, {
    "date" : "2025-07-17",
    "price" : 147.50,
    "dma50" : 141.33,
    "dma100" : 133.90,
    "dma200" : 145.52,
    "volume" : 2322728.00
  }, {
    "date" : "2025-07-18",
    "price" : 149.21,
    "dma50" : 141.64,
    "dma100" : 134.25,
    "dma200" : 145.56,
    "volume" : 5509833.00
  }, {
    "date" : "2025-07-21",
    "price" : 139.15,
    "dma50" : 141.54,
    "dma100" : 134.47,
    "dma200" : 145.49,
    "volume" : 8296735.00
  }, {
    "date" : "2025-07-22",
    "price" : 144.81,
    "dma50" : 141.67,
    "dma100" : 134.76,
    "dma200" : 145.49,
    "volume" : 11801162.00
  }, {
    "date" : "2025-07-23",
    "price" : 155.89,
    "dma50" : 142.23,
    "dma100" : 135.18,
    "dma200" : 145.59,
    "volume" : 40440243.00
  }, {
    "date" : "2025-07-24",
    "price" : 151.39,
    "dma50" : 142.59,
    "dma100" : 135.55,
    "dma200" : 145.65,
    "volume" : 12991115.00
  }, {
    "date" : "2025-07-25",
    "price" : 140.82,
    "dma50" : 142.52,
    "dma100" : 135.85,
    "dma200" : 145.60,
    "volume" : 7328658.00
  }, {
    "date" : "2025-07-28",
    "price" : 134.96,
    "dma50" : 142.22,
    "dma100" : 136.14,
    "dma200" : 145.49,
    "volume" : 5406964.00
  }, {
    "date" : "2025-07-29",
    "price" : 131.32,
    "dma50" : 141.80,
    "dma100" : 136.44,
    "dma200" : 145.35,
    "volume" : 5490293.00
  }, {
    "date" : "2025-07-30",
    "price" : 129.87,
    "dma50" : 141.33,
    "dma100" : 136.71,
    "dma200" : 145.20,
    "volume" : 3763415.00
  }, {
    "date" : "2025-07-31",
    "price" : 126.11,
    "dma50" : 140.73,
    "dma100" : 136.91,
    "dma200" : 145.01,
    "volume" : 4544314.00
  }, {
    "date" : "2025-08-01",
    "price" : 123.55,
    "dma50" : 140.06,
    "dma100" : 137.01,
    "dma200" : 144.80,
    "volume" : 2092413.00
  }, {
    "date" : "2025-08-04",
    "price" : 126.93,
    "dma50" : 139.54,
    "dma100" : 137.14,
    "dma200" : 144.62,
    "volume" : 2250384.00
  }, {
    "date" : "2025-08-05",
    "price" : 126.92,
    "dma50" : 139.05,
    "dma100" : 137.30,
    "dma200" : 144.44,
    "volume" : 2008570.00
  }, {
    "date" : "2025-08-06",
    "price" : 125.07,
    "dma50" : 138.50,
    "dma100" : 137.42,
    "dma200" : 144.25,
    "volume" : 1745184.00
  }, {
    "date" : "2025-08-07",
    "price" : 123.66,
    "dma50" : 137.92,
    "dma100" : 137.54,
    "dma200" : 144.04,
    "volume" : 2102535.00
  }, {
    "date" : "2025-08-08",
    "price" : 125.77,
    "dma50" : 137.44,
    "dma100" : 137.60,
    "dma200" : 143.86,
    "volume" : 3596068.00
  }, {
    "date" : "2025-08-11",
    "price" : 125.86,
    "dma50" : 136.99,
    "dma100" : 137.69,
    "dma200" : 143.68,
    "volume" : 1328947.00
  }, {
    "date" : "2025-08-12",
    "price" : 126.29,
    "dma50" : 136.57,
    "dma100" : 137.80,
    "dma200" : 143.51,
    "volume" : 1185363.00
  }, {
    "date" : "2025-08-13",
    "price" : 124.73,
    "dma50" : 136.10,
    "dma100" : 137.89,
    "dma200" : 143.32,
    "volume" : 1909937.00
  }, {
    "date" : "2025-08-14",
    "price" : 123.60,
    "dma50" : 135.61,
    "dma100" : 137.95,
    "dma200" : 143.13,
    "volume" : 1702426.00
  }, {
    "date" : "2025-08-18",
    "price" : 123.45,
    "dma50" : 135.14,
    "dma100" : 137.83,
    "dma200" : 142.93,
    "volume" : 1338481.00
  }, {
    "date" : "2025-08-19",
    "price" : 125.15,
    "dma50" : 134.74,
    "dma100" : 137.65,
    "dma200" : 142.75,
    "volume" : 1565065.00
  }, {
    "date" : "2025-08-20",
    "price" : 125.08,
    "dma50" : 134.37,
    "dma100" : 137.49,
    "dma200" : 142.58,
    "volume" : 1927481.00
  }, {
    "date" : "2025-08-21",
    "price" : 126.63,
    "dma50" : 134.06,
    "dma100" : 137.35,
    "dma200" : 142.42,
    "volume" : 2792204.00
  }, {
    "date" : "2025-08-22",
    "price" : 124.89,
    "dma50" : 133.70,
    "dma100" : 137.23,
    "dma200" : 142.24,
    "volume" : 920511.00
  }, {
    "date" : "2025-08-25",
    "price" : 123.49,
    "dma50" : 133.30,
    "dma100" : 137.12,
    "dma200" : 142.06,
    "volume" : 1024129.00
  }, {
    "date" : "2025-08-26",
    "price" : 123.95,
    "dma50" : 132.93,
    "dma100" : 137.01,
    "dma200" : 141.88,
    "volume" : 1486256.00
  }, {
    "date" : "2025-08-28",
    "price" : 121.65,
    "dma50" : 132.49,
    "dma100" : 136.85,
    "dma200" : 141.68,
    "volume" : 773314.00
  }, {
    "date" : "2025-08-29",
    "price" : 122.02,
    "dma50" : 132.08,
    "dma100" : 136.70,
    "dma200" : 141.48,
    "volume" : 961220.00
  }, {
    "date" : "2025-09-01",
    "price" : 125.87,
    "dma50" : 131.84,
    "dma100" : 136.61,
    "dma200" : 141.33,
    "volume" : 2033756.00
  }, {
    "date" : "2025-09-02",
    "price" : 126.75,
    "dma50" : 131.64,
    "dma100" : 136.59,
    "dma200" : 141.18,
    "volume" : 1834246.00
  }, {
    "date" : "2025-09-03",
    "price" : 127.25,
    "dma50" : 131.47,
    "dma100" : 136.51,
    "dma200" : 141.04,
    "volume" : 780147.00
  }, {
    "date" : "2025-09-04",
    "price" : 124.99,
    "dma50" : 131.21,
    "dma100" : 136.44,
    "dma200" : 140.88,
    "volume" : 1343416.00
  }, {
    "date" : "2025-09-05",
    "price" : 126.46,
    "dma50" : 131.03,
    "dma100" : 136.39,
    "dma200" : 140.74,
    "volume" : 907716.00
  }, {
    "date" : "2025-09-08",
    "price" : 126.69,
    "dma50" : 130.86,
    "dma100" : 136.34,
    "dma200" : 140.60,
    "volume" : 793057.00
  }, {
    "date" : "2025-09-09",
    "price" : 125.32,
    "dma50" : 130.64,
    "dma100" : 136.21,
    "dma200" : 140.45,
    "volume" : 1559336.00
  }, {
    "date" : "2025-09-10",
    "price" : 127.01,
    "dma50" : 130.50,
    "dma100" : 136.12,
    "dma200" : 140.31,
    "volume" : 1479378.00
  }, {
    "date" : "2025-09-11",
    "price" : 127.61,
    "dma50" : 130.38,
    "dma100" : 135.99,
    "dma200" : 140.19,
    "volume" : 4532119.00
  }, {
    "date" : "2025-09-12",
    "price" : 126.49,
    "dma50" : 130.23,
    "dma100" : 135.82,
    "dma200" : 140.05,
    "volume" : 1092423.00
  }, {
    "date" : "2025-09-15",
    "price" : 126.90,
    "dma50" : 130.10,
    "dma100" : 135.68,
    "dma200" : 139.92,
    "volume" : 1251647.00
  }, {
    "date" : "2025-09-16",
    "price" : 127.87,
    "dma50" : 130.01,
    "dma100" : 135.54,
    "dma200" : 139.80,
    "volume" : 797295.00
  }, {
    "date" : "2025-09-17",
    "price" : 129.93,
    "dma50" : 130.01,
    "dma100" : 135.47,
    "dma200" : 139.70,
    "volume" : 2831797.00
  }, {
    "date" : "2025-09-18",
    "price" : 131.09,
    "dma50" : 130.05,
    "dma100" : 135.43,
    "dma200" : 139.62,
    "volume" : 2314478.00
  }, {
    "date" : "2025-09-19",
    "price" : 129.81,
    "dma50" : 130.04,
    "dma100" : 135.39,
    "dma200" : 139.52,
    "volume" : 1257098.00
  }, {
    "date" : "2025-09-22",
    "price" : 129.88,
    "dma50" : 130.04,
    "dma100" : 135.34,
    "dma200" : 139.42,
    "volume" : 1836473.00
  }, {
    "date" : "2025-09-23",
    "price" : 129.11,
    "dma50" : 130.00,
    "dma100" : 135.29,
    "dma200" : 139.32,
    "volume" : 730677.00
  }, {
    "date" : "2025-09-24",
    "price" : 127.46,
    "dma50" : 129.90,
    "dma100" : 135.23,
    "dma200" : 139.20,
    "volume" : 813064.00
  }, {
    "date" : "2025-09-25",
    "price" : 129.70,
    "dma50" : 129.89,
    "dma100" : 135.25,
    "dma200" : 139.11,
    "volume" : 1851707.00
  }, {
    "date" : "2025-09-26",
    "price" : 127.39,
    "dma50" : 129.79,
    "dma100" : 135.22,
    "dma200" : 138.99,
    "volume" : 1974952.00
  }, {
    "date" : "2025-09-29",
    "price" : 134.11,
    "dma50" : 129.96,
    "dma100" : 135.30,
    "dma200" : 138.94,
    "volume" : 16430897.00
  }, {
    "date" : "2025-09-30",
    "price" : 132.79,
    "dma50" : 130.07,
    "dma100" : 135.38,
    "dma200" : 138.88,
    "volume" : 2418913.00
  }, {
    "date" : "2025-10-01",
    "price" : 133.31,
    "dma50" : 130.20,
    "dma100" : 135.39,
    "dma200" : 138.83,
    "volume" : 2247648.00
  }, {
    "date" : "2025-10-03",
    "price" : 143.40,
    "dma50" : 130.72,
    "dma100" : 135.51,
    "dma200" : 138.87,
    "volume" : 18869399.00
  }, {
    "date" : "2025-10-06",
    "price" : 147.61,
    "dma50" : 131.38,
    "dma100" : 135.64,
    "dma200" : 138.96,
    "volume" : 11587958.00
  }, {
    "date" : "2025-10-07",
    "price" : 149.28,
    "dma50" : 132.08,
    "dma100" : 135.78,
    "dma200" : 139.06,
    "volume" : 19992477.00
  }, {
    "date" : "2025-10-08",
    "price" : 146.74,
    "dma50" : 132.66,
    "dma100" : 135.86,
    "dma200" : 139.14,
    "volume" : 3644083.00
  }, {
    "date" : "2025-10-09",
    "price" : 145.34,
    "dma50" : 133.16,
    "dma100" : 135.94,
    "dma200" : 139.20,
    "volume" : 1955095.00
  }, {
    "date" : "2025-10-10",
    "price" : 143.85,
    "dma50" : 133.57,
    "dma100" : 135.98,
    "dma200" : 139.25,
    "volume" : 1654043.00
  }, {
    "date" : "2025-10-13",
    "price" : 142.65,
    "dma50" : 133.93,
    "dma100" : 136.01,
    "dma200" : 139.28,
    "volume" : 1311046.00
  }, {
    "date" : "2025-10-14",
    "price" : 141.01,
    "dma50" : 134.21,
    "dma100" : 136.05,
    "dma200" : 139.30,
    "volume" : 2746106.00
  }, {
    "date" : "2025-10-15",
    "price" : 142.10,
    "dma50" : 134.52,
    "dma100" : 136.06,
    "dma200" : 139.32,
    "volume" : 2814097.00
  }, {
    "date" : "2025-10-16",
    "price" : 143.59,
    "dma50" : 134.87,
    "dma100" : 136.07,
    "dma200" : 139.37,
    "volume" : 46009408.00
  }, {
    "date" : "2025-10-17",
    "price" : 140.87,
    "dma50" : 135.11,
    "dma100" : 136.08,
    "dma200" : 139.38,
    "volume" : 3417692.00
  }, {
    "date" : "2025-10-20",
    "price" : 151.53,
    "dma50" : 135.75,
    "dma100" : 136.10,
    "dma200" : 139.50,
    "volume" : 33363948.00
  }, {
    "date" : "2025-10-21",
    "price" : 150.46,
    "dma50" : 136.33,
    "dma100" : 136.11,
    "dma200" : 139.61,
    "volume" : 1819841.00
  }, {
    "date" : "2025-10-23",
    "price" : 146.00,
    "dma50" : 136.71,
    "dma100" : 136.13,
    "dma200" : 139.68,
    "volume" : 5166176.00
  }, {
    "date" : "2025-10-24",
    "price" : 145.31,
    "dma50" : 137.05,
    "dma100" : 136.15,
    "dma200" : 139.73,
    "volume" : 4790836.00
  }, {
    "date" : "2025-10-27",
    "price" : 149.72,
    "dma50" : 137.54,
    "dma100" : 136.23,
    "dma200" : 139.83,
    "volume" : 13869627.00
  }, {
    "date" : "2025-10-28",
    "price" : 152.90,
    "dma50" : 138.15,
    "dma100" : 136.34,
    "dma200" : 139.96,
    "volume" : 10634369.00
  }, {
    "date" : "2025-10-29",
    "price" : 159.42,
    "dma50" : 138.98,
    "dma100" : 136.52,
    "dma200" : 140.15,
    "volume" : 33333415.00
  }, {
    "date" : "2025-10-30",
    "price" : 162.58,
    "dma50" : 139.90,
    "dma100" : 136.74,
    "dma200" : 140.38,
    "volume" : 30166756.00
  }, {
    "date" : "2025-10-31",
    "price" : 166.40,
    "dma50" : 140.94,
    "dma100" : 136.97,
    "dma200" : 140.64,
    "volume" : 29396776.00
  }, {
    "date" : "2025-11-03",
    "price" : 168.59,
    "dma50" : 142.03,
    "dma100" : 137.22,
    "dma200" : 140.91,
    "volume" : 17357566.00
  }, {
    "date" : "2025-11-04",
    "price" : 175.92,
    "dma50" : 143.36,
    "dma100" : 137.52,
    "dma200" : 141.26,
    "volume" : 42659836.00
  }, {
    "date" : "2025-11-06",
    "price" : 169.86,
    "dma50" : 144.40,
    "dma100" : 137.79,
    "dma200" : 141.55,
    "volume" : 16707458.00
  }, {
    "date" : "2025-11-07",
    "price" : 172.49,
    "dma50" : 145.50,
    "dma100" : 138.13,
    "dma200" : 141.86,
    "volume" : 13434711.00
  }, {
    "date" : "2025-11-10",
    "price" : 170.57,
    "dma50" : 146.48,
    "dma100" : 138.46,
    "dma200" : 142.14,
    "volume" : 8986706.00
  }, {
    "date" : "2025-11-11",
    "price" : 178.35,
    "dma50" : 147.73,
    "dma100" : 138.87,
    "dma200" : 142.50,
    "volume" : 16573213.00
  }, {
    "date" : "2025-11-12",
    "price" : 174.51,
    "dma50" : 148.78,
    "dma100" : 139.26,
    "dma200" : 142.82,
    "volume" : 9887099.00
  }, {
    "date" : "2025-11-13",
    "price" : 173.63,
    "dma50" : 149.76,
    "dma100" : 139.67,
    "dma200" : 143.13,
    "volume" : 4874490.00
  }, {
    "date" : "2025-11-14",
    "price" : 171.83,
    "dma50" : 150.62,
    "dma100" : 140.04,
    "dma200" : 143.41,
    "volume" : 3104648.00
  }, {
    "date" : "2025-11-17",
    "price" : 183.52,
    "dma50" : 151.91,
    "dma100" : 140.41,
    "dma200" : 143.81,
    "volume" : 25426318.00
  }, {
    "date" : "2025-11-18",
    "price" : 178.39,
    "dma50" : 152.95,
    "dma100" : 140.78,
    "dma200" : 144.16,
    "volume" : 8909214.00
  }, {
    "date" : "2025-11-19",
    "price" : 174.09,
    "dma50" : 153.78,
    "dma100" : 141.11,
    "dma200" : 144.45,
    "volume" : 4150098.00
  }, {
    "date" : "2025-11-20",
    "price" : 174.23,
    "dma50" : 154.58,
    "dma100" : 141.42,
    "dma200" : 144.75,
    "volume" : 11761297.00
  }, {
    "date" : "2025-11-21",
    "price" : 170.28,
    "dma50" : 155.20,
    "dma100" : 141.69,
    "dma200" : 145.00,
    "volume" : 7201181.00
  }, {
    "date" : "2025-11-24",
    "price" : 166.82,
    "dma50" : 155.65,
    "dma100" : 141.93,
    "dma200" : 145.22,
    "volume" : 5037562.00
  }, {
    "date" : "2025-11-25",
    "price" : 165.79,
    "dma50" : 156.05,
    "dma100" : 142.16,
    "dma200" : 145.42,
    "volume" : 4035538.00
  }, {
    "date" : "2025-11-26",
    "price" : 160.62,
    "dma50" : 156.23,
    "dma100" : 142.32,
    "dma200" : 145.58,
    "volume" : 8435010.00
  }, {
    "date" : "2025-11-27",
    "price" : 160.24,
    "dma50" : 156.39,
    "dma100" : 142.45,
    "dma200" : 145.72,
    "volume" : 4308830.00
  }, {
    "date" : "2025-11-28",
    "price" : 158.06,
    "dma50" : 156.45,
    "dma100" : 142.52,
    "dma200" : 145.84,
    "volume" : 2870281.00
  }, {
    "date" : "2025-12-01",
    "price" : 161.96,
    "dma50" : 156.67,
    "dma100" : 142.68,
    "dma200" : 146.01,
    "volume" : 7360039.00
  }, {
    "date" : "2025-12-02",
    "price" : 158.98,
    "dma50" : 156.76,
    "dma100" : 142.82,
    "dma200" : 146.13,
    "volume" : 4965705.00
  }, {
    "date" : "2025-12-03",
    "price" : 159.41,
    "dma50" : 156.86,
    "dma100" : 142.95,
    "dma200" : 146.27,
    "volume" : 3499626.00
  }, {
    "date" : "2025-12-04",
    "price" : 156.73,
    "dma50" : 156.86,
    "dma100" : 143.06,
    "dma200" : 146.37,
    "volume" : 2237172.00
  }, {
    "date" : "2025-12-05",
    "price" : 153.74,
    "dma50" : 156.74,
    "dma100" : 143.18,
    "dma200" : 146.44,
    "volume" : 1624949.00
  }, {
    "date" : "2025-12-08",
    "price" : 150.51,
    "dma50" : 156.49,
    "dma100" : 143.26,
    "dma200" : 146.48,
    "volume" : 3477603.00
  }, {
    "date" : "2025-12-09",
    "price" : 153.71,
    "dma50" : 156.38,
    "dma100" : 143.34,
    "dma200" : 146.56,
    "volume" : 5496449.00
  }, {
    "date" : "2025-12-10",
    "price" : 153.64,
    "dma50" : 156.27,
    "dma100" : 143.41,
    "dma200" : 146.63,
    "volume" : 2308641.00
  }, {
    "date" : "2025-12-11",
    "price" : 149.68,
    "dma50" : 156.02,
    "dma100" : 143.43,
    "dma200" : 146.66,
    "volume" : 1794334.00
  }, {
    "date" : "2025-12-12",
    "price" : 148.95,
    "dma50" : 155.74,
    "dma100" : 143.43,
    "dma200" : 146.68,
    "volume" : 2255923.00
  }, {
    "date" : "2025-12-15",
    "price" : 149.76,
    "dma50" : 155.50,
    "dma100" : 143.53,
    "dma200" : 146.71,
    "volume" : 3308224.00
  }, {
    "date" : "2025-12-16",
    "price" : 148.71,
    "dma50" : 155.24,
    "dma100" : 143.57,
    "dma200" : 146.73,
    "volume" : 7135902.00
  }, {
    "date" : "2025-12-17",
    "price" : 148.25,
    "dma50" : 154.96,
    "dma100" : 143.50,
    "dma200" : 146.75,
    "volume" : 3415700.00
  }, {
    "date" : "2025-12-18",
    "price" : 143.70,
    "dma50" : 154.52,
    "dma100" : 143.42,
    "dma200" : 146.72,
    "volume" : 2513357.00
  }, {
    "date" : "2025-12-19",
    "price" : 148.22,
    "dma50" : 154.28,
    "dma100" : 143.49,
    "dma200" : 146.73,
    "volume" : 4514030.00
  }, {
    "date" : "2025-12-22",
    "price" : 148.88,
    "dma50" : 154.06,
    "dma100" : 143.63,
    "dma200" : 146.75,
    "volume" : 1649841.00
  }, {
    "date" : "2025-12-23",
    "price" : 146.66,
    "dma50" : 153.77,
    "dma100" : 143.78,
    "dma200" : 146.75,
    "volume" : 2029664.00
  }, {
    "date" : "2025-12-24",
    "price" : 146.05,
    "dma50" : 153.47,
    "dma100" : 143.95,
    "dma200" : 146.74,
    "volume" : 1563521.00
  }, {
    "date" : "2025-12-26",
    "price" : 145.01,
    "dma50" : 153.14,
    "dma100" : 144.14,
    "dma200" : 146.73,
    "volume" : 1719671.00
  }, {
    "date" : "2025-12-29",
    "price" : 144.21,
    "dma50" : 152.79,
    "dma100" : 144.34,
    "dma200" : 146.70,
    "volume" : 1574776.00
  }, {
    "date" : "2025-12-30",
    "price" : 141.76,
    "dma50" : 152.36,
    "dma100" : 144.49,
    "dma200" : 146.65,
    "volume" : 1602131.00
  }, {
    "date" : "2025-12-31",
    "price" : 152.03,
    "dma50" : 152.34,
    "dma100" : 144.74,
    "dma200" : 146.71,
    "volume" : 52823742.00
  }, {
    "date" : "2026-01-01",
    "price" : 153.48,
    "dma50" : 152.39,
    "dma100" : 145.03,
    "dma200" : 146.77,
    "volume" : 13318890.00
  }, {
    "date" : "2026-01-02",
    "price" : 151.31,
    "dma50" : 152.35,
    "dma100" : 145.30,
    "dma200" : 146.82,
    "volume" : 4150184.00
  }, {
    "date" : "2026-01-05",
    "price" : 149.36,
    "dma50" : 152.23,
    "dma100" : 145.54,
    "dma200" : 146.84,
    "volume" : 3680454.00
  }, {
    "date" : "2026-01-06",
    "price" : 148.17,
    "dma50" : 152.07,
    "dma100" : 145.76,
    "dma200" : 146.86,
    "volume" : 4048641.00
  }, {
    "date" : "2026-01-07",
    "price" : 146.82,
    "dma50" : 151.86,
    "dma100" : 145.97,
    "dma200" : 146.86,
    "volume" : 2368992.00
  }, {
    "date" : "2026-01-08",
    "price" : 142.62,
    "dma50" : 151.50,
    "dma100" : 146.15,
    "dma200" : 146.81,
    "volume" : 3052288.00
  }, {
    "date" : "2026-01-09",
    "price" : 139.20,
    "dma50" : 151.02,
    "dma100" : 146.30,
    "dma200" : 146.74,
    "volume" : 2697466.00
  }, {
    "date" : "2026-01-12",
    "price" : 140.36,
    "dma50" : 150.60,
    "dma100" : 146.47,
    "dma200" : 146.68,
    "volume" : 4305189.00
  }, {
    "date" : "2026-01-13",
    "price" : 145.18,
    "dma50" : 150.39,
    "dma100" : 146.67,
    "dma200" : 146.66,
    "volume" : 11675479.00
  }, {
    "date" : "2026-01-14",
    "price" : 158.35,
    "dma50" : 150.70,
    "dma100" : 147.00,
    "dma200" : 146.78,
    "volume" : 25488598.00
  }, {
    "date" : "2026-01-16",
    "price" : 151.26,
    "dma50" : 150.72,
    "dma100" : 147.25,
    "dma200" : 146.82,
    "volume" : 19060416.00
  }, {
    "date" : "2026-01-19",
    "price" : 143.25,
    "dma50" : 150.43,
    "dma100" : 147.43,
    "dma200" : 146.79,
    "volume" : 7829672.00
  }, {
    "date" : "2026-01-20",
    "price" : 139.41,
    "dma50" : 150.00,
    "dma100" : 147.59,
    "dma200" : 146.71,
    "volume" : 6096216.00
  }, {
    "date" : "2026-01-21",
    "price" : 152.16,
    "dma50" : 150.08,
    "dma100" : 147.87,
    "dma200" : 146.77,
    "volume" : 70788053.00
  }, {
    "date" : "2026-01-22",
    "price" : 154.29,
    "dma50" : 150.25,
    "dma100" : 148.20,
    "dma200" : 146.84,
    "volume" : 30259854.00
  }, {
    "date" : "2026-01-23",
    "price" : 155.40,
    "dma50" : 150.45,
    "dma100" : 148.54,
    "dma200" : 146.93,
    "volume" : 7559789.00
  }, {
    "date" : "2026-01-27",
    "price" : 156.35,
    "dma50" : 150.68,
    "dma100" : 148.84,
    "dma200" : 147.02,
    "volume" : 8486374.00
  } ],
  "latestTechnicalAttributes" : {
    "date" : "2026-01-27",
    "price" : 156.35,
    "dma50" : 150.68,
    "dma100" : 148.84,
    "dma200" : 147.02,
    "volume" : 8486374.00
  },
  "quarterlyResults" : [ {
    "date" : "2005-03-31",
    "sales" : 5123.58,
    "salesGrowthYoY" : null,
    "grossProfitMargin" : 14.06,
    "grossProfit" : 720.38,
    "operatingProfitMargin" : 10.30,
    "operatingProfit" : 527.73,
    "netProfitMargin" : 6.07,
    "netProfit" : 311.00
  }, {
    "date" : "2005-06-30",
    "sales" : 5549.60,
    "salesGrowthYoY" : null,
    "grossProfitMargin" : 11.11,
    "grossProfit" : 616.56,
    "operatingProfitMargin" : 8.18,
    "operatingProfit" : 453.96,
    "netProfitMargin" : 3.89,
    "netProfit" : 215.88
  }, {
    "date" : "2005-09-30",
    "sales" : 6140.54,
    "salesGrowthYoY" : null,
    "grossProfitMargin" : 10.05,
    "grossProfit" : 617.12,
    "operatingProfitMargin" : 6.49,
    "operatingProfit" : 398.52,
    "netProfitMargin" : 2.70,
    "netProfit" : 165.79
  }, {
    "date" : "2005-12-31",
    "sales" : 6845.69,
    "salesGrowthYoY" : null,
    "grossProfitMargin" : 5.62,
    "grossProfit" : 384.73,
    "operatingProfitMargin" : 2.33,
    "operatingProfit" : 159.50,
    "netProfitMargin" : 0.28,
    "netProfit" : 19.17
  }, {
    "date" : "2006-03-31",
    "sales" : 6461.68,
    "salesGrowthYoY" : 26.12,
    "grossProfitMargin" : 3.94,
    "grossProfit" : 254.59,
    "operatingProfitMargin" : 0.73,
    "operatingProfit" : 47.17,
    "netProfitMargin" : -0.46,
    "netProfit" : -29.72
  }, {
    "date" : "2006-06-30",
    "sales" : 6476.69,
    "salesGrowthYoY" : 16.71,
    "grossProfitMargin" : 11.36,
    "grossProfit" : 735.75,
    "operatingProfitMargin" : 7.88,
    "operatingProfit" : 510.36,
    "netProfitMargin" : 3.33,
    "netProfit" : 215.67
  }, {
    "date" : "2006-09-30",
    "sales" : 8042.94,
    "salesGrowthYoY" : 30.98,
    "grossProfitMargin" : 3.64,
    "grossProfit" : 292.76,
    "operatingProfitMargin" : 1.76,
    "operatingProfit" : 141.56,
    "netProfitMargin" : 0.12,
    "netProfit" : 9.65
  }, {
    "date" : "2006-12-31",
    "sales" : 7317.96,
    "salesGrowthYoY" : 6.90,
    "grossProfitMargin" : 6.00,
    "grossProfit" : 439.08,
    "operatingProfitMargin" : 3.74,
    "operatingProfit" : 273.69,
    "netProfitMargin" : 1.62,
    "netProfit" : 118.55
  }, {
    "date" : "2007-03-31",
    "sales" : 6671.20,
    "salesGrowthYoY" : 3.24,
    "grossProfitMargin" : 10.98,
    "grossProfit" : 732.50,
    "operatingProfitMargin" : 8.75,
    "operatingProfit" : 583.73,
    "netProfitMargin" : 2.73,
    "netProfit" : 182.12
  }, {
    "date" : "2007-06-30",
    "sales" : 7399.55,
    "salesGrowthYoY" : 14.25,
    "grossProfitMargin" : 9.91,
    "grossProfit" : 733.30,
    "operatingProfitMargin" : 8.36,
    "operatingProfit" : 618.60,
    "netProfitMargin" : 4.98,
    "netProfit" : 368.50
  }, {
    "date" : "2007-09-30",
    "sales" : 7619.43,
    "salesGrowthYoY" : -5.27,
    "grossProfitMargin" : 7.52,
    "grossProfit" : 572.98,
    "operatingProfitMargin" : 5.90,
    "operatingProfit" : 449.55,
    "netProfitMargin" : 4.35,
    "netProfit" : 331.45
  }, {
    "date" : "2007-12-31",
    "sales" : 8082.11,
    "salesGrowthYoY" : 10.44,
    "grossProfitMargin" : 8.72,
    "grossProfit" : 704.76,
    "operatingProfitMargin" : 6.78,
    "operatingProfit" : 547.97,
    "netProfitMargin" : 4.29,
    "netProfit" : 346.72
  }, {
    "date" : "2008-03-31",
    "sales" : 9472.10,
    "salesGrowthYoY" : 41.98,
    "grossProfitMargin" : 6.16,
    "grossProfit" : 583.48,
    "operatingProfitMargin" : 4.38,
    "operatingProfit" : 414.88,
    "netProfitMargin" : 2.38,
    "netProfit" : 225.44
  }, {
    "date" : "2008-06-30",
    "sales" : 10668.16,
    "salesGrowthYoY" : 44.17,
    "grossProfitMargin" : 16.55,
    "grossProfit" : 1765.58,
    "operatingProfitMargin" : 13.40,
    "operatingProfit" : 1429.53,
    "netProfitMargin" : 7.92,
    "netProfit" : 844.92
  }, {
    "date" : "2008-09-30",
    "sales" : 13528.15,
    "salesGrowthYoY" : 77.55,
    "grossProfitMargin" : 3.48,
    "grossProfit" : 470.78,
    "operatingProfitMargin" : 1.09,
    "operatingProfit" : 147.46,
    "netProfitMargin" : 0.18,
    "netProfit" : 24.35
  }, {
    "date" : "2008-12-31",
    "sales" : 7537.66,
    "salesGrowthYoY" : -6.74,
    "grossProfitMargin" : -2.98,
    "grossProfit" : -224.62,
    "operatingProfitMargin" : -4.66,
    "operatingProfit" : -351.25,
    "netProfitMargin" : -3.79,
    "netProfit" : -285.68
  }, {
    "date" : "2009-03-31",
    "sales" : 6585.86,
    "salesGrowthYoY" : -30.47,
    "grossProfitMargin" : 18.23,
    "grossProfit" : 1200.60,
    "operatingProfitMargin" : 14.68,
    "operatingProfit" : 966.80,
    "netProfitMargin" : 9.23,
    "netProfit" : 607.87
  }, {
    "date" : "2009-06-30",
    "sales" : 6269.25,
    "salesGrowthYoY" : -41.23,
    "grossProfitMargin" : 13.21,
    "grossProfit" : 828.17,
    "operatingProfitMargin" : 11.11,
    "operatingProfit" : 696.51,
    "netProfitMargin" : 6.70,
    "netProfit" : 420.04
  }, {
    "date" : "2009-09-30",
    "sales" : 7881.55,
    "salesGrowthYoY" : -41.74,
    "grossProfitMargin" : 6.07,
    "grossProfit" : 478.41,
    "operatingProfitMargin" : 4.29,
    "operatingProfit" : 338.12,
    "netProfitMargin" : 2.28,
    "netProfit" : 179.70
  }, {
    "date" : "2009-12-31",
    "sales" : 9334.43,
    "salesGrowthYoY" : 23.84,
    "grossProfitMargin" : 6.15,
    "grossProfit" : 574.07,
    "operatingProfitMargin" : 4.81,
    "operatingProfit" : 448.99,
    "netProfitMargin" : 2.78,
    "netProfit" : 259.50
  }, {
    "date" : "2010-03-31",
    "sales" : 8888.89,
    "salesGrowthYoY" : 34.97,
    "grossProfitMargin" : 6.29,
    "grossProfit" : 559.11,
    "operatingProfitMargin" : 5.06,
    "operatingProfit" : 449.78,
    "netProfitMargin" : 2.85,
    "netProfit" : 253.33
  }, {
    "date" : "2010-06-30",
    "sales" : 7888.40,
    "salesGrowthYoY" : 25.83,
    "grossProfitMargin" : 4.90,
    "grossProfit" : 386.53,
    "operatingProfitMargin" : 1.15,
    "operatingProfit" : 90.72,
    "netProfitMargin" : 0.50,
    "netProfit" : 39.44
  }, {
    "date" : "2010-09-30",
    "sales" : 8478.99,
    "salesGrowthYoY" : 7.58,
    "grossProfitMargin" : 6.82,
    "grossProfit" : 578.27,
    "operatingProfitMargin" : 5.86,
    "operatingProfit" : 496.87,
    "netProfitMargin" : 3.33,
    "netProfit" : 282.35
  }, {
    "date" : "2010-12-31",
    "sales" : 10330.83,
    "salesGrowthYoY" : 10.67,
    "grossProfitMargin" : 7.05,
    "grossProfit" : 728.32,
    "operatingProfitMargin" : 5.37,
    "operatingProfit" : 554.77,
    "netProfitMargin" : 3.04,
    "netProfit" : 314.06
  }, {
    "date" : "2011-03-31",
    "sales" : 12454.35,
    "salesGrowthYoY" : 40.11,
    "grossProfitMargin" : 8.48,
    "grossProfit" : 1056.13,
    "operatingProfitMargin" : 7.26,
    "operatingProfit" : 904.19,
    "netProfitMargin" : 4.44,
    "netProfit" : 552.97
  }, {
    "date" : "2011-06-30",
    "sales" : 13354.41,
    "salesGrowthYoY" : 69.29,
    "grossProfitMargin" : 2.62,
    "grossProfit" : 349.89,
    "operatingProfitMargin" : 1.69,
    "operatingProfit" : 225.69,
    "netProfitMargin" : 1.29,
    "netProfit" : 172.27
  }, {
    "date" : "2011-09-30",
    "sales" : 11655.46,
    "salesGrowthYoY" : 37.46,
    "grossProfitMargin" : 4.79,
    "grossProfit" : 558.30,
    "operatingProfitMargin" : 0.66,
    "operatingProfit" : 76.93,
    "netProfitMargin" : 0.21,
    "netProfit" : 24.48
  }, {
    "date" : "2011-12-31",
    "sales" : 12936.15,
    "salesGrowthYoY" : 25.22,
    "grossProfitMargin" : 6.70,
    "grossProfit" : 866.72,
    "operatingProfitMargin" : 2.46,
    "operatingProfit" : 318.23,
    "netProfitMargin" : 0.87,
    "netProfit" : 112.54
  }, {
    "date" : "2012-03-31",
    "sales" : 16068.97,
    "salesGrowthYoY" : 29.02,
    "grossProfitMargin" : 7.17,
    "grossProfit" : 1152.15,
    "operatingProfitMargin" : 6.32,
    "operatingProfit" : 1015.56,
    "netProfitMargin" : 3.75,
    "netProfit" : 602.59
  }, {
    "date" : "2012-06-30",
    "sales" : 12813.53,
    "salesGrowthYoY" : -4.05,
    "grossProfitMargin" : -3.88,
    "grossProfit" : -497.16,
    "operatingProfitMargin" : -10.09,
    "operatingProfit" : -1292.89,
    "netProfitMargin" : -11.87,
    "netProfit" : -1520.97
  }, {
    "date" : "2012-09-30",
    "sales" : 16611.06,
    "salesGrowthYoY" : 42.52,
    "grossProfitMargin" : 9.61,
    "grossProfit" : 1596.32,
    "operatingProfitMargin" : 8.79,
    "operatingProfit" : 1460.11,
    "netProfitMargin" : 7.13,
    "netProfit" : 1184.37
  }, {
    "date" : "2012-12-31",
    "sales" : 18002.85,
    "salesGrowthYoY" : 39.17,
    "grossProfitMargin" : 1.65,
    "grossProfit" : 297.05,
    "operatingProfitMargin" : -0.38,
    "operatingProfit" : -68.41,
    "netProfitMargin" : -2.00,
    "netProfit" : -360.06
  }, {
    "date" : "2013-03-31",
    "sales" : 18658.75,
    "salesGrowthYoY" : 16.12,
    "grossProfitMargin" : 2.18,
    "grossProfit" : 406.76,
    "operatingProfitMargin" : 1.19,
    "operatingProfit" : 222.04,
    "netProfitMargin" : -0.01,
    "netProfit" : -1.87
  }, {
    "date" : "2013-06-30",
    "sales" : 15268.67,
    "salesGrowthYoY" : 19.16,
    "grossProfitMargin" : 2.15,
    "grossProfit" : 328.28,
    "operatingProfitMargin" : -2.26,
    "operatingProfit" : -345.07,
    "netProfitMargin" : -3.71,
    "netProfit" : -566.47
  }, {
    "date" : "2013-09-30",
    "sales" : 18764.75,
    "salesGrowthYoY" : 12.97,
    "grossProfitMargin" : 4.48,
    "grossProfit" : 840.66,
    "operatingProfitMargin" : 2.58,
    "operatingProfit" : 484.13,
    "netProfitMargin" : 1.26,
    "netProfit" : 236.44
  }, {
    "date" : "2013-12-31",
    "sales" : 18850.33,
    "salesGrowthYoY" : 4.71,
    "grossProfitMargin" : 0.50,
    "grossProfit" : 94.25,
    "operatingProfitMargin" : -0.33,
    "operatingProfit" : -62.21,
    "netProfitMargin" : -1.31,
    "netProfit" : -246.94
  }, {
    "date" : "2014-03-31",
    "sales" : 19706.81,
    "salesGrowthYoY" : 5.62,
    "grossProfitMargin" : 5.83,
    "grossProfit" : 1148.91,
    "operatingProfitMargin" : 4.78,
    "operatingProfit" : 941.99,
    "netProfitMargin" : 5.41,
    "netProfit" : 1066.14
  }, {
    "date" : "2014-06-30",
    "sales" : 15743.55,
    "salesGrowthYoY" : 3.11,
    "grossProfitMargin" : 0.39,
    "grossProfit" : 61.40,
    "operatingProfitMargin" : -0.94,
    "operatingProfit" : -147.99,
    "netProfitMargin" : -0.23,
    "netProfit" : -36.21
  }, {
    "date" : "2014-09-30",
    "sales" : 15911.97,
    "salesGrowthYoY" : -15.20,
    "grossProfitMargin" : -4.08,
    "grossProfit" : -649.21,
    "operatingProfitMargin" : -8.69,
    "operatingProfit" : -1382.75,
    "netProfitMargin" : -6.19,
    "netProfit" : -984.95
  }, {
    "date" : "2014-12-31",
    "sales" : 14712.92,
    "salesGrowthYoY" : -21.95,
    "grossProfitMargin" : -7.55,
    "grossProfit" : -1110.83,
    "operatingProfitMargin" : -12.28,
    "operatingProfit" : -1806.75,
    "netProfitMargin" : -12.88,
    "netProfit" : -1895.02
  }, {
    "date" : "2015-03-31",
    "sales" : 11263.83,
    "salesGrowthYoY" : -42.84,
    "grossProfitMargin" : 13.18,
    "grossProfit" : 1484.57,
    "operatingProfitMargin" : 11.08,
    "operatingProfit" : 1248.03,
    "netProfitMargin" : 10.38,
    "netProfit" : 1169.19
  }, {
    "date" : "2015-06-30",
    "sales" : 11314.79,
    "salesGrowthYoY" : -28.13,
    "grossProfitMargin" : 13.39,
    "grossProfit" : 1515.05,
    "operatingProfitMargin" : 6.36,
    "operatingProfit" : 719.62,
    "netProfitMargin" : 4.67,
    "netProfit" : 528.40
  }, {
    "date" : "2015-09-30",
    "sales" : 10221.07,
    "salesGrowthYoY" : -35.76,
    "grossProfitMargin" : -0.21,
    "grossProfit" : -21.46,
    "operatingProfitMargin" : -8.94,
    "operatingProfit" : -913.76,
    "netProfitMargin" : -8.74,
    "netProfit" : -893.32
  }, {
    "date" : "2015-12-31",
    "sales" : 8818.67,
    "salesGrowthYoY" : -40.06,
    "grossProfitMargin" : 13.20,
    "grossProfit" : 1164.06,
    "operatingProfitMargin" : 5.06,
    "operatingProfit" : 446.22,
    "netProfitMargin" : 3.39,
    "netProfit" : 298.95
  }, {
    "date" : "2016-03-31",
    "sales" : 9292.91,
    "salesGrowthYoY" : -17.50,
    "grossProfitMargin" : 18.89,
    "grossProfit" : 1755.43,
    "operatingProfitMargin" : 16.53,
    "operatingProfit" : 1536.12,
    "netProfitMargin" : 14.74,
    "netProfit" : 1369.77
  }, {
    "date" : "2016-06-30",
    "sales" : 8428.82,
    "salesGrowthYoY" : -25.51,
    "grossProfitMargin" : 21.95,
    "grossProfit" : 1850.13,
    "operatingProfitMargin" : 14.48,
    "operatingProfit" : 1220.49,
    "netProfitMargin" : 8.52,
    "netProfit" : 718.14
  }, {
    "date" : "2016-09-30",
    "sales" : 9968.95,
    "salesGrowthYoY" : -2.47,
    "grossProfitMargin" : 9.89,
    "grossProfit" : 985.93,
    "operatingProfitMargin" : 7.88,
    "operatingProfit" : 785.55,
    "netProfitMargin" : 4.17,
    "netProfit" : 415.71
  }, {
    "date" : "2016-12-31",
    "sales" : 11475.25,
    "salesGrowthYoY" : 30.12,
    "grossProfitMargin" : 14.58,
    "grossProfit" : 1673.09,
    "operatingProfitMargin" : 10.00,
    "operatingProfit" : 1147.53,
    "netProfitMargin" : 4.94,
    "netProfit" : 566.88
  }, {
    "date" : "2017-03-31",
    "sales" : 13334.86,
    "salesGrowthYoY" : 43.49,
    "grossProfitMargin" : 11.23,
    "grossProfit" : 1497.50,
    "operatingProfitMargin" : 11.65,
    "operatingProfit" : 1553.51,
    "netProfitMargin" : 6.53,
    "netProfit" : 870.77
  }, {
    "date" : "2017-06-30",
    "sales" : 10262.41,
    "salesGrowthYoY" : 21.75,
    "grossProfitMargin" : 11.34,
    "grossProfit" : 1163.76,
    "operatingProfitMargin" : 5.68,
    "operatingProfit" : 582.90,
    "netProfitMargin" : 2.28,
    "netProfit" : 233.98
  }, {
    "date" : "2017-09-30",
    "sales" : 9096.53,
    "salesGrowthYoY" : -8.75,
    "grossProfitMargin" : 11.27,
    "grossProfit" : 1025.18,
    "operatingProfitMargin" : 9.98,
    "operatingProfit" : 907.83,
    "netProfitMargin" : 5.45,
    "netProfit" : 495.76
  }, {
    "date" : "2017-12-31",
    "sales" : 14100.98,
    "salesGrowthYoY" : 22.88,
    "grossProfitMargin" : 16.61,
    "grossProfit" : 2342.17,
    "operatingProfitMargin" : 12.40,
    "operatingProfit" : 1748.52,
    "netProfitMargin" : 6.88,
    "netProfit" : 970.15
  }, {
    "date" : "2018-03-31",
    "sales" : 14990.66,
    "salesGrowthYoY" : 12.42,
    "grossProfitMargin" : 9.59,
    "grossProfit" : 1437.60,
    "operatingProfitMargin" : 6.97,
    "operatingProfit" : 1044.85,
    "netProfitMargin" : 3.62,
    "netProfit" : 542.66
  }, {
    "date" : "2018-06-30",
    "sales" : 13557.80,
    "salesGrowthYoY" : 32.11,
    "grossProfitMargin" : 12.93,
    "grossProfit" : 1753.02,
    "operatingProfitMargin" : 6.00,
    "operatingProfit" : 813.47,
    "netProfitMargin" : 2.79,
    "netProfit" : 378.26
  }, {
    "date" : "2018-09-30",
    "sales" : 15491.30,
    "salesGrowthYoY" : 70.30,
    "grossProfitMargin" : 6.52,
    "grossProfit" : 1010.03,
    "operatingProfitMargin" : 0.93,
    "operatingProfit" : 144.07,
    "netProfitMargin" : -0.68,
    "netProfit" : -105.34
  }, {
    "date" : "2018-12-31",
    "sales" : 17860.57,
    "salesGrowthYoY" : 26.66,
    "grossProfitMargin" : -1.66,
    "grossProfit" : -296.49,
    "operatingProfitMargin" : -0.59,
    "operatingProfit" : -105.38,
    "netProfitMargin" : -1.44,
    "netProfit" : -257.19
  }, {
    "date" : "2019-03-31",
    "sales" : 15152.47,
    "salesGrowthYoY" : 1.08,
    "grossProfitMargin" : 7.38,
    "grossProfit" : 1118.25,
    "operatingProfitMargin" : 5.39,
    "operatingProfit" : 816.72,
    "netProfitMargin" : 2.12,
    "netProfit" : 321.23
  }, {
    "date" : "2019-06-30",
    "sales" : 9280.53,
    "salesGrowthYoY" : -31.55,
    "grossProfitMargin" : -2.77,
    "grossProfit" : -257.07,
    "operatingProfitMargin" : -4.83,
    "operatingProfit" : -448.25,
    "netProfitMargin" : -5.39,
    "netProfit" : -500.22
  }, {
    "date" : "2019-09-30",
    "sales" : 13202.70,
    "salesGrowthYoY" : -14.77,
    "grossProfitMargin" : 2.12,
    "grossProfit" : 279.90,
    "operatingProfitMargin" : -3.51,
    "operatingProfit" : -463.41,
    "netProfitMargin" : -4.35,
    "netProfit" : -574.32
  }, {
    "date" : "2019-12-31",
    "sales" : 14386.42,
    "salesGrowthYoY" : -19.45,
    "grossProfitMargin" : 5.79,
    "grossProfit" : 832.97,
    "operatingProfitMargin" : 2.08,
    "operatingProfit" : 299.24,
    "netProfitMargin" : -0.25,
    "netProfit" : -35.97
  }, {
    "date" : "2020-03-31",
    "sales" : 14132.28,
    "salesGrowthYoY" : -6.73,
    "grossProfitMargin" : -8.33,
    "grossProfit" : -1177.22,
    "operatingProfitMargin" : -13.60,
    "operatingProfit" : -1921.99,
    "netProfitMargin" : -11.53,
    "netProfit" : -1629.45
  }, {
    "date" : "2020-06-30",
    "sales" : 4472.62,
    "salesGrowthYoY" : -51.81,
    "grossProfitMargin" : 7.46,
    "grossProfit" : 333.66,
    "operatingProfitMargin" : -10.90,
    "operatingProfit" : -487.52,
    "netProfitMargin" : -11.73,
    "netProfit" : -524.64
  }, {
    "date" : "2020-09-30",
    "sales" : 6182.32,
    "salesGrowthYoY" : -53.17,
    "grossProfitMargin" : 5.21,
    "grossProfit" : 322.10,
    "operatingProfitMargin" : 3.83,
    "operatingProfit" : 236.78,
    "netProfitMargin" : 0.51,
    "netProfit" : 31.53
  }, {
    "date" : "2020-12-31",
    "sales" : 7951.53,
    "salesGrowthYoY" : -44.73,
    "grossProfitMargin" : 9.59,
    "grossProfit" : 762.55,
    "operatingProfitMargin" : 1.84,
    "operatingProfit" : 146.31,
    "netProfitMargin" : -0.95,
    "netProfit" : -75.54
  }, {
    "date" : "2021-03-31",
    "sales" : 13580.74,
    "salesGrowthYoY" : -3.90,
    "grossProfitMargin" : 11.20,
    "grossProfit" : 1521.04,
    "operatingProfitMargin" : 6.67,
    "operatingProfit" : 905.84,
    "netProfitMargin" : 1.97,
    "netProfit" : 267.54
  }, {
    "date" : "2021-06-30",
    "sales" : 11218.58,
    "salesGrowthYoY" : 150.83,
    "grossProfitMargin" : 9.96,
    "grossProfit" : 1117.37,
    "operatingProfitMargin" : 2.54,
    "operatingProfit" : 284.95,
    "netProfitMargin" : -2.05,
    "netProfit" : -229.98
  }, {
    "date" : "2021-09-30",
    "sales" : 13243.25,
    "salesGrowthYoY" : 114.21,
    "grossProfitMargin" : 3.14,
    "grossProfit" : 415.84,
    "operatingProfitMargin" : -0.16,
    "operatingProfit" : -21.19,
    "netProfitMargin" : -1.83,
    "netProfit" : -242.35
  }, {
    "date" : "2021-12-31",
    "sales" : 20419.45,
    "salesGrowthYoY" : 156.80,
    "grossProfitMargin" : 9.15,
    "grossProfit" : 1868.38,
    "operatingProfitMargin" : 8.41,
    "operatingProfit" : 1717.28,
    "netProfitMargin" : 2.87,
    "netProfit" : 586.04
  }, {
    "date" : "2022-03-31",
    "sales" : 24815.35,
    "salesGrowthYoY" : 82.72,
    "grossProfitMargin" : 15.99,
    "grossProfit" : 3967.97,
    "operatingProfitMargin" : 11.85,
    "operatingProfit" : 2940.62,
    "netProfitMargin" : 12.23,
    "netProfit" : 3034.92
  }, {
    "date" : "2022-06-30",
    "sales" : 32289.73,
    "salesGrowthYoY" : 187.82,
    "grossProfitMargin" : 18.35,
    "grossProfit" : 5925.17,
    "operatingProfitMargin" : 14.60,
    "operatingProfit" : 4714.30,
    "netProfitMargin" : 8.39,
    "netProfit" : 2709.11
  }, {
    "date" : "2022-09-30",
    "sales" : 24608.02,
    "salesGrowthYoY" : 85.82,
    "grossProfitMargin" : -4.11,
    "grossProfit" : -1011.39,
    "operatingProfitMargin" : -8.11,
    "operatingProfit" : -1995.71,
    "netProfitMargin" : -7.27,
    "netProfit" : -1789.00
  }, {
    "date" : "2022-12-31",
    "sales" : 26557.44,
    "salesGrowthYoY" : 30.06,
    "grossProfitMargin" : 4.16,
    "grossProfit" : 1104.79,
    "operatingProfitMargin" : 1.08,
    "operatingProfit" : 286.82,
    "netProfitMargin" : -0.72,
    "netProfit" : -191.21
  }, {
    "date" : "2023-03-31",
    "sales" : 25365.43,
    "salesGrowthYoY" : 2.22,
    "grossProfitMargin" : 16.30,
    "grossProfit" : 4134.57,
    "operatingProfitMargin" : 13.76,
    "operatingProfit" : 3490.28,
    "netProfitMargin" : 7.52,
    "netProfit" : 1907.48
  }, {
    "date" : "2023-06-30",
    "sales" : 21173.12,
    "salesGrowthYoY" : -34.43,
    "grossProfitMargin" : 13.12,
    "grossProfit" : 2777.91,
    "operatingProfitMargin" : 9.77,
    "operatingProfit" : 2068.61,
    "netProfitMargin" : 4.78,
    "netProfit" : 1012.08
  }, {
    "date" : "2023-09-30",
    "sales" : 19353.33,
    "salesGrowthYoY" : -21.35,
    "grossProfitMargin" : 17.00,
    "grossProfit" : 3290.07,
    "operatingProfitMargin" : 11.05,
    "operatingProfit" : 2138.54,
    "netProfitMargin" : 5.47,
    "netProfit" : 1058.63
  }, {
    "date" : "2023-12-31",
    "sales" : 24667.08,
    "salesGrowthYoY" : -7.12,
    "grossProfitMargin" : 5.97,
    "grossProfit" : 1472.62,
    "operatingProfitMargin" : 4.70,
    "operatingProfit" : 1159.35,
    "netProfitMargin" : 1.57,
    "netProfit" : 387.27
  }, {
    "date" : "2024-03-31",
    "sales" : 25328.67,
    "salesGrowthYoY" : -0.14,
    "grossProfitMargin" : 12.90,
    "grossProfit" : 3267.40,
    "operatingProfitMargin" : 9.23,
    "operatingProfit" : 2337.84,
    "netProfitMargin" : 4.51,
    "netProfit" : 1142.32
  }, {
    "date" : "2024-06-30",
    "sales" : 23247.02,
    "salesGrowthYoY" : 9.79,
    "grossProfitMargin" : 5.86,
    "grossProfit" : 1362.28,
    "operatingProfitMargin" : 2.61,
    "operatingProfit" : 606.75,
    "netProfitMargin" : 0.28,
    "netProfit" : 65.09
  }, {
    "date" : "2024-09-30",
    "sales" : 24967.87,
    "salesGrowthYoY" : 29.01,
    "grossProfitMargin" : 1.06,
    "grossProfit" : 264.66,
    "operatingProfitMargin" : -1.90,
    "operatingProfit" : -474.39,
    "netProfitMargin" : -2.73,
    "netProfit" : -681.62
  }, {
    "date" : "2024-12-31",
    "sales" : 21870.86,
    "salesGrowthYoY" : -11.34,
    "grossProfitMargin" : 8.64,
    "grossProfit" : 1889.64,
    "operatingProfitMargin" : 4.71,
    "operatingProfit" : 1030.12,
    "netProfitMargin" : 1.39,
    "netProfit" : 304.00
  }, {
    "date" : "2025-03-31",
    "sales" : 24595.87,
    "salesGrowthYoY" : -2.89,
    "grossProfitMargin" : 7.89,
    "grossProfit" : 1940.61,
    "operatingProfitMargin" : 4.59,
    "operatingProfit" : 1128.95,
    "netProfitMargin" : 1.48,
    "netProfit" : 364.02
  }, {
    "date" : "2025-06-30",
    "sales" : 17356.23,
    "salesGrowthYoY" : -25.34,
    "grossProfitMargin" : 5.60,
    "grossProfit" : 971.95,
    "operatingProfitMargin" : 1.03,
    "operatingProfit" : 178.77,
    "netProfitMargin" : -1.57,
    "netProfit" : -272.49
  }, {
    "date" : "2025-09-30",
    "sales" : 22648.57,
    "salesGrowthYoY" : -9.29,
    "grossProfitMargin" : 11.37,
    "grossProfit" : 2575.14,
    "operatingProfitMargin" : 6.57,
    "operatingProfit" : 1488.01,
    "netProfitMargin" : 2.82,
    "netProfit" : 638.69
  }, {
    "date" : "2025-12-31",
    "sales" : 24711.65,
    "salesGrowthYoY" : 12.99,
    "grossProfitMargin" : 14.80,
    "grossProfit" : 3657.32,
    "operatingProfitMargin" : 11.27,
    "operatingProfit" : 2785.00,
    "netProfitMargin" : 5.85,
    "netProfit" : 1445.63
  } ],
  "latestQuarterlyResult" : {
    "date" : "2025-12-31",
    "sales" : 24711.65,
    "salesGrowthYoY" : 12.99,
    "grossProfitMargin" : 14.80,
    "grossProfit" : 3657.32,
    "operatingProfitMargin" : 11.27,
    "operatingProfit" : 2785.00,
    "netProfitMargin" : 5.85,
    "netProfit" : 1445.63
  },
  "companyScore" : {
    "priceHigherThanDma50" : 5.00,
    "priceHigherThanDma100" : 5.00,
    "priceHigherThanDma200" : 5.00,
    "dma50HigherThanDma100" : 5.00,
    "dma50HigherThanDma200" : 5.00,
    "dma100HigherThanDma200" : 5.00,
    "pricePercentageAboveDma50" : 4.81,
    "pricePercentageAboveDma100" : 4.75,
    "pricePercentageAboveDma200" : 4.68,
    "weeklyVolumeHigherThanYearlyVolume" : 5.00,
    "salesGrowthPercentile" : 11.50,
    "operatingProfitMarginPercentile" : 17.86,
    "netProfitMarginPercentile" : 8.45,
    "totalTechnicalScore" : 49.24,
    "totalFundamentalScore" : 37.81,
    "totalScore" : 87.05
  }
}