{
  "metadata" : {
    "screenerCompanyId" : "2143",
    "companyCode" : "MSPL",
    "companyName" : "MSP Steel & Pow.",
    "screenerCompanyLink" : "https://www.screener.in/company/MSPL",
    "screenerTechnicalHistoryLink" : "https://www.screener.in/api/company/2143/chart/?q=Price-DMA50-DMA200-Volume&days=365",
    "screenerQuarterlyResultsLink" : "https://www.screener.in/api/company/2143/chart/?q=GPM-OPM-NPM-Quarter+Sales&days=10000",
    "attributes" : {
      "companyCode" : "MSPL",
      "companyName" : "MSP Steel & Pow.",
      "marketCap" : 2085.00,
      "peRatio" : 116.00,
      "description" : "Incorporated in 1968, MSP Steel & Power Ltd manufactures and sells of iron and steel products and does generation of power[1]"
    },
    "companyScore" : {
      "priceHigherThanDma50" : 5.00,
      "priceHigherThanDma100" : 5.00,
      "priceHigherThanDma200" : 5.00,
      "dma50HigherThanDma100" : 5.00,
      "dma50HigherThanDma200" : 5.00,
      "dma100HigherThanDma200" : 5.00,
      "pricePercentageAboveDma50" : 4.67,
      "pricePercentageAboveDma100" : 4.58,
      "pricePercentageAboveDma200" : 4.45,
      "weeklyVolumeHigherThanYearlyVolume" : 5.00,
      "salesGrowthPercentile" : 6.08,
      "operatingProfitMarginPercentile" : 9.50,
      "netProfitMarginPercentile" : 7.24,
      "totalTechnicalScore" : 48.69,
      "totalFundamentalScore" : 22.82,
      "totalScore" : 71.50
    }
  },
  "attributes" : {
    "companyCode" : "MSPL",
    "companyName" : "MSP Steel & Pow.",
    "marketCap" : 2085.00,
    "peRatio" : 116.00,
    "description" : "Incorporated in 1968, MSP Steel & Power Ltd manufactures and sells of iron and steel products and does generation of power[1]"
  },
  "technicalHistory" : [ {
    "date" : "2024-12-02",
    "price" : 45.15,
    "dma50" : 44.84,
    "dma100" : null,
    "dma200" : 36.52,
    "volume" : 446557.00
  }, {
    "date" : "2024-12-03",
    "price" : 45.39,
    "dma50" : 44.86,
    "dma100" : null,
    "dma200" : 36.60,
    "volume" : 218633.00
  }, {
    "date" : "2024-12-04",
    "price" : 46.11,
    "dma50" : 44.91,
    "dma100" : null,
    "dma200" : 36.70,
    "volume" : 788849.00
  }, {
    "date" : "2024-12-05",
    "price" : 46.03,
    "dma50" : 44.96,
    "dma100" : null,
    "dma200" : 36.79,
    "volume" : 337788.00
  }, {
    "date" : "2024-12-06",
    "price" : 46.11,
    "dma50" : 45.00,
    "dma100" : null,
    "dma200" : 36.88,
    "volume" : 788501.00
  }, {
    "date" : "2024-12-09",
    "price" : 46.14,
    "dma50" : 45.05,
    "dma100" : null,
    "dma200" : 36.98,
    "volume" : 373908.00
  }, {
    "date" : "2024-12-10",
    "price" : 46.64,
    "dma50" : 45.11,
    "dma100" : null,
    "dma200" : 37.07,
    "volume" : 299522.00
  }, {
    "date" : "2024-12-11",
    "price" : 45.60,
    "dma50" : 45.13,
    "dma100" : null,
    "dma200" : 37.16,
    "volume" : 741313.00
  }, {
    "date" : "2024-12-12",
    "price" : 44.60,
    "dma50" : 45.11,
    "dma100" : null,
    "dma200" : 37.23,
    "volume" : 478616.00
  }, {
    "date" : "2024-12-13",
    "price" : 46.83,
    "dma50" : 45.17,
    "dma100" : null,
    "dma200" : 37.33,
    "volume" : 781272.00
  }, {
    "date" : "2024-12-16",
    "price" : 46.96,
    "dma50" : 45.24,
    "dma100" : null,
    "dma200" : 37.42,
    "volume" : 412258.00
  }, {
    "date" : "2024-12-17",
    "price" : 47.06,
    "dma50" : 45.32,
    "dma100" : null,
    "dma200" : 37.52,
    "volume" : 382625.00
  }, {
    "date" : "2024-12-18",
    "price" : 46.29,
    "dma50" : 45.35,
    "dma100" : null,
    "dma200" : 37.61,
    "volume" : 263594.00
  }, {
    "date" : "2024-12-19",
    "price" : 46.08,
    "dma50" : 45.38,
    "dma100" : null,
    "dma200" : 37.69,
    "volume" : 399264.00
  }, {
    "date" : "2024-12-20",
    "price" : 46.24,
    "dma50" : 45.42,
    "dma100" : null,
    "dma200" : 37.78,
    "volume" : 1235081.00
  }, {
    "date" : "2024-12-23",
    "price" : 45.43,
    "dma50" : 45.42,
    "dma100" : null,
    "dma200" : 37.85,
    "volume" : 374151.00
  }, {
    "date" : "2024-12-24",
    "price" : 45.08,
    "dma50" : 45.40,
    "dma100" : null,
    "dma200" : 37.92,
    "volume" : 278423.00
  }, {
    "date" : "2024-12-26",
    "price" : 45.04,
    "dma50" : 45.39,
    "dma100" : null,
    "dma200" : 37.99,
    "volume" : 183869.00
  }, {
    "date" : "2024-12-27",
    "price" : 44.66,
    "dma50" : 45.36,
    "dma100" : null,
    "dma200" : 38.06,
    "volume" : 174275.00
  }, {
    "date" : "2024-12-30",
    "price" : 45.13,
    "dma50" : 45.35,
    "dma100" : null,
    "dma200" : 38.13,
    "volume" : 734936.00
  }, {
    "date" : "2024-12-31",
    "price" : 45.03,
    "dma50" : 45.34,
    "dma100" : null,
    "dma200" : 38.20,
    "volume" : 556525.00
  }, {
    "date" : "2025-01-01",
    "price" : 45.24,
    "dma50" : 45.34,
    "dma100" : null,
    "dma200" : 38.27,
    "volume" : 336013.00
  }, {
    "date" : "2025-01-02",
    "price" : 44.45,
    "dma50" : 45.30,
    "dma100" : null,
    "dma200" : 38.33,
    "volume" : 594580.00
  }, {
    "date" : "2025-01-03",
    "price" : 44.21,
    "dma50" : 45.26,
    "dma100" : null,
    "dma200" : 38.39,
    "volume" : 260217.00
  }, {
    "date" : "2025-01-06",
    "price" : 41.99,
    "dma50" : 45.13,
    "dma100" : null,
    "dma200" : 38.43,
    "volume" : 526102.00
  }, {
    "date" : "2025-01-07",
    "price" : 40.82,
    "dma50" : 44.96,
    "dma100" : null,
    "dma200" : 38.45,
    "volume" : 1272010.00
  }, {
    "date" : "2025-01-08",
    "price" : 40.83,
    "dma50" : 44.80,
    "dma100" : null,
    "dma200" : 38.47,
    "volume" : 587770.00
  }, {
    "date" : "2025-01-09",
    "price" : 39.56,
    "dma50" : 44.59,
    "dma100" : null,
    "dma200" : 38.48,
    "volume" : 444963.00
  }, {
    "date" : "2025-01-10",
    "price" : 37.77,
    "dma50" : 44.33,
    "dma100" : null,
    "dma200" : 38.48,
    "volume" : 1133642.00
  }, {
    "date" : "2025-01-13",
    "price" : 35.90,
    "dma50" : 44.00,
    "dma100" : null,
    "dma200" : 38.45,
    "volume" : 1334182.00
  }, {
    "date" : "2025-01-14",
    "price" : 37.69,
    "dma50" : 43.75,
    "dma100" : null,
    "dma200" : 38.44,
    "volume" : 257950.00
  }, {
    "date" : "2025-01-15",
    "price" : 39.57,
    "dma50" : 43.58,
    "dma100" : null,
    "dma200" : 38.46,
    "volume" : 648376.00
  }, {
    "date" : "2025-01-16",
    "price" : 38.70,
    "dma50" : 43.39,
    "dma100" : null,
    "dma200" : 38.46,
    "volume" : 493255.00
  }, {
    "date" : "2025-01-17",
    "price" : 38.07,
    "dma50" : 43.18,
    "dma100" : null,
    "dma200" : 38.45,
    "volume" : 568663.00
  }, {
    "date" : "2025-01-20",
    "price" : 37.94,
    "dma50" : 42.98,
    "dma100" : null,
    "dma200" : 38.45,
    "volume" : 488610.00
  }, {
    "date" : "2025-01-21",
    "price" : 36.78,
    "dma50" : 42.74,
    "dma100" : null,
    "dma200" : 38.43,
    "volume" : 483363.00
  }, {
    "date" : "2025-01-22",
    "price" : 35.62,
    "dma50" : 42.46,
    "dma100" : null,
    "dma200" : 38.40,
    "volume" : 515481.00
  }, {
    "date" : "2025-01-23",
    "price" : 35.20,
    "dma50" : 42.17,
    "dma100" : null,
    "dma200" : 38.37,
    "volume" : 361950.00
  }, {
    "date" : "2025-01-24",
    "price" : 33.88,
    "dma50" : 41.85,
    "dma100" : null,
    "dma200" : 38.33,
    "volume" : 525828.00
  }, {
    "date" : "2025-01-27",
    "price" : 33.29,
    "dma50" : 41.51,
    "dma100" : null,
    "dma200" : 38.28,
    "volume" : 675462.00
  }, {
    "date" : "2025-01-28",
    "price" : 32.16,
    "dma50" : 41.14,
    "dma100" : null,
    "dma200" : 38.22,
    "volume" : 709153.00
  }, {
    "date" : "2025-01-29",
    "price" : 33.76,
    "dma50" : 40.85,
    "dma100" : null,
    "dma200" : 38.17,
    "volume" : 213607.00
  }, {
    "date" : "2025-01-30",
    "price" : 35.44,
    "dma50" : 40.64,
    "dma100" : null,
    "dma200" : 38.14,
    "volume" : 178875.00
  }, {
    "date" : "2025-01-31",
    "price" : 35.31,
    "dma50" : 40.43,
    "dma100" : null,
    "dma200" : 38.12,
    "volume" : 403431.00
  }, {
    "date" : "2025-02-01",
    "price" : 35.21,
    "dma50" : 40.23,
    "dma100" : null,
    "dma200" : 38.09,
    "volume" : 520422.00
  }, {
    "date" : "2025-02-03",
    "price" : 33.55,
    "dma50" : 39.97,
    "dma100" : null,
    "dma200" : 38.04,
    "volume" : 312076.00
  }, {
    "date" : "2025-02-04",
    "price" : 34.33,
    "dma50" : 39.75,
    "dma100" : null,
    "dma200" : 38.01,
    "volume" : 281948.00
  }, {
    "date" : "2025-02-05",
    "price" : 34.11,
    "dma50" : 39.52,
    "dma100" : null,
    "dma200" : 37.97,
    "volume" : 444356.00
  }, {
    "date" : "2025-02-06",
    "price" : 34.34,
    "dma50" : 39.32,
    "dma100" : null,
    "dma200" : 37.93,
    "volume" : 272382.00
  }, {
    "date" : "2025-02-07",
    "price" : 34.42,
    "dma50" : 39.13,
    "dma100" : null,
    "dma200" : 37.90,
    "volume" : 270797.00
  }, {
    "date" : "2025-02-10",
    "price" : 33.25,
    "dma50" : 38.90,
    "dma100" : null,
    "dma200" : 37.85,
    "volume" : 184818.00
  }, {
    "date" : "2025-02-11",
    "price" : 31.58,
    "dma50" : 38.61,
    "dma100" : null,
    "dma200" : 37.79,
    "volume" : 309049.00
  }, {
    "date" : "2025-02-12",
    "price" : 30.61,
    "dma50" : 38.30,
    "dma100" : null,
    "dma200" : 37.72,
    "volume" : 567849.00
  }, {
    "date" : "2025-02-13",
    "price" : 30.02,
    "dma50" : 37.97,
    "dma100" : null,
    "dma200" : 37.64,
    "volume" : 495538.00
  }, {
    "date" : "2025-02-14",
    "price" : 28.51,
    "dma50" : 37.60,
    "dma100" : null,
    "dma200" : 37.55,
    "volume" : 314714.00
  }, {
    "date" : "2025-02-17",
    "price" : 27.08,
    "dma50" : 37.19,
    "dma100" : null,
    "dma200" : 37.44,
    "volume" : 777784.00
  }, {
    "date" : "2025-02-18",
    "price" : 25.79,
    "dma50" : 36.74,
    "dma100" : null,
    "dma200" : 37.33,
    "volume" : 823632.00
  }, {
    "date" : "2025-02-19",
    "price" : 26.97,
    "dma50" : 36.36,
    "dma100" : null,
    "dma200" : 37.23,
    "volume" : 596433.00
  }, {
    "date" : "2025-02-20",
    "price" : 27.16,
    "dma50" : 36.00,
    "dma100" : null,
    "dma200" : 37.13,
    "volume" : 743708.00
  }, {
    "date" : "2025-02-21",
    "price" : 27.05,
    "dma50" : 35.65,
    "dma100" : null,
    "dma200" : 37.02,
    "volume" : 442202.00
  }, {
    "date" : "2025-02-24",
    "price" : 26.00,
    "dma50" : 35.27,
    "dma100" : null,
    "dma200" : 36.92,
    "volume" : 481570.00
  }, {
    "date" : "2025-02-25",
    "price" : 25.41,
    "dma50" : 34.88,
    "dma100" : null,
    "dma200" : 36.80,
    "volume" : 498458.00
  }, {
    "date" : "2025-02-27",
    "price" : 24.60,
    "dma50" : 34.48,
    "dma100" : null,
    "dma200" : 36.68,
    "volume" : 476543.00
  }, {
    "date" : "2025-02-28",
    "price" : 23.55,
    "dma50" : 34.05,
    "dma100" : null,
    "dma200" : 36.55,
    "volume" : 701878.00
  }, {
    "date" : "2025-03-03",
    "price" : 22.48,
    "dma50" : 33.60,
    "dma100" : null,
    "dma200" : 36.41,
    "volume" : 837891.00
  }, {
    "date" : "2025-03-04",
    "price" : 23.60,
    "dma50" : 33.20,
    "dma100" : null,
    "dma200" : 36.28,
    "volume" : 1923785.00
  }, {
    "date" : "2025-03-05",
    "price" : 24.78,
    "dma50" : 32.87,
    "dma100" : null,
    "dma200" : 36.17,
    "volume" : 2222742.00
  }, {
    "date" : "2025-03-06",
    "price" : 26.01,
    "dma50" : 32.61,
    "dma100" : null,
    "dma200" : 36.07,
    "volume" : 399415.00
  }, {
    "date" : "2025-03-07",
    "price" : 27.31,
    "dma50" : 32.40,
    "dma100" : null,
    "dma200" : 35.98,
    "volume" : 347101.00
  }, {
    "date" : "2025-03-10",
    "price" : 27.84,
    "dma50" : 32.22,
    "dma100" : null,
    "dma200" : 35.90,
    "volume" : 1460971.00
  }, {
    "date" : "2025-03-11",
    "price" : 28.46,
    "dma50" : 32.07,
    "dma100" : null,
    "dma200" : 35.82,
    "volume" : 901140.00
  }, {
    "date" : "2025-03-12",
    "price" : 27.72,
    "dma50" : 31.90,
    "dma100" : null,
    "dma200" : 35.74,
    "volume" : 738978.00
  }, {
    "date" : "2025-03-13",
    "price" : 27.61,
    "dma50" : 31.73,
    "dma100" : null,
    "dma200" : 35.66,
    "volume" : 692851.00
  }, {
    "date" : "2025-03-17",
    "price" : 27.25,
    "dma50" : 31.56,
    "dma100" : null,
    "dma200" : 35.58,
    "volume" : 611919.00
  }, {
    "date" : "2025-03-18",
    "price" : 27.14,
    "dma50" : 31.38,
    "dma100" : null,
    "dma200" : 35.49,
    "volume" : 1194899.00
  }, {
    "date" : "2025-03-19",
    "price" : 28.11,
    "dma50" : 31.26,
    "dma100" : null,
    "dma200" : 35.42,
    "volume" : 1529051.00
  }, {
    "date" : "2025-03-20",
    "price" : 27.78,
    "dma50" : 31.12,
    "dma100" : null,
    "dma200" : 35.34,
    "volume" : 1052283.00
  }, {
    "date" : "2025-03-21",
    "price" : 26.58,
    "dma50" : 30.94,
    "dma100" : null,
    "dma200" : 35.26,
    "volume" : 1663405.00
  }, {
    "date" : "2025-03-24",
    "price" : 26.64,
    "dma50" : 30.77,
    "dma100" : null,
    "dma200" : 35.17,
    "volume" : 1264701.00
  }, {
    "date" : "2025-03-25",
    "price" : 26.20,
    "dma50" : 30.59,
    "dma100" : null,
    "dma200" : 35.08,
    "volume" : 840007.00
  }, {
    "date" : "2025-03-26",
    "price" : 25.18,
    "dma50" : 30.38,
    "dma100" : null,
    "dma200" : 34.98,
    "volume" : 1046727.00
  }, {
    "date" : "2025-03-27",
    "price" : 26.21,
    "dma50" : 30.22,
    "dma100" : null,
    "dma200" : 34.90,
    "volume" : 1934245.00
  }, {
    "date" : "2025-03-28",
    "price" : 27.31,
    "dma50" : 30.10,
    "dma100" : null,
    "dma200" : 34.82,
    "volume" : 2199115.00
  }, {
    "date" : "2025-04-01",
    "price" : 28.18,
    "dma50" : 30.03,
    "dma100" : null,
    "dma200" : 34.76,
    "volume" : 866944.00
  }, {
    "date" : "2025-04-02",
    "price" : 28.78,
    "dma50" : 29.98,
    "dma100" : null,
    "dma200" : 34.70,
    "volume" : 369929.00
  }, {
    "date" : "2025-04-03",
    "price" : 29.39,
    "dma50" : 29.96,
    "dma100" : null,
    "dma200" : 34.64,
    "volume" : 776113.00
  }, {
    "date" : "2025-04-04",
    "price" : 28.30,
    "dma50" : 29.89,
    "dma100" : null,
    "dma200" : 34.58,
    "volume" : 713527.00
  }, {
    "date" : "2025-04-07",
    "price" : 26.88,
    "dma50" : 29.77,
    "dma100" : null,
    "dma200" : 34.50,
    "volume" : 152237.00
  }, {
    "date" : "2025-04-08",
    "price" : 26.54,
    "dma50" : 29.65,
    "dma100" : null,
    "dma200" : 34.42,
    "volume" : 549434.00
  }, {
    "date" : "2025-04-09",
    "price" : 26.22,
    "dma50" : 29.51,
    "dma100" : null,
    "dma200" : 34.34,
    "volume" : 221030.00
  }, {
    "date" : "2025-04-11",
    "price" : 27.36,
    "dma50" : 29.43,
    "dma100" : null,
    "dma200" : 34.27,
    "volume" : 282059.00
  }, {
    "date" : "2025-04-15",
    "price" : 28.71,
    "dma50" : 29.40,
    "dma100" : null,
    "dma200" : 34.22,
    "volume" : 689869.00
  }, {
    "date" : "2025-04-16",
    "price" : 28.48,
    "dma50" : 29.36,
    "dma100" : null,
    "dma200" : 34.16,
    "volume" : 1763060.00
  }, {
    "date" : "2025-04-17",
    "price" : 28.21,
    "dma50" : 29.32,
    "dma100" : null,
    "dma200" : 34.10,
    "volume" : 1090118.00
  }, {
    "date" : "2025-04-21",
    "price" : 28.90,
    "dma50" : 29.30,
    "dma100" : null,
    "dma200" : 34.05,
    "volume" : 695450.00
  }, {
    "date" : "2025-04-22",
    "price" : 28.73,
    "dma50" : 29.28,
    "dma100" : null,
    "dma200" : 34.00,
    "volume" : 532185.00
  }, {
    "date" : "2025-04-23",
    "price" : 28.54,
    "dma50" : 29.25,
    "dma100" : null,
    "dma200" : 33.94,
    "volume" : 356307.00
  }, {
    "date" : "2025-04-24",
    "price" : 28.86,
    "dma50" : 29.23,
    "dma100" : null,
    "dma200" : 33.89,
    "volume" : 286012.00
  }, {
    "date" : "2025-04-25",
    "price" : 27.52,
    "dma50" : 29.17,
    "dma100" : null,
    "dma200" : 33.83,
    "volume" : 480520.00
  }, {
    "date" : "2025-04-28",
    "price" : 27.67,
    "dma50" : 29.11,
    "dma100" : null,
    "dma200" : 33.77,
    "volume" : 341684.00
  }, {
    "date" : "2025-04-29",
    "price" : 27.32,
    "dma50" : 29.04,
    "dma100" : 33.93,
    "dma200" : 33.70,
    "volume" : 202795.00
  }, {
    "date" : "2025-04-30",
    "price" : 27.15,
    "dma50" : 28.96,
    "dma100" : 33.75,
    "dma200" : 33.64,
    "volume" : 188535.00
  }, {
    "date" : "2025-05-02",
    "price" : 26.94,
    "dma50" : 28.89,
    "dma100" : 33.56,
    "dma200" : 33.57,
    "volume" : 334745.00
  }, {
    "date" : "2025-05-05",
    "price" : 26.78,
    "dma50" : 28.80,
    "dma100" : 33.36,
    "dma200" : 33.50,
    "volume" : 180212.00
  }, {
    "date" : "2025-05-06",
    "price" : 25.53,
    "dma50" : 28.67,
    "dma100" : 33.16,
    "dma200" : 33.42,
    "volume" : 347828.00
  }, {
    "date" : "2025-05-07",
    "price" : 25.95,
    "dma50" : 28.57,
    "dma100" : 32.96,
    "dma200" : 33.35,
    "volume" : 207086.00
  }, {
    "date" : "2025-05-08",
    "price" : 24.76,
    "dma50" : 28.42,
    "dma100" : 32.74,
    "dma200" : 33.26,
    "volume" : 360878.00
  }, {
    "date" : "2025-05-09",
    "price" : 24.34,
    "dma50" : 28.26,
    "dma100" : 32.52,
    "dma200" : 33.18,
    "volume" : 364159.00
  }, {
    "date" : "2025-05-12",
    "price" : 25.55,
    "dma50" : 28.15,
    "dma100" : 32.33,
    "dma200" : 33.10,
    "volume" : 237507.00
  }, {
    "date" : "2025-05-13",
    "price" : 26.74,
    "dma50" : 28.10,
    "dma100" : 32.13,
    "dma200" : 33.04,
    "volume" : 505669.00
  }, {
    "date" : "2025-05-14",
    "price" : 27.24,
    "dma50" : 28.06,
    "dma100" : 31.94,
    "dma200" : 32.98,
    "volume" : 287587.00
  }, {
    "date" : "2025-05-15",
    "price" : 27.02,
    "dma50" : 28.02,
    "dma100" : 31.74,
    "dma200" : 32.92,
    "volume" : 400421.00
  }, {
    "date" : "2025-05-16",
    "price" : 28.23,
    "dma50" : 28.03,
    "dma100" : 31.55,
    "dma200" : 32.87,
    "volume" : 533535.00
  }, {
    "date" : "2025-05-19",
    "price" : 28.16,
    "dma50" : 28.04,
    "dma100" : 31.38,
    "dma200" : 32.83,
    "volume" : 391699.00
  }, {
    "date" : "2025-05-20",
    "price" : 27.59,
    "dma50" : 28.02,
    "dma100" : 31.19,
    "dma200" : 32.77,
    "volume" : 219144.00
  }, {
    "date" : "2025-05-21",
    "price" : 26.82,
    "dma50" : 27.97,
    "dma100" : 31.00,
    "dma200" : 32.71,
    "volume" : 341348.00
  }, {
    "date" : "2025-05-22",
    "price" : 26.91,
    "dma50" : 27.93,
    "dma100" : 30.82,
    "dma200" : 32.66,
    "volume" : 180615.00
  }, {
    "date" : "2025-05-23",
    "price" : 27.06,
    "dma50" : 27.90,
    "dma100" : 30.64,
    "dma200" : 32.60,
    "volume" : 112043.00
  }, {
    "date" : "2025-05-26",
    "price" : 26.87,
    "dma50" : 27.86,
    "dma100" : 30.46,
    "dma200" : 32.54,
    "volume" : 225201.00
  }, {
    "date" : "2025-05-27",
    "price" : 27.17,
    "dma50" : 27.83,
    "dma100" : 30.28,
    "dma200" : 32.49,
    "volume" : 162352.00
  }, {
    "date" : "2025-05-28",
    "price" : 28.24,
    "dma50" : 27.84,
    "dma100" : 30.12,
    "dma200" : 32.45,
    "volume" : 529068.00
  }, {
    "date" : "2025-05-29",
    "price" : 28.41,
    "dma50" : 27.87,
    "dma100" : 29.95,
    "dma200" : 32.41,
    "volume" : 459991.00
  }, {
    "date" : "2025-05-30",
    "price" : 27.95,
    "dma50" : 27.87,
    "dma100" : 29.78,
    "dma200" : 32.36,
    "volume" : 331069.00
  }, {
    "date" : "2025-06-02",
    "price" : 27.24,
    "dma50" : 27.85,
    "dma100" : 29.61,
    "dma200" : 32.31,
    "volume" : 356529.00
  }, {
    "date" : "2025-06-03",
    "price" : 27.13,
    "dma50" : 27.82,
    "dma100" : 29.46,
    "dma200" : 32.26,
    "volume" : 200618.00
  }, {
    "date" : "2025-06-04",
    "price" : 26.53,
    "dma50" : 27.77,
    "dma100" : 29.32,
    "dma200" : 32.20,
    "volume" : 459532.00
  }, {
    "date" : "2025-06-05",
    "price" : 26.54,
    "dma50" : 27.72,
    "dma100" : 29.18,
    "dma200" : 32.15,
    "volume" : 406938.00
  }, {
    "date" : "2025-06-06",
    "price" : 26.42,
    "dma50" : 27.67,
    "dma100" : 29.05,
    "dma200" : 32.09,
    "volume" : 266968.00
  }, {
    "date" : "2025-06-09",
    "price" : 27.59,
    "dma50" : 27.66,
    "dma100" : 28.95,
    "dma200" : 32.05,
    "volume" : 532386.00
  }, {
    "date" : "2025-06-10",
    "price" : 27.70,
    "dma50" : 27.67,
    "dma100" : 28.86,
    "dma200" : 32.00,
    "volume" : 351711.00
  }, {
    "date" : "2025-06-11",
    "price" : 29.24,
    "dma50" : 27.73,
    "dma100" : 28.78,
    "dma200" : 31.98,
    "volume" : 1360379.00
  }, {
    "date" : "2025-06-12",
    "price" : 28.27,
    "dma50" : 27.75,
    "dma100" : 28.67,
    "dma200" : 31.94,
    "volume" : 813040.00
  }, {
    "date" : "2025-06-13",
    "price" : 28.02,
    "dma50" : 27.76,
    "dma100" : 28.56,
    "dma200" : 31.90,
    "volume" : 281706.00
  }, {
    "date" : "2025-06-16",
    "price" : 28.59,
    "dma50" : 27.79,
    "dma100" : 28.46,
    "dma200" : 31.87,
    "volume" : 411524.00
  }, {
    "date" : "2025-06-17",
    "price" : 28.17,
    "dma50" : 27.81,
    "dma100" : 28.37,
    "dma200" : 31.83,
    "volume" : 596715.00
  }, {
    "date" : "2025-06-18",
    "price" : 28.09,
    "dma50" : 27.82,
    "dma100" : 28.28,
    "dma200" : 31.79,
    "volume" : 400967.00
  }, {
    "date" : "2025-06-19",
    "price" : 27.31,
    "dma50" : 27.80,
    "dma100" : 28.20,
    "dma200" : 31.75,
    "volume" : 388148.00
  }, {
    "date" : "2025-06-20",
    "price" : 27.06,
    "dma50" : 27.77,
    "dma100" : 28.11,
    "dma200" : 31.70,
    "volume" : 221120.00
  }, {
    "date" : "2025-06-23",
    "price" : 26.83,
    "dma50" : 27.73,
    "dma100" : 28.04,
    "dma200" : 31.65,
    "volume" : 221054.00
  }, {
    "date" : "2025-06-24",
    "price" : 26.87,
    "dma50" : 27.70,
    "dma100" : 27.98,
    "dma200" : 31.61,
    "volume" : 367869.00
  }, {
    "date" : "2025-06-25",
    "price" : 27.96,
    "dma50" : 27.71,
    "dma100" : 27.94,
    "dma200" : 31.57,
    "volume" : 630272.00
  }, {
    "date" : "2025-06-26",
    "price" : 27.47,
    "dma50" : 27.70,
    "dma100" : 27.88,
    "dma200" : 31.53,
    "volume" : 718635.00
  }, {
    "date" : "2025-06-27",
    "price" : 27.45,
    "dma50" : 27.69,
    "dma100" : 27.80,
    "dma200" : 31.49,
    "volume" : 433586.00
  }, {
    "date" : "2025-06-30",
    "price" : 27.13,
    "dma50" : 27.67,
    "dma100" : 27.71,
    "dma200" : 31.44,
    "volume" : 776165.00
  }, {
    "date" : "2025-07-01",
    "price" : 26.84,
    "dma50" : 27.64,
    "dma100" : 27.63,
    "dma200" : 31.40,
    "volume" : 638215.00
  }, {
    "date" : "2025-07-02",
    "price" : 26.97,
    "dma50" : 27.61,
    "dma100" : 27.56,
    "dma200" : 31.35,
    "volume" : 372984.00
  }, {
    "date" : "2025-07-03",
    "price" : 27.28,
    "dma50" : 27.60,
    "dma100" : 27.49,
    "dma200" : 31.31,
    "volume" : 620109.00
  }, {
    "date" : "2025-07-04",
    "price" : 27.15,
    "dma50" : 27.58,
    "dma100" : 27.42,
    "dma200" : 31.27,
    "volume" : 255760.00
  }, {
    "date" : "2025-07-07",
    "price" : 27.48,
    "dma50" : 27.57,
    "dma100" : 27.36,
    "dma200" : 31.23,
    "volume" : 408113.00
  }, {
    "date" : "2025-07-08",
    "price" : 30.22,
    "dma50" : 27.68,
    "dma100" : 27.31,
    "dma200" : 31.22,
    "volume" : 4697360.00
  }, {
    "date" : "2025-07-09",
    "price" : 32.09,
    "dma50" : 27.85,
    "dma100" : 27.30,
    "dma200" : 31.23,
    "volume" : 5570721.00
  }, {
    "date" : "2025-07-10",
    "price" : 32.26,
    "dma50" : 28.02,
    "dma100" : 27.31,
    "dma200" : 31.24,
    "volume" : 1795932.00
  }, {
    "date" : "2025-07-11",
    "price" : 31.35,
    "dma50" : 28.15,
    "dma100" : 27.32,
    "dma200" : 31.24,
    "volume" : 1262851.00
  }, {
    "date" : "2025-07-14",
    "price" : 32.76,
    "dma50" : 28.34,
    "dma100" : 27.34,
    "dma200" : 31.26,
    "volume" : 2146181.00
  }, {
    "date" : "2025-07-15",
    "price" : 33.21,
    "dma50" : 28.53,
    "dma100" : 27.39,
    "dma200" : 31.28,
    "volume" : 1917290.00
  }, {
    "date" : "2025-07-16",
    "price" : 33.61,
    "dma50" : 28.73,
    "dma100" : 27.46,
    "dma200" : 31.30,
    "volume" : 1826069.00
  }, {
    "date" : "2025-07-17",
    "price" : 32.48,
    "dma50" : 28.87,
    "dma100" : 27.52,
    "dma200" : 31.31,
    "volume" : 772661.00
  }, {
    "date" : "2025-07-18",
    "price" : 32.73,
    "dma50" : 29.02,
    "dma100" : 27.58,
    "dma200" : 31.33,
    "volume" : 662122.00
  }, {
    "date" : "2025-07-21",
    "price" : 33.09,
    "dma50" : 29.18,
    "dma100" : 27.64,
    "dma200" : 31.35,
    "volume" : 1011182.00
  }, {
    "date" : "2025-07-22",
    "price" : 32.44,
    "dma50" : 29.31,
    "dma100" : 27.69,
    "dma200" : 31.36,
    "volume" : 408307.00
  }, {
    "date" : "2025-07-23",
    "price" : 33.72,
    "dma50" : 29.48,
    "dma100" : 27.77,
    "dma200" : 31.38,
    "volume" : 1344932.00
  }, {
    "date" : "2025-07-24",
    "price" : 32.81,
    "dma50" : 29.61,
    "dma100" : 27.84,
    "dma200" : 31.39,
    "volume" : 721872.00
  }, {
    "date" : "2025-07-25",
    "price" : 31.68,
    "dma50" : 29.70,
    "dma100" : 27.92,
    "dma200" : 31.40,
    "volume" : 655839.00
  }, {
    "date" : "2025-07-28",
    "price" : 31.81,
    "dma50" : 29.78,
    "dma100" : 28.00,
    "dma200" : 31.40,
    "volume" : 354846.00
  }, {
    "date" : "2025-07-29",
    "price" : 31.46,
    "dma50" : 29.84,
    "dma100" : 28.09,
    "dma200" : 31.40,
    "volume" : 687840.00
  }, {
    "date" : "2025-07-30",
    "price" : 31.40,
    "dma50" : 29.91,
    "dma100" : 28.17,
    "dma200" : 31.40,
    "volume" : 515875.00
  }, {
    "date" : "2025-07-31",
    "price" : 34.54,
    "dma50" : 30.09,
    "dma100" : 28.26,
    "dma200" : 31.43,
    "volume" : 4589732.00
  }, {
    "date" : "2025-08-01",
    "price" : 33.71,
    "dma50" : 30.23,
    "dma100" : 28.34,
    "dma200" : 31.46,
    "volume" : 6660347.00
  }, {
    "date" : "2025-08-04",
    "price" : 33.10,
    "dma50" : 30.34,
    "dma100" : 28.40,
    "dma200" : 31.47,
    "volume" : 724949.00
  }, {
    "date" : "2025-08-05",
    "price" : 30.56,
    "dma50" : 30.35,
    "dma100" : 28.43,
    "dma200" : 31.46,
    "volume" : 1867513.00
  }, {
    "date" : "2025-08-06",
    "price" : 31.58,
    "dma50" : 30.40,
    "dma100" : 28.46,
    "dma200" : 31.46,
    "volume" : 1514893.00
  }, {
    "date" : "2025-08-07",
    "price" : 31.81,
    "dma50" : 30.45,
    "dma100" : 28.50,
    "dma200" : 31.47,
    "volume" : 842827.00
  }, {
    "date" : "2025-08-08",
    "price" : 31.48,
    "dma50" : 30.49,
    "dma100" : 28.54,
    "dma200" : 31.47,
    "volume" : 259343.00
  }, {
    "date" : "2025-08-11",
    "price" : 30.91,
    "dma50" : 30.51,
    "dma100" : 28.57,
    "dma200" : 31.46,
    "volume" : 359913.00
  }, {
    "date" : "2025-08-12",
    "price" : 30.91,
    "dma50" : 30.53,
    "dma100" : 28.61,
    "dma200" : 31.46,
    "volume" : 454208.00
  }, {
    "date" : "2025-08-13",
    "price" : 32.61,
    "dma50" : 30.61,
    "dma100" : 28.66,
    "dma200" : 31.47,
    "volume" : 1047130.00
  }, {
    "date" : "2025-08-14",
    "price" : 32.28,
    "dma50" : 30.67,
    "dma100" : 28.70,
    "dma200" : 31.48,
    "volume" : 504384.00
  }, {
    "date" : "2025-08-18",
    "price" : 31.95,
    "dma50" : 30.72,
    "dma100" : 28.75,
    "dma200" : 31.48,
    "volume" : 346936.00
  }, {
    "date" : "2025-08-19",
    "price" : 32.04,
    "dma50" : 30.78,
    "dma100" : 28.81,
    "dma200" : 31.49,
    "volume" : 761740.00
  }, {
    "date" : "2025-08-20",
    "price" : 32.21,
    "dma50" : 30.83,
    "dma100" : 28.87,
    "dma200" : 31.49,
    "volume" : 476551.00
  }, {
    "date" : "2025-08-21",
    "price" : 31.88,
    "dma50" : 30.87,
    "dma100" : 28.94,
    "dma200" : 31.50,
    "volume" : 260481.00
  }, {
    "date" : "2025-08-22",
    "price" : 31.75,
    "dma50" : 30.91,
    "dma100" : 28.99,
    "dma200" : 31.50,
    "volume" : 467331.00
  }, {
    "date" : "2025-08-25",
    "price" : 32.06,
    "dma50" : 30.95,
    "dma100" : 29.04,
    "dma200" : 31.51,
    "volume" : 450855.00
  }, {
    "date" : "2025-08-26",
    "price" : 31.56,
    "dma50" : 30.98,
    "dma100" : 29.07,
    "dma200" : 31.51,
    "volume" : 417750.00
  }, {
    "date" : "2025-08-28",
    "price" : 31.22,
    "dma50" : 30.99,
    "dma100" : 29.10,
    "dma200" : 31.50,
    "volume" : 342274.00
  }, {
    "date" : "2025-08-29",
    "price" : 31.06,
    "dma50" : 30.99,
    "dma100" : 29.11,
    "dma200" : 31.50,
    "volume" : 404236.00
  }, {
    "date" : "2025-09-01",
    "price" : 30.51,
    "dma50" : 30.97,
    "dma100" : 29.14,
    "dma200" : 31.49,
    "volume" : 598395.00
  }, {
    "date" : "2025-09-02",
    "price" : 30.70,
    "dma50" : 30.96,
    "dma100" : 29.17,
    "dma200" : 31.48,
    "volume" : 1164661.00
  }, {
    "date" : "2025-09-03",
    "price" : 31.97,
    "dma50" : 31.00,
    "dma100" : 29.23,
    "dma200" : 31.49,
    "volume" : 805768.00
  }, {
    "date" : "2025-09-04",
    "price" : 30.71,
    "dma50" : 30.99,
    "dma100" : 29.27,
    "dma200" : 31.48,
    "volume" : 748911.00
  }, {
    "date" : "2025-09-05",
    "price" : 31.04,
    "dma50" : 30.99,
    "dma100" : 29.31,
    "dma200" : 31.47,
    "volume" : 496473.00
  }, {
    "date" : "2025-09-08",
    "price" : 32.07,
    "dma50" : 31.03,
    "dma100" : 29.34,
    "dma200" : 31.48,
    "volume" : 794623.00
  }, {
    "date" : "2025-09-09",
    "price" : 32.31,
    "dma50" : 31.08,
    "dma100" : 29.38,
    "dma200" : 31.49,
    "volume" : 1068544.00
  }, {
    "date" : "2025-09-10",
    "price" : 32.52,
    "dma50" : 31.14,
    "dma100" : 29.42,
    "dma200" : 31.50,
    "volume" : 806463.00
  }, {
    "date" : "2025-09-11",
    "price" : 35.77,
    "dma50" : 31.32,
    "dma100" : 29.49,
    "dma200" : 31.54,
    "volume" : 6333243.00
  }, {
    "date" : "2025-09-12",
    "price" : 37.54,
    "dma50" : 31.56,
    "dma100" : 29.58,
    "dma200" : 31.60,
    "volume" : 8463610.00
  }, {
    "date" : "2025-09-15",
    "price" : 40.66,
    "dma50" : 31.92,
    "dma100" : 29.70,
    "dma200" : 31.69,
    "volume" : 8109633.00
  }, {
    "date" : "2025-09-16",
    "price" : 39.22,
    "dma50" : 32.21,
    "dma100" : 29.81,
    "dma200" : 31.77,
    "volume" : 3328727.00
  }, {
    "date" : "2025-09-17",
    "price" : 39.04,
    "dma50" : 32.47,
    "dma100" : 29.92,
    "dma200" : 31.84,
    "volume" : 1510794.00
  }, {
    "date" : "2025-09-18",
    "price" : 38.01,
    "dma50" : 32.69,
    "dma100" : 30.02,
    "dma200" : 31.90,
    "volume" : 1411028.00
  }, {
    "date" : "2025-09-19",
    "price" : 38.13,
    "dma50" : 32.91,
    "dma100" : 30.13,
    "dma200" : 31.96,
    "volume" : 1106370.00
  }, {
    "date" : "2025-09-22",
    "price" : 37.24,
    "dma50" : 33.08,
    "dma100" : 30.23,
    "dma200" : 32.01,
    "volume" : 652059.00
  }, {
    "date" : "2025-09-23",
    "price" : 38.24,
    "dma50" : 33.28,
    "dma100" : 30.35,
    "dma200" : 32.08,
    "volume" : 1198281.00
  }, {
    "date" : "2025-09-24",
    "price" : 37.61,
    "dma50" : 33.45,
    "dma100" : 30.45,
    "dma200" : 32.13,
    "volume" : 579152.00
  }, {
    "date" : "2025-09-25",
    "price" : 37.37,
    "dma50" : 33.60,
    "dma100" : 30.57,
    "dma200" : 32.18,
    "volume" : 704021.00
  }, {
    "date" : "2025-09-26",
    "price" : 36.30,
    "dma50" : 33.71,
    "dma100" : 30.68,
    "dma200" : 32.22,
    "volume" : 1234149.00
  }, {
    "date" : "2025-09-29",
    "price" : 36.26,
    "dma50" : 33.81,
    "dma100" : 30.79,
    "dma200" : 32.26,
    "volume" : 471278.00
  }, {
    "date" : "2025-09-30",
    "price" : 36.50,
    "dma50" : 33.91,
    "dma100" : 30.91,
    "dma200" : 32.31,
    "volume" : 618696.00
  }, {
    "date" : "2025-10-01",
    "price" : 37.32,
    "dma50" : 34.05,
    "dma100" : 31.03,
    "dma200" : 32.36,
    "volume" : 589157.00
  }, {
    "date" : "2025-10-03",
    "price" : 38.97,
    "dma50" : 34.24,
    "dma100" : 31.15,
    "dma200" : 32.42,
    "volume" : 2013110.00
  }, {
    "date" : "2025-10-06",
    "price" : 37.29,
    "dma50" : 34.36,
    "dma100" : 31.25,
    "dma200" : 32.47,
    "volume" : 1169452.00
  }, {
    "date" : "2025-10-07",
    "price" : 36.99,
    "dma50" : 34.46,
    "dma100" : 31.35,
    "dma200" : 32.52,
    "volume" : 481676.00
  }, {
    "date" : "2025-10-08",
    "price" : 37.04,
    "dma50" : 34.56,
    "dma100" : 31.44,
    "dma200" : 32.56,
    "volume" : 758423.00
  }, {
    "date" : "2025-10-09",
    "price" : 37.71,
    "dma50" : 34.69,
    "dma100" : 31.54,
    "dma200" : 32.61,
    "volume" : 814241.00
  }, {
    "date" : "2025-10-10",
    "price" : 37.18,
    "dma50" : 34.78,
    "dma100" : 31.63,
    "dma200" : 32.66,
    "volume" : 616240.00
  }, {
    "date" : "2025-10-13",
    "price" : 36.53,
    "dma50" : 34.85,
    "dma100" : 31.73,
    "dma200" : 32.70,
    "volume" : 403619.00
  }, {
    "date" : "2025-10-14",
    "price" : 35.67,
    "dma50" : 34.89,
    "dma100" : 31.82,
    "dma200" : 32.73,
    "volume" : 1098035.00
  }, {
    "date" : "2025-10-15",
    "price" : 35.20,
    "dma50" : 34.90,
    "dma100" : 31.90,
    "dma200" : 32.75,
    "volume" : 398052.00
  }, {
    "date" : "2025-10-16",
    "price" : 34.42,
    "dma50" : 34.88,
    "dma100" : 31.97,
    "dma200" : 32.77,
    "volume" : 1480371.00
  }, {
    "date" : "2025-10-17",
    "price" : 34.57,
    "dma50" : 34.87,
    "dma100" : 32.05,
    "dma200" : 32.78,
    "volume" : 642104.00
  }, {
    "date" : "2025-10-20",
    "price" : 34.97,
    "dma50" : 34.87,
    "dma100" : 32.12,
    "dma200" : 32.81,
    "volume" : 459522.00
  }, {
    "date" : "2025-10-21",
    "price" : 35.58,
    "dma50" : 34.90,
    "dma100" : 32.19,
    "dma200" : 32.83,
    "volume" : 227847.00
  }, {
    "date" : "2025-10-23",
    "price" : 34.94,
    "dma50" : 34.90,
    "dma100" : 32.26,
    "dma200" : 32.85,
    "volume" : 369560.00
  }, {
    "date" : "2025-10-24",
    "price" : 33.90,
    "dma50" : 34.86,
    "dma100" : 32.32,
    "dma200" : 32.87,
    "volume" : 676481.00
  }, {
    "date" : "2025-10-27",
    "price" : 34.15,
    "dma50" : 34.83,
    "dma100" : 32.39,
    "dma200" : 32.88,
    "volume" : 417419.00
  }, {
    "date" : "2025-10-28",
    "price" : 33.46,
    "dma50" : 34.78,
    "dma100" : 32.46,
    "dma200" : 32.88,
    "volume" : 1271747.00
  }, {
    "date" : "2025-10-29",
    "price" : 34.30,
    "dma50" : 34.76,
    "dma100" : 32.54,
    "dma200" : 32.90,
    "volume" : 478645.00
  }, {
    "date" : "2025-10-30",
    "price" : 33.62,
    "dma50" : 34.72,
    "dma100" : 32.61,
    "dma200" : 32.90,
    "volume" : 530628.00
  }, {
    "date" : "2025-10-31",
    "price" : 33.50,
    "dma50" : 34.67,
    "dma100" : 32.67,
    "dma200" : 32.91,
    "volume" : 253602.00
  }, {
    "date" : "2025-11-03",
    "price" : 33.52,
    "dma50" : 34.62,
    "dma100" : 32.73,
    "dma200" : 32.92,
    "volume" : 172994.00
  }, {
    "date" : "2025-11-04",
    "price" : 33.30,
    "dma50" : 34.57,
    "dma100" : 32.77,
    "dma200" : 32.92,
    "volume" : 211744.00
  }, {
    "date" : "2025-11-06",
    "price" : 32.17,
    "dma50" : 34.48,
    "dma100" : 32.81,
    "dma200" : 32.91,
    "volume" : 704993.00
  }, {
    "date" : "2025-11-07",
    "price" : 32.00,
    "dma50" : 34.38,
    "dma100" : 32.85,
    "dma200" : 32.90,
    "volume" : 453068.00
  }, {
    "date" : "2025-11-10",
    "price" : 31.75,
    "dma50" : 34.28,
    "dma100" : 32.88,
    "dma200" : 32.89,
    "volume" : 1326004.00
  }, {
    "date" : "2025-11-11",
    "price" : 33.33,
    "dma50" : 34.24,
    "dma100" : 32.93,
    "dma200" : 32.90,
    "volume" : 380585.00
  }, {
    "date" : "2025-11-12",
    "price" : 34.64,
    "dma50" : 34.26,
    "dma100" : 33.00,
    "dma200" : 32.91,
    "volume" : 5882844.00
  }, {
    "date" : "2025-11-13",
    "price" : 34.59,
    "dma50" : 34.27,
    "dma100" : 33.07,
    "dma200" : 32.93,
    "volume" : 1188151.00
  }, {
    "date" : "2025-11-14",
    "price" : 34.72,
    "dma50" : 34.29,
    "dma100" : 33.15,
    "dma200" : 32.95,
    "volume" : 975380.00
  }, {
    "date" : "2025-11-17",
    "price" : 34.84,
    "dma50" : 34.31,
    "dma100" : 33.23,
    "dma200" : 32.97,
    "volume" : 3223538.00
  }, {
    "date" : "2025-11-18",
    "price" : 35.35,
    "dma50" : 34.35,
    "dma100" : 33.31,
    "dma200" : 32.99,
    "volume" : 904928.00
  }, {
    "date" : "2025-11-19",
    "price" : 34.18,
    "dma50" : 34.34,
    "dma100" : 33.38,
    "dma200" : 33.00,
    "volume" : 640155.00
  }, {
    "date" : "2025-11-20",
    "price" : 34.69,
    "dma50" : 34.36,
    "dma100" : 33.45,
    "dma200" : 33.02,
    "volume" : 3989686.00
  }, {
    "date" : "2025-11-21",
    "price" : 33.91,
    "dma50" : 34.34,
    "dma100" : 33.51,
    "dma200" : 33.03,
    "volume" : 2229653.00
  }, {
    "date" : "2025-11-24",
    "price" : 33.28,
    "dma50" : 34.30,
    "dma100" : 33.57,
    "dma200" : 33.03,
    "volume" : 1728253.00
  }, {
    "date" : "2025-11-25",
    "price" : 33.63,
    "dma50" : 34.27,
    "dma100" : 33.64,
    "dma200" : 33.04,
    "volume" : 2000953.00
  }, {
    "date" : "2025-11-26",
    "price" : 34.82,
    "dma50" : 34.29,
    "dma100" : 33.72,
    "dma200" : 33.06,
    "volume" : 2396884.00
  }, {
    "date" : "2025-11-27",
    "price" : 36.56,
    "dma50" : 34.38,
    "dma100" : 33.81,
    "dma200" : 33.09,
    "volume" : 1899033.00
  }, {
    "date" : "2025-11-28",
    "price" : 36.79,
    "dma50" : 34.48,
    "dma100" : 33.91,
    "dma200" : 33.13,
    "volume" : 2533073.00
  } ],
  "latestTechnicalAttributes" : {
    "date" : "2025-11-28",
    "price" : 36.79,
    "dma50" : 34.48,
    "dma100" : 33.91,
    "dma200" : 33.13,
    "volume" : 2533073.00
  },
  "quarterlyResults" : [ {
    "date" : "2005-03-31",
    "sales" : 22.10,
    "salesGrowthYoY" : null,
    "grossProfitMargin" : 29.91,
    "grossProfit" : 6.61,
    "operatingProfitMargin" : 17.47,
    "operatingProfit" : 3.86,
    "netProfitMargin" : 1.63,
    "netProfit" : 0.36
  }, {
    "date" : "2005-06-30",
    "sales" : 21.35,
    "salesGrowthYoY" : null,
    "grossProfitMargin" : 26.84,
    "grossProfit" : 5.73,
    "operatingProfitMargin" : 16.21,
    "operatingProfit" : 3.46,
    "netProfitMargin" : 9.65,
    "netProfit" : 2.06
  }, {
    "date" : "2005-09-30",
    "sales" : 17.67,
    "salesGrowthYoY" : null,
    "grossProfitMargin" : 19.64,
    "grossProfit" : 3.47,
    "operatingProfitMargin" : 8.26,
    "operatingProfit" : 1.46,
    "netProfitMargin" : 4.07,
    "netProfit" : 0.72
  }, {
    "date" : "2005-12-31",
    "sales" : 13.76,
    "salesGrowthYoY" : null,
    "grossProfitMargin" : 19.55,
    "grossProfit" : 2.69,
    "operatingProfitMargin" : 5.74,
    "operatingProfit" : 0.79,
    "netProfitMargin" : -6.54,
    "netProfit" : -0.90
  }, {
    "date" : "2006-03-31",
    "sales" : 31.56,
    "salesGrowthYoY" : 42.81,
    "grossProfitMargin" : 22.62,
    "grossProfit" : 7.14,
    "operatingProfitMargin" : 11.47,
    "operatingProfit" : 3.62,
    "netProfitMargin" : -2.44,
    "netProfit" : -0.77
  }, {
    "date" : "2006-06-30",
    "sales" : 36.40,
    "salesGrowthYoY" : 70.49,
    "grossProfitMargin" : 26.07,
    "grossProfit" : 9.49,
    "operatingProfitMargin" : 16.48,
    "operatingProfit" : 6.00,
    "netProfitMargin" : 4.26,
    "netProfit" : 1.55
  }, {
    "date" : "2006-09-30",
    "sales" : 46.03,
    "salesGrowthYoY" : 160.50,
    "grossProfitMargin" : 23.70,
    "grossProfit" : 10.91,
    "operatingProfitMargin" : 10.21,
    "operatingProfit" : 4.70,
    "netProfitMargin" : 3.50,
    "netProfit" : 1.61
  }, {
    "date" : "2006-12-31",
    "sales" : 58.72,
    "salesGrowthYoY" : 326.74,
    "grossProfitMargin" : 25.44,
    "grossProfit" : 14.94,
    "operatingProfitMargin" : 18.84,
    "operatingProfit" : 11.06,
    "netProfitMargin" : 11.99,
    "netProfit" : 7.04
  }, {
    "date" : "2007-03-31",
    "sales" : 69.38,
    "salesGrowthYoY" : 119.84,
    "grossProfitMargin" : 29.22,
    "grossProfit" : 20.27,
    "operatingProfitMargin" : 18.92,
    "operatingProfit" : 13.13,
    "netProfitMargin" : 14.40,
    "netProfit" : 9.99
  }, {
    "date" : "2007-06-30",
    "sales" : 63.25,
    "salesGrowthYoY" : 73.76,
    "grossProfitMargin" : 32.95,
    "grossProfit" : 20.84,
    "operatingProfitMargin" : 23.64,
    "operatingProfit" : 14.95,
    "netProfitMargin" : 11.23,
    "netProfit" : 7.10
  }, {
    "date" : "2007-09-30",
    "sales" : 74.85,
    "salesGrowthYoY" : 62.61,
    "grossProfitMargin" : 25.91,
    "grossProfit" : 19.39,
    "operatingProfitMargin" : 16.89,
    "operatingProfit" : 12.64,
    "netProfitMargin" : 9.83,
    "netProfit" : 7.36
  }, {
    "date" : "2007-12-31",
    "sales" : 100.18,
    "salesGrowthYoY" : 70.61,
    "grossProfitMargin" : 27.00,
    "grossProfit" : 27.05,
    "operatingProfitMargin" : 17.42,
    "operatingProfit" : 17.45,
    "netProfitMargin" : 9.01,
    "netProfit" : 9.03
  }, {
    "date" : "2008-03-31",
    "sales" : 132.75,
    "salesGrowthYoY" : 91.34,
    "grossProfitMargin" : 33.85,
    "grossProfit" : 44.94,
    "operatingProfitMargin" : 25.07,
    "operatingProfit" : 33.28,
    "netProfitMargin" : 17.45,
    "netProfit" : 23.16
  }, {
    "date" : "2008-06-30",
    "sales" : 108.21,
    "salesGrowthYoY" : 71.08,
    "grossProfitMargin" : 34.83,
    "grossProfit" : 37.69,
    "operatingProfitMargin" : 24.18,
    "operatingProfit" : 26.17,
    "netProfitMargin" : 16.18,
    "netProfit" : 17.51
  }, {
    "date" : "2008-09-30",
    "sales" : 95.58,
    "salesGrowthYoY" : 27.70,
    "grossProfitMargin" : 34.21,
    "grossProfit" : 32.70,
    "operatingProfitMargin" : 19.01,
    "operatingProfit" : 18.17,
    "netProfitMargin" : 11.28,
    "netProfit" : 10.78
  }, {
    "date" : "2008-12-31",
    "sales" : 99.16,
    "salesGrowthYoY" : -1.02,
    "grossProfitMargin" : 23.86,
    "grossProfit" : 23.66,
    "operatingProfitMargin" : 13.31,
    "operatingProfit" : 13.20,
    "netProfitMargin" : 4.97,
    "netProfit" : 4.93
  }, {
    "date" : "2009-03-31",
    "sales" : 108.86,
    "salesGrowthYoY" : -18.00,
    "grossProfitMargin" : 25.70,
    "grossProfit" : 27.98,
    "operatingProfitMargin" : 14.76,
    "operatingProfit" : 16.07,
    "netProfitMargin" : 7.74,
    "netProfit" : 8.43
  }, {
    "date" : "2009-06-30",
    "sales" : 82.04,
    "salesGrowthYoY" : -24.18,
    "grossProfitMargin" : 30.85,
    "grossProfit" : 25.31,
    "operatingProfitMargin" : 16.83,
    "operatingProfit" : 13.81,
    "netProfitMargin" : 4.78,
    "netProfit" : 3.92
  }, {
    "date" : "2009-09-30",
    "sales" : 92.08,
    "salesGrowthYoY" : -3.66,
    "grossProfitMargin" : 29.78,
    "grossProfit" : 27.42,
    "operatingProfitMargin" : 14.36,
    "operatingProfit" : 13.22,
    "netProfitMargin" : 5.82,
    "netProfit" : 5.36
  }, {
    "date" : "2009-12-31",
    "sales" : 96.28,
    "salesGrowthYoY" : -2.90,
    "grossProfitMargin" : 33.48,
    "grossProfit" : 32.23,
    "operatingProfitMargin" : 18.44,
    "operatingProfit" : 17.75,
    "netProfitMargin" : 6.82,
    "netProfit" : 6.57
  }, {
    "date" : "2010-03-31",
    "sales" : 123.64,
    "salesGrowthYoY" : 13.58,
    "grossProfitMargin" : 38.45,
    "grossProfit" : 47.54,
    "operatingProfitMargin" : 21.17,
    "operatingProfit" : 26.17,
    "netProfitMargin" : 11.87,
    "netProfit" : 14.68
  }, {
    "date" : "2010-06-30",
    "sales" : 107.05,
    "salesGrowthYoY" : 30.49,
    "grossProfitMargin" : 35.67,
    "grossProfit" : 38.18,
    "operatingProfitMargin" : 19.30,
    "operatingProfit" : 20.66,
    "netProfitMargin" : 8.05,
    "netProfit" : 8.62
  }, {
    "date" : "2010-09-30",
    "sales" : 97.82,
    "salesGrowthYoY" : 6.23,
    "grossProfitMargin" : 43.56,
    "grossProfit" : 42.61,
    "operatingProfitMargin" : 23.08,
    "operatingProfit" : 22.58,
    "netProfitMargin" : 11.27,
    "netProfit" : 11.02
  }, {
    "date" : "2010-12-31",
    "sales" : 144.16,
    "salesGrowthYoY" : 49.73,
    "grossProfitMargin" : 37.75,
    "grossProfit" : 54.42,
    "operatingProfitMargin" : 24.47,
    "operatingProfit" : 35.28,
    "netProfitMargin" : 13.19,
    "netProfit" : 19.01
  }, {
    "date" : "2011-03-31",
    "sales" : 159.50,
    "salesGrowthYoY" : 29.00,
    "grossProfitMargin" : 37.73,
    "grossProfit" : 60.18,
    "operatingProfitMargin" : 16.61,
    "operatingProfit" : 26.49,
    "netProfitMargin" : 7.24,
    "netProfit" : 11.55
  }, {
    "date" : "2011-06-30",
    "sales" : 173.31,
    "salesGrowthYoY" : 61.90,
    "grossProfitMargin" : 33.19,
    "grossProfit" : 57.52,
    "operatingProfitMargin" : 19.84,
    "operatingProfit" : 34.38,
    "netProfitMargin" : 6.56,
    "netProfit" : 11.37
  }, {
    "date" : "2011-09-30",
    "sales" : 161.03,
    "salesGrowthYoY" : 64.62,
    "grossProfitMargin" : 29.44,
    "grossProfit" : 47.41,
    "operatingProfitMargin" : 13.03,
    "operatingProfit" : 20.98,
    "netProfitMargin" : 1.46,
    "netProfit" : 2.35
  }, {
    "date" : "2011-12-31",
    "sales" : 174.91,
    "salesGrowthYoY" : 21.33,
    "grossProfitMargin" : 30.28,
    "grossProfit" : 52.96,
    "operatingProfitMargin" : 15.25,
    "operatingProfit" : 26.67,
    "netProfitMargin" : 2.90,
    "netProfit" : 5.07
  }, {
    "date" : "2012-03-31",
    "sales" : 186.37,
    "salesGrowthYoY" : 16.85,
    "grossProfitMargin" : 36.05,
    "grossProfit" : 67.19,
    "operatingProfitMargin" : 18.31,
    "operatingProfit" : 34.12,
    "netProfitMargin" : 3.88,
    "netProfit" : 7.23
  }, {
    "date" : "2012-06-30",
    "sales" : 218.93,
    "salesGrowthYoY" : 26.32,
    "grossProfitMargin" : 39.20,
    "grossProfit" : 85.82,
    "operatingProfitMargin" : 18.01,
    "operatingProfit" : 39.43,
    "netProfitMargin" : 4.66,
    "netProfit" : 10.20
  }, {
    "date" : "2012-09-30",
    "sales" : 198.67,
    "salesGrowthYoY" : 23.37,
    "grossProfitMargin" : 39.50,
    "grossProfit" : 78.47,
    "operatingProfitMargin" : 20.68,
    "operatingProfit" : 41.08,
    "netProfitMargin" : 1.23,
    "netProfit" : 2.44
  }, {
    "date" : "2012-12-31",
    "sales" : 208.11,
    "salesGrowthYoY" : 18.98,
    "grossProfitMargin" : 39.33,
    "grossProfit" : 81.85,
    "operatingProfitMargin" : 19.81,
    "operatingProfit" : 41.23,
    "netProfitMargin" : 0.98,
    "netProfit" : 2.04
  }, {
    "date" : "2013-03-31",
    "sales" : 295.85,
    "salesGrowthYoY" : 58.74,
    "grossProfitMargin" : 24.89,
    "grossProfit" : 73.64,
    "operatingProfitMargin" : 13.27,
    "operatingProfit" : 39.26,
    "netProfitMargin" : 1.84,
    "netProfit" : 5.44
  }, {
    "date" : "2013-06-30",
    "sales" : 259.01,
    "salesGrowthYoY" : 18.31,
    "grossProfitMargin" : 30.23,
    "grossProfit" : 78.30,
    "operatingProfitMargin" : 15.46,
    "operatingProfit" : 40.04,
    "netProfitMargin" : 0.59,
    "netProfit" : 1.53
  }, {
    "date" : "2013-09-30",
    "sales" : 249.63,
    "salesGrowthYoY" : 25.65,
    "grossProfitMargin" : 29.09,
    "grossProfit" : 72.62,
    "operatingProfitMargin" : 12.83,
    "operatingProfit" : 32.03,
    "netProfitMargin" : 1.34,
    "netProfit" : 3.35
  }, {
    "date" : "2013-12-31",
    "sales" : 303.50,
    "salesGrowthYoY" : 45.84,
    "grossProfitMargin" : 18.80,
    "grossProfit" : 57.06,
    "operatingProfitMargin" : 7.09,
    "operatingProfit" : 21.52,
    "netProfitMargin" : 0.32,
    "netProfit" : 0.97
  }, {
    "date" : "2014-03-31",
    "sales" : 380.62,
    "salesGrowthYoY" : 28.65,
    "grossProfitMargin" : 27.87,
    "grossProfit" : 106.08,
    "operatingProfitMargin" : 17.18,
    "operatingProfit" : 65.39,
    "netProfitMargin" : 3.99,
    "netProfit" : 15.19
  }, {
    "date" : "2014-06-30",
    "sales" : 318.43,
    "salesGrowthYoY" : 22.94,
    "grossProfitMargin" : 29.83,
    "grossProfit" : 94.99,
    "operatingProfitMargin" : 17.40,
    "operatingProfit" : 55.41,
    "netProfitMargin" : 3.44,
    "netProfit" : 10.95
  }, {
    "date" : "2014-09-30",
    "sales" : 260.47,
    "salesGrowthYoY" : 4.34,
    "grossProfitMargin" : 8.61,
    "grossProfit" : 22.43,
    "operatingProfitMargin" : -8.23,
    "operatingProfit" : -21.44,
    "netProfitMargin" : -24.90,
    "netProfit" : -64.86
  }, {
    "date" : "2014-12-31",
    "sales" : 272.48,
    "salesGrowthYoY" : -10.22,
    "grossProfitMargin" : 12.53,
    "grossProfit" : 34.14,
    "operatingProfitMargin" : -5.69,
    "operatingProfit" : -15.50,
    "netProfitMargin" : -22.56,
    "netProfit" : -61.47
  }, {
    "date" : "2015-03-31",
    "sales" : 240.71,
    "salesGrowthYoY" : -36.76,
    "grossProfitMargin" : 9.51,
    "grossProfit" : 22.89,
    "operatingProfitMargin" : -5.30,
    "operatingProfit" : -12.76,
    "netProfitMargin" : 5.31,
    "netProfit" : 12.78
  }, {
    "date" : "2015-06-30",
    "sales" : 261.41,
    "salesGrowthYoY" : -17.91,
    "grossProfitMargin" : 18.78,
    "grossProfit" : 49.09,
    "operatingProfitMargin" : 5.69,
    "operatingProfit" : 14.87,
    "netProfitMargin" : -10.55,
    "netProfit" : -27.58
  }, {
    "date" : "2015-09-30",
    "sales" : 223.75,
    "salesGrowthYoY" : -14.10,
    "grossProfitMargin" : 14.40,
    "grossProfit" : 32.22,
    "operatingProfitMargin" : -0.25,
    "operatingProfit" : -0.56,
    "netProfitMargin" : -24.19,
    "netProfit" : -54.13
  }, {
    "date" : "2015-12-31",
    "sales" : 200.57,
    "salesGrowthYoY" : -26.39,
    "grossProfitMargin" : -0.52,
    "grossProfit" : -1.04,
    "operatingProfitMargin" : -16.27,
    "operatingProfit" : -32.63,
    "netProfitMargin" : -31.84,
    "netProfit" : -63.86
  }, {
    "date" : "2016-03-31",
    "sales" : 218.78,
    "salesGrowthYoY" : -9.11,
    "grossProfitMargin" : 26.77,
    "grossProfit" : 58.57,
    "operatingProfitMargin" : 3.35,
    "operatingProfit" : 7.33,
    "netProfitMargin" : -16.85,
    "netProfit" : -36.86
  }, {
    "date" : "2016-06-30",
    "sales" : 219.87,
    "salesGrowthYoY" : -15.89,
    "grossProfitMargin" : 21.73,
    "grossProfit" : 47.78,
    "operatingProfitMargin" : 7.75,
    "operatingProfit" : 17.04,
    "netProfitMargin" : -8.57,
    "netProfit" : -18.84
  }, {
    "date" : "2016-09-30",
    "sales" : 176.87,
    "salesGrowthYoY" : -20.95,
    "grossProfitMargin" : 24.59,
    "grossProfit" : 43.49,
    "operatingProfitMargin" : 8.12,
    "operatingProfit" : 14.36,
    "netProfitMargin" : -16.81,
    "netProfit" : -29.73
  }, {
    "date" : "2016-12-31",
    "sales" : 191.54,
    "salesGrowthYoY" : -4.50,
    "grossProfitMargin" : 27.68,
    "grossProfit" : 53.02,
    "operatingProfitMargin" : 9.55,
    "operatingProfit" : 18.29,
    "netProfitMargin" : -27.50,
    "netProfit" : -52.67
  }, {
    "date" : "2017-03-31",
    "sales" : 253.32,
    "salesGrowthYoY" : 15.79,
    "grossProfitMargin" : 31.07,
    "grossProfit" : 78.71,
    "operatingProfitMargin" : 9.81,
    "operatingProfit" : 24.85,
    "netProfitMargin" : 3.02,
    "netProfit" : 7.65
  }, {
    "date" : "2017-06-30",
    "sales" : 239.67,
    "salesGrowthYoY" : 9.01,
    "grossProfitMargin" : 26.47,
    "grossProfit" : 63.44,
    "operatingProfitMargin" : 10.75,
    "operatingProfit" : 25.76,
    "netProfitMargin" : -11.13,
    "netProfit" : -26.68
  }, {
    "date" : "2017-09-30",
    "sales" : 263.08,
    "salesGrowthYoY" : 48.74,
    "grossProfitMargin" : 26.98,
    "grossProfit" : 70.98,
    "operatingProfitMargin" : 9.74,
    "operatingProfit" : 25.62,
    "netProfitMargin" : -3.32,
    "netProfit" : -8.73
  }, {
    "date" : "2017-12-31",
    "sales" : 329.58,
    "salesGrowthYoY" : 72.07,
    "grossProfitMargin" : 22.73,
    "grossProfit" : 74.91,
    "operatingProfitMargin" : 10.28,
    "operatingProfit" : 33.88,
    "netProfitMargin" : -3.04,
    "netProfit" : -10.02
  }, {
    "date" : "2018-03-31",
    "sales" : 326.69,
    "salesGrowthYoY" : 28.96,
    "grossProfitMargin" : 27.14,
    "grossProfit" : 88.66,
    "operatingProfitMargin" : 9.77,
    "operatingProfit" : 31.92,
    "netProfitMargin" : -4.60,
    "netProfit" : -15.03
  }, {
    "date" : "2018-06-30",
    "sales" : 372.01,
    "salesGrowthYoY" : 55.22,
    "grossProfitMargin" : 24.38,
    "grossProfit" : 90.70,
    "operatingProfitMargin" : 9.75,
    "operatingProfit" : 36.27,
    "netProfitMargin" : 1.04,
    "netProfit" : 3.87
  }, {
    "date" : "2018-09-30",
    "sales" : 405.31,
    "salesGrowthYoY" : 54.06,
    "grossProfitMargin" : 25.15,
    "grossProfit" : 101.94,
    "operatingProfitMargin" : 9.30,
    "operatingProfit" : 37.69,
    "netProfitMargin" : -0.12,
    "netProfit" : -0.49
  }, {
    "date" : "2018-12-31",
    "sales" : 493.06,
    "salesGrowthYoY" : 49.60,
    "grossProfitMargin" : 26.22,
    "grossProfit" : 129.28,
    "operatingProfitMargin" : 6.55,
    "operatingProfit" : 32.30,
    "netProfitMargin" : 1.70,
    "netProfit" : 8.38
  }, {
    "date" : "2019-03-31",
    "sales" : 399.42,
    "salesGrowthYoY" : 22.26,
    "grossProfitMargin" : 23.97,
    "grossProfit" : 95.74,
    "operatingProfitMargin" : 6.04,
    "operatingProfit" : 24.12,
    "netProfitMargin" : -8.25,
    "netProfit" : -32.95
  }, {
    "date" : "2019-06-30",
    "sales" : 403.46,
    "salesGrowthYoY" : 8.45,
    "grossProfitMargin" : 21.97,
    "grossProfit" : 88.64,
    "operatingProfitMargin" : 6.22,
    "operatingProfit" : 25.10,
    "netProfitMargin" : -6.15,
    "netProfit" : -24.81
  }, {
    "date" : "2019-09-30",
    "sales" : 376.02,
    "salesGrowthYoY" : -7.23,
    "grossProfitMargin" : 19.09,
    "grossProfit" : 71.78,
    "operatingProfitMargin" : 0.95,
    "operatingProfit" : 3.57,
    "netProfitMargin" : -7.95,
    "netProfit" : -29.89
  }, {
    "date" : "2019-12-31",
    "sales" : 372.48,
    "salesGrowthYoY" : -24.46,
    "grossProfitMargin" : 21.99,
    "grossProfit" : 81.91,
    "operatingProfitMargin" : 4.38,
    "operatingProfit" : 16.31,
    "netProfitMargin" : -3.81,
    "netProfit" : -14.19
  }, {
    "date" : "2020-03-31",
    "sales" : 380.76,
    "salesGrowthYoY" : -4.67,
    "grossProfitMargin" : 25.49,
    "grossProfit" : 97.06,
    "operatingProfitMargin" : 7.69,
    "operatingProfit" : 29.28,
    "netProfitMargin" : -0.66,
    "netProfit" : -2.51
  }, {
    "date" : "2020-06-30",
    "sales" : 241.61,
    "salesGrowthYoY" : -40.12,
    "grossProfitMargin" : 24.29,
    "grossProfit" : 58.69,
    "operatingProfitMargin" : 5.10,
    "operatingProfit" : 12.32,
    "netProfitMargin" : -6.60,
    "netProfit" : -15.95
  }, {
    "date" : "2020-09-30",
    "sales" : 445.74,
    "salesGrowthYoY" : 18.54,
    "grossProfitMargin" : 24.09,
    "grossProfit" : 107.38,
    "operatingProfitMargin" : 10.69,
    "operatingProfit" : 47.65,
    "netProfitMargin" : 1.47,
    "netProfit" : 6.55
  }, {
    "date" : "2020-12-31",
    "sales" : 477.43,
    "salesGrowthYoY" : 28.18,
    "grossProfitMargin" : 22.44,
    "grossProfit" : 107.14,
    "operatingProfitMargin" : 7.50,
    "operatingProfit" : 35.81,
    "netProfitMargin" : 0.46,
    "netProfit" : 2.20
  }, {
    "date" : "2021-03-31",
    "sales" : 558.35,
    "salesGrowthYoY" : 46.64,
    "grossProfitMargin" : 23.09,
    "grossProfit" : 128.92,
    "operatingProfitMargin" : 8.17,
    "operatingProfit" : 45.62,
    "netProfitMargin" : 2.06,
    "netProfit" : 11.50
  }, {
    "date" : "2021-06-30",
    "sales" : 526.42,
    "salesGrowthYoY" : 117.88,
    "grossProfitMargin" : 19.99,
    "grossProfit" : 105.23,
    "operatingProfitMargin" : 7.32,
    "operatingProfit" : 38.53,
    "netProfitMargin" : 1.66,
    "netProfit" : 8.74
  }, {
    "date" : "2021-09-30",
    "sales" : 571.74,
    "salesGrowthYoY" : 28.27,
    "grossProfitMargin" : 21.39,
    "grossProfit" : 122.30,
    "operatingProfitMargin" : 7.35,
    "operatingProfit" : 42.02,
    "netProfitMargin" : 1.65,
    "netProfit" : 9.43
  }, {
    "date" : "2021-12-31",
    "sales" : 588.54,
    "salesGrowthYoY" : 23.27,
    "grossProfitMargin" : 18.40,
    "grossProfit" : 108.29,
    "operatingProfitMargin" : 4.30,
    "operatingProfit" : 25.31,
    "netProfitMargin" : -1.14,
    "netProfit" : -6.71
  }, {
    "date" : "2022-03-31",
    "sales" : 652.88,
    "salesGrowthYoY" : 16.93,
    "grossProfitMargin" : 20.45,
    "grossProfit" : 133.51,
    "operatingProfitMargin" : 7.56,
    "operatingProfit" : 49.36,
    "netProfitMargin" : 2.37,
    "netProfit" : 15.47
  }, {
    "date" : "2022-06-30",
    "sales" : 624.52,
    "salesGrowthYoY" : 18.64,
    "grossProfitMargin" : 15.39,
    "grossProfit" : 96.11,
    "operatingProfitMargin" : 2.20,
    "operatingProfit" : 13.74,
    "netProfitMargin" : -2.33,
    "netProfit" : -14.55
  }, {
    "date" : "2022-09-30",
    "sales" : 586.81,
    "salesGrowthYoY" : 2.64,
    "grossProfitMargin" : 9.89,
    "grossProfit" : 58.04,
    "operatingProfitMargin" : -5.77,
    "operatingProfit" : -33.86,
    "netProfitMargin" : -10.37,
    "netProfit" : -60.85
  }, {
    "date" : "2022-12-31",
    "sales" : 661.65,
    "salesGrowthYoY" : 12.42,
    "grossProfitMargin" : 21.23,
    "grossProfit" : 140.47,
    "operatingProfitMargin" : 4.55,
    "operatingProfit" : 30.11,
    "netProfitMargin" : 0.36,
    "netProfit" : 2.38
  }, {
    "date" : "2023-03-31",
    "sales" : 677.42,
    "salesGrowthYoY" : 3.76,
    "grossProfitMargin" : 24.43,
    "grossProfit" : 165.49,
    "operatingProfitMargin" : 7.96,
    "operatingProfit" : 53.92,
    "netProfitMargin" : 2.82,
    "netProfit" : 19.10
  }, {
    "date" : "2023-06-30",
    "sales" : 671.12,
    "salesGrowthYoY" : 7.46,
    "grossProfitMargin" : 21.91,
    "grossProfit" : 147.04,
    "operatingProfitMargin" : 4.89,
    "operatingProfit" : 32.82,
    "netProfitMargin" : 0.21,
    "netProfit" : 1.41
  }, {
    "date" : "2023-09-30",
    "sales" : 673.59,
    "salesGrowthYoY" : 14.79,
    "grossProfitMargin" : 22.16,
    "grossProfit" : 149.27,
    "operatingProfitMargin" : 4.26,
    "operatingProfit" : 28.69,
    "netProfitMargin" : -0.24,
    "netProfit" : -1.62
  }, {
    "date" : "2023-12-31",
    "sales" : 780.74,
    "salesGrowthYoY" : 18.00,
    "grossProfitMargin" : 19.68,
    "grossProfit" : 153.65,
    "operatingProfitMargin" : 5.02,
    "operatingProfit" : 39.19,
    "netProfitMargin" : 0.19,
    "netProfit" : 1.48
  }, {
    "date" : "2024-03-31",
    "sales" : 748.41,
    "salesGrowthYoY" : 10.48,
    "grossProfitMargin" : 17.22,
    "grossProfit" : 128.88,
    "operatingProfitMargin" : 3.30,
    "operatingProfit" : 24.70,
    "netProfitMargin" : 1.75,
    "netProfit" : 13.10
  }, {
    "date" : "2024-06-30",
    "sales" : 772.00,
    "salesGrowthYoY" : 15.03,
    "grossProfitMargin" : 18.57,
    "grossProfit" : 143.36,
    "operatingProfitMargin" : 5.60,
    "operatingProfit" : 43.23,
    "netProfitMargin" : 0.88,
    "netProfit" : 6.79
  }, {
    "date" : "2024-09-30",
    "sales" : 656.17,
    "salesGrowthYoY" : -2.59,
    "grossProfitMargin" : 18.74,
    "grossProfit" : 122.97,
    "operatingProfitMargin" : 4.04,
    "operatingProfit" : 26.51,
    "netProfitMargin" : -1.45,
    "netProfit" : -9.51
  }, {
    "date" : "2024-12-31",
    "sales" : 716.85,
    "salesGrowthYoY" : -8.18,
    "grossProfitMargin" : 18.71,
    "grossProfit" : 134.12,
    "operatingProfitMargin" : 2.69,
    "operatingProfit" : 19.28,
    "netProfitMargin" : 1.15,
    "netProfit" : 8.24
  }, {
    "date" : "2025-03-31",
    "sales" : 760.07,
    "salesGrowthYoY" : 1.56,
    "grossProfitMargin" : 19.70,
    "grossProfit" : 149.73,
    "operatingProfitMargin" : 5.82,
    "operatingProfit" : 44.24,
    "netProfitMargin" : -4.50,
    "netProfit" : -34.20
  }, {
    "date" : "2025-06-30",
    "sales" : 710.86,
    "salesGrowthYoY" : -7.92,
    "grossProfitMargin" : 20.66,
    "grossProfit" : 146.86,
    "operatingProfitMargin" : 6.32,
    "operatingProfit" : 44.93,
    "netProfitMargin" : 2.51,
    "netProfit" : 17.84
  }, {
    "date" : "2025-09-30",
    "sales" : 676.86,
    "salesGrowthYoY" : 3.15,
    "grossProfitMargin" : 19.36,
    "grossProfit" : 131.04,
    "operatingProfitMargin" : 3.36,
    "operatingProfit" : 22.74,
    "netProfitMargin" : 3.86,
    "netProfit" : 26.13
  } ],
  "latestQuarterlyResult" : {
    "date" : "2025-09-30",
    "sales" : 676.86,
    "salesGrowthYoY" : 3.15,
    "grossProfitMargin" : 19.36,
    "grossProfit" : 131.04,
    "operatingProfitMargin" : 3.36,
    "operatingProfit" : 22.74,
    "netProfitMargin" : 3.86,
    "netProfit" : 26.13
  },
  "companyScore" : {
    "priceHigherThanDma50" : 5.00,
    "priceHigherThanDma100" : 5.00,
    "priceHigherThanDma200" : 5.00,
    "dma50HigherThanDma100" : 5.00,
    "dma50HigherThanDma200" : 5.00,
    "dma100HigherThanDma200" : 5.00,
    "pricePercentageAboveDma50" : 4.67,
    "pricePercentageAboveDma100" : 4.58,
    "pricePercentageAboveDma200" : 4.45,
    "weeklyVolumeHigherThanYearlyVolume" : 5.00,
    "salesGrowthPercentile" : 6.08,
    "operatingProfitMarginPercentile" : 9.50,
    "netProfitMarginPercentile" : 7.24,
    "totalTechnicalScore" : 48.69,
    "totalFundamentalScore" : 22.82,
    "totalScore" : 71.50
  }
}