{
  "metadata" : {
    "screenerCompanyId" : "2200",
    "companyCode" : "NATCOPHARM",
    "companyName" : "Natco Pharma",
    "screenerCompanyLink" : "https://www.screener.in/company/NATCOPHARM/consolidated/",
    "screenerTechnicalHistoryLink" : "https://www.screener.in/api/company/2200/chart/?q=Price-DMA50-DMA200-Volume&days=365",
    "screenerQuarterlyResultsLink" : "https://www.screener.in/api/company/2200/chart/?q=GPM-OPM-NPM-Quarter+Sales&days=10000",
    "attributes" : {
      "companyCode" : "NATCOPHARM",
      "companyName" : "Natco Pharma",
      "marketCap" : 15826.00,
      "peRatio" : 10.20,
      "description" : "NATCO Pharma Limited (NATCO) is a vertically integrated, research and development focused pharmaceutical company engaged in developing, manufacturing, and marketing complex products for niche therapeutic areas. [1] NATCO has established its presence in all three business segments viz. finished dosage formulations (“FDF”), active pharmaceutical ingredients (“APIs”), Contract Manufacturing Business.[2]"
    },
    "companyScore" : {
      "priceHigherThanDma50" : 5.00,
      "priceHigherThanDma100" : 5.00,
      "priceHigherThanDma200" : 0.00,
      "dma50HigherThanDma100" : 5.00,
      "dma50HigherThanDma200" : 0.00,
      "dma100HigherThanDma200" : 0.00,
      "pricePercentageAboveDma50" : 4.85,
      "pricePercentageAboveDma100" : 4.83,
      "pricePercentageAboveDma200" : 5.09,
      "weeklyVolumeHigherThanYearlyVolume" : 5.00,
      "salesGrowthPercentile" : 15.00,
      "operatingProfitMarginPercentile" : 13.58,
      "netProfitMarginPercentile" : 6.62,
      "totalTechnicalScore" : 34.77,
      "totalFundamentalScore" : 35.19,
      "totalScore" : 69.97
    }
  },
  "attributes" : {
    "companyCode" : "NATCOPHARM",
    "companyName" : "Natco Pharma",
    "marketCap" : 15826.00,
    "peRatio" : 10.20,
    "description" : "NATCO Pharma Limited (NATCO) is a vertically integrated, research and development focused pharmaceutical company engaged in developing, manufacturing, and marketing complex products for niche therapeutic areas. [1] NATCO has established its presence in all three business segments viz. finished dosage formulations (“FDF”), active pharmaceutical ingredients (“APIs”), Contract Manufacturing Business.[2]"
  },
  "technicalHistory" : [ {
    "date" : "2025-02-18",
    "price" : 834.55,
    "dma50" : 1232.63,
    "dma100" : null,
    "dma200" : 1253.85,
    "volume" : 1431483.00
  }, {
    "date" : "2025-02-19",
    "price" : 813.00,
    "dma50" : 1216.18,
    "dma100" : null,
    "dma200" : 1249.46,
    "volume" : 1269728.00
  }, {
    "date" : "2025-02-20",
    "price" : 793.15,
    "dma50" : 1199.59,
    "dma100" : null,
    "dma200" : 1244.92,
    "volume" : 1574967.00
  }, {
    "date" : "2025-02-21",
    "price" : 797.95,
    "dma50" : 1183.84,
    "dma100" : null,
    "dma200" : 1240.48,
    "volume" : 1677020.00
  }, {
    "date" : "2025-02-24",
    "price" : 823.10,
    "dma50" : 1169.69,
    "dma100" : null,
    "dma200" : 1236.32,
    "volume" : 2324342.00
  }, {
    "date" : "2025-02-25",
    "price" : 821.90,
    "dma50" : 1156.05,
    "dma100" : null,
    "dma200" : 1232.20,
    "volume" : 960209.00
  }, {
    "date" : "2025-02-27",
    "price" : 796.75,
    "dma50" : 1141.96,
    "dma100" : null,
    "dma200" : 1227.87,
    "volume" : 912107.00
  }, {
    "date" : "2025-02-28",
    "price" : 770.70,
    "dma50" : 1127.40,
    "dma100" : null,
    "dma200" : 1223.32,
    "volume" : 1766309.00
  }, {
    "date" : "2025-03-03",
    "price" : 795.65,
    "dma50" : 1114.39,
    "dma100" : null,
    "dma200" : 1219.06,
    "volume" : 1680866.00
  }, {
    "date" : "2025-03-04",
    "price" : 802.85,
    "dma50" : 1102.17,
    "dma100" : null,
    "dma200" : 1214.92,
    "volume" : 961458.00
  }, {
    "date" : "2025-03-05",
    "price" : 819.85,
    "dma50" : 1091.10,
    "dma100" : null,
    "dma200" : 1210.99,
    "volume" : 1156954.00
  }, {
    "date" : "2025-03-06",
    "price" : 823.00,
    "dma50" : 1080.59,
    "dma100" : null,
    "dma200" : 1207.13,
    "volume" : 828053.00
  }, {
    "date" : "2025-03-07",
    "price" : 825.00,
    "dma50" : 1070.57,
    "dma100" : null,
    "dma200" : 1203.33,
    "volume" : 528824.00
  }, {
    "date" : "2025-03-10",
    "price" : 811.50,
    "dma50" : 1060.41,
    "dma100" : null,
    "dma200" : 1199.43,
    "volume" : 605122.00
  }, {
    "date" : "2025-03-11",
    "price" : 788.05,
    "dma50" : 1049.73,
    "dma100" : null,
    "dma200" : 1195.34,
    "volume" : 1167546.00
  }, {
    "date" : "2025-03-12",
    "price" : 783.90,
    "dma50" : 1039.30,
    "dma100" : null,
    "dma200" : 1191.24,
    "volume" : 530546.00
  }, {
    "date" : "2025-03-13",
    "price" : 780.85,
    "dma50" : 1029.17,
    "dma100" : null,
    "dma200" : 1187.16,
    "volume" : 665514.00
  }, {
    "date" : "2025-03-17",
    "price" : 800.50,
    "dma50" : 1020.20,
    "dma100" : null,
    "dma200" : 1183.31,
    "volume" : 715848.00
  }, {
    "date" : "2025-03-18",
    "price" : 806.70,
    "dma50" : 1011.83,
    "dma100" : null,
    "dma200" : 1179.56,
    "volume" : 484336.00
  }, {
    "date" : "2025-03-19",
    "price" : 825.40,
    "dma50" : 1004.52,
    "dma100" : null,
    "dma200" : 1176.04,
    "volume" : 546778.00
  }, {
    "date" : "2025-03-20",
    "price" : 826.10,
    "dma50" : 997.52,
    "dma100" : null,
    "dma200" : 1172.56,
    "volume" : 814219.00
  }, {
    "date" : "2025-03-21",
    "price" : 829.30,
    "dma50" : 990.92,
    "dma100" : null,
    "dma200" : 1169.14,
    "volume" : 700809.00
  }, {
    "date" : "2025-03-24",
    "price" : 829.90,
    "dma50" : 984.61,
    "dma100" : null,
    "dma200" : 1165.77,
    "volume" : 753589.00
  }, {
    "date" : "2025-03-25",
    "price" : 824.90,
    "dma50" : 978.34,
    "dma100" : null,
    "dma200" : 1162.37,
    "volume" : 697602.00
  }, {
    "date" : "2025-03-26",
    "price" : 821.60,
    "dma50" : 972.20,
    "dma100" : null,
    "dma200" : 1158.98,
    "volume" : 731083.00
  }, {
    "date" : "2025-03-27",
    "price" : 822.75,
    "dma50" : 966.34,
    "dma100" : null,
    "dma200" : 1155.64,
    "volume" : 739184.00
  }, {
    "date" : "2025-03-28",
    "price" : 798.75,
    "dma50" : 959.76,
    "dma100" : null,
    "dma200" : 1152.09,
    "volume" : 719016.00
  }, {
    "date" : "2025-04-01",
    "price" : 804.95,
    "dma50" : 953.69,
    "dma100" : null,
    "dma200" : 1148.63,
    "volume" : 613812.00
  }, {
    "date" : "2025-04-02",
    "price" : 806.55,
    "dma50" : 947.92,
    "dma100" : null,
    "dma200" : 1145.23,
    "volume" : 226597.00
  }, {
    "date" : "2025-04-03",
    "price" : 836.55,
    "dma50" : 943.56,
    "dma100" : null,
    "dma200" : 1142.16,
    "volume" : 2744688.00
  }, {
    "date" : "2025-04-04",
    "price" : 796.75,
    "dma50" : 937.80,
    "dma100" : null,
    "dma200" : 1138.72,
    "volume" : 1036243.00
  }, {
    "date" : "2025-04-07",
    "price" : 765.85,
    "dma50" : 931.06,
    "dma100" : null,
    "dma200" : 1135.01,
    "volume" : 927519.00
  }, {
    "date" : "2025-04-08",
    "price" : 770.15,
    "dma50" : 924.75,
    "dma100" : null,
    "dma200" : 1131.38,
    "volume" : 681722.00
  }, {
    "date" : "2025-04-09",
    "price" : 746.50,
    "dma50" : 917.76,
    "dma100" : null,
    "dma200" : 1127.55,
    "volume" : 563157.00
  }, {
    "date" : "2025-04-11",
    "price" : 775.50,
    "dma50" : 912.18,
    "dma100" : null,
    "dma200" : 1124.05,
    "volume" : 638699.00
  }, {
    "date" : "2025-04-15",
    "price" : 803.95,
    "dma50" : 907.93,
    "dma100" : null,
    "dma200" : 1120.86,
    "volume" : 467582.00
  }, {
    "date" : "2025-04-16",
    "price" : 826.60,
    "dma50" : 904.74,
    "dma100" : null,
    "dma200" : 1117.93,
    "volume" : 648932.00
  }, {
    "date" : "2025-04-17",
    "price" : 827.60,
    "dma50" : 901.72,
    "dma100" : null,
    "dma200" : 1115.05,
    "volume" : 341473.00
  }, {
    "date" : "2025-04-21",
    "price" : 829.80,
    "dma50" : 898.90,
    "dma100" : null,
    "dma200" : 1112.21,
    "volume" : 401884.00
  }, {
    "date" : "2025-04-22",
    "price" : 839.30,
    "dma50" : 896.56,
    "dma100" : null,
    "dma200" : 1109.49,
    "volume" : 327007.00
  }, {
    "date" : "2025-04-23",
    "price" : 844.50,
    "dma50" : 894.52,
    "dma100" : null,
    "dma200" : 1106.86,
    "volume" : 400113.00
  }, {
    "date" : "2025-04-24",
    "price" : 902.85,
    "dma50" : 894.85,
    "dma100" : null,
    "dma200" : 1104.83,
    "volume" : 17847861.00
  }, {
    "date" : "2025-04-25",
    "price" : 889.25,
    "dma50" : 894.63,
    "dma100" : null,
    "dma200" : 1102.68,
    "volume" : 2996682.00
  }, {
    "date" : "2025-04-28",
    "price" : 884.15,
    "dma50" : 894.22,
    "dma100" : null,
    "dma200" : 1100.51,
    "volume" : 857802.00
  }, {
    "date" : "2025-04-29",
    "price" : 883.30,
    "dma50" : 893.79,
    "dma100" : null,
    "dma200" : 1098.34,
    "volume" : 652886.00
  }, {
    "date" : "2025-04-30",
    "price" : 850.90,
    "dma50" : 892.11,
    "dma100" : null,
    "dma200" : 1095.88,
    "volume" : 784271.00
  }, {
    "date" : "2025-05-02",
    "price" : 841.15,
    "dma50" : 890.11,
    "dma100" : null,
    "dma200" : 1093.35,
    "volume" : 614375.00
  }, {
    "date" : "2025-05-05",
    "price" : 855.95,
    "dma50" : 888.77,
    "dma100" : null,
    "dma200" : 1090.99,
    "volume" : 498796.00
  }, {
    "date" : "2025-05-06",
    "price" : 830.00,
    "dma50" : 886.46,
    "dma100" : null,
    "dma200" : 1088.39,
    "volume" : 438573.00
  }, {
    "date" : "2025-05-07",
    "price" : 813.20,
    "dma50" : 883.59,
    "dma100" : null,
    "dma200" : 1085.65,
    "volume" : 758402.00
  }, {
    "date" : "2025-05-08",
    "price" : 802.50,
    "dma50" : 880.41,
    "dma100" : null,
    "dma200" : 1082.83,
    "volume" : 506527.00
  }, {
    "date" : "2025-05-09",
    "price" : 809.60,
    "dma50" : 877.63,
    "dma100" : null,
    "dma200" : 1080.11,
    "volume" : 521772.00
  }, {
    "date" : "2025-05-12",
    "price" : 833.80,
    "dma50" : 875.91,
    "dma100" : null,
    "dma200" : 1077.66,
    "volume" : 808349.00
  }, {
    "date" : "2025-05-13",
    "price" : 825.10,
    "dma50" : 873.92,
    "dma100" : null,
    "dma200" : 1075.15,
    "volume" : 690102.00
  }, {
    "date" : "2025-05-14",
    "price" : 827.90,
    "dma50" : 872.12,
    "dma100" : null,
    "dma200" : 1072.69,
    "volume" : 487319.00
  }, {
    "date" : "2025-05-15",
    "price" : 823.80,
    "dma50" : 870.22,
    "dma100" : null,
    "dma200" : 1070.21,
    "volume" : 471353.00
  }, {
    "date" : "2025-05-16",
    "price" : 841.15,
    "dma50" : 869.08,
    "dma100" : null,
    "dma200" : 1067.93,
    "volume" : 794407.00
  }, {
    "date" : "2025-05-19",
    "price" : 866.15,
    "dma50" : 868.97,
    "dma100" : null,
    "dma200" : 1065.93,
    "volume" : 845200.00
  }, {
    "date" : "2025-05-20",
    "price" : 852.00,
    "dma50" : 868.30,
    "dma100" : null,
    "dma200" : 1063.80,
    "volume" : 527895.00
  }, {
    "date" : "2025-05-21",
    "price" : 875.60,
    "dma50" : 868.59,
    "dma100" : null,
    "dma200" : 1061.93,
    "volume" : 1476779.00
  }, {
    "date" : "2025-05-22",
    "price" : 877.30,
    "dma50" : 868.93,
    "dma100" : null,
    "dma200" : 1060.09,
    "volume" : 645096.00
  }, {
    "date" : "2025-05-23",
    "price" : 878.60,
    "dma50" : 869.31,
    "dma100" : null,
    "dma200" : 1058.28,
    "volume" : 398791.00
  }, {
    "date" : "2025-05-26",
    "price" : 879.55,
    "dma50" : 869.71,
    "dma100" : null,
    "dma200" : 1056.50,
    "volume" : 407417.00
  }, {
    "date" : "2025-05-27",
    "price" : 878.65,
    "dma50" : 870.06,
    "dma100" : null,
    "dma200" : 1054.73,
    "volume" : 285859.00
  }, {
    "date" : "2025-05-28",
    "price" : 862.30,
    "dma50" : 869.76,
    "dma100" : null,
    "dma200" : 1052.82,
    "volume" : 701405.00
  }, {
    "date" : "2025-05-29",
    "price" : 893.70,
    "dma50" : 870.70,
    "dma100" : null,
    "dma200" : 1051.24,
    "volume" : 4272774.00
  }, {
    "date" : "2025-05-30",
    "price" : 883.40,
    "dma50" : 871.19,
    "dma100" : null,
    "dma200" : 1049.57,
    "volume" : 654886.00
  }, {
    "date" : "2025-06-02",
    "price" : 878.10,
    "dma50" : 871.46,
    "dma100" : null,
    "dma200" : 1047.86,
    "volume" : 460842.00
  }, {
    "date" : "2025-06-03",
    "price" : 862.10,
    "dma50" : 871.10,
    "dma100" : null,
    "dma200" : 1046.01,
    "volume" : 555970.00
  }, {
    "date" : "2025-06-04",
    "price" : 858.95,
    "dma50" : 870.62,
    "dma100" : null,
    "dma200" : 1044.15,
    "volume" : 385263.00
  }, {
    "date" : "2025-06-05",
    "price" : 861.75,
    "dma50" : 870.27,
    "dma100" : null,
    "dma200" : 1042.34,
    "volume" : 390130.00
  }, {
    "date" : "2025-06-06",
    "price" : 858.30,
    "dma50" : 869.80,
    "dma100" : null,
    "dma200" : 1040.50,
    "volume" : 368862.00
  }, {
    "date" : "2025-06-09",
    "price" : 863.10,
    "dma50" : 869.54,
    "dma100" : null,
    "dma200" : 1038.74,
    "volume" : 502720.00
  }, {
    "date" : "2025-06-10",
    "price" : 881.65,
    "dma50" : 870.02,
    "dma100" : null,
    "dma200" : 1037.18,
    "volume" : 1191466.00
  }, {
    "date" : "2025-06-11",
    "price" : 934.10,
    "dma50" : 872.53,
    "dma100" : null,
    "dma200" : 1036.15,
    "volume" : 4293425.00
  }, {
    "date" : "2025-06-12",
    "price" : 924.20,
    "dma50" : 874.55,
    "dma100" : null,
    "dma200" : 1035.04,
    "volume" : 2454830.00
  }, {
    "date" : "2025-06-13",
    "price" : 912.70,
    "dma50" : 876.05,
    "dma100" : null,
    "dma200" : 1033.82,
    "volume" : 1343018.00
  }, {
    "date" : "2025-06-16",
    "price" : 902.35,
    "dma50" : 877.08,
    "dma100" : null,
    "dma200" : 1032.51,
    "volume" : 1003602.00
  }, {
    "date" : "2025-06-17",
    "price" : 872.85,
    "dma50" : 876.92,
    "dma100" : null,
    "dma200" : 1030.92,
    "volume" : 923606.00
  }, {
    "date" : "2025-06-18",
    "price" : 878.20,
    "dma50" : 876.97,
    "dma100" : null,
    "dma200" : 1029.40,
    "volume" : 635707.00
  }, {
    "date" : "2025-06-19",
    "price" : 881.60,
    "dma50" : 877.15,
    "dma100" : null,
    "dma200" : 1027.93,
    "volume" : 524699.00
  }, {
    "date" : "2025-06-20",
    "price" : 875.10,
    "dma50" : 877.07,
    "dma100" : null,
    "dma200" : 1026.41,
    "volume" : 613012.00
  }, {
    "date" : "2025-06-23",
    "price" : 869.20,
    "dma50" : 876.76,
    "dma100" : null,
    "dma200" : 1024.85,
    "volume" : 401178.00
  }, {
    "date" : "2025-06-24",
    "price" : 869.25,
    "dma50" : 876.46,
    "dma100" : null,
    "dma200" : 1023.30,
    "volume" : 368107.00
  }, {
    "date" : "2025-06-25",
    "price" : 878.80,
    "dma50" : 876.56,
    "dma100" : null,
    "dma200" : 1021.86,
    "volume" : 483844.00
  }, {
    "date" : "2025-06-26",
    "price" : 871.15,
    "dma50" : 876.34,
    "dma100" : null,
    "dma200" : 1020.36,
    "volume" : 470017.00
  }, {
    "date" : "2025-06-27",
    "price" : 884.45,
    "dma50" : 876.66,
    "dma100" : null,
    "dma200" : 1019.01,
    "volume" : 1193555.00
  }, {
    "date" : "2025-06-30",
    "price" : 926.65,
    "dma50" : 878.62,
    "dma100" : null,
    "dma200" : 1018.09,
    "volume" : 2420099.00
  }, {
    "date" : "2025-07-01",
    "price" : 933.00,
    "dma50" : 880.76,
    "dma100" : null,
    "dma200" : 1017.24,
    "volume" : 1591758.00
  }, {
    "date" : "2025-07-02",
    "price" : 921.95,
    "dma50" : 882.37,
    "dma100" : null,
    "dma200" : 1016.30,
    "volume" : 880462.00
  }, {
    "date" : "2025-07-03",
    "price" : 973.60,
    "dma50" : 885.95,
    "dma100" : null,
    "dma200" : 1015.87,
    "volume" : 6219114.00
  }, {
    "date" : "2025-07-04",
    "price" : 998.60,
    "dma50" : 890.37,
    "dma100" : null,
    "dma200" : 1015.70,
    "volume" : 2669751.00
  }, {
    "date" : "2025-07-07",
    "price" : 973.60,
    "dma50" : 893.63,
    "dma100" : null,
    "dma200" : 1015.28,
    "volume" : 1580959.00
  }, {
    "date" : "2025-07-08",
    "price" : 984.95,
    "dma50" : 897.21,
    "dma100" : null,
    "dma200" : 1014.98,
    "volume" : 1318776.00
  }, {
    "date" : "2025-07-09",
    "price" : 1017.75,
    "dma50" : 901.94,
    "dma100" : null,
    "dma200" : 1015.01,
    "volume" : 2859568.00
  }, {
    "date" : "2025-07-10",
    "price" : 998.30,
    "dma50" : 905.72,
    "dma100" : null,
    "dma200" : 1014.84,
    "volume" : 883821.00
  }, {
    "date" : "2025-07-11",
    "price" : 961.80,
    "dma50" : 907.92,
    "dma100" : null,
    "dma200" : 1014.31,
    "volume" : 1417662.00
  }, {
    "date" : "2025-07-14",
    "price" : 976.90,
    "dma50" : 910.62,
    "dma100" : null,
    "dma200" : 1013.94,
    "volume" : 919464.00
  }, {
    "date" : "2025-07-15",
    "price" : 1011.60,
    "dma50" : 914.58,
    "dma100" : null,
    "dma200" : 1013.92,
    "volume" : 1636206.00
  }, {
    "date" : "2025-07-16",
    "price" : 1021.35,
    "dma50" : 918.77,
    "dma100" : null,
    "dma200" : 1013.99,
    "volume" : 1818158.00
  }, {
    "date" : "2025-07-17",
    "price" : 1032.75,
    "dma50" : 923.24,
    "dma100" : 859.20,
    "dma200" : 1014.18,
    "volume" : 3477780.00
  }, {
    "date" : "2025-07-18",
    "price" : 1035.10,
    "dma50" : 927.63,
    "dma100" : 861.42,
    "dma200" : 1014.38,
    "volume" : 1653767.00
  }, {
    "date" : "2025-07-21",
    "price" : 1015.60,
    "dma50" : 931.08,
    "dma100" : 863.65,
    "dma200" : 1014.40,
    "volume" : 776482.00
  }, {
    "date" : "2025-07-22",
    "price" : 1014.65,
    "dma50" : 934.35,
    "dma100" : 865.81,
    "dma200" : 1014.40,
    "volume" : 1412162.00
  }, {
    "date" : "2025-07-23",
    "price" : 1034.90,
    "dma50" : 938.30,
    "dma100" : 867.93,
    "dma200" : 1014.60,
    "volume" : 1826449.00
  }, {
    "date" : "2025-07-24",
    "price" : 999.05,
    "dma50" : 940.68,
    "dma100" : 869.70,
    "dma200" : 1014.45,
    "volume" : 3258801.00
  }, {
    "date" : "2025-07-25",
    "price" : 967.65,
    "dma50" : 941.74,
    "dma100" : 871.41,
    "dma200" : 1013.98,
    "volume" : 843626.00
  }, {
    "date" : "2025-07-28",
    "price" : 941.25,
    "dma50" : 941.72,
    "dma100" : 873.12,
    "dma200" : 1013.26,
    "volume" : 844056.00
  }, {
    "date" : "2025-07-29",
    "price" : 958.50,
    "dma50" : 942.37,
    "dma100" : 874.75,
    "dma200" : 1012.71,
    "volume" : 724871.00
  }, {
    "date" : "2025-07-30",
    "price" : 973.15,
    "dma50" : 943.58,
    "dma100" : 876.45,
    "dma200" : 1012.32,
    "volume" : 763905.00
  }, {
    "date" : "2025-07-31",
    "price" : 953.40,
    "dma50" : 943.97,
    "dma100" : 877.79,
    "dma200" : 1011.73,
    "volume" : 514505.00
  }, {
    "date" : "2025-08-01",
    "price" : 931.05,
    "dma50" : 943.46,
    "dma100" : 878.87,
    "dma200" : 1010.93,
    "volume" : 617424.00
  }, {
    "date" : "2025-08-04",
    "price" : 934.65,
    "dma50" : 943.11,
    "dma100" : 879.96,
    "dma200" : 1010.17,
    "volume" : 409966.00
  }, {
    "date" : "2025-08-05",
    "price" : 931.75,
    "dma50" : 942.67,
    "dma100" : 881.16,
    "dma200" : 1009.39,
    "volume" : 348225.00
  }, {
    "date" : "2025-08-06",
    "price" : 917.85,
    "dma50" : 941.70,
    "dma100" : 882.46,
    "dma200" : 1008.48,
    "volume" : 585784.00
  }, {
    "date" : "2025-08-07",
    "price" : 945.00,
    "dma50" : 941.83,
    "dma100" : 884.07,
    "dma200" : 1007.85,
    "volume" : 1300184.00
  }, {
    "date" : "2025-08-08",
    "price" : 907.80,
    "dma50" : 940.49,
    "dma100" : 885.34,
    "dma200" : 1006.85,
    "volume" : 623767.00
  }, {
    "date" : "2025-08-11",
    "price" : 899.80,
    "dma50" : 938.90,
    "dma100" : 886.34,
    "dma200" : 1005.79,
    "volume" : 407457.00
  }, {
    "date" : "2025-08-12",
    "price" : 888.30,
    "dma50" : 936.91,
    "dma100" : 887.15,
    "dma200" : 1004.62,
    "volume" : 1528470.00
  }, {
    "date" : "2025-08-13",
    "price" : 904.25,
    "dma50" : 935.63,
    "dma100" : 887.94,
    "dma200" : 1003.62,
    "volume" : 541694.00
  }, {
    "date" : "2025-08-14",
    "price" : 874.45,
    "dma50" : 933.23,
    "dma100" : 888.42,
    "dma200" : 1002.34,
    "volume" : 619813.00
  }, {
    "date" : "2025-08-18",
    "price" : 874.45,
    "dma50" : 930.93,
    "dma100" : 888.88,
    "dma200" : 1001.06,
    "volume" : 505523.00
  }, {
    "date" : "2025-08-19",
    "price" : 892.70,
    "dma50" : 929.43,
    "dma100" : 889.50,
    "dma200" : 999.99,
    "volume" : 377183.00
  }, {
    "date" : "2025-08-20",
    "price" : 888.85,
    "dma50" : 927.84,
    "dma100" : 890.14,
    "dma200" : 998.88,
    "volume" : 386596.00
  }, {
    "date" : "2025-08-21",
    "price" : 881.20,
    "dma50" : 926.01,
    "dma100" : 890.74,
    "dma200" : 997.71,
    "volume" : 498284.00
  }, {
    "date" : "2025-08-22",
    "price" : 882.45,
    "dma50" : 924.30,
    "dma100" : 891.34,
    "dma200" : 996.56,
    "volume" : 295245.00
  }, {
    "date" : "2025-08-25",
    "price" : 874.85,
    "dma50" : 922.36,
    "dma100" : 892.10,
    "dma200" : 995.35,
    "volume" : 331597.00
  }, {
    "date" : "2025-08-26",
    "price" : 855.25,
    "dma50" : 919.73,
    "dma100" : 892.60,
    "dma200" : 993.96,
    "volume" : 433308.00
  }, {
    "date" : "2025-08-28",
    "price" : 867.15,
    "dma50" : 917.67,
    "dma100" : 893.21,
    "dma200" : 992.69,
    "volume" : 393040.00
  }, {
    "date" : "2025-08-29",
    "price" : 862.00,
    "dma50" : 915.48,
    "dma100" : 893.46,
    "dma200" : 991.39,
    "volume" : 283860.00
  }, {
    "date" : "2025-09-01",
    "price" : 864.80,
    "dma50" : 913.50,
    "dma100" : 894.14,
    "dma200" : 990.13,
    "volume" : 283653.00
  }, {
    "date" : "2025-09-02",
    "price" : 865.65,
    "dma50" : 911.62,
    "dma100" : 895.14,
    "dma200" : 988.90,
    "volume" : 356608.00
  }, {
    "date" : "2025-09-03",
    "price" : 872.00,
    "dma50" : 910.07,
    "dma100" : 896.16,
    "dma200" : 987.73,
    "volume" : 548688.00
  }, {
    "date" : "2025-09-04",
    "price" : 855.55,
    "dma50" : 907.93,
    "dma100" : 897.25,
    "dma200" : 986.42,
    "volume" : 429216.00
  }, {
    "date" : "2025-09-05",
    "price" : 852.75,
    "dma50" : 905.76,
    "dma100" : 898.02,
    "dma200" : 985.09,
    "volume" : 283081.00
  }, {
    "date" : "2025-09-08",
    "price" : 846.10,
    "dma50" : 903.42,
    "dma100" : 898.44,
    "dma200" : 983.70,
    "volume" : 393152.00
  }, {
    "date" : "2025-09-09",
    "price" : 841.25,
    "dma50" : 900.99,
    "dma100" : 898.59,
    "dma200" : 982.29,
    "volume" : 234369.00
  }, {
    "date" : "2025-09-10",
    "price" : 844.25,
    "dma50" : 898.76,
    "dma100" : 898.76,
    "dma200" : 980.91,
    "volume" : 540770.00
  }, {
    "date" : "2025-09-11",
    "price" : 848.25,
    "dma50" : 896.78,
    "dma100" : 898.94,
    "dma200" : 979.59,
    "volume" : 489003.00
  }, {
    "date" : "2025-09-12",
    "price" : 862.20,
    "dma50" : 895.42,
    "dma100" : 899.17,
    "dma200" : 978.43,
    "volume" : 331984.00
  }, {
    "date" : "2025-09-15",
    "price" : 851.40,
    "dma50" : 893.70,
    "dma100" : 899.24,
    "dma200" : 977.16,
    "volume" : 478339.00
  }, {
    "date" : "2025-09-16",
    "price" : 852.15,
    "dma50" : 892.07,
    "dma100" : 898.73,
    "dma200" : 975.92,
    "volume" : 347473.00
  }, {
    "date" : "2025-09-17",
    "price" : 857.25,
    "dma50" : 890.70,
    "dma100" : 898.41,
    "dma200" : 974.74,
    "volume" : 273302.00
  }, {
    "date" : "2025-09-18",
    "price" : 884.30,
    "dma50" : 890.45,
    "dma100" : 898.41,
    "dma200" : 973.84,
    "volume" : 1691739.00
  }, {
    "date" : "2025-09-19",
    "price" : 884.25,
    "dma50" : 890.21,
    "dma100" : 898.42,
    "dma200" : 972.95,
    "volume" : 451524.00
  }, {
    "date" : "2025-09-22",
    "price" : 864.50,
    "dma50" : 889.20,
    "dma100" : 898.56,
    "dma200" : 971.87,
    "volume" : 317178.00
  }, {
    "date" : "2025-09-23",
    "price" : 855.50,
    "dma50" : 887.88,
    "dma100" : 898.70,
    "dma200" : 970.71,
    "volume" : 313302.00
  }, {
    "date" : "2025-09-24",
    "price" : 854.20,
    "dma50" : 886.56,
    "dma100" : 898.68,
    "dma200" : 969.55,
    "volume" : 255464.00
  }, {
    "date" : "2025-09-25",
    "price" : 842.30,
    "dma50" : 884.82,
    "dma100" : 898.81,
    "dma200" : 968.28,
    "volume" : 443629.00
  }, {
    "date" : "2025-09-26",
    "price" : 820.75,
    "dma50" : 882.31,
    "dma100" : 898.88,
    "dma200" : 966.82,
    "volume" : 1792362.00
  }, {
    "date" : "2025-09-29",
    "price" : 795.40,
    "dma50" : 878.90,
    "dma100" : 898.81,
    "dma200" : 965.11,
    "volume" : 796924.00
  }, {
    "date" : "2025-09-30",
    "price" : 795.55,
    "dma50" : 875.63,
    "dma100" : 898.67,
    "dma200" : 963.42,
    "volume" : 398321.00
  }, {
    "date" : "2025-10-01",
    "price" : 806.55,
    "dma50" : 872.92,
    "dma100" : 898.40,
    "dma200" : 961.86,
    "volume" : 425182.00
  }, {
    "date" : "2025-10-03",
    "price" : 822.55,
    "dma50" : 870.95,
    "dma100" : 898.37,
    "dma200" : 960.48,
    "volume" : 372623.00
  }, {
    "date" : "2025-10-06",
    "price" : 815.15,
    "dma50" : 868.76,
    "dma100" : 898.25,
    "dma200" : 959.03,
    "volume" : 392153.00
  }, {
    "date" : "2025-10-07",
    "price" : 811.40,
    "dma50" : 866.51,
    "dma100" : 898.12,
    "dma200" : 957.56,
    "volume" : 350541.00
  }, {
    "date" : "2025-10-08",
    "price" : 809.00,
    "dma50" : 864.26,
    "dma100" : 897.80,
    "dma200" : 956.08,
    "volume" : 303822.00
  }, {
    "date" : "2025-10-09",
    "price" : 813.55,
    "dma50" : 862.27,
    "dma100" : 897.27,
    "dma200" : 954.66,
    "volume" : 325218.00
  }, {
    "date" : "2025-10-10",
    "price" : 845.80,
    "dma50" : 861.62,
    "dma100" : 897.21,
    "dma200" : 953.58,
    "volume" : 4249377.00
  }, {
    "date" : "2025-10-13",
    "price" : 839.80,
    "dma50" : 860.77,
    "dma100" : 896.85,
    "dma200" : 952.45,
    "volume" : 414618.00
  }, {
    "date" : "2025-10-14",
    "price" : 809.70,
    "dma50" : 858.76,
    "dma100" : 896.18,
    "dma200" : 951.03,
    "volume" : 954252.00
  }, {
    "date" : "2025-10-15",
    "price" : 820.25,
    "dma50" : 857.25,
    "dma100" : 895.59,
    "dma200" : 949.73,
    "volume" : 383643.00
  }, {
    "date" : "2025-10-16",
    "price" : 821.85,
    "dma50" : 855.86,
    "dma100" : 895.02,
    "dma200" : 948.45,
    "volume" : 244209.00
  }, {
    "date" : "2025-10-17",
    "price" : 826.20,
    "dma50" : 854.70,
    "dma100" : 894.49,
    "dma200" : 947.24,
    "volume" : 950863.00
  }, {
    "date" : "2025-10-20",
    "price" : 833.65,
    "dma50" : 853.88,
    "dma100" : 894.21,
    "dma200" : 946.11,
    "volume" : 317724.00
  }, {
    "date" : "2025-10-21",
    "price" : 842.00,
    "dma50" : 853.41,
    "dma100" : 893.69,
    "dma200" : 945.07,
    "volume" : 157376.00
  }, {
    "date" : "2025-10-23",
    "price" : 834.20,
    "dma50" : 852.66,
    "dma100" : 893.20,
    "dma200" : 943.97,
    "volume" : 417256.00
  }, {
    "date" : "2025-10-24",
    "price" : 824.90,
    "dma50" : 851.57,
    "dma100" : 892.67,
    "dma200" : 942.78,
    "volume" : 256910.00
  }, {
    "date" : "2025-10-27",
    "price" : 825.05,
    "dma50" : 850.53,
    "dma100" : 892.29,
    "dma200" : 941.61,
    "volume" : 464090.00
  }, {
    "date" : "2025-10-28",
    "price" : 826.50,
    "dma50" : 849.59,
    "dma100" : 891.97,
    "dma200" : 940.47,
    "volume" : 271559.00
  }, {
    "date" : "2025-10-29",
    "price" : 828.10,
    "dma50" : 848.74,
    "dma100" : 891.63,
    "dma200" : 939.35,
    "volume" : 304955.00
  }, {
    "date" : "2025-10-30",
    "price" : 833.30,
    "dma50" : 848.14,
    "dma100" : 891.38,
    "dma200" : 938.29,
    "volume" : 256774.00
  }, {
    "date" : "2025-10-31",
    "price" : 819.90,
    "dma50" : 847.03,
    "dma100" : 890.95,
    "dma200" : 937.12,
    "volume" : 433902.00
  }, {
    "date" : "2025-11-03",
    "price" : 831.50,
    "dma50" : 846.42,
    "dma100" : 890.45,
    "dma200" : 936.06,
    "volume" : 543856.00
  }, {
    "date" : "2025-11-04",
    "price" : 819.85,
    "dma50" : 845.38,
    "dma100" : 889.31,
    "dma200" : 934.91,
    "volume" : 371345.00
  }, {
    "date" : "2025-11-06",
    "price" : 800.50,
    "dma50" : 843.62,
    "dma100" : 888.07,
    "dma200" : 933.57,
    "volume" : 755719.00
  }, {
    "date" : "2025-11-07",
    "price" : 802.50,
    "dma50" : 842.01,
    "dma100" : 886.97,
    "dma200" : 932.27,
    "volume" : 408342.00
  }, {
    "date" : "2025-11-10",
    "price" : 798.80,
    "dma50" : 840.31,
    "dma100" : 885.93,
    "dma200" : 930.94,
    "volume" : 450074.00
  }, {
    "date" : "2025-11-11",
    "price" : 792.95,
    "dma50" : 838.45,
    "dma100" : 885.13,
    "dma200" : 929.57,
    "volume" : 341381.00
  }, {
    "date" : "2025-11-12",
    "price" : 822.35,
    "dma50" : 837.82,
    "dma100" : 884.58,
    "dma200" : 928.50,
    "volume" : 935354.00
  }, {
    "date" : "2025-11-13",
    "price" : 826.15,
    "dma50" : 837.37,
    "dma100" : 884.02,
    "dma200" : 927.48,
    "volume" : 529151.00
  }, {
    "date" : "2025-11-14",
    "price" : 812.65,
    "dma50" : 836.40,
    "dma100" : 883.40,
    "dma200" : 926.34,
    "volume" : 1042810.00
  }, {
    "date" : "2025-11-17",
    "price" : 820.90,
    "dma50" : 835.79,
    "dma100" : 882.91,
    "dma200" : 925.29,
    "volume" : 593452.00
  }, {
    "date" : "2025-11-18",
    "price" : 814.55,
    "dma50" : 834.96,
    "dma100" : 882.37,
    "dma200" : 924.19,
    "volume" : 301647.00
  }, {
    "date" : "2025-11-19",
    "price" : 830.15,
    "dma50" : 834.77,
    "dma100" : 881.88,
    "dma200" : 923.25,
    "volume" : 2417036.00
  }, {
    "date" : "2025-11-20",
    "price" : 869.30,
    "dma50" : 836.12,
    "dma100" : 881.86,
    "dma200" : 922.71,
    "volume" : 8074484.00
  }, {
    "date" : "2025-11-21",
    "price" : 864.80,
    "dma50" : 837.25,
    "dma100" : 881.67,
    "dma200" : 922.14,
    "volume" : 799321.00
  }, {
    "date" : "2025-11-24",
    "price" : 841.25,
    "dma50" : 837.40,
    "dma100" : 880.81,
    "dma200" : 921.33,
    "volume" : 1020229.00
  }, {
    "date" : "2025-11-25",
    "price" : 834.00,
    "dma50" : 837.27,
    "dma100" : 879.82,
    "dma200" : 920.46,
    "volume" : 530081.00
  }, {
    "date" : "2025-11-26",
    "price" : 927.40,
    "dma50" : 840.80,
    "dma100" : 879.88,
    "dma200" : 920.53,
    "volume" : 21094425.00
  }, {
    "date" : "2025-11-27",
    "price" : 882.75,
    "dma50" : 842.45,
    "dma100" : 878.97,
    "dma200" : 920.16,
    "volume" : 5925718.00
  }, {
    "date" : "2025-11-28",
    "price" : 877.25,
    "dma50" : 843.81,
    "dma100" : 877.75,
    "dma200" : 919.73,
    "volume" : 2251774.00
  }, {
    "date" : "2025-12-01",
    "price" : 903.20,
    "dma50" : 846.14,
    "dma100" : 877.05,
    "dma200" : 919.57,
    "volume" : 5659722.00
  }, {
    "date" : "2025-12-02",
    "price" : 932.55,
    "dma50" : 849.53,
    "dma100" : 876.53,
    "dma200" : 919.70,
    "volume" : 9153689.00
  }, {
    "date" : "2025-12-03",
    "price" : 935.40,
    "dma50" : 852.90,
    "dma100" : 875.70,
    "dma200" : 919.85,
    "volume" : 2201951.00
  }, {
    "date" : "2025-12-04",
    "price" : 949.25,
    "dma50" : 856.68,
    "dma100" : 875.21,
    "dma200" : 920.14,
    "volume" : 2375645.00
  }, {
    "date" : "2025-12-05",
    "price" : 933.60,
    "dma50" : 859.69,
    "dma100" : 874.93,
    "dma200" : 920.28,
    "volume" : 881821.00
  }, {
    "date" : "2025-12-08",
    "price" : 897.75,
    "dma50" : 861.19,
    "dma100" : 874.14,
    "dma200" : 920.05,
    "volume" : 1257105.00
  }, {
    "date" : "2025-12-09",
    "price" : 892.80,
    "dma50" : 862.43,
    "dma100" : 872.95,
    "dma200" : 919.78,
    "volume" : 774601.00
  }, {
    "date" : "2025-12-10",
    "price" : 867.50,
    "dma50" : 862.62,
    "dma100" : 871.41,
    "dma200" : 919.26,
    "volume" : 698252.00
  }, {
    "date" : "2025-12-11",
    "price" : 917.55,
    "dma50" : 864.78,
    "dma100" : 870.26,
    "dma200" : 919.25,
    "volume" : 6738507.00
  }, {
    "date" : "2025-12-12",
    "price" : 905.65,
    "dma50" : 866.38,
    "dma100" : 868.97,
    "dma200" : 919.11,
    "volume" : 1498577.00
  }, {
    "date" : "2025-12-15",
    "price" : 905.20,
    "dma50" : 867.90,
    "dma100" : 867.86,
    "dma200" : 918.97,
    "volume" : 769419.00
  }, {
    "date" : "2025-12-16",
    "price" : 921.45,
    "dma50" : 870.00,
    "dma100" : 866.93,
    "dma200" : 919.00,
    "volume" : 1384590.00
  }, {
    "date" : "2025-12-17",
    "price" : 922.30,
    "dma50" : 872.05,
    "dma100" : 865.80,
    "dma200" : 919.03,
    "volume" : 729800.00
  }, {
    "date" : "2025-12-18",
    "price" : 914.85,
    "dma50" : 873.73,
    "dma100" : 864.96,
    "dma200" : 918.99,
    "volume" : 441446.00
  }, {
    "date" : "2025-12-19",
    "price" : 916.75,
    "dma50" : 875.42,
    "dma100" : 864.45,
    "dma200" : 918.97,
    "volume" : 897162.00
  }, {
    "date" : "2025-12-22",
    "price" : 923.85,
    "dma50" : 877.32,
    "dma100" : 864.28,
    "dma200" : 919.01,
    "volume" : 548446.00
  }, {
    "date" : "2025-12-23",
    "price" : 927.00,
    "dma50" : 879.27,
    "dma100" : 863.96,
    "dma200" : 919.09,
    "volume" : 633766.00
  }, {
    "date" : "2025-12-24",
    "price" : 916.25,
    "dma50" : 880.72,
    "dma100" : 863.39,
    "dma200" : 919.07,
    "volume" : 364329.00
  }, {
    "date" : "2025-12-26",
    "price" : 908.50,
    "dma50" : 881.81,
    "dma100" : 862.95,
    "dma200" : 918.96,
    "volume" : 326834.00
  }, {
    "date" : "2025-12-29",
    "price" : 895.70,
    "dma50" : 882.35,
    "dma100" : 862.59,
    "dma200" : 918.73,
    "volume" : 371815.00
  }, {
    "date" : "2025-12-30",
    "price" : 897.25,
    "dma50" : 882.94,
    "dma100" : 862.22,
    "dma200" : 918.51,
    "volume" : 436658.00
  }, {
    "date" : "2025-12-31",
    "price" : 903.05,
    "dma50" : 883.72,
    "dma100" : 861.93,
    "dma200" : 918.36,
    "volume" : 263691.00
  }, {
    "date" : "2026-01-01",
    "price" : 888.20,
    "dma50" : 883.90,
    "dma100" : 861.63,
    "dma200" : 918.06,
    "volume" : 618694.00
  }, {
    "date" : "2026-01-02",
    "price" : 893.05,
    "dma50" : 884.26,
    "dma100" : 861.11,
    "dma200" : 917.81,
    "volume" : 509181.00
  }, {
    "date" : "2026-01-05",
    "price" : 906.10,
    "dma50" : 885.12,
    "dma100" : 861.10,
    "dma200" : 917.70,
    "volume" : 662485.00
  }, {
    "date" : "2026-01-06",
    "price" : 925.90,
    "dma50" : 886.72,
    "dma100" : 861.36,
    "dma200" : 917.78,
    "volume" : 1297838.00
  }, {
    "date" : "2026-01-07",
    "price" : 946.10,
    "dma50" : 889.04,
    "dma100" : 861.94,
    "dma200" : 918.06,
    "volume" : 2007276.00
  }, {
    "date" : "2026-01-08",
    "price" : 909.70,
    "dma50" : 889.85,
    "dma100" : 861.99,
    "dma200" : 917.98,
    "volume" : 636455.00
  }, {
    "date" : "2026-01-09",
    "price" : 890.20,
    "dma50" : 889.87,
    "dma100" : 862.15,
    "dma200" : 917.70,
    "volume" : 854353.00
  }, {
    "date" : "2026-01-12",
    "price" : 857.85,
    "dma50" : 888.61,
    "dma100" : 861.98,
    "dma200" : 917.10,
    "volume" : 1028427.00
  }, {
    "date" : "2026-01-13",
    "price" : 871.80,
    "dma50" : 887.95,
    "dma100" : 861.77,
    "dma200" : 916.65,
    "volume" : 561481.00
  }, {
    "date" : "2026-01-14",
    "price" : 891.95,
    "dma50" : 888.11,
    "dma100" : 861.80,
    "dma200" : 916.41,
    "volume" : 479014.00
  }, {
    "date" : "2026-01-16",
    "price" : 859.40,
    "dma50" : 886.98,
    "dma100" : 861.59,
    "dma200" : 915.84,
    "volume" : 505199.00
  }, {
    "date" : "2026-01-19",
    "price" : 845.75,
    "dma50" : 885.37,
    "dma100" : 861.22,
    "dma200" : 915.14,
    "volume" : 452817.00
  }, {
    "date" : "2026-01-20",
    "price" : 822.75,
    "dma50" : 882.91,
    "dma100" : 860.70,
    "dma200" : 914.22,
    "volume" : 505343.00
  }, {
    "date" : "2026-01-21",
    "price" : 839.75,
    "dma50" : 881.22,
    "dma100" : 860.54,
    "dma200" : 913.48,
    "volume" : 645199.00
  }, {
    "date" : "2026-01-22",
    "price" : 834.75,
    "dma50" : 879.40,
    "dma100" : 860.22,
    "dma200" : 912.70,
    "volume" : 366017.00
  }, {
    "date" : "2026-01-23",
    "price" : 831.95,
    "dma50" : 877.54,
    "dma100" : 859.92,
    "dma200" : 911.90,
    "volume" : 337973.00
  }, {
    "date" : "2026-01-27",
    "price" : 814.25,
    "dma50" : 875.05,
    "dma100" : 859.41,
    "dma200" : 910.92,
    "volume" : 557891.00
  }, {
    "date" : "2026-01-28",
    "price" : 818.50,
    "dma50" : 872.84,
    "dma100" : 858.94,
    "dma200" : 910.00,
    "volume" : 365011.00
  }, {
    "date" : "2026-01-29",
    "price" : 813.20,
    "dma50" : 870.50,
    "dma100" : 858.35,
    "dma200" : 909.04,
    "volume" : 429662.00
  }, {
    "date" : "2026-01-30",
    "price" : 835.90,
    "dma50" : 869.14,
    "dma100" : 858.16,
    "dma200" : 908.31,
    "volume" : 621285.00
  }, {
    "date" : "2026-02-01",
    "price" : 817.80,
    "dma50" : 867.13,
    "dma100" : 857.81,
    "dma200" : 907.41,
    "volume" : 277236.00
  }, {
    "date" : "2026-02-02",
    "price" : 823.90,
    "dma50" : 865.43,
    "dma100" : 857.59,
    "dma200" : 906.58,
    "volume" : 333983.00
  }, {
    "date" : "2026-02-03",
    "price" : 853.70,
    "dma50" : 864.97,
    "dma100" : 857.71,
    "dma200" : 906.06,
    "volume" : 617824.00
  }, {
    "date" : "2026-02-04",
    "price" : 841.10,
    "dma50" : 864.04,
    "dma100" : 857.68,
    "dma200" : 905.41,
    "volume" : 858072.00
  }, {
    "date" : "2026-02-05",
    "price" : 828.95,
    "dma50" : 862.66,
    "dma100" : 857.49,
    "dma200" : 904.65,
    "volume" : 488250.00
  }, {
    "date" : "2026-02-06",
    "price" : 823.55,
    "dma50" : 861.13,
    "dma100" : 857.10,
    "dma200" : 903.84,
    "volume" : 393402.00
  }, {
    "date" : "2026-02-09",
    "price" : 845.60,
    "dma50" : 860.52,
    "dma100" : 857.04,
    "dma200" : 903.26,
    "volume" : 575799.00
  }, {
    "date" : "2026-02-10",
    "price" : 846.95,
    "dma50" : 859.99,
    "dma100" : 856.99,
    "dma200" : 902.70,
    "volume" : 482167.00
  }, {
    "date" : "2026-02-11",
    "price" : 850.80,
    "dma50" : 859.62,
    "dma100" : 856.93,
    "dma200" : 902.18,
    "volume" : 449581.00
  }, {
    "date" : "2026-02-12",
    "price" : 839.85,
    "dma50" : 858.85,
    "dma100" : 856.48,
    "dma200" : 901.56,
    "volume" : 1622323.00
  }, {
    "date" : "2026-02-13",
    "price" : 823.85,
    "dma50" : 857.48,
    "dma100" : 855.88,
    "dma200" : 900.79,
    "volume" : 534559.00
  }, {
    "date" : "2026-02-16",
    "price" : 881.45,
    "dma50" : 858.42,
    "dma100" : 856.05,
    "dma200" : 900.60,
    "volume" : 24880904.00
  }, {
    "date" : "2026-02-17",
    "price" : 884.70,
    "dma50" : 859.45,
    "dma100" : 856.34,
    "dma200" : 900.44,
    "volume" : 1907912.00
  } ],
  "latestTechnicalAttributes" : {
    "date" : "2026-02-17",
    "price" : 884.70,
    "dma50" : 859.45,
    "dma100" : 856.34,
    "dma200" : 900.44,
    "volume" : 1907912.00
  },
  "quarterlyResults" : [ {
    "date" : "2005-03-31",
    "sales" : 37.02,
    "salesGrowthYoY" : null,
    "grossProfitMargin" : 58.59,
    "grossProfit" : 21.69,
    "operatingProfitMargin" : -59.56,
    "operatingProfit" : -22.05,
    "netProfitMargin" : -40.87,
    "netProfit" : -15.13
  }, {
    "date" : "2005-06-30",
    "sales" : 43.37,
    "salesGrowthYoY" : null,
    "grossProfitMargin" : 51.81,
    "grossProfit" : 22.47,
    "operatingProfitMargin" : 14.94,
    "operatingProfit" : 6.48,
    "netProfitMargin" : 12.77,
    "netProfit" : 5.54
  }, {
    "date" : "2005-09-30",
    "sales" : 40.09,
    "salesGrowthYoY" : null,
    "grossProfitMargin" : 53.78,
    "grossProfit" : 21.56,
    "operatingProfitMargin" : -3.04,
    "operatingProfit" : -1.22,
    "netProfitMargin" : 20.90,
    "netProfit" : 8.38
  }, {
    "date" : "2005-12-31",
    "sales" : 38.95,
    "salesGrowthYoY" : null,
    "grossProfitMargin" : 56.23,
    "grossProfit" : 21.90,
    "operatingProfitMargin" : 2.82,
    "operatingProfit" : 1.10,
    "netProfitMargin" : 13.48,
    "netProfit" : 5.25
  }, {
    "date" : "2006-03-31",
    "sales" : 38.38,
    "salesGrowthYoY" : 3.67,
    "grossProfitMargin" : 65.06,
    "grossProfit" : 24.97,
    "operatingProfitMargin" : 11.83,
    "operatingProfit" : 4.54,
    "netProfitMargin" : 11.59,
    "netProfit" : 4.45
  }, {
    "date" : "2006-06-30",
    "sales" : 43.08,
    "salesGrowthYoY" : -0.67,
    "grossProfitMargin" : 57.73,
    "grossProfit" : 24.87,
    "operatingProfitMargin" : 13.35,
    "operatingProfit" : 5.75,
    "netProfitMargin" : 11.21,
    "netProfit" : 4.83
  }, {
    "date" : "2006-09-30",
    "sales" : 46.95,
    "salesGrowthYoY" : 17.11,
    "grossProfitMargin" : 60.15,
    "grossProfit" : 28.24,
    "operatingProfitMargin" : 13.31,
    "operatingProfit" : 6.25,
    "netProfitMargin" : 17.93,
    "netProfit" : 8.42
  }, {
    "date" : "2006-12-31",
    "sales" : 49.54,
    "salesGrowthYoY" : 27.19,
    "grossProfitMargin" : 61.14,
    "grossProfit" : 30.29,
    "operatingProfitMargin" : 13.73,
    "operatingProfit" : 6.80,
    "netProfitMargin" : 16.21,
    "netProfit" : 8.03
  }, {
    "date" : "2007-03-31",
    "sales" : 40.65,
    "salesGrowthYoY" : 5.91,
    "grossProfitMargin" : 58.43,
    "grossProfit" : 23.75,
    "operatingProfitMargin" : -5.81,
    "operatingProfit" : -2.36,
    "netProfitMargin" : -0.76,
    "netProfit" : -0.31
  }, {
    "date" : "2007-06-30",
    "sales" : 53.83,
    "salesGrowthYoY" : 24.95,
    "grossProfitMargin" : 52.16,
    "grossProfit" : 28.08,
    "operatingProfitMargin" : 15.01,
    "operatingProfit" : 8.08,
    "netProfitMargin" : 12.28,
    "netProfit" : 6.61
  }, {
    "date" : "2007-09-30",
    "sales" : 57.98,
    "salesGrowthYoY" : 23.49,
    "grossProfitMargin" : 63.00,
    "grossProfit" : 36.53,
    "operatingProfitMargin" : 21.27,
    "operatingProfit" : 12.33,
    "netProfitMargin" : 16.49,
    "netProfit" : 9.56
  }, {
    "date" : "2007-12-31",
    "sales" : 59.28,
    "salesGrowthYoY" : 19.66,
    "grossProfitMargin" : 63.73,
    "grossProfit" : 37.78,
    "operatingProfitMargin" : 18.59,
    "operatingProfit" : 11.02,
    "netProfitMargin" : 17.32,
    "netProfit" : 10.27
  }, {
    "date" : "2008-03-31",
    "sales" : 56.79,
    "salesGrowthYoY" : 39.70,
    "grossProfitMargin" : 66.23,
    "grossProfit" : 37.61,
    "operatingProfitMargin" : 14.54,
    "operatingProfit" : 8.26,
    "netProfitMargin" : 14.09,
    "netProfit" : 8.00
  }, {
    "date" : "2008-06-30",
    "sales" : 62.22,
    "salesGrowthYoY" : 15.59,
    "grossProfitMargin" : 66.39,
    "grossProfit" : 41.31,
    "operatingProfitMargin" : 23.11,
    "operatingProfit" : 14.38,
    "netProfitMargin" : 10.62,
    "netProfit" : 6.61
  }, {
    "date" : "2008-09-30",
    "sales" : 68.64,
    "salesGrowthYoY" : 18.39,
    "grossProfitMargin" : 68.58,
    "grossProfit" : 47.07,
    "operatingProfitMargin" : 24.97,
    "operatingProfit" : 17.14,
    "netProfitMargin" : 14.31,
    "netProfit" : 9.82
  }, {
    "date" : "2008-12-31",
    "sales" : 73.85,
    "salesGrowthYoY" : 24.58,
    "grossProfitMargin" : 67.87,
    "grossProfit" : 50.12,
    "operatingProfitMargin" : 26.49,
    "operatingProfit" : 19.56,
    "netProfitMargin" : 14.12,
    "netProfit" : 10.43
  }, {
    "date" : "2009-03-31",
    "sales" : 73.30,
    "salesGrowthYoY" : 29.07,
    "grossProfitMargin" : 68.21,
    "grossProfit" : 50.00,
    "operatingProfitMargin" : 19.40,
    "operatingProfit" : 14.22,
    "netProfitMargin" : 17.00,
    "netProfit" : 12.46
  }, {
    "date" : "2009-06-30",
    "sales" : 72.87,
    "salesGrowthYoY" : 17.12,
    "grossProfitMargin" : 66.13,
    "grossProfit" : 48.19,
    "operatingProfitMargin" : 24.96,
    "operatingProfit" : 18.19,
    "netProfitMargin" : 11.16,
    "netProfit" : 8.13
  }, {
    "date" : "2009-09-30",
    "sales" : 79.17,
    "salesGrowthYoY" : 15.34,
    "grossProfitMargin" : 68.31,
    "grossProfit" : 54.08,
    "operatingProfitMargin" : 28.77,
    "operatingProfit" : 22.78,
    "netProfitMargin" : 16.42,
    "netProfit" : 13.00
  }, {
    "date" : "2009-12-31",
    "sales" : 83.08,
    "salesGrowthYoY" : 12.50,
    "grossProfitMargin" : 68.51,
    "grossProfit" : 56.92,
    "operatingProfitMargin" : 27.38,
    "operatingProfit" : 22.75,
    "netProfitMargin" : 14.42,
    "netProfit" : 11.98
  }, {
    "date" : "2010-03-31",
    "sales" : 81.71,
    "salesGrowthYoY" : 11.47,
    "grossProfitMargin" : 73.70,
    "grossProfit" : 60.22,
    "operatingProfitMargin" : 18.81,
    "operatingProfit" : 15.37,
    "netProfitMargin" : 17.53,
    "netProfit" : 14.32
  }, {
    "date" : "2010-06-30",
    "sales" : 84.19,
    "salesGrowthYoY" : 15.53,
    "grossProfitMargin" : 67.47,
    "grossProfit" : 56.80,
    "operatingProfitMargin" : 17.75,
    "operatingProfit" : 14.94,
    "netProfitMargin" : 12.90,
    "netProfit" : 10.86
  }, {
    "date" : "2010-09-30",
    "sales" : 94.27,
    "salesGrowthYoY" : 19.07,
    "grossProfitMargin" : 73.29,
    "grossProfit" : 69.09,
    "operatingProfitMargin" : 28.34,
    "operatingProfit" : 26.72,
    "netProfitMargin" : 15.61,
    "netProfit" : 14.72
  }, {
    "date" : "2010-12-31",
    "sales" : 90.99,
    "salesGrowthYoY" : 9.52,
    "grossProfitMargin" : 73.73,
    "grossProfit" : 67.09,
    "operatingProfitMargin" : 25.67,
    "operatingProfit" : 23.36,
    "netProfitMargin" : 13.63,
    "netProfit" : 12.40
  }, {
    "date" : "2011-03-31",
    "sales" : 96.39,
    "salesGrowthYoY" : 17.97,
    "grossProfitMargin" : 72.83,
    "grossProfit" : 70.20,
    "operatingProfitMargin" : 22.25,
    "operatingProfit" : 21.45,
    "netProfitMargin" : 15.11,
    "netProfit" : 14.56
  }, {
    "date" : "2011-06-30",
    "sales" : 98.63,
    "salesGrowthYoY" : 17.15,
    "grossProfitMargin" : 66.73,
    "grossProfit" : 65.82,
    "operatingProfitMargin" : 25.60,
    "operatingProfit" : 25.25,
    "netProfitMargin" : 13.96,
    "netProfit" : 13.77
  }, {
    "date" : "2011-09-30",
    "sales" : 109.64,
    "salesGrowthYoY" : 16.30,
    "grossProfitMargin" : 70.97,
    "grossProfit" : 77.81,
    "operatingProfitMargin" : 27.69,
    "operatingProfit" : 30.36,
    "netProfitMargin" : 14.62,
    "netProfit" : 16.03
  }, {
    "date" : "2011-12-31",
    "sales" : 114.95,
    "salesGrowthYoY" : 26.33,
    "grossProfitMargin" : 71.89,
    "grossProfit" : 82.64,
    "operatingProfitMargin" : 25.15,
    "operatingProfit" : 28.91,
    "netProfitMargin" : 15.50,
    "netProfit" : 17.82
  }, {
    "date" : "2012-03-31",
    "sales" : 128.85,
    "salesGrowthYoY" : 33.68,
    "grossProfitMargin" : 71.28,
    "grossProfit" : 91.84,
    "operatingProfitMargin" : 23.07,
    "operatingProfit" : 29.73,
    "netProfitMargin" : 11.28,
    "netProfit" : 14.53
  }, {
    "date" : "2012-06-30",
    "sales" : 118.22,
    "salesGrowthYoY" : 19.86,
    "grossProfitMargin" : 72.56,
    "grossProfit" : 85.78,
    "operatingProfitMargin" : 25.52,
    "operatingProfit" : 30.17,
    "netProfitMargin" : 15.38,
    "netProfit" : 18.18
  }, {
    "date" : "2012-09-30",
    "sales" : 152.02,
    "salesGrowthYoY" : 38.65,
    "grossProfitMargin" : 70.37,
    "grossProfit" : 106.98,
    "operatingProfitMargin" : 30.71,
    "operatingProfit" : 46.69,
    "netProfitMargin" : 18.79,
    "netProfit" : 28.56
  }, {
    "date" : "2012-12-31",
    "sales" : 152.60,
    "salesGrowthYoY" : 32.75,
    "grossProfitMargin" : 69.91,
    "grossProfit" : 106.68,
    "operatingProfitMargin" : 31.06,
    "operatingProfit" : 47.40,
    "netProfitMargin" : 18.45,
    "netProfit" : 28.15
  }, {
    "date" : "2013-03-31",
    "sales" : 146.09,
    "salesGrowthYoY" : 13.38,
    "grossProfitMargin" : 71.57,
    "grossProfit" : 104.56,
    "operatingProfitMargin" : 23.29,
    "operatingProfit" : 34.02,
    "netProfitMargin" : 8.02,
    "netProfit" : 11.72
  }, {
    "date" : "2013-06-30",
    "sales" : 144.82,
    "salesGrowthYoY" : 22.50,
    "grossProfitMargin" : 75.17,
    "grossProfit" : 108.86,
    "operatingProfitMargin" : 31.14,
    "operatingProfit" : 45.10,
    "netProfitMargin" : 15.70,
    "netProfit" : 22.74
  }, {
    "date" : "2013-09-30",
    "sales" : 152.75,
    "salesGrowthYoY" : 0.48,
    "grossProfitMargin" : 76.90,
    "grossProfit" : 117.46,
    "operatingProfitMargin" : 30.53,
    "operatingProfit" : 46.63,
    "netProfitMargin" : 18.78,
    "netProfit" : 28.69
  }, {
    "date" : "2013-12-31",
    "sales" : 177.44,
    "salesGrowthYoY" : 16.28,
    "grossProfitMargin" : 79.84,
    "grossProfit" : 141.67,
    "operatingProfitMargin" : 32.82,
    "operatingProfit" : 58.24,
    "netProfitMargin" : 18.27,
    "netProfit" : 32.42
  }, {
    "date" : "2014-03-31",
    "sales" : 156.29,
    "salesGrowthYoY" : 6.98,
    "grossProfitMargin" : 72.03,
    "grossProfit" : 112.58,
    "operatingProfitMargin" : 23.44,
    "operatingProfit" : 36.63,
    "netProfitMargin" : 16.85,
    "netProfit" : 26.33
  }, {
    "date" : "2014-06-30",
    "sales" : 185.56,
    "salesGrowthYoY" : 28.13,
    "grossProfitMargin" : 76.46,
    "grossProfit" : 141.88,
    "operatingProfitMargin" : 32.64,
    "operatingProfit" : 60.57,
    "netProfitMargin" : 19.62,
    "netProfit" : 36.41
  }, {
    "date" : "2014-09-30",
    "sales" : 194.79,
    "salesGrowthYoY" : 27.52,
    "grossProfitMargin" : 76.67,
    "grossProfit" : 149.35,
    "operatingProfitMargin" : 31.25,
    "operatingProfit" : 60.87,
    "netProfitMargin" : 17.87,
    "netProfit" : 34.81
  }, {
    "date" : "2014-12-31",
    "sales" : 166.96,
    "salesGrowthYoY" : -5.91,
    "grossProfitMargin" : 71.95,
    "grossProfit" : 120.13,
    "operatingProfitMargin" : 28.68,
    "operatingProfit" : 47.88,
    "netProfitMargin" : 17.11,
    "netProfit" : 28.57
  }, {
    "date" : "2015-03-31",
    "sales" : 175.85,
    "salesGrowthYoY" : 12.52,
    "grossProfitMargin" : 80.25,
    "grossProfit" : 141.12,
    "operatingProfitMargin" : 33.69,
    "operatingProfit" : 59.24,
    "netProfitMargin" : 37.02,
    "netProfit" : 65.10
  }, {
    "date" : "2015-06-30",
    "sales" : 194.05,
    "salesGrowthYoY" : 4.58,
    "grossProfitMargin" : 73.24,
    "grossProfit" : 142.12,
    "operatingProfitMargin" : 31.12,
    "operatingProfit" : 60.39,
    "netProfitMargin" : 17.47,
    "netProfit" : 33.90
  }, {
    "date" : "2015-09-30",
    "sales" : 210.13,
    "salesGrowthYoY" : 7.88,
    "grossProfitMargin" : 78.40,
    "grossProfit" : 164.74,
    "operatingProfitMargin" : 28.79,
    "operatingProfit" : 60.50,
    "netProfitMargin" : 16.33,
    "netProfit" : 34.31
  }, {
    "date" : "2015-12-31",
    "sales" : 257.31,
    "salesGrowthYoY" : 54.11,
    "grossProfitMargin" : 72.56,
    "grossProfit" : 186.70,
    "operatingProfitMargin" : 25.24,
    "operatingProfit" : 64.95,
    "netProfitMargin" : 16.84,
    "netProfit" : 43.33
  }, {
    "date" : "2016-03-31",
    "sales" : 392.40,
    "salesGrowthYoY" : 123.14,
    "grossProfitMargin" : 75.10,
    "grossProfit" : 294.69,
    "operatingProfitMargin" : 24.18,
    "operatingProfit" : 94.88,
    "netProfitMargin" : 17.58,
    "netProfit" : 68.98
  }, {
    "date" : "2016-06-30",
    "sales" : 309.50,
    "salesGrowthYoY" : 59.49,
    "grossProfitMargin" : 74.02,
    "grossProfit" : 229.09,
    "operatingProfitMargin" : 26.07,
    "operatingProfit" : 80.69,
    "netProfitMargin" : 16.45,
    "netProfit" : 50.91
  }, {
    "date" : "2016-09-30",
    "sales" : 448.60,
    "salesGrowthYoY" : 113.49,
    "grossProfitMargin" : 60.40,
    "grossProfit" : 270.95,
    "operatingProfitMargin" : 24.10,
    "operatingProfit" : 108.11,
    "netProfitMargin" : 15.49,
    "netProfit" : 69.49
  }, {
    "date" : "2016-12-31",
    "sales" : 657.50,
    "salesGrowthYoY" : 155.53,
    "grossProfitMargin" : 69.23,
    "grossProfit" : 455.19,
    "operatingProfitMargin" : 39.85,
    "operatingProfit" : 262.01,
    "netProfitMargin" : 29.98,
    "netProfit" : 197.12
  }, {
    "date" : "2017-03-31",
    "sales" : 542.20,
    "salesGrowthYoY" : 38.18,
    "grossProfitMargin" : 79.29,
    "grossProfit" : 429.91,
    "operatingProfitMargin" : 44.50,
    "operatingProfit" : 241.28,
    "netProfitMargin" : 32.70,
    "netProfit" : 177.30
  }, {
    "date" : "2017-06-30",
    "sales" : 413.60,
    "salesGrowthYoY" : 33.63,
    "grossProfitMargin" : 75.19,
    "grossProfit" : 310.99,
    "operatingProfitMargin" : 33.99,
    "operatingProfit" : 140.58,
    "netProfitMargin" : 23.55,
    "netProfit" : 97.40
  }, {
    "date" : "2017-09-30",
    "sales" : 408.40,
    "salesGrowthYoY" : -8.96,
    "grossProfitMargin" : 73.95,
    "grossProfit" : 302.01,
    "operatingProfitMargin" : 30.66,
    "operatingProfit" : 125.22,
    "netProfitMargin" : 21.40,
    "netProfit" : 87.40
  }, {
    "date" : "2017-12-31",
    "sales" : 540.30,
    "salesGrowthYoY" : -17.83,
    "grossProfitMargin" : 88.77,
    "grossProfit" : 479.62,
    "operatingProfitMargin" : 52.99,
    "operatingProfit" : 286.30,
    "netProfitMargin" : 40.22,
    "netProfit" : 217.31
  }, {
    "date" : "2018-03-31",
    "sales" : 729.00,
    "salesGrowthYoY" : 34.45,
    "grossProfitMargin" : 83.70,
    "grossProfit" : 610.17,
    "operatingProfitMargin" : 51.62,
    "operatingProfit" : 376.31,
    "netProfitMargin" : 40.62,
    "netProfit" : 296.12
  }, {
    "date" : "2018-06-30",
    "sales" : 515.70,
    "salesGrowthYoY" : 24.69,
    "grossProfitMargin" : 84.47,
    "grossProfit" : 435.61,
    "operatingProfitMargin" : 43.65,
    "operatingProfit" : 225.10,
    "netProfitMargin" : 36.57,
    "netProfit" : 188.59
  }, {
    "date" : "2018-09-30",
    "sales" : 522.40,
    "salesGrowthYoY" : 27.91,
    "grossProfitMargin" : 82.83,
    "grossProfit" : 432.70,
    "operatingProfitMargin" : 44.18,
    "operatingProfit" : 230.80,
    "netProfitMargin" : 36.96,
    "netProfit" : 193.08
  }, {
    "date" : "2018-12-31",
    "sales" : 531.90,
    "salesGrowthYoY" : -1.55,
    "grossProfitMargin" : 79.60,
    "grossProfit" : 423.39,
    "operatingProfitMargin" : 39.56,
    "operatingProfit" : 210.42,
    "netProfitMargin" : 30.46,
    "netProfit" : 162.02
  }, {
    "date" : "2019-03-31",
    "sales" : 416.30,
    "salesGrowthYoY" : -42.89,
    "grossProfitMargin" : 85.40,
    "grossProfit" : 355.52,
    "operatingProfitMargin" : 36.08,
    "operatingProfit" : 150.20,
    "netProfitMargin" : 29.64,
    "netProfit" : 123.39
  }, {
    "date" : "2019-06-30",
    "sales" : 464.70,
    "salesGrowthYoY" : -9.89,
    "grossProfitMargin" : 84.64,
    "grossProfit" : 393.32,
    "operatingProfitMargin" : 42.11,
    "operatingProfit" : 195.69,
    "netProfitMargin" : 31.78,
    "netProfit" : 147.68
  }, {
    "date" : "2019-09-30",
    "sales" : 457.70,
    "salesGrowthYoY" : -12.39,
    "grossProfitMargin" : 74.20,
    "grossProfit" : 339.61,
    "operatingProfitMargin" : 29.93,
    "operatingProfit" : 136.99,
    "netProfitMargin" : 26.70,
    "netProfit" : 122.21
  }, {
    "date" : "2019-12-31",
    "sales" : 447.70,
    "salesGrowthYoY" : -15.83,
    "grossProfitMargin" : 79.05,
    "grossProfit" : 353.91,
    "operatingProfitMargin" : 28.30,
    "operatingProfit" : 126.70,
    "netProfitMargin" : 23.14,
    "netProfit" : 103.60
  }, {
    "date" : "2020-03-31",
    "sales" : 420.10,
    "salesGrowthYoY" : 0.91,
    "grossProfitMargin" : 72.94,
    "grossProfit" : 306.42,
    "operatingProfitMargin" : 28.23,
    "operatingProfit" : 118.59,
    "netProfitMargin" : 24.04,
    "netProfit" : 100.99
  }, {
    "date" : "2020-06-30",
    "sales" : 532.20,
    "salesGrowthYoY" : 14.53,
    "grossProfitMargin" : 67.23,
    "grossProfit" : 357.80,
    "operatingProfitMargin" : 32.43,
    "operatingProfit" : 172.59,
    "netProfitMargin" : 23.81,
    "netProfit" : 126.72
  }, {
    "date" : "2020-09-30",
    "sales" : 478.90,
    "salesGrowthYoY" : 4.63,
    "grossProfitMargin" : 59.62,
    "grossProfit" : 285.52,
    "operatingProfitMargin" : 18.88,
    "operatingProfit" : 90.42,
    "netProfitMargin" : 14.80,
    "netProfit" : 70.88
  }, {
    "date" : "2020-12-31",
    "sales" : 330.90,
    "salesGrowthYoY" : -26.09,
    "grossProfitMargin" : 76.61,
    "grossProfit" : 253.50,
    "operatingProfitMargin" : 23.63,
    "operatingProfit" : 78.19,
    "netProfitMargin" : 16.53,
    "netProfit" : 54.70
  }, {
    "date" : "2021-03-31",
    "sales" : 311.50,
    "salesGrowthYoY" : -25.85,
    "grossProfitMargin" : 82.41,
    "grossProfit" : 256.71,
    "operatingProfitMargin" : 24.53,
    "operatingProfit" : 76.41,
    "netProfitMargin" : 18.36,
    "netProfit" : 57.19
  }, {
    "date" : "2021-06-30",
    "sales" : 393.80,
    "salesGrowthYoY" : -26.01,
    "grossProfitMargin" : 79.56,
    "grossProfit" : 313.31,
    "operatingProfitMargin" : 28.85,
    "operatingProfit" : 113.61,
    "netProfitMargin" : 19.10,
    "netProfit" : 75.22
  }, {
    "date" : "2021-09-30",
    "sales" : 330.40,
    "salesGrowthYoY" : -31.01,
    "grossProfitMargin" : 73.09,
    "grossProfit" : 241.49,
    "operatingProfitMargin" : 14.95,
    "operatingProfit" : 49.39,
    "netProfitMargin" : 16.22,
    "netProfit" : 53.59
  }, {
    "date" : "2021-12-31",
    "sales" : 529.50,
    "salesGrowthYoY" : 60.02,
    "grossProfitMargin" : 82.23,
    "grossProfit" : 435.41,
    "operatingProfitMargin" : 16.56,
    "operatingProfit" : 87.69,
    "netProfitMargin" : 13.52,
    "netProfit" : 71.59
  }, {
    "date" : "2022-03-31",
    "sales" : 514.10,
    "salesGrowthYoY" : 65.04,
    "grossProfitMargin" : 47.27,
    "grossProfit" : 243.02,
    "operatingProfitMargin" : -7.33,
    "operatingProfit" : -37.68,
    "netProfitMargin" : -11.92,
    "netProfit" : -61.28
  }, {
    "date" : "2022-06-30",
    "sales" : 805.70,
    "salesGrowthYoY" : 104.60,
    "grossProfitMargin" : 84.47,
    "grossProfit" : 680.57,
    "operatingProfitMargin" : 47.09,
    "operatingProfit" : 379.40,
    "netProfitMargin" : 38.23,
    "netProfit" : 308.02
  }, {
    "date" : "2022-09-30",
    "sales" : 351.10,
    "salesGrowthYoY" : 6.27,
    "grossProfitMargin" : 76.73,
    "grossProfit" : 269.40,
    "operatingProfitMargin" : 19.97,
    "operatingProfit" : 70.11,
    "netProfitMargin" : 10.74,
    "netProfit" : 37.71
  }, {
    "date" : "2022-12-31",
    "sales" : 413.00,
    "salesGrowthYoY" : -22.00,
    "grossProfitMargin" : 71.50,
    "grossProfit" : 295.30,
    "operatingProfitMargin" : 16.34,
    "operatingProfit" : 67.48,
    "netProfitMargin" : 9.03,
    "netProfit" : 37.29
  }, {
    "date" : "2023-03-31",
    "sales" : 781.20,
    "salesGrowthYoY" : 51.95,
    "grossProfitMargin" : 73.73,
    "grossProfit" : 575.98,
    "operatingProfitMargin" : 41.95,
    "operatingProfit" : 327.71,
    "netProfitMargin" : 32.53,
    "netProfit" : 254.12
  }, {
    "date" : "2023-06-30",
    "sales" : 1048.30,
    "salesGrowthYoY" : 30.11,
    "grossProfitMargin" : 83.12,
    "grossProfit" : 871.35,
    "operatingProfitMargin" : 48.05,
    "operatingProfit" : 503.71,
    "netProfitMargin" : 38.66,
    "netProfit" : 405.27
  }, {
    "date" : "2023-09-30",
    "sales" : 930.50,
    "salesGrowthYoY" : 165.02,
    "grossProfitMargin" : 80.56,
    "grossProfit" : 749.61,
    "operatingProfitMargin" : 47.53,
    "operatingProfit" : 442.27,
    "netProfitMargin" : 38.71,
    "netProfit" : 360.20
  }, {
    "date" : "2023-12-31",
    "sales" : 625.30,
    "salesGrowthYoY" : 51.40,
    "grossProfitMargin" : 82.30,
    "grossProfit" : 514.62,
    "operatingProfitMargin" : 38.11,
    "operatingProfit" : 238.30,
    "netProfitMargin" : 30.71,
    "netProfit" : 192.03
  }, {
    "date" : "2024-03-31",
    "sales" : 964.80,
    "salesGrowthYoY" : 23.50,
    "grossProfitMargin" : 89.02,
    "grossProfit" : 858.86,
    "operatingProfitMargin" : 46.92,
    "operatingProfit" : 452.68,
    "netProfitMargin" : 36.18,
    "netProfit" : 349.06
  }, {
    "date" : "2024-06-30",
    "sales" : 1236.90,
    "salesGrowthYoY" : 17.99,
    "grossProfitMargin" : 88.23,
    "grossProfit" : 1091.32,
    "operatingProfitMargin" : 61.69,
    "operatingProfit" : 763.04,
    "netProfitMargin" : 51.44,
    "netProfit" : 636.26
  }, {
    "date" : "2024-09-30",
    "sales" : 1292.60,
    "salesGrowthYoY" : 38.91,
    "grossProfitMargin" : 87.95,
    "grossProfit" : 1136.84,
    "operatingProfitMargin" : 61.17,
    "operatingProfit" : 790.68,
    "netProfitMargin" : 51.14,
    "netProfit" : 661.04
  }, {
    "date" : "2024-12-31",
    "sales" : 407.60,
    "salesGrowthYoY" : -34.82,
    "grossProfitMargin" : 82.75,
    "grossProfit" : 337.29,
    "operatingProfitMargin" : 7.21,
    "operatingProfit" : 29.39,
    "netProfitMargin" : 30.64,
    "netProfit" : 124.89
  }, {
    "date" : "2025-03-31",
    "sales" : 1157.40,
    "salesGrowthYoY" : 19.96,
    "grossProfitMargin" : 80.85,
    "grossProfit" : 935.76,
    "operatingProfitMargin" : 48.49,
    "operatingProfit" : 561.22,
    "netProfitMargin" : 36.99,
    "netProfit" : 428.12
  }, {
    "date" : "2025-06-30",
    "sales" : 1192.70,
    "salesGrowthYoY" : -3.57,
    "grossProfitMargin" : 84.60,
    "grossProfit" : 1009.02,
    "operatingProfitMargin" : 45.25,
    "operatingProfit" : 539.70,
    "netProfitMargin" : 38.91,
    "netProfit" : 464.08
  }, {
    "date" : "2025-09-30",
    "sales" : 1264.30,
    "salesGrowthYoY" : -2.19,
    "grossProfitMargin" : 87.78,
    "grossProfit" : 1109.80,
    "operatingProfitMargin" : 43.70,
    "operatingProfit" : 552.50,
    "netProfitMargin" : 39.62,
    "netProfit" : 500.92
  }, {
    "date" : "2025-12-31",
    "sales" : 528.80,
    "salesGrowthYoY" : 29.74,
    "grossProfitMargin" : 78.88,
    "grossProfit" : 417.12,
    "operatingProfitMargin" : 22.75,
    "operatingProfit" : 120.30,
    "netProfitMargin" : 20.22,
    "netProfit" : 106.92
  } ],
  "latestQuarterlyResult" : {
    "date" : "2025-12-31",
    "sales" : 528.80,
    "salesGrowthYoY" : 29.74,
    "grossProfitMargin" : 78.88,
    "grossProfit" : 417.12,
    "operatingProfitMargin" : 22.75,
    "operatingProfit" : 120.30,
    "netProfitMargin" : 20.22,
    "netProfit" : 106.92
  },
  "companyScore" : {
    "priceHigherThanDma50" : 5.00,
    "priceHigherThanDma100" : 5.00,
    "priceHigherThanDma200" : 0.00,
    "dma50HigherThanDma100" : 5.00,
    "dma50HigherThanDma200" : 0.00,
    "dma100HigherThanDma200" : 0.00,
    "pricePercentageAboveDma50" : 4.85,
    "pricePercentageAboveDma100" : 4.83,
    "pricePercentageAboveDma200" : 5.09,
    "weeklyVolumeHigherThanYearlyVolume" : 5.00,
    "salesGrowthPercentile" : 15.00,
    "operatingProfitMarginPercentile" : 13.58,
    "netProfitMarginPercentile" : 6.62,
    "totalTechnicalScore" : 34.77,
    "totalFundamentalScore" : 35.19,
    "totalScore" : 69.97
  }
}