{
  "metadata" : {
    "screenerCompanyId" : "2230",
    "companyCode" : "NELCAST",
    "companyName" : "Nelcast",
    "screenerCompanyLink" : "https://www.screener.in/company/NELCAST/consolidated/",
    "screenerTechnicalHistoryLink" : "https://www.screener.in/api/company/2230/chart/?q=Price-DMA50-DMA200-Volume&days=365",
    "screenerQuarterlyResultsLink" : "https://www.screener.in/api/company/2230/chart/?q=GPM-OPM-NPM-Quarter+Sales&days=10000",
    "attributes" : {
      "companyCode" : "NELCAST",
      "companyName" : "Nelcast",
      "marketCap" : 1036.00,
      "peRatio" : 22.20,
      "description" : "Incorporated in 1982, Nelcast Ltd is in the business of manufacturing Iron Castings[1]"
    },
    "companyScore" : {
      "priceHigherThanDma50" : 5.00,
      "priceHigherThanDma100" : 5.00,
      "priceHigherThanDma200" : 5.00,
      "dma50HigherThanDma100" : 0.00,
      "dma50HigherThanDma200" : 0.00,
      "dma100HigherThanDma200" : 0.00,
      "pricePercentageAboveDma50" : 4.47,
      "pricePercentageAboveDma100" : 4.62,
      "pricePercentageAboveDma200" : 4.95,
      "weeklyVolumeHigherThanYearlyVolume" : 5.00,
      "salesGrowthPercentile" : 12.00,
      "operatingProfitMarginPercentile" : 15.21,
      "netProfitMarginPercentile" : 6.33,
      "totalTechnicalScore" : 34.03,
      "totalFundamentalScore" : 33.54,
      "totalScore" : 67.57
    }
  },
  "attributes" : {
    "companyCode" : "NELCAST",
    "companyName" : "Nelcast",
    "marketCap" : 1036.00,
    "peRatio" : 22.20,
    "description" : "Incorporated in 1982, Nelcast Ltd is in the business of manufacturing Iron Castings[1]"
  },
  "technicalHistory" : [ {
    "date" : "2025-02-17",
    "price" : 106.34,
    "dma50" : 113.52,
    "dma100" : null,
    "dma200" : 127.01,
    "volume" : 77688.00
  }, {
    "date" : "2025-02-18",
    "price" : 102.59,
    "dma50" : 113.10,
    "dma100" : null,
    "dma200" : 126.77,
    "volume" : 52827.00
  }, {
    "date" : "2025-02-19",
    "price" : 105.74,
    "dma50" : 112.81,
    "dma100" : null,
    "dma200" : 126.56,
    "volume" : 52383.00
  }, {
    "date" : "2025-02-20",
    "price" : 105.15,
    "dma50" : 112.51,
    "dma100" : null,
    "dma200" : 126.34,
    "volume" : 31999.00
  }, {
    "date" : "2025-02-21",
    "price" : 105.80,
    "dma50" : 112.24,
    "dma100" : null,
    "dma200" : 126.14,
    "volume" : 26339.00
  }, {
    "date" : "2025-02-24",
    "price" : 107.10,
    "dma50" : 112.04,
    "dma100" : null,
    "dma200" : 125.95,
    "volume" : 14969.00
  }, {
    "date" : "2025-02-25",
    "price" : 104.01,
    "dma50" : 111.73,
    "dma100" : null,
    "dma200" : 125.73,
    "volume" : 23692.00
  }, {
    "date" : "2025-02-27",
    "price" : 101.76,
    "dma50" : 111.34,
    "dma100" : null,
    "dma200" : 125.49,
    "volume" : 16985.00
  }, {
    "date" : "2025-02-28",
    "price" : 95.46,
    "dma50" : 110.71,
    "dma100" : null,
    "dma200" : 125.19,
    "volume" : 130495.00
  }, {
    "date" : "2025-03-03",
    "price" : 87.36,
    "dma50" : 109.80,
    "dma100" : null,
    "dma200" : 124.82,
    "volume" : 228744.00
  }, {
    "date" : "2025-03-04",
    "price" : 87.04,
    "dma50" : 108.90,
    "dma100" : null,
    "dma200" : 124.44,
    "volume" : 69111.00
  }, {
    "date" : "2025-03-05",
    "price" : 91.97,
    "dma50" : 108.24,
    "dma100" : null,
    "dma200" : 124.12,
    "volume" : 65161.00
  }, {
    "date" : "2025-03-06",
    "price" : 92.24,
    "dma50" : 107.61,
    "dma100" : null,
    "dma200" : 123.80,
    "volume" : 47957.00
  }, {
    "date" : "2025-03-07",
    "price" : 91.10,
    "dma50" : 106.97,
    "dma100" : null,
    "dma200" : 123.48,
    "volume" : 101286.00
  }, {
    "date" : "2025-03-10",
    "price" : 85.92,
    "dma50" : 106.14,
    "dma100" : null,
    "dma200" : 123.10,
    "volume" : 148346.00
  }, {
    "date" : "2025-03-11",
    "price" : 83.40,
    "dma50" : 105.25,
    "dma100" : null,
    "dma200" : 122.71,
    "volume" : 126875.00
  }, {
    "date" : "2025-03-12",
    "price" : 81.25,
    "dma50" : 104.31,
    "dma100" : null,
    "dma200" : 122.29,
    "volume" : 130352.00
  }, {
    "date" : "2025-03-13",
    "price" : 80.39,
    "dma50" : 103.37,
    "dma100" : null,
    "dma200" : 121.88,
    "volume" : 86399.00
  }, {
    "date" : "2025-03-17",
    "price" : 79.37,
    "dma50" : 102.43,
    "dma100" : null,
    "dma200" : 121.45,
    "volume" : 132335.00
  }, {
    "date" : "2025-03-18",
    "price" : 80.55,
    "dma50" : 101.57,
    "dma100" : null,
    "dma200" : 121.05,
    "volume" : 146551.00
  }, {
    "date" : "2025-03-19",
    "price" : 91.80,
    "dma50" : 101.19,
    "dma100" : null,
    "dma200" : 120.76,
    "volume" : 828094.00
  }, {
    "date" : "2025-03-20",
    "price" : 90.25,
    "dma50" : 100.76,
    "dma100" : null,
    "dma200" : 120.45,
    "volume" : 281441.00
  }, {
    "date" : "2025-03-21",
    "price" : 92.25,
    "dma50" : 100.42,
    "dma100" : null,
    "dma200" : 120.17,
    "volume" : 217580.00
  }, {
    "date" : "2025-03-24",
    "price" : 92.00,
    "dma50" : 100.09,
    "dma100" : null,
    "dma200" : 119.89,
    "volume" : 165284.00
  }, {
    "date" : "2025-03-25",
    "price" : 88.93,
    "dma50" : 99.66,
    "dma100" : null,
    "dma200" : 119.58,
    "volume" : 143943.00
  }, {
    "date" : "2025-03-26",
    "price" : 85.26,
    "dma50" : 99.09,
    "dma100" : null,
    "dma200" : 119.24,
    "volume" : 153887.00
  }, {
    "date" : "2025-03-27",
    "price" : 83.64,
    "dma50" : 98.49,
    "dma100" : null,
    "dma200" : 118.89,
    "volume" : 355528.00
  }, {
    "date" : "2025-03-28",
    "price" : 82.99,
    "dma50" : 97.88,
    "dma100" : null,
    "dma200" : 118.53,
    "volume" : 157642.00
  }, {
    "date" : "2025-04-01",
    "price" : 88.03,
    "dma50" : 97.49,
    "dma100" : null,
    "dma200" : 118.23,
    "volume" : 99973.00
  }, {
    "date" : "2025-04-02",
    "price" : 88.78,
    "dma50" : 97.15,
    "dma100" : null,
    "dma200" : 117.93,
    "volume" : 57784.00
  }, {
    "date" : "2025-04-03",
    "price" : 91.43,
    "dma50" : 96.93,
    "dma100" : null,
    "dma200" : 117.67,
    "volume" : 100646.00
  }, {
    "date" : "2025-04-04",
    "price" : 87.99,
    "dma50" : 96.58,
    "dma100" : null,
    "dma200" : 117.38,
    "volume" : 83141.00
  }, {
    "date" : "2025-04-07",
    "price" : 83.69,
    "dma50" : 96.07,
    "dma100" : null,
    "dma200" : 117.04,
    "volume" : 112969.00
  }, {
    "date" : "2025-04-08",
    "price" : 85.57,
    "dma50" : 95.66,
    "dma100" : null,
    "dma200" : 116.73,
    "volume" : 30369.00
  }, {
    "date" : "2025-04-09",
    "price" : 85.63,
    "dma50" : 95.27,
    "dma100" : null,
    "dma200" : 116.42,
    "volume" : 24721.00
  }, {
    "date" : "2025-04-11",
    "price" : 86.36,
    "dma50" : 94.92,
    "dma100" : null,
    "dma200" : 116.12,
    "volume" : 27547.00
  }, {
    "date" : "2025-04-15",
    "price" : 88.60,
    "dma50" : 94.67,
    "dma100" : null,
    "dma200" : 115.84,
    "volume" : 37218.00
  }, {
    "date" : "2025-04-16",
    "price" : 89.98,
    "dma50" : 94.48,
    "dma100" : null,
    "dma200" : 115.59,
    "volume" : 60244.00
  }, {
    "date" : "2025-04-17",
    "price" : 91.36,
    "dma50" : 94.36,
    "dma100" : null,
    "dma200" : 115.35,
    "volume" : 55638.00
  }, {
    "date" : "2025-04-21",
    "price" : 92.07,
    "dma50" : 94.27,
    "dma100" : null,
    "dma200" : 115.11,
    "volume" : 37974.00
  }, {
    "date" : "2025-04-22",
    "price" : 94.73,
    "dma50" : 94.29,
    "dma100" : null,
    "dma200" : 114.91,
    "volume" : 94089.00
  }, {
    "date" : "2025-04-23",
    "price" : 93.38,
    "dma50" : 94.25,
    "dma100" : null,
    "dma200" : 114.70,
    "volume" : 55351.00
  }, {
    "date" : "2025-04-24",
    "price" : 92.93,
    "dma50" : 94.20,
    "dma100" : null,
    "dma200" : 114.48,
    "volume" : 28084.00
  }, {
    "date" : "2025-04-25",
    "price" : 88.51,
    "dma50" : 93.98,
    "dma100" : null,
    "dma200" : 114.22,
    "volume" : 58887.00
  }, {
    "date" : "2025-04-28",
    "price" : 87.71,
    "dma50" : 93.73,
    "dma100" : null,
    "dma200" : 113.96,
    "volume" : 19303.00
  }, {
    "date" : "2025-04-29",
    "price" : 89.05,
    "dma50" : 93.55,
    "dma100" : null,
    "dma200" : 113.71,
    "volume" : 30450.00
  }, {
    "date" : "2025-04-30",
    "price" : 86.88,
    "dma50" : 93.29,
    "dma100" : null,
    "dma200" : 113.44,
    "volume" : 21322.00
  }, {
    "date" : "2025-05-02",
    "price" : 86.23,
    "dma50" : 93.01,
    "dma100" : null,
    "dma200" : 113.17,
    "volume" : 26606.00
  }, {
    "date" : "2025-05-05",
    "price" : 87.55,
    "dma50" : 92.80,
    "dma100" : null,
    "dma200" : 112.92,
    "volume" : 30238.00
  }, {
    "date" : "2025-05-06",
    "price" : 85.95,
    "dma50" : 92.53,
    "dma100" : null,
    "dma200" : 112.65,
    "volume" : 19705.00
  }, {
    "date" : "2025-05-07",
    "price" : 84.81,
    "dma50" : 92.23,
    "dma100" : null,
    "dma200" : 112.37,
    "volume" : 35288.00
  }, {
    "date" : "2025-05-08",
    "price" : 84.49,
    "dma50" : 91.92,
    "dma100" : null,
    "dma200" : 112.10,
    "volume" : 25564.00
  }, {
    "date" : "2025-05-09",
    "price" : 82.81,
    "dma50" : 91.57,
    "dma100" : null,
    "dma200" : 111.80,
    "volume" : 58111.00
  }, {
    "date" : "2025-05-12",
    "price" : 89.99,
    "dma50" : 91.50,
    "dma100" : null,
    "dma200" : 111.59,
    "volume" : 111260.00
  }, {
    "date" : "2025-05-13",
    "price" : 100.28,
    "dma50" : 91.85,
    "dma100" : null,
    "dma200" : 111.47,
    "volume" : 184752.00
  }, {
    "date" : "2025-05-14",
    "price" : 105.24,
    "dma50" : 92.37,
    "dma100" : null,
    "dma200" : 111.41,
    "volume" : 423533.00
  }, {
    "date" : "2025-05-15",
    "price" : 126.28,
    "dma50" : 93.70,
    "dma100" : null,
    "dma200" : 111.56,
    "volume" : 432472.00
  }, {
    "date" : "2025-05-16",
    "price" : 129.45,
    "dma50" : 95.10,
    "dma100" : null,
    "dma200" : 111.74,
    "volume" : 863654.00
  }, {
    "date" : "2025-05-19",
    "price" : 121.89,
    "dma50" : 96.15,
    "dma100" : null,
    "dma200" : 111.84,
    "volume" : 176130.00
  }, {
    "date" : "2025-05-20",
    "price" : 120.73,
    "dma50" : 97.12,
    "dma100" : null,
    "dma200" : 111.93,
    "volume" : 57580.00
  }, {
    "date" : "2025-05-21",
    "price" : 118.56,
    "dma50" : 97.96,
    "dma100" : null,
    "dma200" : 111.99,
    "volume" : 90575.00
  }, {
    "date" : "2025-05-22",
    "price" : 130.41,
    "dma50" : 99.23,
    "dma100" : null,
    "dma200" : 112.18,
    "volume" : 191336.00
  }, {
    "date" : "2025-05-23",
    "price" : 136.90,
    "dma50" : 100.71,
    "dma100" : null,
    "dma200" : 112.42,
    "volume" : 603869.00
  }, {
    "date" : "2025-05-26",
    "price" : 140.78,
    "dma50" : 102.28,
    "dma100" : null,
    "dma200" : 112.71,
    "volume" : 286056.00
  }, {
    "date" : "2025-05-27",
    "price" : 135.34,
    "dma50" : 103.58,
    "dma100" : null,
    "dma200" : 112.93,
    "volume" : 207028.00
  }, {
    "date" : "2025-05-28",
    "price" : 134.31,
    "dma50" : 104.78,
    "dma100" : null,
    "dma200" : 113.14,
    "volume" : 77766.00
  }, {
    "date" : "2025-05-29",
    "price" : 138.29,
    "dma50" : 106.10,
    "dma100" : null,
    "dma200" : 113.39,
    "volume" : 234182.00
  }, {
    "date" : "2025-05-30",
    "price" : 136.71,
    "dma50" : 107.30,
    "dma100" : null,
    "dma200" : 113.63,
    "volume" : 60849.00
  }, {
    "date" : "2025-06-02",
    "price" : 134.95,
    "dma50" : 108.38,
    "dma100" : null,
    "dma200" : 113.84,
    "volume" : 88811.00
  }, {
    "date" : "2025-06-03",
    "price" : 129.93,
    "dma50" : 109.23,
    "dma100" : null,
    "dma200" : 114.00,
    "volume" : 140870.00
  }, {
    "date" : "2025-06-04",
    "price" : 129.36,
    "dma50" : 110.02,
    "dma100" : null,
    "dma200" : 114.15,
    "volume" : 162306.00
  }, {
    "date" : "2025-06-05",
    "price" : 129.69,
    "dma50" : 110.79,
    "dma100" : null,
    "dma200" : 114.31,
    "volume" : 56420.00
  }, {
    "date" : "2025-06-06",
    "price" : 134.12,
    "dma50" : 111.70,
    "dma100" : null,
    "dma200" : 114.50,
    "volume" : 200655.00
  }, {
    "date" : "2025-06-09",
    "price" : 132.26,
    "dma50" : 112.51,
    "dma100" : null,
    "dma200" : 114.68,
    "volume" : 73198.00
  }, {
    "date" : "2025-06-10",
    "price" : 130.32,
    "dma50" : 113.21,
    "dma100" : null,
    "dma200" : 114.83,
    "volume" : 66963.00
  }, {
    "date" : "2025-06-11",
    "price" : 131.66,
    "dma50" : 113.93,
    "dma100" : null,
    "dma200" : 115.00,
    "volume" : 58417.00
  }, {
    "date" : "2025-06-12",
    "price" : 137.06,
    "dma50" : 114.84,
    "dma100" : null,
    "dma200" : 115.22,
    "volume" : 307519.00
  }, {
    "date" : "2025-06-13",
    "price" : 128.77,
    "dma50" : 115.38,
    "dma100" : null,
    "dma200" : 115.36,
    "volume" : 229590.00
  }, {
    "date" : "2025-06-16",
    "price" : 138.00,
    "dma50" : 116.27,
    "dma100" : null,
    "dma200" : 115.58,
    "volume" : 1184011.00
  }, {
    "date" : "2025-06-17",
    "price" : 145.76,
    "dma50" : 117.43,
    "dma100" : null,
    "dma200" : 115.88,
    "volume" : 1148983.00
  }, {
    "date" : "2025-06-18",
    "price" : 138.27,
    "dma50" : 118.24,
    "dma100" : null,
    "dma200" : 116.10,
    "volume" : 871581.00
  }, {
    "date" : "2025-06-19",
    "price" : 139.41,
    "dma50" : 119.07,
    "dma100" : null,
    "dma200" : 116.34,
    "volume" : 275112.00
  }, {
    "date" : "2025-06-20",
    "price" : 140.81,
    "dma50" : 119.93,
    "dma100" : null,
    "dma200" : 116.58,
    "volume" : 167244.00
  }, {
    "date" : "2025-06-23",
    "price" : 136.31,
    "dma50" : 120.57,
    "dma100" : null,
    "dma200" : 116.78,
    "volume" : 130146.00
  }, {
    "date" : "2025-06-24",
    "price" : 136.70,
    "dma50" : 121.20,
    "dma100" : null,
    "dma200" : 116.97,
    "volume" : 125214.00
  }, {
    "date" : "2025-06-25",
    "price" : 138.40,
    "dma50" : 121.88,
    "dma100" : null,
    "dma200" : 117.19,
    "volume" : 129554.00
  }, {
    "date" : "2025-06-26",
    "price" : 148.11,
    "dma50" : 122.91,
    "dma100" : null,
    "dma200" : 117.50,
    "volume" : 1351100.00
  }, {
    "date" : "2025-06-27",
    "price" : 144.72,
    "dma50" : 123.76,
    "dma100" : null,
    "dma200" : 117.77,
    "volume" : 620249.00
  }, {
    "date" : "2025-06-30",
    "price" : 148.44,
    "dma50" : 124.73,
    "dma100" : null,
    "dma200" : 118.07,
    "volume" : 384133.00
  }, {
    "date" : "2025-07-01",
    "price" : 146.70,
    "dma50" : 125.59,
    "dma100" : null,
    "dma200" : 118.36,
    "volume" : 179556.00
  }, {
    "date" : "2025-07-02",
    "price" : 148.22,
    "dma50" : 126.48,
    "dma100" : null,
    "dma200" : 118.65,
    "volume" : 204311.00
  }, {
    "date" : "2025-07-03",
    "price" : 148.12,
    "dma50" : 127.33,
    "dma100" : null,
    "dma200" : 118.95,
    "volume" : 354980.00
  }, {
    "date" : "2025-07-04",
    "price" : 147.32,
    "dma50" : 128.11,
    "dma100" : null,
    "dma200" : 119.23,
    "volume" : 91604.00
  }, {
    "date" : "2025-07-07",
    "price" : 141.16,
    "dma50" : 128.62,
    "dma100" : null,
    "dma200" : 119.45,
    "volume" : 162180.00
  }, {
    "date" : "2025-07-08",
    "price" : 141.29,
    "dma50" : 129.12,
    "dma100" : null,
    "dma200" : 119.66,
    "volume" : 174380.00
  }, {
    "date" : "2025-07-09",
    "price" : 141.10,
    "dma50" : 129.59,
    "dma100" : null,
    "dma200" : 119.88,
    "volume" : 105011.00
  }, {
    "date" : "2025-07-10",
    "price" : 142.66,
    "dma50" : 130.10,
    "dma100" : null,
    "dma200" : 120.10,
    "volume" : 95114.00
  }, {
    "date" : "2025-07-11",
    "price" : 139.17,
    "dma50" : 130.46,
    "dma100" : null,
    "dma200" : 120.29,
    "volume" : 78157.00
  }, {
    "date" : "2025-07-14",
    "price" : 137.37,
    "dma50" : 130.73,
    "dma100" : null,
    "dma200" : 120.46,
    "volume" : 93665.00
  }, {
    "date" : "2025-07-15",
    "price" : 140.35,
    "dma50" : 131.11,
    "dma100" : null,
    "dma200" : 120.66,
    "volume" : 62050.00
  }, {
    "date" : "2025-07-16",
    "price" : 143.55,
    "dma50" : 131.59,
    "dma100" : 111.35,
    "dma200" : 120.89,
    "volume" : 123455.00
  }, {
    "date" : "2025-07-17",
    "price" : 141.74,
    "dma50" : 131.99,
    "dma100" : 111.74,
    "dma200" : 121.10,
    "volume" : 74362.00
  }, {
    "date" : "2025-07-18",
    "price" : 148.02,
    "dma50" : 132.62,
    "dma100" : 112.16,
    "dma200" : 121.37,
    "volume" : 332341.00
  }, {
    "date" : "2025-07-21",
    "price" : 152.70,
    "dma50" : 133.41,
    "dma100" : 112.64,
    "dma200" : 121.68,
    "volume" : 493065.00
  }, {
    "date" : "2025-07-22",
    "price" : 166.03,
    "dma50" : 134.69,
    "dma100" : 113.24,
    "dma200" : 122.12,
    "volume" : 2280245.00
  }, {
    "date" : "2025-07-23",
    "price" : 165.05,
    "dma50" : 135.88,
    "dma100" : 113.82,
    "dma200" : 122.55,
    "volume" : 573180.00
  }, {
    "date" : "2025-07-24",
    "price" : 162.31,
    "dma50" : 136.91,
    "dma100" : 114.41,
    "dma200" : 122.94,
    "volume" : 569717.00
  }, {
    "date" : "2025-07-25",
    "price" : 158.07,
    "dma50" : 137.74,
    "dma100" : 114.97,
    "dma200" : 123.29,
    "volume" : 841475.00
  }, {
    "date" : "2025-07-28",
    "price" : 156.01,
    "dma50" : 138.46,
    "dma100" : 115.57,
    "dma200" : 123.62,
    "volume" : 163230.00
  }, {
    "date" : "2025-07-29",
    "price" : 161.60,
    "dma50" : 139.37,
    "dma100" : 116.32,
    "dma200" : 123.99,
    "volume" : 295030.00
  }, {
    "date" : "2025-07-30",
    "price" : 164.04,
    "dma50" : 140.34,
    "dma100" : 117.09,
    "dma200" : 124.39,
    "volume" : 369370.00
  }, {
    "date" : "2025-07-31",
    "price" : 157.08,
    "dma50" : 140.99,
    "dma100" : 117.74,
    "dma200" : 124.72,
    "volume" : 418656.00
  }, {
    "date" : "2025-08-01",
    "price" : 168.98,
    "dma50" : 142.09,
    "dma100" : 118.50,
    "dma200" : 125.16,
    "volume" : 15860485.00
  }, {
    "date" : "2025-08-04",
    "price" : 174.05,
    "dma50" : 143.34,
    "dma100" : 119.33,
    "dma200" : 125.64,
    "volume" : 2255102.00
  }, {
    "date" : "2025-08-05",
    "price" : 170.70,
    "dma50" : 144.42,
    "dma100" : 120.18,
    "dma200" : 126.09,
    "volume" : 440978.00
  }, {
    "date" : "2025-08-06",
    "price" : 168.95,
    "dma50" : 145.38,
    "dma100" : 121.04,
    "dma200" : 126.52,
    "volume" : 343237.00
  }, {
    "date" : "2025-08-07",
    "price" : 173.90,
    "dma50" : 146.50,
    "dma100" : 121.96,
    "dma200" : 126.99,
    "volume" : 541180.00
  }, {
    "date" : "2025-08-08",
    "price" : 171.81,
    "dma50" : 147.49,
    "dma100" : 122.88,
    "dma200" : 127.44,
    "volume" : 311573.00
  }, {
    "date" : "2025-08-11",
    "price" : 171.51,
    "dma50" : 148.43,
    "dma100" : 123.80,
    "dma200" : 127.88,
    "volume" : 205815.00
  }, {
    "date" : "2025-08-12",
    "price" : 166.93,
    "dma50" : 149.16,
    "dma100" : 124.66,
    "dma200" : 128.26,
    "volume" : 223823.00
  }, {
    "date" : "2025-08-13",
    "price" : 168.22,
    "dma50" : 149.90,
    "dma100" : 125.43,
    "dma200" : 128.66,
    "volume" : 138258.00
  }, {
    "date" : "2025-08-14",
    "price" : 160.97,
    "dma50" : 150.34,
    "dma100" : 126.13,
    "dma200" : 128.98,
    "volume" : 618416.00
  }, {
    "date" : "2025-08-18",
    "price" : 162.25,
    "dma50" : 150.80,
    "dma100" : 126.83,
    "dma200" : 129.31,
    "volume" : 166326.00
  }, {
    "date" : "2025-08-19",
    "price" : 167.46,
    "dma50" : 151.46,
    "dma100" : 127.59,
    "dma200" : 129.69,
    "volume" : 182449.00
  }, {
    "date" : "2025-08-20",
    "price" : 163.06,
    "dma50" : 151.91,
    "dma100" : 128.33,
    "dma200" : 130.03,
    "volume" : 184071.00
  }, {
    "date" : "2025-08-21",
    "price" : 162.94,
    "dma50" : 152.35,
    "dma100" : 129.11,
    "dma200" : 130.35,
    "volume" : 263931.00
  }, {
    "date" : "2025-08-22",
    "price" : 163.87,
    "dma50" : 152.80,
    "dma100" : 129.91,
    "dma200" : 130.69,
    "volume" : 93710.00
  }, {
    "date" : "2025-08-25",
    "price" : 162.96,
    "dma50" : 153.20,
    "dma100" : 130.71,
    "dma200" : 131.01,
    "volume" : 138644.00
  }, {
    "date" : "2025-08-26",
    "price" : 158.32,
    "dma50" : 153.40,
    "dma100" : 131.41,
    "dma200" : 131.28,
    "volume" : 103491.00
  }, {
    "date" : "2025-08-28",
    "price" : 151.09,
    "dma50" : 153.31,
    "dma100" : 132.04,
    "dma200" : 131.48,
    "volume" : 136839.00
  }, {
    "date" : "2025-08-29",
    "price" : 147.01,
    "dma50" : 153.06,
    "dma100" : 132.59,
    "dma200" : 131.63,
    "volume" : 262407.00
  }, {
    "date" : "2025-09-01",
    "price" : 147.47,
    "dma50" : 152.84,
    "dma100" : 133.19,
    "dma200" : 131.79,
    "volume" : 69651.00
  }, {
    "date" : "2025-09-02",
    "price" : 149.85,
    "dma50" : 152.72,
    "dma100" : 133.85,
    "dma200" : 131.97,
    "volume" : 96110.00
  }, {
    "date" : "2025-09-03",
    "price" : 152.04,
    "dma50" : 152.70,
    "dma100" : 134.51,
    "dma200" : 132.17,
    "volume" : 59687.00
  }, {
    "date" : "2025-09-04",
    "price" : 147.50,
    "dma50" : 152.49,
    "dma100" : 135.13,
    "dma200" : 132.32,
    "volume" : 115431.00
  }, {
    "date" : "2025-09-05",
    "price" : 145.86,
    "dma50" : 152.23,
    "dma100" : 135.73,
    "dma200" : 132.46,
    "volume" : 116112.00
  }, {
    "date" : "2025-09-08",
    "price" : 146.06,
    "dma50" : 151.99,
    "dma100" : 136.30,
    "dma200" : 132.59,
    "volume" : 84820.00
  }, {
    "date" : "2025-09-09",
    "price" : 144.62,
    "dma50" : 151.70,
    "dma100" : 136.85,
    "dma200" : 132.71,
    "volume" : 92319.00
  }, {
    "date" : "2025-09-10",
    "price" : 145.88,
    "dma50" : 151.47,
    "dma100" : 137.39,
    "dma200" : 132.84,
    "volume" : 100252.00
  }, {
    "date" : "2025-09-11",
    "price" : 145.77,
    "dma50" : 151.25,
    "dma100" : 137.93,
    "dma200" : 132.97,
    "volume" : 65898.00
  }, {
    "date" : "2025-09-12",
    "price" : 147.07,
    "dma50" : 151.09,
    "dma100" : 138.45,
    "dma200" : 133.11,
    "volume" : 49514.00
  }, {
    "date" : "2025-09-15",
    "price" : 145.25,
    "dma50" : 150.86,
    "dma100" : 138.97,
    "dma200" : 133.23,
    "volume" : 112491.00
  }, {
    "date" : "2025-09-16",
    "price" : 145.61,
    "dma50" : 150.65,
    "dma100" : 139.50,
    "dma200" : 133.35,
    "volume" : 36105.00
  }, {
    "date" : "2025-09-17",
    "price" : 145.77,
    "dma50" : 150.46,
    "dma100" : 140.07,
    "dma200" : 133.48,
    "volume" : 88390.00
  }, {
    "date" : "2025-09-18",
    "price" : 146.41,
    "dma50" : 150.30,
    "dma100" : 140.66,
    "dma200" : 133.61,
    "volume" : 57754.00
  }, {
    "date" : "2025-09-19",
    "price" : 145.77,
    "dma50" : 150.12,
    "dma100" : 141.23,
    "dma200" : 133.73,
    "volume" : 58696.00
  }, {
    "date" : "2025-09-22",
    "price" : 145.27,
    "dma50" : 149.93,
    "dma100" : 141.81,
    "dma200" : 133.84,
    "volume" : 125935.00
  }, {
    "date" : "2025-09-23",
    "price" : 144.07,
    "dma50" : 149.70,
    "dma100" : 142.39,
    "dma200" : 133.94,
    "volume" : 73375.00
  }, {
    "date" : "2025-09-24",
    "price" : 145.50,
    "dma50" : 149.54,
    "dma100" : 142.97,
    "dma200" : 134.06,
    "volume" : 42117.00
  }, {
    "date" : "2025-09-25",
    "price" : 143.95,
    "dma50" : 149.32,
    "dma100" : 143.55,
    "dma200" : 134.16,
    "volume" : 63493.00
  }, {
    "date" : "2025-09-26",
    "price" : 138.30,
    "dma50" : 148.89,
    "dma100" : 144.08,
    "dma200" : 134.20,
    "volume" : 182987.00
  }, {
    "date" : "2025-09-29",
    "price" : 128.21,
    "dma50" : 148.08,
    "dma100" : 144.52,
    "dma200" : 134.14,
    "volume" : 279848.00
  }, {
    "date" : "2025-09-30",
    "price" : 125.29,
    "dma50" : 147.18,
    "dma100" : 144.94,
    "dma200" : 134.05,
    "volume" : 76873.00
  }, {
    "date" : "2025-10-01",
    "price" : 128.63,
    "dma50" : 146.45,
    "dma100" : 145.33,
    "dma200" : 134.00,
    "volume" : 104103.00
  }, {
    "date" : "2025-10-03",
    "price" : 128.45,
    "dma50" : 145.75,
    "dma100" : 145.61,
    "dma200" : 133.94,
    "volume" : 66611.00
  }, {
    "date" : "2025-10-06",
    "price" : 123.29,
    "dma50" : 144.87,
    "dma100" : 145.79,
    "dma200" : 133.84,
    "volume" : 125338.00
  }, {
    "date" : "2025-10-07",
    "price" : 125.75,
    "dma50" : 144.12,
    "dma100" : 145.79,
    "dma200" : 133.76,
    "volume" : 110490.00
  }, {
    "date" : "2025-10-08",
    "price" : 121.10,
    "dma50" : 143.22,
    "dma100" : 145.70,
    "dma200" : 133.63,
    "volume" : 154308.00
  }, {
    "date" : "2025-10-09",
    "price" : 111.07,
    "dma50" : 141.95,
    "dma100" : 145.60,
    "dma200" : 133.41,
    "volume" : 458471.00
  }, {
    "date" : "2025-10-10",
    "price" : 113.55,
    "dma50" : 140.84,
    "dma100" : 145.52,
    "dma200" : 133.21,
    "volume" : 135017.00
  }, {
    "date" : "2025-10-13",
    "price" : 109.81,
    "dma50" : 139.62,
    "dma100" : 145.44,
    "dma200" : 132.98,
    "volume" : 130495.00
  }, {
    "date" : "2025-10-14",
    "price" : 109.79,
    "dma50" : 138.45,
    "dma100" : 145.23,
    "dma200" : 132.74,
    "volume" : 92155.00
  }, {
    "date" : "2025-10-15",
    "price" : 107.39,
    "dma50" : 137.24,
    "dma100" : 144.93,
    "dma200" : 132.49,
    "volume" : 109459.00
  }, {
    "date" : "2025-10-16",
    "price" : 124.13,
    "dma50" : 136.72,
    "dma100" : 144.77,
    "dma200" : 132.41,
    "volume" : 813559.00
  }, {
    "date" : "2025-10-17",
    "price" : 118.24,
    "dma50" : 136.00,
    "dma100" : 144.60,
    "dma200" : 132.27,
    "volume" : 373872.00
  }, {
    "date" : "2025-10-20",
    "price" : 119.50,
    "dma50" : 135.35,
    "dma100" : 144.45,
    "dma200" : 132.14,
    "volume" : 157652.00
  }, {
    "date" : "2025-10-21",
    "price" : 118.91,
    "dma50" : 134.71,
    "dma100" : 144.26,
    "dma200" : 132.01,
    "volume" : 25866.00
  }, {
    "date" : "2025-10-23",
    "price" : 119.43,
    "dma50" : 134.11,
    "dma100" : 144.08,
    "dma200" : 131.88,
    "volume" : 105314.00
  }, {
    "date" : "2025-10-24",
    "price" : 119.72,
    "dma50" : 133.54,
    "dma100" : 143.93,
    "dma200" : 131.76,
    "volume" : 75924.00
  }, {
    "date" : "2025-10-27",
    "price" : 124.47,
    "dma50" : 133.19,
    "dma100" : 143.88,
    "dma200" : 131.69,
    "volume" : 513219.00
  }, {
    "date" : "2025-10-28",
    "price" : 127.93,
    "dma50" : 132.98,
    "dma100" : 143.86,
    "dma200" : 131.65,
    "volume" : 211568.00
  }, {
    "date" : "2025-10-29",
    "price" : 125.70,
    "dma50" : 132.69,
    "dma100" : 143.82,
    "dma200" : 131.59,
    "volume" : 191556.00
  }, {
    "date" : "2025-10-30",
    "price" : 126.12,
    "dma50" : 132.44,
    "dma100" : 143.74,
    "dma200" : 131.54,
    "volume" : 121139.00
  }, {
    "date" : "2025-10-31",
    "price" : 116.15,
    "dma50" : 131.80,
    "dma100" : 143.58,
    "dma200" : 131.39,
    "volume" : 497799.00
  }, {
    "date" : "2025-11-03",
    "price" : 115.72,
    "dma50" : 131.17,
    "dma100" : 143.43,
    "dma200" : 131.23,
    "volume" : 107059.00
  }, {
    "date" : "2025-11-04",
    "price" : 113.56,
    "dma50" : 130.48,
    "dma100" : 143.25,
    "dma200" : 131.05,
    "volume" : 52136.00
  }, {
    "date" : "2025-11-06",
    "price" : 108.58,
    "dma50" : 129.62,
    "dma100" : 142.97,
    "dma200" : 130.83,
    "volume" : 122704.00
  }, {
    "date" : "2025-11-07",
    "price" : 111.09,
    "dma50" : 128.89,
    "dma100" : 142.79,
    "dma200" : 130.63,
    "volume" : 100120.00
  }, {
    "date" : "2025-11-10",
    "price" : 111.26,
    "dma50" : 128.20,
    "dma100" : 142.52,
    "dma200" : 130.44,
    "volume" : 61643.00
  }, {
    "date" : "2025-11-11",
    "price" : 110.18,
    "dma50" : 127.49,
    "dma100" : 142.17,
    "dma200" : 130.24,
    "volume" : 34786.00
  }, {
    "date" : "2025-11-12",
    "price" : 110.96,
    "dma50" : 126.85,
    "dma100" : 141.90,
    "dma200" : 130.05,
    "volume" : 30772.00
  }, {
    "date" : "2025-11-13",
    "price" : 110.00,
    "dma50" : 126.18,
    "dma100" : 141.60,
    "dma200" : 129.85,
    "volume" : 40320.00
  }, {
    "date" : "2025-11-14",
    "price" : 108.78,
    "dma50" : 125.50,
    "dma100" : 141.28,
    "dma200" : 129.64,
    "volume" : 86517.00
  }, {
    "date" : "2025-11-17",
    "price" : 111.17,
    "dma50" : 124.94,
    "dma100" : 141.03,
    "dma200" : 129.46,
    "volume" : 55121.00
  }, {
    "date" : "2025-11-18",
    "price" : 112.19,
    "dma50" : 124.44,
    "dma100" : 140.78,
    "dma200" : 129.28,
    "volume" : 122269.00
  }, {
    "date" : "2025-11-19",
    "price" : 110.98,
    "dma50" : 123.91,
    "dma100" : 140.51,
    "dma200" : 129.10,
    "volume" : 44080.00
  }, {
    "date" : "2025-11-20",
    "price" : 109.98,
    "dma50" : 123.37,
    "dma100" : 140.13,
    "dma200" : 128.91,
    "volume" : 30091.00
  }, {
    "date" : "2025-11-21",
    "price" : 109.71,
    "dma50" : 122.83,
    "dma100" : 139.78,
    "dma200" : 128.72,
    "volume" : 73915.00
  }, {
    "date" : "2025-11-24",
    "price" : 106.15,
    "dma50" : 122.18,
    "dma100" : 139.36,
    "dma200" : 128.50,
    "volume" : 48096.00
  }, {
    "date" : "2025-11-25",
    "price" : 106.56,
    "dma50" : 121.56,
    "dma100" : 138.95,
    "dma200" : 128.28,
    "volume" : 34393.00
  }, {
    "date" : "2025-11-26",
    "price" : 108.68,
    "dma50" : 121.06,
    "dma100" : 138.56,
    "dma200" : 128.08,
    "volume" : 44724.00
  }, {
    "date" : "2025-11-27",
    "price" : 111.14,
    "dma50" : 120.67,
    "dma100" : 138.19,
    "dma200" : 127.91,
    "volume" : 68811.00
  }, {
    "date" : "2025-11-28",
    "price" : 115.94,
    "dma50" : 120.48,
    "dma100" : 137.88,
    "dma200" : 127.79,
    "volume" : 358543.00
  }, {
    "date" : "2025-12-01",
    "price" : 112.00,
    "dma50" : 120.15,
    "dma100" : 137.58,
    "dma200" : 127.64,
    "volume" : 103880.00
  }, {
    "date" : "2025-12-02",
    "price" : 109.66,
    "dma50" : 119.74,
    "dma100" : 137.27,
    "dma200" : 127.46,
    "volume" : 54741.00
  }, {
    "date" : "2025-12-03",
    "price" : 109.76,
    "dma50" : 119.35,
    "dma100" : 136.95,
    "dma200" : 127.28,
    "volume" : 54393.00
  }, {
    "date" : "2025-12-04",
    "price" : 109.98,
    "dma50" : 118.98,
    "dma100" : 136.63,
    "dma200" : 127.11,
    "volume" : 32323.00
  }, {
    "date" : "2025-12-05",
    "price" : 107.35,
    "dma50" : 118.53,
    "dma100" : 136.31,
    "dma200" : 126.91,
    "volume" : 54402.00
  }, {
    "date" : "2025-12-08",
    "price" : 107.20,
    "dma50" : 118.08,
    "dma100" : 136.01,
    "dma200" : 126.72,
    "volume" : 55279.00
  }, {
    "date" : "2025-12-09",
    "price" : 107.91,
    "dma50" : 117.68,
    "dma100" : 135.68,
    "dma200" : 126.53,
    "volume" : 86612.00
  }, {
    "date" : "2025-12-10",
    "price" : 110.88,
    "dma50" : 117.42,
    "dma100" : 135.36,
    "dma200" : 126.37,
    "volume" : 50406.00
  }, {
    "date" : "2025-12-11",
    "price" : 108.72,
    "dma50" : 117.07,
    "dma100" : 135.03,
    "dma200" : 126.20,
    "volume" : 32271.00
  }, {
    "date" : "2025-12-12",
    "price" : 109.44,
    "dma50" : 116.78,
    "dma100" : 134.64,
    "dma200" : 126.03,
    "volume" : 26243.00
  }, {
    "date" : "2025-12-15",
    "price" : 108.53,
    "dma50" : 116.45,
    "dma100" : 134.20,
    "dma200" : 125.86,
    "volume" : 38871.00
  }, {
    "date" : "2025-12-16",
    "price" : 107.64,
    "dma50" : 116.11,
    "dma100" : 133.61,
    "dma200" : 125.68,
    "volume" : 26789.00
  }, {
    "date" : "2025-12-17",
    "price" : 105.70,
    "dma50" : 115.70,
    "dma100" : 133.02,
    "dma200" : 125.48,
    "volume" : 30449.00
  }, {
    "date" : "2025-12-18",
    "price" : 101.94,
    "dma50" : 115.16,
    "dma100" : 132.42,
    "dma200" : 125.24,
    "volume" : 91595.00
  }, {
    "date" : "2025-12-19",
    "price" : 103.12,
    "dma50" : 114.69,
    "dma100" : 131.87,
    "dma200" : 125.02,
    "volume" : 64402.00
  }, {
    "date" : "2025-12-22",
    "price" : 106.83,
    "dma50" : 114.38,
    "dma100" : 131.38,
    "dma200" : 124.84,
    "volume" : 58172.00
  }, {
    "date" : "2025-12-23",
    "price" : 104.92,
    "dma50" : 114.01,
    "dma100" : 130.81,
    "dma200" : 124.64,
    "volume" : 107885.00
  }, {
    "date" : "2025-12-24",
    "price" : 105.88,
    "dma50" : 113.69,
    "dma100" : 130.23,
    "dma200" : 124.46,
    "volume" : 40249.00
  }, {
    "date" : "2025-12-26",
    "price" : 105.11,
    "dma50" : 113.35,
    "dma100" : 129.71,
    "dma200" : 124.27,
    "volume" : 24273.00
  }, {
    "date" : "2025-12-29",
    "price" : 104.39,
    "dma50" : 113.00,
    "dma100" : 129.06,
    "dma200" : 124.07,
    "volume" : 36702.00
  }, {
    "date" : "2025-12-30",
    "price" : 104.06,
    "dma50" : 112.65,
    "dma100" : 128.36,
    "dma200" : 123.87,
    "volume" : 23868.00
  }, {
    "date" : "2025-12-31",
    "price" : 104.06,
    "dma50" : 112.31,
    "dma100" : 127.70,
    "dma200" : 123.67,
    "volume" : 55309.00
  }, {
    "date" : "2026-01-01",
    "price" : 103.93,
    "dma50" : 111.98,
    "dma100" : 127.05,
    "dma200" : 123.47,
    "volume" : 28191.00
  }, {
    "date" : "2026-01-02",
    "price" : 105.66,
    "dma50" : 111.74,
    "dma100" : 126.36,
    "dma200" : 123.30,
    "volume" : 69383.00
  }, {
    "date" : "2026-01-05",
    "price" : 104.92,
    "dma50" : 111.47,
    "dma100" : 125.69,
    "dma200" : 123.11,
    "volume" : 62141.00
  }, {
    "date" : "2026-01-06",
    "price" : 103.80,
    "dma50" : 111.17,
    "dma100" : 125.02,
    "dma200" : 122.92,
    "volume" : 25553.00
  }, {
    "date" : "2026-01-07",
    "price" : 103.41,
    "dma50" : 110.86,
    "dma100" : 124.38,
    "dma200" : 122.73,
    "volume" : 43332.00
  }, {
    "date" : "2026-01-08",
    "price" : 98.31,
    "dma50" : 110.37,
    "dma100" : 123.68,
    "dma200" : 122.49,
    "volume" : 148681.00
  }, {
    "date" : "2026-01-09",
    "price" : 96.94,
    "dma50" : 109.85,
    "dma100" : 123.04,
    "dma200" : 122.23,
    "volume" : 74018.00
  }, {
    "date" : "2026-01-12",
    "price" : 95.64,
    "dma50" : 109.29,
    "dma100" : 122.38,
    "dma200" : 121.97,
    "volume" : 81618.00
  }, {
    "date" : "2026-01-13",
    "price" : 96.04,
    "dma50" : 108.77,
    "dma100" : 121.66,
    "dma200" : 121.71,
    "volume" : 37947.00
  }, {
    "date" : "2026-01-14",
    "price" : 97.09,
    "dma50" : 108.31,
    "dma100" : 121.00,
    "dma200" : 121.46,
    "volume" : 37855.00
  }, {
    "date" : "2026-01-16",
    "price" : 94.01,
    "dma50" : 107.75,
    "dma100" : 120.31,
    "dma200" : 121.19,
    "volume" : 71654.00
  }, {
    "date" : "2026-01-19",
    "price" : 92.41,
    "dma50" : 107.15,
    "dma100" : 119.60,
    "dma200" : 120.90,
    "volume" : 51492.00
  }, {
    "date" : "2026-01-20",
    "price" : 89.29,
    "dma50" : 106.45,
    "dma100" : 118.86,
    "dma200" : 120.59,
    "volume" : 46553.00
  }, {
    "date" : "2026-01-21",
    "price" : 90.89,
    "dma50" : 105.84,
    "dma100" : 118.19,
    "dma200" : 120.29,
    "volume" : 66591.00
  }, {
    "date" : "2026-01-22",
    "price" : 92.30,
    "dma50" : 105.31,
    "dma100" : 117.60,
    "dma200" : 120.02,
    "volume" : 29809.00
  }, {
    "date" : "2026-01-23",
    "price" : 89.49,
    "dma50" : 104.69,
    "dma100" : 117.02,
    "dma200" : 119.71,
    "volume" : 27634.00
  }, {
    "date" : "2026-01-27",
    "price" : 89.25,
    "dma50" : 104.08,
    "dma100" : 116.44,
    "dma200" : 119.41,
    "volume" : 51043.00
  }, {
    "date" : "2026-01-28",
    "price" : 90.49,
    "dma50" : 103.55,
    "dma100" : 115.85,
    "dma200" : 119.12,
    "volume" : 89418.00
  }, {
    "date" : "2026-01-29",
    "price" : 88.19,
    "dma50" : 102.95,
    "dma100" : 115.21,
    "dma200" : 118.81,
    "volume" : 85017.00
  }, {
    "date" : "2026-01-30",
    "price" : 89.16,
    "dma50" : 102.41,
    "dma100" : 114.63,
    "dma200" : 118.52,
    "volume" : 56365.00
  }, {
    "date" : "2026-02-01",
    "price" : 90.09,
    "dma50" : 101.92,
    "dma100" : 114.07,
    "dma200" : 118.24,
    "volume" : 21063.00
  }, {
    "date" : "2026-02-02",
    "price" : 90.97,
    "dma50" : 101.49,
    "dma100" : 113.52,
    "dma200" : 117.96,
    "volume" : 99369.00
  }, {
    "date" : "2026-02-03",
    "price" : 109.16,
    "dma50" : 101.79,
    "dma100" : 113.16,
    "dma200" : 117.88,
    "volume" : 499320.00
  }, {
    "date" : "2026-02-04",
    "price" : 123.49,
    "dma50" : 102.64,
    "dma100" : 112.94,
    "dma200" : 117.93,
    "volume" : 1228429.00
  }, {
    "date" : "2026-02-05",
    "price" : 117.58,
    "dma50" : 103.23,
    "dma100" : 112.66,
    "dma200" : 117.93,
    "volume" : 182414.00
  }, {
    "date" : "2026-02-06",
    "price" : 121.90,
    "dma50" : 103.96,
    "dma100" : 112.41,
    "dma200" : 117.97,
    "volume" : 160050.00
  }, {
    "date" : "2026-02-09",
    "price" : 119.14,
    "dma50" : 104.56,
    "dma100" : 112.15,
    "dma200" : 117.98,
    "volume" : 177263.00
  }, {
    "date" : "2026-02-10",
    "price" : 129.09,
    "dma50" : 105.52,
    "dma100" : 111.98,
    "dma200" : 118.09,
    "volume" : 2510860.00
  }, {
    "date" : "2026-02-11",
    "price" : 127.31,
    "dma50" : 106.37,
    "dma100" : 111.80,
    "dma200" : 118.18,
    "volume" : 172388.00
  }, {
    "date" : "2026-02-12",
    "price" : 123.42,
    "dma50" : 107.04,
    "dma100" : 111.57,
    "dma200" : 118.23,
    "volume" : 175241.00
  }, {
    "date" : "2026-02-13",
    "price" : 119.63,
    "dma50" : 107.54,
    "dma100" : 111.30,
    "dma200" : 118.25,
    "volume" : 121566.00
  }, {
    "date" : "2026-02-16",
    "price" : 119.53,
    "dma50" : 108.01,
    "dma100" : 111.05,
    "dma200" : 118.26,
    "volume" : 115521.00
  } ],
  "latestTechnicalAttributes" : {
    "date" : "2026-02-16",
    "price" : 119.53,
    "dma50" : 108.01,
    "dma100" : 111.05,
    "dma200" : 118.26,
    "volume" : 115521.00
  },
  "quarterlyResults" : [ {
    "date" : "2006-06-30",
    "sales" : 70.29,
    "salesGrowthYoY" : null,
    "grossProfitMargin" : 28.87,
    "grossProfit" : 20.29,
    "operatingProfitMargin" : 11.30,
    "operatingProfit" : 7.94,
    "netProfitMargin" : 4.88,
    "netProfit" : 3.43
  }, {
    "date" : "2006-09-30",
    "sales" : 75.30,
    "salesGrowthYoY" : null,
    "grossProfitMargin" : 30.88,
    "grossProfit" : 23.25,
    "operatingProfitMargin" : 12.18,
    "operatingProfit" : 9.17,
    "netProfitMargin" : 6.08,
    "netProfit" : 4.58
  }, {
    "date" : "2006-12-31",
    "sales" : 77.17,
    "salesGrowthYoY" : null,
    "grossProfitMargin" : 34.74,
    "grossProfit" : 26.81,
    "operatingProfitMargin" : 16.02,
    "operatingProfit" : 12.36,
    "netProfitMargin" : 7.89,
    "netProfit" : 6.09
  }, {
    "date" : "2007-03-31",
    "sales" : 83.01,
    "salesGrowthYoY" : null,
    "grossProfitMargin" : 32.14,
    "grossProfit" : 26.68,
    "operatingProfitMargin" : 13.77,
    "operatingProfit" : 11.43,
    "netProfitMargin" : 6.83,
    "netProfit" : 5.67
  }, {
    "date" : "2007-06-30",
    "sales" : 70.70,
    "salesGrowthYoY" : 0.58,
    "grossProfitMargin" : 31.85,
    "grossProfit" : 22.52,
    "operatingProfitMargin" : 14.79,
    "operatingProfit" : 10.46,
    "netProfitMargin" : 7.21,
    "netProfit" : 5.10
  }, {
    "date" : "2007-09-30",
    "sales" : 77.06,
    "salesGrowthYoY" : 2.34,
    "grossProfitMargin" : 30.50,
    "grossProfit" : 23.50,
    "operatingProfitMargin" : 13.16,
    "operatingProfit" : 10.14,
    "netProfitMargin" : 8.11,
    "netProfit" : 6.25
  }, {
    "date" : "2007-12-31",
    "sales" : 94.77,
    "salesGrowthYoY" : 22.81,
    "grossProfitMargin" : 37.59,
    "grossProfit" : 35.62,
    "operatingProfitMargin" : 15.48,
    "operatingProfit" : 14.67,
    "netProfitMargin" : 9.15,
    "netProfit" : 8.67
  }, {
    "date" : "2008-03-31",
    "sales" : 113.92,
    "salesGrowthYoY" : 37.24,
    "grossProfitMargin" : 28.34,
    "grossProfit" : 32.28,
    "operatingProfitMargin" : 9.68,
    "operatingProfit" : 11.03,
    "netProfitMargin" : 5.28,
    "netProfit" : 6.01
  }, {
    "date" : "2008-06-30",
    "sales" : 97.40,
    "salesGrowthYoY" : 37.77,
    "grossProfitMargin" : 30.07,
    "grossProfit" : 29.29,
    "operatingProfitMargin" : 11.91,
    "operatingProfit" : 11.60,
    "netProfitMargin" : 6.28,
    "netProfit" : 6.12
  }, {
    "date" : "2008-09-30",
    "sales" : 100.36,
    "salesGrowthYoY" : 30.24,
    "grossProfitMargin" : 30.16,
    "grossProfit" : 30.27,
    "operatingProfitMargin" : 11.71,
    "operatingProfit" : 11.75,
    "netProfitMargin" : 5.23,
    "netProfit" : 5.25
  }, {
    "date" : "2008-12-31",
    "sales" : 45.66,
    "salesGrowthYoY" : -51.82,
    "grossProfitMargin" : 35.55,
    "grossProfit" : 16.23,
    "operatingProfitMargin" : 2.69,
    "operatingProfit" : 1.23,
    "netProfitMargin" : -3.50,
    "netProfit" : -1.60
  }, {
    "date" : "2009-03-31",
    "sales" : 46.89,
    "salesGrowthYoY" : -58.84,
    "grossProfitMargin" : 16.36,
    "grossProfit" : 7.67,
    "operatingProfitMargin" : -8.72,
    "operatingProfit" : -4.09,
    "netProfitMargin" : -12.80,
    "netProfit" : -6.00
  }, {
    "date" : "2009-06-30",
    "sales" : 60.52,
    "salesGrowthYoY" : -37.86,
    "grossProfitMargin" : 27.02,
    "grossProfit" : 16.35,
    "operatingProfitMargin" : 8.29,
    "operatingProfit" : 5.02,
    "netProfitMargin" : 1.93,
    "netProfit" : 1.17
  }, {
    "date" : "2009-09-30",
    "sales" : 76.88,
    "salesGrowthYoY" : -23.40,
    "grossProfitMargin" : 28.54,
    "grossProfit" : 21.94,
    "operatingProfitMargin" : 8.16,
    "operatingProfit" : 6.27,
    "netProfitMargin" : 2.90,
    "netProfit" : 2.23
  }, {
    "date" : "2009-12-31",
    "sales" : 91.65,
    "salesGrowthYoY" : 100.72,
    "grossProfitMargin" : 27.05,
    "grossProfit" : 24.79,
    "operatingProfitMargin" : 7.98,
    "operatingProfit" : 7.31,
    "netProfitMargin" : 2.55,
    "netProfit" : 2.34
  }, {
    "date" : "2010-03-31",
    "sales" : 90.56,
    "salesGrowthYoY" : 93.13,
    "grossProfitMargin" : 28.47,
    "grossProfit" : 25.78,
    "operatingProfitMargin" : 4.13,
    "operatingProfit" : 3.74,
    "netProfitMargin" : 1.28,
    "netProfit" : 1.16
  }, {
    "date" : "2010-06-30",
    "sales" : 94.82,
    "salesGrowthYoY" : 56.68,
    "grossProfitMargin" : 27.04,
    "grossProfit" : 25.64,
    "operatingProfitMargin" : 6.63,
    "operatingProfit" : 6.29,
    "netProfitMargin" : 2.19,
    "netProfit" : 2.08
  }, {
    "date" : "2010-09-30",
    "sales" : 127.15,
    "salesGrowthYoY" : 65.39,
    "grossProfitMargin" : 24.63,
    "grossProfit" : 31.32,
    "operatingProfitMargin" : 5.84,
    "operatingProfit" : 7.43,
    "netProfitMargin" : 1.97,
    "netProfit" : 2.50
  }, {
    "date" : "2010-12-31",
    "sales" : 131.31,
    "salesGrowthYoY" : 43.27,
    "grossProfitMargin" : 24.70,
    "grossProfit" : 32.43,
    "operatingProfitMargin" : 6.60,
    "operatingProfit" : 8.67,
    "netProfitMargin" : 2.39,
    "netProfit" : 3.14
  }, {
    "date" : "2011-03-31",
    "sales" : 154.13,
    "salesGrowthYoY" : 70.20,
    "grossProfitMargin" : 24.31,
    "grossProfit" : 37.47,
    "operatingProfitMargin" : 5.48,
    "operatingProfit" : 8.45,
    "netProfitMargin" : 2.65,
    "netProfit" : 4.08
  }, {
    "date" : "2011-06-30",
    "sales" : 155.91,
    "salesGrowthYoY" : 64.43,
    "grossProfitMargin" : 27.36,
    "grossProfit" : 42.66,
    "operatingProfitMargin" : 10.19,
    "operatingProfit" : 15.89,
    "netProfitMargin" : 5.04,
    "netProfit" : 7.86
  }, {
    "date" : "2011-09-30",
    "sales" : 158.60,
    "salesGrowthYoY" : 24.73,
    "grossProfitMargin" : 33.97,
    "grossProfit" : 53.88,
    "operatingProfitMargin" : 14.06,
    "operatingProfit" : 22.30,
    "netProfitMargin" : 8.04,
    "netProfit" : 12.75
  }, {
    "date" : "2011-12-31",
    "sales" : 176.73,
    "salesGrowthYoY" : 34.59,
    "grossProfitMargin" : 34.41,
    "grossProfit" : 60.81,
    "operatingProfitMargin" : 13.82,
    "operatingProfit" : 24.42,
    "netProfitMargin" : 7.72,
    "netProfit" : 13.64
  }, {
    "date" : "2012-03-31",
    "sales" : 161.86,
    "salesGrowthYoY" : 5.02,
    "grossProfitMargin" : 31.61,
    "grossProfit" : 51.16,
    "operatingProfitMargin" : 11.49,
    "operatingProfit" : 18.60,
    "netProfitMargin" : 7.43,
    "netProfit" : 12.03
  }, {
    "date" : "2012-06-30",
    "sales" : 145.07,
    "salesGrowthYoY" : -6.95,
    "grossProfitMargin" : 26.24,
    "grossProfit" : 38.07,
    "operatingProfitMargin" : 4.66,
    "operatingProfit" : 6.76,
    "netProfitMargin" : 1.42,
    "netProfit" : 2.06
  }, {
    "date" : "2012-09-30",
    "sales" : 127.12,
    "salesGrowthYoY" : -19.85,
    "grossProfitMargin" : 28.52,
    "grossProfit" : 36.25,
    "operatingProfitMargin" : 5.87,
    "operatingProfit" : 7.46,
    "netProfitMargin" : 2.08,
    "netProfit" : 2.64
  }, {
    "date" : "2012-12-31",
    "sales" : 122.76,
    "salesGrowthYoY" : -30.54,
    "grossProfitMargin" : 28.56,
    "grossProfit" : 35.06,
    "operatingProfitMargin" : 5.75,
    "operatingProfit" : 7.06,
    "netProfitMargin" : 2.06,
    "netProfit" : 2.53
  }, {
    "date" : "2013-03-31",
    "sales" : 112.65,
    "salesGrowthYoY" : -30.40,
    "grossProfitMargin" : 32.53,
    "grossProfit" : 36.65,
    "operatingProfitMargin" : 10.32,
    "operatingProfit" : 11.63,
    "netProfitMargin" : 5.92,
    "netProfit" : 6.67
  }, {
    "date" : "2013-06-30",
    "sales" : 136.24,
    "salesGrowthYoY" : -6.09,
    "grossProfitMargin" : 29.81,
    "grossProfit" : 40.61,
    "operatingProfitMargin" : 9.85,
    "operatingProfit" : 13.42,
    "netProfitMargin" : 4.93,
    "netProfit" : 6.72
  }, {
    "date" : "2013-09-30",
    "sales" : 125.24,
    "salesGrowthYoY" : -1.48,
    "grossProfitMargin" : 33.19,
    "grossProfit" : 41.57,
    "operatingProfitMargin" : 10.54,
    "operatingProfit" : 13.20,
    "netProfitMargin" : 4.26,
    "netProfit" : 5.34
  }, {
    "date" : "2013-12-31",
    "sales" : 127.43,
    "salesGrowthYoY" : 3.80,
    "grossProfitMargin" : 29.73,
    "grossProfit" : 37.88,
    "operatingProfitMargin" : 9.37,
    "operatingProfit" : 11.94,
    "netProfitMargin" : 4.29,
    "netProfit" : 5.47
  }, {
    "date" : "2014-03-31",
    "sales" : 126.24,
    "salesGrowthYoY" : 12.06,
    "grossProfitMargin" : 30.92,
    "grossProfit" : 39.03,
    "operatingProfitMargin" : 7.91,
    "operatingProfit" : 9.99,
    "netProfitMargin" : 3.95,
    "netProfit" : 4.99
  }, {
    "date" : "2014-06-30",
    "sales" : 132.38,
    "salesGrowthYoY" : -2.83,
    "grossProfitMargin" : 28.99,
    "grossProfit" : 38.38,
    "operatingProfitMargin" : 7.92,
    "operatingProfit" : 10.48,
    "netProfitMargin" : 3.10,
    "netProfit" : 4.10
  }, {
    "date" : "2014-09-30",
    "sales" : 154.90,
    "salesGrowthYoY" : 23.68,
    "grossProfitMargin" : 30.14,
    "grossProfit" : 46.69,
    "operatingProfitMargin" : 8.17,
    "operatingProfit" : 12.66,
    "netProfitMargin" : 3.96,
    "netProfit" : 6.13
  }, {
    "date" : "2014-12-31",
    "sales" : 129.69,
    "salesGrowthYoY" : 1.77,
    "grossProfitMargin" : 34.07,
    "grossProfit" : 44.19,
    "operatingProfitMargin" : 8.89,
    "operatingProfit" : 11.53,
    "netProfitMargin" : 4.62,
    "netProfit" : 5.99
  }, {
    "date" : "2015-03-31",
    "sales" : 127.92,
    "salesGrowthYoY" : 1.33,
    "grossProfitMargin" : 33.40,
    "grossProfit" : 42.73,
    "operatingProfitMargin" : 8.20,
    "operatingProfit" : 10.49,
    "netProfitMargin" : 4.47,
    "netProfit" : 5.72
  }, {
    "date" : "2015-06-30",
    "sales" : 141.62,
    "salesGrowthYoY" : 6.98,
    "grossProfitMargin" : 32.87,
    "grossProfit" : 46.55,
    "operatingProfitMargin" : 10.22,
    "operatingProfit" : 14.47,
    "netProfitMargin" : 5.03,
    "netProfit" : 7.12
  }, {
    "date" : "2015-09-30",
    "sales" : 156.21,
    "salesGrowthYoY" : 0.85,
    "grossProfitMargin" : 38.45,
    "grossProfit" : 60.06,
    "operatingProfitMargin" : 12.84,
    "operatingProfit" : 20.06,
    "netProfitMargin" : 6.67,
    "netProfit" : 10.42
  }, {
    "date" : "2015-12-31",
    "sales" : 133.36,
    "salesGrowthYoY" : 2.83,
    "grossProfitMargin" : 41.45,
    "grossProfit" : 55.28,
    "operatingProfitMargin" : 12.72,
    "operatingProfit" : 16.96,
    "netProfitMargin" : 5.92,
    "netProfit" : 7.89
  }, {
    "date" : "2016-03-31",
    "sales" : 129.51,
    "salesGrowthYoY" : 1.24,
    "grossProfitMargin" : 41.77,
    "grossProfit" : 54.10,
    "operatingProfitMargin" : 9.60,
    "operatingProfit" : 12.43,
    "netProfitMargin" : 4.96,
    "netProfit" : 6.42
  }, {
    "date" : "2016-06-30",
    "sales" : 158.82,
    "salesGrowthYoY" : 12.15,
    "grossProfitMargin" : 36.28,
    "grossProfit" : 57.62,
    "operatingProfitMargin" : 10.00,
    "operatingProfit" : 15.88,
    "netProfitMargin" : 4.91,
    "netProfit" : 7.80
  }, {
    "date" : "2016-09-30",
    "sales" : 140.15,
    "salesGrowthYoY" : -10.28,
    "grossProfitMargin" : 44.27,
    "grossProfit" : 62.04,
    "operatingProfitMargin" : 11.55,
    "operatingProfit" : 16.19,
    "netProfitMargin" : 5.62,
    "netProfit" : 7.88
  }, {
    "date" : "2016-12-31",
    "sales" : 142.97,
    "salesGrowthYoY" : 7.21,
    "grossProfitMargin" : 41.67,
    "grossProfit" : 59.58,
    "operatingProfitMargin" : 13.08,
    "operatingProfit" : 18.70,
    "netProfitMargin" : 6.87,
    "netProfit" : 9.82
  }, {
    "date" : "2017-03-31",
    "sales" : 132.63,
    "salesGrowthYoY" : 2.41,
    "grossProfitMargin" : 43.18,
    "grossProfit" : 57.27,
    "operatingProfitMargin" : 10.16,
    "operatingProfit" : 13.48,
    "netProfitMargin" : 6.50,
    "netProfit" : 8.62
  }, {
    "date" : "2017-06-30",
    "sales" : 150.51,
    "salesGrowthYoY" : -5.23,
    "grossProfitMargin" : 40.04,
    "grossProfit" : 60.26,
    "operatingProfitMargin" : 10.13,
    "operatingProfit" : 15.25,
    "netProfitMargin" : 5.10,
    "netProfit" : 7.68
  }, {
    "date" : "2017-09-30",
    "sales" : 179.73,
    "salesGrowthYoY" : 28.24,
    "grossProfitMargin" : 36.42,
    "grossProfit" : 65.46,
    "operatingProfitMargin" : 10.04,
    "operatingProfit" : 18.04,
    "netProfitMargin" : 5.58,
    "netProfit" : 10.03
  }, {
    "date" : "2017-12-31",
    "sales" : 201.39,
    "salesGrowthYoY" : 40.86,
    "grossProfitMargin" : 38.40,
    "grossProfit" : 77.33,
    "operatingProfitMargin" : 9.66,
    "operatingProfit" : 19.45,
    "netProfitMargin" : 5.10,
    "netProfit" : 10.27
  }, {
    "date" : "2018-03-31",
    "sales" : 212.92,
    "salesGrowthYoY" : 60.54,
    "grossProfitMargin" : 40.33,
    "grossProfit" : 85.87,
    "operatingProfitMargin" : 8.84,
    "operatingProfit" : 18.82,
    "netProfitMargin" : 4.82,
    "netProfit" : 10.26
  }, {
    "date" : "2018-06-30",
    "sales" : 205.37,
    "salesGrowthYoY" : 36.45,
    "grossProfitMargin" : 40.06,
    "grossProfit" : 82.27,
    "operatingProfitMargin" : 10.33,
    "operatingProfit" : 21.21,
    "netProfitMargin" : 5.56,
    "netProfit" : 11.42
  }, {
    "date" : "2018-09-30",
    "sales" : 242.91,
    "salesGrowthYoY" : 35.15,
    "grossProfitMargin" : 38.06,
    "grossProfit" : 92.45,
    "operatingProfitMargin" : 8.93,
    "operatingProfit" : 21.69,
    "netProfitMargin" : 4.75,
    "netProfit" : 11.54
  }, {
    "date" : "2018-12-31",
    "sales" : 233.66,
    "salesGrowthYoY" : 16.02,
    "grossProfitMargin" : 39.32,
    "grossProfit" : 91.88,
    "operatingProfitMargin" : 7.75,
    "operatingProfit" : 18.11,
    "netProfitMargin" : 3.93,
    "netProfit" : 9.18
  }, {
    "date" : "2019-03-31",
    "sales" : 174.33,
    "salesGrowthYoY" : -18.12,
    "grossProfitMargin" : 45.30,
    "grossProfit" : 78.97,
    "operatingProfitMargin" : 8.52,
    "operatingProfit" : 14.85,
    "netProfitMargin" : 3.61,
    "netProfit" : 6.29
  }, {
    "date" : "2019-06-30",
    "sales" : 188.67,
    "salesGrowthYoY" : -8.13,
    "grossProfitMargin" : 42.73,
    "grossProfit" : 80.62,
    "operatingProfitMargin" : 8.73,
    "operatingProfit" : 16.47,
    "netProfitMargin" : 3.70,
    "netProfit" : 6.98
  }, {
    "date" : "2019-09-30",
    "sales" : 128.11,
    "salesGrowthYoY" : -47.26,
    "grossProfitMargin" : 46.88,
    "grossProfit" : 60.06,
    "operatingProfitMargin" : 7.89,
    "operatingProfit" : 10.11,
    "netProfitMargin" : 2.68,
    "netProfit" : 3.43
  }, {
    "date" : "2019-12-31",
    "sales" : 124.50,
    "salesGrowthYoY" : -46.72,
    "grossProfitMargin" : 40.09,
    "grossProfit" : 49.91,
    "operatingProfitMargin" : 7.08,
    "operatingProfit" : 8.81,
    "netProfitMargin" : 2.17,
    "netProfit" : 2.70
  }, {
    "date" : "2020-03-31",
    "sales" : 125.47,
    "salesGrowthYoY" : -28.03,
    "grossProfitMargin" : 50.65,
    "grossProfit" : 63.55,
    "operatingProfitMargin" : 10.27,
    "operatingProfit" : 12.89,
    "netProfitMargin" : 18.24,
    "netProfit" : 22.89
  }, {
    "date" : "2020-06-30",
    "sales" : 65.31,
    "salesGrowthYoY" : -65.38,
    "grossProfitMargin" : 35.06,
    "grossProfit" : 22.90,
    "operatingProfitMargin" : -8.28,
    "operatingProfit" : -5.41,
    "netProfitMargin" : -12.86,
    "netProfit" : -8.40
  }, {
    "date" : "2020-09-30",
    "sales" : 139.43,
    "salesGrowthYoY" : 8.84,
    "grossProfitMargin" : 40.92,
    "grossProfit" : 57.05,
    "operatingProfitMargin" : 8.99,
    "operatingProfit" : 12.53,
    "netProfitMargin" : 3.35,
    "netProfit" : 4.67
  }, {
    "date" : "2020-12-31",
    "sales" : 185.77,
    "salesGrowthYoY" : 49.21,
    "grossProfitMargin" : 42.14,
    "grossProfit" : 78.28,
    "operatingProfitMargin" : 9.02,
    "operatingProfit" : 16.76,
    "netProfitMargin" : 3.30,
    "netProfit" : 6.13
  }, {
    "date" : "2021-03-31",
    "sales" : 221.66,
    "salesGrowthYoY" : 76.66,
    "grossProfitMargin" : 41.03,
    "grossProfit" : 90.95,
    "operatingProfitMargin" : 8.90,
    "operatingProfit" : 19.73,
    "netProfitMargin" : 3.00,
    "netProfit" : 6.65
  }, {
    "date" : "2021-06-30",
    "sales" : 184.85,
    "salesGrowthYoY" : 183.03,
    "grossProfitMargin" : 41.65,
    "grossProfit" : 76.99,
    "operatingProfitMargin" : 6.02,
    "operatingProfit" : 11.13,
    "netProfitMargin" : 1.10,
    "netProfit" : 2.03
  }, {
    "date" : "2021-09-30",
    "sales" : 238.01,
    "salesGrowthYoY" : 70.70,
    "grossProfitMargin" : 38.10,
    "grossProfit" : 90.68,
    "operatingProfitMargin" : 5.29,
    "operatingProfit" : 12.59,
    "netProfitMargin" : 1.41,
    "netProfit" : 3.36
  }, {
    "date" : "2021-12-31",
    "sales" : 235.48,
    "salesGrowthYoY" : 26.76,
    "grossProfitMargin" : 39.78,
    "grossProfit" : 93.67,
    "operatingProfitMargin" : 5.87,
    "operatingProfit" : 13.82,
    "netProfitMargin" : 0.88,
    "netProfit" : 2.07
  }, {
    "date" : "2022-03-31",
    "sales" : 267.92,
    "salesGrowthYoY" : 20.87,
    "grossProfitMargin" : 40.63,
    "grossProfit" : 108.86,
    "operatingProfitMargin" : 6.35,
    "operatingProfit" : 17.01,
    "netProfitMargin" : 2.52,
    "netProfit" : 6.75
  }, {
    "date" : "2022-06-30",
    "sales" : 295.25,
    "salesGrowthYoY" : 59.72,
    "grossProfitMargin" : 36.99,
    "grossProfit" : 109.21,
    "operatingProfitMargin" : 6.44,
    "operatingProfit" : 19.01,
    "netProfitMargin" : 2.63,
    "netProfit" : 7.77
  }, {
    "date" : "2022-09-30",
    "sales" : 328.52,
    "salesGrowthYoY" : 38.03,
    "grossProfitMargin" : 40.77,
    "grossProfit" : 133.94,
    "operatingProfitMargin" : 8.20,
    "operatingProfit" : 26.94,
    "netProfitMargin" : 3.70,
    "netProfit" : 12.16
  }, {
    "date" : "2022-12-31",
    "sales" : 327.03,
    "salesGrowthYoY" : 38.88,
    "grossProfitMargin" : 39.14,
    "grossProfit" : 128.00,
    "operatingProfitMargin" : 4.46,
    "operatingProfit" : 14.59,
    "netProfitMargin" : 1.63,
    "netProfit" : 5.33
  }, {
    "date" : "2023-03-31",
    "sales" : 313.18,
    "salesGrowthYoY" : 16.89,
    "grossProfitMargin" : 42.61,
    "grossProfit" : 133.45,
    "operatingProfitMargin" : 6.01,
    "operatingProfit" : 18.82,
    "netProfitMargin" : 1.43,
    "netProfit" : 4.48
  }, {
    "date" : "2023-06-30",
    "sales" : 292.77,
    "salesGrowthYoY" : -0.84,
    "grossProfitMargin" : 43.35,
    "grossProfit" : 126.92,
    "operatingProfitMargin" : 6.61,
    "operatingProfit" : 19.35,
    "netProfitMargin" : 2.45,
    "netProfit" : 7.17
  }, {
    "date" : "2023-09-30",
    "sales" : 358.34,
    "salesGrowthYoY" : 9.08,
    "grossProfitMargin" : 44.92,
    "grossProfit" : 160.97,
    "operatingProfitMargin" : 8.87,
    "operatingProfit" : 31.78,
    "netProfitMargin" : 4.64,
    "netProfit" : 16.63
  }, {
    "date" : "2023-12-31",
    "sales" : 320.36,
    "salesGrowthYoY" : -2.04,
    "grossProfitMargin" : 47.38,
    "grossProfit" : 151.79,
    "operatingProfitMargin" : 7.99,
    "operatingProfit" : 25.60,
    "netProfitMargin" : 3.55,
    "netProfit" : 11.37
  }, {
    "date" : "2024-03-31",
    "sales" : 295.47,
    "salesGrowthYoY" : -5.65,
    "grossProfitMargin" : 45.54,
    "grossProfit" : 134.56,
    "operatingProfitMargin" : 5.26,
    "operatingProfit" : 15.54,
    "netProfitMargin" : 1.57,
    "netProfit" : 4.64
  }, {
    "date" : "2024-06-30",
    "sales" : 300.10,
    "salesGrowthYoY" : 2.50,
    "grossProfitMargin" : 45.43,
    "grossProfit" : 136.34,
    "operatingProfitMargin" : 6.73,
    "operatingProfit" : 20.20,
    "netProfitMargin" : 2.12,
    "netProfit" : 6.36
  }, {
    "date" : "2024-09-30",
    "sales" : 330.42,
    "salesGrowthYoY" : -7.79,
    "grossProfitMargin" : 44.74,
    "grossProfit" : 147.83,
    "operatingProfitMargin" : 6.47,
    "operatingProfit" : 21.38,
    "netProfitMargin" : 2.58,
    "netProfit" : 8.52
  }, {
    "date" : "2024-12-31",
    "sales" : 291.41,
    "salesGrowthYoY" : -9.04,
    "grossProfitMargin" : 43.63,
    "grossProfit" : 127.14,
    "operatingProfitMargin" : 5.92,
    "operatingProfit" : 17.25,
    "netProfitMargin" : 2.05,
    "netProfit" : 5.97
  }, {
    "date" : "2025-03-31",
    "sales" : 329.75,
    "salesGrowthYoY" : 11.60,
    "grossProfitMargin" : 48.39,
    "grossProfit" : 159.57,
    "operatingProfitMargin" : 9.00,
    "operatingProfit" : 29.68,
    "netProfitMargin" : 4.11,
    "netProfit" : 13.55
  }, {
    "date" : "2025-06-30",
    "sales" : 331.86,
    "salesGrowthYoY" : 10.58,
    "grossProfitMargin" : 44.95,
    "grossProfit" : 149.17,
    "operatingProfitMargin" : 8.51,
    "operatingProfit" : 28.24,
    "netProfitMargin" : 3.77,
    "netProfit" : 12.51
  }, {
    "date" : "2025-09-30",
    "sales" : 298.74,
    "salesGrowthYoY" : -9.59,
    "grossProfitMargin" : 43.52,
    "grossProfit" : 130.01,
    "operatingProfitMargin" : 5.72,
    "operatingProfit" : 17.09,
    "netProfitMargin" : 1.59,
    "netProfit" : 4.75
  }, {
    "date" : "2025-12-31",
    "sales" : 329.62,
    "salesGrowthYoY" : 13.11,
    "grossProfitMargin" : 46.99,
    "grossProfit" : 154.89,
    "operatingProfitMargin" : 10.10,
    "operatingProfit" : 33.29,
    "netProfitMargin" : 4.82,
    "netProfit" : 15.89
  } ],
  "latestQuarterlyResult" : {
    "date" : "2025-12-31",
    "sales" : 329.62,
    "salesGrowthYoY" : 13.11,
    "grossProfitMargin" : 46.99,
    "grossProfit" : 154.89,
    "operatingProfitMargin" : 10.10,
    "operatingProfit" : 33.29,
    "netProfitMargin" : 4.82,
    "netProfit" : 15.89
  },
  "companyScore" : {
    "priceHigherThanDma50" : 5.00,
    "priceHigherThanDma100" : 5.00,
    "priceHigherThanDma200" : 5.00,
    "dma50HigherThanDma100" : 0.00,
    "dma50HigherThanDma200" : 0.00,
    "dma100HigherThanDma200" : 0.00,
    "pricePercentageAboveDma50" : 4.47,
    "pricePercentageAboveDma100" : 4.62,
    "pricePercentageAboveDma200" : 4.95,
    "weeklyVolumeHigherThanYearlyVolume" : 5.00,
    "salesGrowthPercentile" : 12.00,
    "operatingProfitMarginPercentile" : 15.21,
    "netProfitMarginPercentile" : 6.33,
    "totalTechnicalScore" : 34.03,
    "totalFundamentalScore" : 33.54,
    "totalScore" : 67.57
  }
}