{
  "metadata" : {
    "screenerCompanyId" : "2241",
    "companyCode" : "NETWORK18",
    "companyName" : "Netwrk.18 Media",
    "screenerCompanyLink" : "https://www.screener.in/company/NETWORK18/consolidated/",
    "screenerTechnicalHistoryLink" : "https://www.screener.in/api/company/2241/chart/?q=Price-DMA50-DMA200-Volume&days=365",
    "screenerQuarterlyResultsLink" : "https://www.screener.in/api/company/2241/chart/?q=GPM-OPM-NPM-Quarter+Sales&days=10000",
    "attributes" : {
      "companyCode" : "NETWORK18",
      "companyName" : "Netwrk.18 Media",
      "marketCap" : 5810.00,
      "peRatio" : 174.00,
      "description" : "Network 18 Media & Investments is engaged in activities spanning across Digital Content, Print and Allied Businesses.(Source : 202003-01 Annual Report Page No:15)"
    },
    "companyScore" : {
      "priceHigherThanDma50" : 0.00,
      "priceHigherThanDma100" : 0.00,
      "priceHigherThanDma200" : 0.00,
      "dma50HigherThanDma100" : 0.00,
      "dma50HigherThanDma200" : 0.00,
      "dma100HigherThanDma200" : 0.00,
      "pricePercentageAboveDma50" : 5.32,
      "pricePercentageAboveDma100" : 5.74,
      "pricePercentageAboveDma200" : 6.11,
      "weeklyVolumeHigherThanYearlyVolume" : 0.00,
      "salesGrowthPercentile" : 9.72,
      "operatingProfitMarginPercentile" : 17.37,
      "netProfitMarginPercentile" : 8.68,
      "totalTechnicalScore" : 17.18,
      "totalFundamentalScore" : 35.77,
      "totalScore" : 52.95
    }
  },
  "attributes" : {
    "companyCode" : "NETWORK18",
    "companyName" : "Netwrk.18 Media",
    "marketCap" : 5810.00,
    "peRatio" : 174.00,
    "description" : "Network 18 Media & Investments is engaged in activities spanning across Digital Content, Print and Allied Businesses.(Source : 202003-01 Annual Report Page No:15)"
  },
  "technicalHistory" : [ {
    "date" : "2025-02-19",
    "price" : 46.93,
    "dma50" : 58.82,
    "dma100" : null,
    "dma200" : 74.62,
    "volume" : 3618019.00
  }, {
    "date" : "2025-02-20",
    "price" : 47.67,
    "dma50" : 58.38,
    "dma100" : null,
    "dma200" : 74.35,
    "volume" : 2722175.00
  }, {
    "date" : "2025-02-21",
    "price" : 46.31,
    "dma50" : 57.91,
    "dma100" : null,
    "dma200" : 74.07,
    "volume" : 6353789.00
  }, {
    "date" : "2025-02-24",
    "price" : 45.26,
    "dma50" : 57.41,
    "dma100" : null,
    "dma200" : 73.78,
    "volume" : 4045259.00
  }, {
    "date" : "2025-02-25",
    "price" : 45.17,
    "dma50" : 56.93,
    "dma100" : null,
    "dma200" : 73.50,
    "volume" : 2536234.00
  }, {
    "date" : "2025-02-27",
    "price" : 43.53,
    "dma50" : 56.40,
    "dma100" : null,
    "dma200" : 73.20,
    "volume" : 4420087.00
  }, {
    "date" : "2025-02-28",
    "price" : 41.32,
    "dma50" : 55.81,
    "dma100" : null,
    "dma200" : 72.88,
    "volume" : 6121430.00
  }, {
    "date" : "2025-03-03",
    "price" : 40.80,
    "dma50" : 55.22,
    "dma100" : null,
    "dma200" : 72.56,
    "volume" : 8126012.00
  }, {
    "date" : "2025-03-04",
    "price" : 41.67,
    "dma50" : 54.69,
    "dma100" : null,
    "dma200" : 72.26,
    "volume" : 6006711.00
  }, {
    "date" : "2025-03-05",
    "price" : 43.00,
    "dma50" : 54.23,
    "dma100" : null,
    "dma200" : 71.97,
    "volume" : 4269841.00
  }, {
    "date" : "2025-03-06",
    "price" : 44.05,
    "dma50" : 53.83,
    "dma100" : null,
    "dma200" : 71.69,
    "volume" : 5127972.00
  }, {
    "date" : "2025-03-07",
    "price" : 45.45,
    "dma50" : 53.51,
    "dma100" : null,
    "dma200" : 71.43,
    "volume" : 9480090.00
  }, {
    "date" : "2025-03-10",
    "price" : 44.19,
    "dma50" : 53.14,
    "dma100" : null,
    "dma200" : 71.16,
    "volume" : 5478909.00
  }, {
    "date" : "2025-03-11",
    "price" : 42.95,
    "dma50" : 52.74,
    "dma100" : null,
    "dma200" : 70.87,
    "volume" : 6399206.00
  }, {
    "date" : "2025-03-12",
    "price" : 41.93,
    "dma50" : 52.32,
    "dma100" : null,
    "dma200" : 70.59,
    "volume" : 4429424.00
  }, {
    "date" : "2025-03-13",
    "price" : 41.49,
    "dma50" : 51.89,
    "dma100" : null,
    "dma200" : 70.30,
    "volume" : 6163304.00
  }, {
    "date" : "2025-03-17",
    "price" : 40.53,
    "dma50" : 51.45,
    "dma100" : null,
    "dma200" : 70.00,
    "volume" : 6632366.00
  }, {
    "date" : "2025-03-18",
    "price" : 42.35,
    "dma50" : 51.09,
    "dma100" : null,
    "dma200" : 69.73,
    "volume" : 6161867.00
  }, {
    "date" : "2025-03-19",
    "price" : 43.87,
    "dma50" : 50.81,
    "dma100" : null,
    "dma200" : 69.47,
    "volume" : 7446641.00
  }, {
    "date" : "2025-03-20",
    "price" : 44.01,
    "dma50" : 50.54,
    "dma100" : null,
    "dma200" : 69.22,
    "volume" : 6983857.00
  }, {
    "date" : "2025-03-21",
    "price" : 47.44,
    "dma50" : 50.42,
    "dma100" : null,
    "dma200" : 69.00,
    "volume" : 14760004.00
  }, {
    "date" : "2025-03-24",
    "price" : 47.49,
    "dma50" : 50.30,
    "dma100" : null,
    "dma200" : 68.78,
    "volume" : 8478449.00
  }, {
    "date" : "2025-03-25",
    "price" : 45.36,
    "dma50" : 50.11,
    "dma100" : null,
    "dma200" : 68.55,
    "volume" : 8871087.00
  }, {
    "date" : "2025-03-26",
    "price" : 44.51,
    "dma50" : 49.89,
    "dma100" : null,
    "dma200" : 68.31,
    "volume" : 7679039.00
  }, {
    "date" : "2025-03-27",
    "price" : 44.96,
    "dma50" : 49.70,
    "dma100" : null,
    "dma200" : 68.08,
    "volume" : 10927436.00
  }, {
    "date" : "2025-03-28",
    "price" : 43.41,
    "dma50" : 49.45,
    "dma100" : null,
    "dma200" : 67.83,
    "volume" : 6294196.00
  }, {
    "date" : "2025-04-01",
    "price" : 44.96,
    "dma50" : 49.27,
    "dma100" : null,
    "dma200" : 67.61,
    "volume" : 4663712.00
  }, {
    "date" : "2025-04-02",
    "price" : 44.70,
    "dma50" : 49.10,
    "dma100" : null,
    "dma200" : 67.38,
    "volume" : 2482553.00
  }, {
    "date" : "2025-04-03",
    "price" : 45.42,
    "dma50" : 48.95,
    "dma100" : null,
    "dma200" : 67.16,
    "volume" : 2631095.00
  }, {
    "date" : "2025-04-04",
    "price" : 43.28,
    "dma50" : 48.73,
    "dma100" : null,
    "dma200" : 66.92,
    "volume" : 4991473.00
  }, {
    "date" : "2025-04-07",
    "price" : 41.23,
    "dma50" : 48.43,
    "dma100" : null,
    "dma200" : 66.67,
    "volume" : 6121303.00
  }, {
    "date" : "2025-04-08",
    "price" : 41.71,
    "dma50" : 48.17,
    "dma100" : null,
    "dma200" : 66.42,
    "volume" : 2969211.00
  }, {
    "date" : "2025-04-09",
    "price" : 41.06,
    "dma50" : 47.89,
    "dma100" : null,
    "dma200" : 66.17,
    "volume" : 2151754.00
  }, {
    "date" : "2025-04-11",
    "price" : 41.79,
    "dma50" : 47.65,
    "dma100" : null,
    "dma200" : 65.92,
    "volume" : 2605709.00
  }, {
    "date" : "2025-04-15",
    "price" : 43.76,
    "dma50" : 47.50,
    "dma100" : null,
    "dma200" : 65.70,
    "volume" : 3120012.00
  }, {
    "date" : "2025-04-16",
    "price" : 45.11,
    "dma50" : 47.41,
    "dma100" : null,
    "dma200" : 65.50,
    "volume" : 4508335.00
  }, {
    "date" : "2025-04-17",
    "price" : 44.89,
    "dma50" : 47.31,
    "dma100" : null,
    "dma200" : 65.29,
    "volume" : 2708845.00
  }, {
    "date" : "2025-04-21",
    "price" : 45.11,
    "dma50" : 47.22,
    "dma100" : null,
    "dma200" : 65.09,
    "volume" : 6422258.00
  }, {
    "date" : "2025-04-22",
    "price" : 45.79,
    "dma50" : 47.17,
    "dma100" : null,
    "dma200" : 64.90,
    "volume" : 7404206.00
  }, {
    "date" : "2025-04-23",
    "price" : 45.87,
    "dma50" : 47.11,
    "dma100" : null,
    "dma200" : 64.71,
    "volume" : 3484617.00
  }, {
    "date" : "2025-04-24",
    "price" : 46.15,
    "dma50" : 47.08,
    "dma100" : null,
    "dma200" : 64.53,
    "volume" : 4776100.00
  }, {
    "date" : "2025-04-25",
    "price" : 43.69,
    "dma50" : 46.94,
    "dma100" : null,
    "dma200" : 64.32,
    "volume" : 6166734.00
  }, {
    "date" : "2025-04-28",
    "price" : 43.45,
    "dma50" : 46.81,
    "dma100" : null,
    "dma200" : 64.11,
    "volume" : 2416708.00
  }, {
    "date" : "2025-04-29",
    "price" : 45.27,
    "dma50" : 46.75,
    "dma100" : null,
    "dma200" : 63.92,
    "volume" : 12852673.00
  }, {
    "date" : "2025-04-30",
    "price" : 43.54,
    "dma50" : 46.62,
    "dma100" : null,
    "dma200" : 63.72,
    "volume" : 3302920.00
  }, {
    "date" : "2025-05-02",
    "price" : 43.07,
    "dma50" : 46.48,
    "dma100" : null,
    "dma200" : 63.52,
    "volume" : 3092173.00
  }, {
    "date" : "2025-05-05",
    "price" : 43.16,
    "dma50" : 46.35,
    "dma100" : null,
    "dma200" : 63.31,
    "volume" : 2350035.00
  }, {
    "date" : "2025-05-06",
    "price" : 42.39,
    "dma50" : 46.20,
    "dma100" : null,
    "dma200" : 63.10,
    "volume" : 4437456.00
  }, {
    "date" : "2025-05-07",
    "price" : 42.48,
    "dma50" : 46.05,
    "dma100" : null,
    "dma200" : 62.90,
    "volume" : 3464897.00
  }, {
    "date" : "2025-05-08",
    "price" : 42.54,
    "dma50" : 45.91,
    "dma100" : null,
    "dma200" : 62.70,
    "volume" : 3463438.00
  }, {
    "date" : "2025-05-09",
    "price" : 42.49,
    "dma50" : 45.78,
    "dma100" : null,
    "dma200" : 62.50,
    "volume" : 3235512.00
  }, {
    "date" : "2025-05-12",
    "price" : 45.20,
    "dma50" : 45.76,
    "dma100" : null,
    "dma200" : 62.32,
    "volume" : 6091562.00
  }, {
    "date" : "2025-05-13",
    "price" : 45.61,
    "dma50" : 45.75,
    "dma100" : null,
    "dma200" : 62.16,
    "volume" : 2849415.00
  }, {
    "date" : "2025-05-14",
    "price" : 46.59,
    "dma50" : 45.78,
    "dma100" : null,
    "dma200" : 62.00,
    "volume" : 3517218.00
  }, {
    "date" : "2025-05-15",
    "price" : 46.52,
    "dma50" : 45.81,
    "dma100" : null,
    "dma200" : 61.85,
    "volume" : 3484911.00
  }, {
    "date" : "2025-05-16",
    "price" : 47.60,
    "dma50" : 45.88,
    "dma100" : null,
    "dma200" : 61.71,
    "volume" : 4081135.00
  }, {
    "date" : "2025-05-19",
    "price" : 47.58,
    "dma50" : 45.95,
    "dma100" : null,
    "dma200" : 61.57,
    "volume" : 3217659.00
  }, {
    "date" : "2025-05-20",
    "price" : 46.62,
    "dma50" : 45.97,
    "dma100" : null,
    "dma200" : 61.42,
    "volume" : 3223365.00
  }, {
    "date" : "2025-05-21",
    "price" : 46.69,
    "dma50" : 46.00,
    "dma100" : null,
    "dma200" : 61.27,
    "volume" : 2628584.00
  }, {
    "date" : "2025-05-22",
    "price" : 48.56,
    "dma50" : 46.10,
    "dma100" : null,
    "dma200" : 61.14,
    "volume" : 21029814.00
  }, {
    "date" : "2025-05-23",
    "price" : 48.82,
    "dma50" : 46.21,
    "dma100" : null,
    "dma200" : 61.02,
    "volume" : 4094346.00
  }, {
    "date" : "2025-05-26",
    "price" : 50.01,
    "dma50" : 46.36,
    "dma100" : null,
    "dma200" : 60.91,
    "volume" : 6351741.00
  }, {
    "date" : "2025-05-27",
    "price" : 50.06,
    "dma50" : 46.50,
    "dma100" : null,
    "dma200" : 60.80,
    "volume" : 8600554.00
  }, {
    "date" : "2025-05-28",
    "price" : 52.69,
    "dma50" : 46.75,
    "dma100" : null,
    "dma200" : 60.72,
    "volume" : 16246223.00
  }, {
    "date" : "2025-05-29",
    "price" : 54.79,
    "dma50" : 47.06,
    "dma100" : null,
    "dma200" : 60.66,
    "volume" : 18247962.00
  }, {
    "date" : "2025-05-30",
    "price" : 54.54,
    "dma50" : 47.36,
    "dma100" : null,
    "dma200" : 60.60,
    "volume" : 8027095.00
  }, {
    "date" : "2025-06-02",
    "price" : 56.62,
    "dma50" : 47.72,
    "dma100" : null,
    "dma200" : 60.56,
    "volume" : 13605524.00
  }, {
    "date" : "2025-06-03",
    "price" : 55.09,
    "dma50" : 48.01,
    "dma100" : null,
    "dma200" : 60.51,
    "volume" : 6260217.00
  }, {
    "date" : "2025-06-04",
    "price" : 55.32,
    "dma50" : 48.29,
    "dma100" : null,
    "dma200" : 60.46,
    "volume" : 4284470.00
  }, {
    "date" : "2025-06-05",
    "price" : 54.69,
    "dma50" : 48.55,
    "dma100" : null,
    "dma200" : 60.40,
    "volume" : 3877481.00
  }, {
    "date" : "2025-06-06",
    "price" : 54.14,
    "dma50" : 48.76,
    "dma100" : null,
    "dma200" : 60.34,
    "volume" : 2746996.00
  }, {
    "date" : "2025-06-09",
    "price" : 54.48,
    "dma50" : 48.99,
    "dma100" : null,
    "dma200" : 60.28,
    "volume" : 3216520.00
  }, {
    "date" : "2025-06-10",
    "price" : 57.08,
    "dma50" : 49.31,
    "dma100" : null,
    "dma200" : 60.25,
    "volume" : 13521748.00
  }, {
    "date" : "2025-06-11",
    "price" : 56.68,
    "dma50" : 49.60,
    "dma100" : null,
    "dma200" : 60.21,
    "volume" : 8989973.00
  }, {
    "date" : "2025-06-12",
    "price" : 55.17,
    "dma50" : 49.81,
    "dma100" : null,
    "dma200" : 60.16,
    "volume" : 4581996.00
  }, {
    "date" : "2025-06-13",
    "price" : 53.36,
    "dma50" : 49.95,
    "dma100" : null,
    "dma200" : 60.09,
    "volume" : 4987597.00
  }, {
    "date" : "2025-06-16",
    "price" : 54.62,
    "dma50" : 50.14,
    "dma100" : null,
    "dma200" : 60.04,
    "volume" : 4672407.00
  }, {
    "date" : "2025-06-17",
    "price" : 53.14,
    "dma50" : 50.25,
    "dma100" : null,
    "dma200" : 59.97,
    "volume" : 3288733.00
  }, {
    "date" : "2025-06-18",
    "price" : 52.87,
    "dma50" : 50.36,
    "dma100" : null,
    "dma200" : 59.90,
    "volume" : 2649871.00
  }, {
    "date" : "2025-06-19",
    "price" : 52.49,
    "dma50" : 50.44,
    "dma100" : null,
    "dma200" : 59.83,
    "volume" : 4520189.00
  }, {
    "date" : "2025-06-20",
    "price" : 52.26,
    "dma50" : 50.51,
    "dma100" : null,
    "dma200" : 59.75,
    "volume" : 4468063.00
  }, {
    "date" : "2025-06-23",
    "price" : 54.25,
    "dma50" : 50.66,
    "dma100" : null,
    "dma200" : 59.70,
    "volume" : 8275160.00
  }, {
    "date" : "2025-06-24",
    "price" : 53.66,
    "dma50" : 50.78,
    "dma100" : null,
    "dma200" : 59.64,
    "volume" : 3994541.00
  }, {
    "date" : "2025-06-25",
    "price" : 61.82,
    "dma50" : 51.21,
    "dma100" : null,
    "dma200" : 59.66,
    "volume" : 159889012.00
  }, {
    "date" : "2025-06-26",
    "price" : 59.54,
    "dma50" : 51.54,
    "dma100" : null,
    "dma200" : 59.66,
    "volume" : 21103916.00
  }, {
    "date" : "2025-06-27",
    "price" : 58.88,
    "dma50" : 51.82,
    "dma100" : null,
    "dma200" : 59.65,
    "volume" : 7412644.00
  }, {
    "date" : "2025-06-30",
    "price" : 58.88,
    "dma50" : 52.10,
    "dma100" : null,
    "dma200" : 59.64,
    "volume" : 7884430.00
  }, {
    "date" : "2025-07-01",
    "price" : 57.93,
    "dma50" : 52.33,
    "dma100" : null,
    "dma200" : 59.63,
    "volume" : 4533368.00
  }, {
    "date" : "2025-07-02",
    "price" : 57.02,
    "dma50" : 52.51,
    "dma100" : null,
    "dma200" : 59.60,
    "volume" : 5460084.00
  }, {
    "date" : "2025-07-03",
    "price" : 58.11,
    "dma50" : 52.73,
    "dma100" : null,
    "dma200" : 59.58,
    "volume" : 7257063.00
  }, {
    "date" : "2025-07-04",
    "price" : 56.42,
    "dma50" : 52.88,
    "dma100" : null,
    "dma200" : 59.55,
    "volume" : 6708105.00
  }, {
    "date" : "2025-07-07",
    "price" : 56.33,
    "dma50" : 53.01,
    "dma100" : null,
    "dma200" : 59.52,
    "volume" : 3171364.00
  }, {
    "date" : "2025-07-08",
    "price" : 55.86,
    "dma50" : 53.12,
    "dma100" : null,
    "dma200" : 59.48,
    "volume" : 2806133.00
  }, {
    "date" : "2025-07-09",
    "price" : 56.03,
    "dma50" : 53.24,
    "dma100" : null,
    "dma200" : 59.45,
    "volume" : 2722035.00
  }, {
    "date" : "2025-07-10",
    "price" : 55.68,
    "dma50" : 53.33,
    "dma100" : null,
    "dma200" : 59.41,
    "volume" : 3217544.00
  }, {
    "date" : "2025-07-11",
    "price" : 54.81,
    "dma50" : 53.39,
    "dma100" : null,
    "dma200" : 59.37,
    "volume" : 4419515.00
  }, {
    "date" : "2025-07-14",
    "price" : 56.09,
    "dma50" : 53.50,
    "dma100" : null,
    "dma200" : 59.33,
    "volume" : 4897639.00
  }, {
    "date" : "2025-07-15",
    "price" : 55.71,
    "dma50" : 53.58,
    "dma100" : null,
    "dma200" : 59.30,
    "volume" : 3832196.00
  }, {
    "date" : "2025-07-16",
    "price" : 63.14,
    "dma50" : 53.96,
    "dma100" : null,
    "dma200" : 59.34,
    "volume" : 345867954.00
  }, {
    "date" : "2025-07-17",
    "price" : 60.78,
    "dma50" : 54.23,
    "dma100" : null,
    "dma200" : 59.35,
    "volume" : 48925189.00
  }, {
    "date" : "2025-07-18",
    "price" : 61.23,
    "dma50" : 54.50,
    "dma100" : 48.94,
    "dma200" : 59.37,
    "volume" : 23540999.00
  }, {
    "date" : "2025-07-21",
    "price" : 59.61,
    "dma50" : 54.70,
    "dma100" : 49.06,
    "dma200" : 59.37,
    "volume" : 8154531.00
  }, {
    "date" : "2025-07-22",
    "price" : 58.75,
    "dma50" : 54.86,
    "dma100" : 49.18,
    "dma200" : 59.37,
    "volume" : 5247537.00
  }, {
    "date" : "2025-07-23",
    "price" : 60.10,
    "dma50" : 55.07,
    "dma100" : 49.33,
    "dma200" : 59.37,
    "volume" : 8998866.00
  }, {
    "date" : "2025-07-24",
    "price" : 59.95,
    "dma50" : 55.26,
    "dma100" : 49.48,
    "dma200" : 59.38,
    "volume" : 4343155.00
  }, {
    "date" : "2025-07-25",
    "price" : 57.70,
    "dma50" : 55.35,
    "dma100" : 49.62,
    "dma200" : 59.36,
    "volume" : 4181850.00
  }, {
    "date" : "2025-07-28",
    "price" : 56.25,
    "dma50" : 55.39,
    "dma100" : 49.77,
    "dma200" : 59.33,
    "volume" : 5121218.00
  }, {
    "date" : "2025-07-29",
    "price" : 56.46,
    "dma50" : 55.43,
    "dma100" : 49.92,
    "dma200" : 59.30,
    "volume" : 4641565.00
  }, {
    "date" : "2025-07-30",
    "price" : 56.17,
    "dma50" : 55.46,
    "dma100" : 50.07,
    "dma200" : 59.27,
    "volume" : 2082927.00
  }, {
    "date" : "2025-07-31",
    "price" : 55.50,
    "dma50" : 55.46,
    "dma100" : 50.19,
    "dma200" : 59.23,
    "volume" : 3380134.00
  }, {
    "date" : "2025-08-01",
    "price" : 57.47,
    "dma50" : 55.54,
    "dma100" : 50.33,
    "dma200" : 59.22,
    "volume" : 81518964.00
  }, {
    "date" : "2025-08-04",
    "price" : 59.33,
    "dma50" : 55.69,
    "dma100" : 50.47,
    "dma200" : 59.22,
    "volume" : 16276400.00
  }, {
    "date" : "2025-08-05",
    "price" : 58.31,
    "dma50" : 55.79,
    "dma100" : 50.61,
    "dma200" : 59.21,
    "volume" : 4660331.00
  }, {
    "date" : "2025-08-06",
    "price" : 57.24,
    "dma50" : 55.85,
    "dma100" : 50.75,
    "dma200" : 59.19,
    "volume" : 4186644.00
  }, {
    "date" : "2025-08-07",
    "price" : 56.29,
    "dma50" : 55.87,
    "dma100" : 50.90,
    "dma200" : 59.16,
    "volume" : 8444788.00
  }, {
    "date" : "2025-08-08",
    "price" : 57.76,
    "dma50" : 55.94,
    "dma100" : 51.06,
    "dma200" : 59.15,
    "volume" : 15696472.00
  }, {
    "date" : "2025-08-11",
    "price" : 56.10,
    "dma50" : 55.95,
    "dma100" : 51.21,
    "dma200" : 59.12,
    "volume" : 5943082.00
  }, {
    "date" : "2025-08-12",
    "price" : 56.19,
    "dma50" : 55.96,
    "dma100" : 51.35,
    "dma200" : 59.09,
    "volume" : 2921178.00
  }, {
    "date" : "2025-08-13",
    "price" : 56.88,
    "dma50" : 55.99,
    "dma100" : 51.48,
    "dma200" : 59.06,
    "volume" : 4021221.00
  }, {
    "date" : "2025-08-14",
    "price" : 56.21,
    "dma50" : 56.00,
    "dma100" : 51.60,
    "dma200" : 59.04,
    "volume" : 2107960.00
  }, {
    "date" : "2025-08-18",
    "price" : 56.81,
    "dma50" : 56.03,
    "dma100" : 51.70,
    "dma200" : 59.01,
    "volume" : 3232252.00
  }, {
    "date" : "2025-08-19",
    "price" : 57.90,
    "dma50" : 56.11,
    "dma100" : 51.80,
    "dma200" : 59.00,
    "volume" : 4433333.00
  }, {
    "date" : "2025-08-20",
    "price" : 57.63,
    "dma50" : 56.17,
    "dma100" : 51.92,
    "dma200" : 58.99,
    "volume" : 3076806.00
  }, {
    "date" : "2025-08-21",
    "price" : 56.25,
    "dma50" : 56.17,
    "dma100" : 52.04,
    "dma200" : 58.96,
    "volume" : 3158818.00
  }, {
    "date" : "2025-08-22",
    "price" : 56.02,
    "dma50" : 56.16,
    "dma100" : 52.15,
    "dma200" : 58.93,
    "volume" : 2971716.00
  }, {
    "date" : "2025-08-25",
    "price" : 55.23,
    "dma50" : 56.13,
    "dma100" : 52.27,
    "dma200" : 58.90,
    "volume" : 2636476.00
  }, {
    "date" : "2025-08-26",
    "price" : 53.49,
    "dma50" : 56.02,
    "dma100" : 52.36,
    "dma200" : 58.84,
    "volume" : 3779536.00
  }, {
    "date" : "2025-08-28",
    "price" : 52.75,
    "dma50" : 55.89,
    "dma100" : 52.44,
    "dma200" : 58.78,
    "volume" : 3134515.00
  }, {
    "date" : "2025-08-29",
    "price" : 52.83,
    "dma50" : 55.77,
    "dma100" : 52.51,
    "dma200" : 58.72,
    "volume" : 4509929.00
  }, {
    "date" : "2025-09-01",
    "price" : 53.56,
    "dma50" : 55.69,
    "dma100" : 52.61,
    "dma200" : 58.67,
    "volume" : 2983075.00
  }, {
    "date" : "2025-09-02",
    "price" : 53.77,
    "dma50" : 55.61,
    "dma100" : 52.74,
    "dma200" : 58.62,
    "volume" : 6555961.00
  }, {
    "date" : "2025-09-03",
    "price" : 54.66,
    "dma50" : 55.57,
    "dma100" : 52.87,
    "dma200" : 58.58,
    "volume" : 4096543.00
  }, {
    "date" : "2025-09-04",
    "price" : 54.00,
    "dma50" : 55.51,
    "dma100" : 53.00,
    "dma200" : 58.54,
    "volume" : 2694520.00
  }, {
    "date" : "2025-09-05",
    "price" : 54.04,
    "dma50" : 55.46,
    "dma100" : 53.12,
    "dma200" : 58.49,
    "volume" : 2101754.00
  }, {
    "date" : "2025-09-08",
    "price" : 55.03,
    "dma50" : 55.44,
    "dma100" : 53.23,
    "dma200" : 58.46,
    "volume" : 7839307.00
  }, {
    "date" : "2025-09-09",
    "price" : 54.43,
    "dma50" : 55.40,
    "dma100" : 53.33,
    "dma200" : 58.42,
    "volume" : 2747872.00
  }, {
    "date" : "2025-09-10",
    "price" : 54.47,
    "dma50" : 55.36,
    "dma100" : 53.42,
    "dma200" : 58.38,
    "volume" : 2546907.00
  }, {
    "date" : "2025-09-11",
    "price" : 54.22,
    "dma50" : 55.32,
    "dma100" : 53.51,
    "dma200" : 58.34,
    "volume" : 3801767.00
  }, {
    "date" : "2025-09-12",
    "price" : 54.20,
    "dma50" : 55.27,
    "dma100" : 53.60,
    "dma200" : 58.30,
    "volume" : 2754441.00
  }, {
    "date" : "2025-09-15",
    "price" : 54.06,
    "dma50" : 55.23,
    "dma100" : 53.68,
    "dma200" : 58.25,
    "volume" : 3080904.00
  }, {
    "date" : "2025-09-16",
    "price" : 54.79,
    "dma50" : 55.21,
    "dma100" : 53.77,
    "dma200" : 58.22,
    "volume" : 5172992.00
  }, {
    "date" : "2025-09-17",
    "price" : 56.22,
    "dma50" : 55.25,
    "dma100" : 53.89,
    "dma200" : 58.20,
    "volume" : 16866503.00
  }, {
    "date" : "2025-09-18",
    "price" : 55.71,
    "dma50" : 55.27,
    "dma100" : 54.01,
    "dma200" : 58.17,
    "volume" : 3010877.00
  }, {
    "date" : "2025-09-19",
    "price" : 55.43,
    "dma50" : 55.27,
    "dma100" : 54.12,
    "dma200" : 58.15,
    "volume" : 2194798.00
  }, {
    "date" : "2025-09-22",
    "price" : 55.05,
    "dma50" : 55.26,
    "dma100" : 54.23,
    "dma200" : 58.12,
    "volume" : 4306214.00
  }, {
    "date" : "2025-09-23",
    "price" : 54.44,
    "dma50" : 55.23,
    "dma100" : 54.34,
    "dma200" : 58.08,
    "volume" : 3390158.00
  }, {
    "date" : "2025-09-24",
    "price" : 53.87,
    "dma50" : 55.18,
    "dma100" : 54.45,
    "dma200" : 58.04,
    "volume" : 1996585.00
  }, {
    "date" : "2025-09-25",
    "price" : 53.24,
    "dma50" : 55.10,
    "dma100" : 54.56,
    "dma200" : 57.99,
    "volume" : 2116663.00
  }, {
    "date" : "2025-09-26",
    "price" : 51.68,
    "dma50" : 54.97,
    "dma100" : 54.65,
    "dma200" : 57.93,
    "volume" : 2703122.00
  }, {
    "date" : "2025-09-29",
    "price" : 51.59,
    "dma50" : 54.84,
    "dma100" : 54.74,
    "dma200" : 57.86,
    "volume" : 11843009.00
  }, {
    "date" : "2025-09-30",
    "price" : 51.45,
    "dma50" : 54.70,
    "dma100" : 54.83,
    "dma200" : 57.80,
    "volume" : 3226127.00
  }, {
    "date" : "2025-10-01",
    "price" : 52.10,
    "dma50" : 54.60,
    "dma100" : 54.90,
    "dma200" : 57.74,
    "volume" : 3526561.00
  }, {
    "date" : "2025-10-03",
    "price" : 52.31,
    "dma50" : 54.51,
    "dma100" : 54.97,
    "dma200" : 57.69,
    "volume" : 2307773.00
  }, {
    "date" : "2025-10-06",
    "price" : 51.99,
    "dma50" : 54.41,
    "dma100" : 55.02,
    "dma200" : 57.63,
    "volume" : 1900738.00
  }, {
    "date" : "2025-10-07",
    "price" : 51.95,
    "dma50" : 54.32,
    "dma100" : 55.08,
    "dma200" : 57.58,
    "volume" : 1992012.00
  }, {
    "date" : "2025-10-08",
    "price" : 52.25,
    "dma50" : 54.23,
    "dma100" : 55.12,
    "dma200" : 57.52,
    "volume" : 2335208.00
  }, {
    "date" : "2025-10-09",
    "price" : 52.31,
    "dma50" : 54.16,
    "dma100" : 55.17,
    "dma200" : 57.47,
    "volume" : 2424517.00
  }, {
    "date" : "2025-10-10",
    "price" : 52.40,
    "dma50" : 54.09,
    "dma100" : 55.23,
    "dma200" : 57.42,
    "volume" : 2221844.00
  }, {
    "date" : "2025-10-13",
    "price" : 51.62,
    "dma50" : 53.99,
    "dma100" : 55.28,
    "dma200" : 57.36,
    "volume" : 2076775.00
  }, {
    "date" : "2025-10-14",
    "price" : 50.70,
    "dma50" : 53.86,
    "dma100" : 55.30,
    "dma200" : 57.30,
    "volume" : 2401194.00
  }, {
    "date" : "2025-10-15",
    "price" : 51.65,
    "dma50" : 53.78,
    "dma100" : 55.33,
    "dma200" : 57.24,
    "volume" : 2478065.00
  }, {
    "date" : "2025-10-16",
    "price" : 51.66,
    "dma50" : 53.69,
    "dma100" : 55.34,
    "dma200" : 57.19,
    "volume" : 4203342.00
  }, {
    "date" : "2025-10-17",
    "price" : 50.22,
    "dma50" : 53.56,
    "dma100" : 55.34,
    "dma200" : 57.12,
    "volume" : 3144090.00
  }, {
    "date" : "2025-10-20",
    "price" : 48.63,
    "dma50" : 53.36,
    "dma100" : 55.30,
    "dma200" : 57.03,
    "volume" : 5081097.00
  }, {
    "date" : "2025-10-21",
    "price" : 48.83,
    "dma50" : 53.19,
    "dma100" : 55.24,
    "dma200" : 56.95,
    "volume" : 1671407.00
  }, {
    "date" : "2025-10-23",
    "price" : 48.71,
    "dma50" : 53.01,
    "dma100" : 55.19,
    "dma200" : 56.87,
    "volume" : 3639652.00
  }, {
    "date" : "2025-10-24",
    "price" : 48.27,
    "dma50" : 52.83,
    "dma100" : 55.10,
    "dma200" : 56.78,
    "volume" : 2109061.00
  }, {
    "date" : "2025-10-27",
    "price" : 47.75,
    "dma50" : 52.63,
    "dma100" : 55.03,
    "dma200" : 56.69,
    "volume" : 3560830.00
  }, {
    "date" : "2025-10-28",
    "price" : 48.56,
    "dma50" : 52.47,
    "dma100" : 54.96,
    "dma200" : 56.61,
    "volume" : 3501642.00
  }, {
    "date" : "2025-10-29",
    "price" : 48.99,
    "dma50" : 52.33,
    "dma100" : 54.90,
    "dma200" : 56.54,
    "volume" : 3174822.00
  }, {
    "date" : "2025-10-30",
    "price" : 48.40,
    "dma50" : 52.18,
    "dma100" : 54.85,
    "dma200" : 56.46,
    "volume" : 2418615.00
  }, {
    "date" : "2025-10-31",
    "price" : 47.89,
    "dma50" : 52.01,
    "dma100" : 54.78,
    "dma200" : 56.37,
    "volume" : 2363286.00
  }, {
    "date" : "2025-11-03",
    "price" : 47.95,
    "dma50" : 51.85,
    "dma100" : 54.69,
    "dma200" : 56.29,
    "volume" : 2016983.00
  }, {
    "date" : "2025-11-04",
    "price" : 48.58,
    "dma50" : 51.72,
    "dma100" : 54.61,
    "dma200" : 56.21,
    "volume" : 8588635.00
  }, {
    "date" : "2025-11-06",
    "price" : 47.29,
    "dma50" : 51.55,
    "dma100" : 54.53,
    "dma200" : 56.12,
    "volume" : 3545735.00
  }, {
    "date" : "2025-11-07",
    "price" : 47.64,
    "dma50" : 51.39,
    "dma100" : 54.47,
    "dma200" : 56.04,
    "volume" : 2701730.00
  }, {
    "date" : "2025-11-10",
    "price" : 47.51,
    "dma50" : 51.24,
    "dma100" : 54.40,
    "dma200" : 55.95,
    "volume" : 1285324.00
  }, {
    "date" : "2025-11-11",
    "price" : 46.67,
    "dma50" : 51.06,
    "dma100" : 54.34,
    "dma200" : 55.86,
    "volume" : 2400328.00
  }, {
    "date" : "2025-11-12",
    "price" : 47.31,
    "dma50" : 50.92,
    "dma100" : 54.28,
    "dma200" : 55.77,
    "volume" : 2595245.00
  }, {
    "date" : "2025-11-13",
    "price" : 46.75,
    "dma50" : 50.75,
    "dma100" : 54.22,
    "dma200" : 55.68,
    "volume" : 1876206.00
  }, {
    "date" : "2025-11-14",
    "price" : 46.27,
    "dma50" : 50.58,
    "dma100" : 54.16,
    "dma200" : 55.59,
    "volume" : 2616030.00
  }, {
    "date" : "2025-11-17",
    "price" : 46.88,
    "dma50" : 50.43,
    "dma100" : 54.09,
    "dma200" : 55.50,
    "volume" : 4141318.00
  }, {
    "date" : "2025-11-18",
    "price" : 46.02,
    "dma50" : 50.26,
    "dma100" : 54.01,
    "dma200" : 55.41,
    "volume" : 3411721.00
  }, {
    "date" : "2025-11-19",
    "price" : 45.85,
    "dma50" : 50.09,
    "dma100" : 53.85,
    "dma200" : 55.31,
    "volume" : 3414709.00
  }, {
    "date" : "2025-11-20",
    "price" : 45.59,
    "dma50" : 49.91,
    "dma100" : 53.71,
    "dma200" : 55.22,
    "volume" : 1861418.00
  }, {
    "date" : "2025-11-21",
    "price" : 45.04,
    "dma50" : 49.72,
    "dma100" : 53.58,
    "dma200" : 55.12,
    "volume" : 2815662.00
  }, {
    "date" : "2025-11-24",
    "price" : 44.88,
    "dma50" : 49.53,
    "dma100" : 53.44,
    "dma200" : 55.01,
    "volume" : 2760585.00
  }, {
    "date" : "2025-11-25",
    "price" : 44.54,
    "dma50" : 49.33,
    "dma100" : 53.30,
    "dma200" : 54.91,
    "volume" : 2579506.00
  }, {
    "date" : "2025-11-26",
    "price" : 45.14,
    "dma50" : 49.17,
    "dma100" : 53.18,
    "dma200" : 54.81,
    "volume" : 1839702.00
  }, {
    "date" : "2025-11-27",
    "price" : 45.26,
    "dma50" : 49.02,
    "dma100" : 53.06,
    "dma200" : 54.72,
    "volume" : 2155659.00
  }, {
    "date" : "2025-11-28",
    "price" : 45.07,
    "dma50" : 48.86,
    "dma100" : 52.94,
    "dma200" : 54.62,
    "volume" : 3831822.00
  }, {
    "date" : "2025-12-01",
    "price" : 45.14,
    "dma50" : 48.71,
    "dma100" : 52.83,
    "dma200" : 54.53,
    "volume" : 2209199.00
  }, {
    "date" : "2025-12-02",
    "price" : 44.72,
    "dma50" : 48.56,
    "dma100" : 52.72,
    "dma200" : 54.43,
    "volume" : 2235882.00
  }, {
    "date" : "2025-12-03",
    "price" : 44.55,
    "dma50" : 48.40,
    "dma100" : 52.60,
    "dma200" : 54.33,
    "volume" : 1651741.00
  }, {
    "date" : "2025-12-04",
    "price" : 43.47,
    "dma50" : 48.21,
    "dma100" : 52.48,
    "dma200" : 54.22,
    "volume" : 3331516.00
  }, {
    "date" : "2025-12-05",
    "price" : 43.25,
    "dma50" : 48.01,
    "dma100" : 52.37,
    "dma200" : 54.11,
    "volume" : 2203871.00
  }, {
    "date" : "2025-12-08",
    "price" : 42.14,
    "dma50" : 47.78,
    "dma100" : 52.23,
    "dma200" : 54.00,
    "volume" : 3459479.00
  }, {
    "date" : "2025-12-09",
    "price" : 42.75,
    "dma50" : 47.59,
    "dma100" : 52.10,
    "dma200" : 53.88,
    "volume" : 3254340.00
  }, {
    "date" : "2025-12-10",
    "price" : 42.62,
    "dma50" : 47.39,
    "dma100" : 51.89,
    "dma200" : 53.77,
    "volume" : 2196053.00
  }, {
    "date" : "2025-12-11",
    "price" : 43.07,
    "dma50" : 47.22,
    "dma100" : 51.71,
    "dma200" : 53.66,
    "volume" : 1712521.00
  }, {
    "date" : "2025-12-12",
    "price" : 42.87,
    "dma50" : 47.05,
    "dma100" : 51.53,
    "dma200" : 53.56,
    "volume" : 2708854.00
  }, {
    "date" : "2025-12-15",
    "price" : 43.32,
    "dma50" : 46.90,
    "dma100" : 51.37,
    "dma200" : 53.46,
    "volume" : 1824298.00
  }, {
    "date" : "2025-12-16",
    "price" : 42.52,
    "dma50" : 46.73,
    "dma100" : 51.21,
    "dma200" : 53.35,
    "volume" : 2553134.00
  }, {
    "date" : "2025-12-17",
    "price" : 41.82,
    "dma50" : 46.54,
    "dma100" : 51.02,
    "dma200" : 53.23,
    "volume" : 1930612.00
  }, {
    "date" : "2025-12-18",
    "price" : 41.41,
    "dma50" : 46.34,
    "dma100" : 50.84,
    "dma200" : 53.11,
    "volume" : 2528585.00
  }, {
    "date" : "2025-12-19",
    "price" : 41.86,
    "dma50" : 46.16,
    "dma100" : 50.68,
    "dma200" : 53.00,
    "volume" : 2117808.00
  }, {
    "date" : "2025-12-22",
    "price" : 42.64,
    "dma50" : 46.02,
    "dma100" : 50.54,
    "dma200" : 52.90,
    "volume" : 2647114.00
  }, {
    "date" : "2025-12-23",
    "price" : 44.21,
    "dma50" : 45.95,
    "dma100" : 50.42,
    "dma200" : 52.81,
    "volume" : 6073353.00
  }, {
    "date" : "2025-12-24",
    "price" : 43.63,
    "dma50" : 45.86,
    "dma100" : 50.30,
    "dma200" : 52.72,
    "volume" : 2103960.00
  }, {
    "date" : "2025-12-26",
    "price" : 43.94,
    "dma50" : 45.79,
    "dma100" : 50.18,
    "dma200" : 52.63,
    "volume" : 3382736.00
  }, {
    "date" : "2025-12-29",
    "price" : 42.85,
    "dma50" : 45.67,
    "dma100" : 50.03,
    "dma200" : 52.54,
    "volume" : 2307910.00
  }, {
    "date" : "2025-12-30",
    "price" : 42.75,
    "dma50" : 45.56,
    "dma100" : 49.87,
    "dma200" : 52.44,
    "volume" : 1422201.00
  }, {
    "date" : "2025-12-31",
    "price" : 43.39,
    "dma50" : 45.47,
    "dma100" : 49.72,
    "dma200" : 52.35,
    "volume" : 2060703.00
  }, {
    "date" : "2026-01-01",
    "price" : 43.11,
    "dma50" : 45.38,
    "dma100" : 49.58,
    "dma200" : 52.26,
    "volume" : 1660594.00
  }, {
    "date" : "2026-01-02",
    "price" : 43.78,
    "dma50" : 45.32,
    "dma100" : 49.45,
    "dma200" : 52.17,
    "volume" : 2924577.00
  }, {
    "date" : "2026-01-05",
    "price" : 43.95,
    "dma50" : 45.26,
    "dma100" : 49.31,
    "dma200" : 52.09,
    "volume" : 2546819.00
  }, {
    "date" : "2026-01-06",
    "price" : 43.39,
    "dma50" : 45.19,
    "dma100" : 49.19,
    "dma200" : 52.00,
    "volume" : 1544653.00
  }, {
    "date" : "2026-01-07",
    "price" : 43.84,
    "dma50" : 45.14,
    "dma100" : 49.06,
    "dma200" : 51.92,
    "volume" : 1868310.00
  }, {
    "date" : "2026-01-08",
    "price" : 42.75,
    "dma50" : 45.04,
    "dma100" : 48.92,
    "dma200" : 51.83,
    "volume" : 2510645.00
  }, {
    "date" : "2026-01-09",
    "price" : 41.83,
    "dma50" : 44.92,
    "dma100" : 48.78,
    "dma200" : 51.73,
    "volume" : 3426913.00
  }, {
    "date" : "2026-01-12",
    "price" : 41.07,
    "dma50" : 44.77,
    "dma100" : 48.62,
    "dma200" : 51.63,
    "volume" : 3607547.00
  }, {
    "date" : "2026-01-13",
    "price" : 40.66,
    "dma50" : 44.61,
    "dma100" : 48.45,
    "dma200" : 51.52,
    "volume" : 2331267.00
  }, {
    "date" : "2026-01-14",
    "price" : 40.92,
    "dma50" : 44.46,
    "dma100" : 48.28,
    "dma200" : 51.41,
    "volume" : 1933091.00
  }, {
    "date" : "2026-01-16",
    "price" : 40.17,
    "dma50" : 44.29,
    "dma100" : 48.12,
    "dma200" : 51.30,
    "volume" : 3309176.00
  }, {
    "date" : "2026-01-19",
    "price" : 39.40,
    "dma50" : 44.10,
    "dma100" : 47.95,
    "dma200" : 51.18,
    "volume" : 2995448.00
  }, {
    "date" : "2026-01-20",
    "price" : 37.62,
    "dma50" : 43.85,
    "dma100" : 47.78,
    "dma200" : 51.05,
    "volume" : 4288004.00
  }, {
    "date" : "2026-01-21",
    "price" : 37.21,
    "dma50" : 43.59,
    "dma100" : 47.62,
    "dma200" : 50.91,
    "volume" : 4389831.00
  }, {
    "date" : "2026-01-22",
    "price" : 38.17,
    "dma50" : 43.37,
    "dma100" : 47.47,
    "dma200" : 50.78,
    "volume" : 1986818.00
  }, {
    "date" : "2026-01-23",
    "price" : 36.45,
    "dma50" : 43.10,
    "dma100" : 47.31,
    "dma200" : 50.64,
    "volume" : 3122596.00
  }, {
    "date" : "2026-01-27",
    "price" : 35.99,
    "dma50" : 42.82,
    "dma100" : 47.13,
    "dma200" : 50.49,
    "volume" : 4260536.00
  }, {
    "date" : "2026-01-28",
    "price" : 37.34,
    "dma50" : 42.61,
    "dma100" : 46.97,
    "dma200" : 50.36,
    "volume" : 2245542.00
  }, {
    "date" : "2026-01-29",
    "price" : 36.70,
    "dma50" : 42.38,
    "dma100" : 46.79,
    "dma200" : 50.23,
    "volume" : 2142871.00
  }, {
    "date" : "2026-01-30",
    "price" : 38.12,
    "dma50" : 42.21,
    "dma100" : 46.63,
    "dma200" : 50.11,
    "volume" : 4654584.00
  }, {
    "date" : "2026-02-01",
    "price" : 36.84,
    "dma50" : 42.00,
    "dma100" : 46.46,
    "dma200" : 49.97,
    "volume" : 1807647.00
  }, {
    "date" : "2026-02-02",
    "price" : 36.31,
    "dma50" : 41.78,
    "dma100" : 46.27,
    "dma200" : 49.84,
    "volume" : 4436502.00
  }, {
    "date" : "2026-02-03",
    "price" : 37.52,
    "dma50" : 41.61,
    "dma100" : 46.10,
    "dma200" : 49.72,
    "volume" : 3606365.00
  }, {
    "date" : "2026-02-04",
    "price" : 38.12,
    "dma50" : 41.47,
    "dma100" : 45.94,
    "dma200" : 49.60,
    "volume" : 3004194.00
  }, {
    "date" : "2026-02-05",
    "price" : 37.92,
    "dma50" : 41.33,
    "dma100" : 45.77,
    "dma200" : 49.48,
    "volume" : 2493671.00
  }, {
    "date" : "2026-02-06",
    "price" : 37.77,
    "dma50" : 41.19,
    "dma100" : 45.61,
    "dma200" : 49.37,
    "volume" : 2234641.00
  }, {
    "date" : "2026-02-09",
    "price" : 39.22,
    "dma50" : 41.12,
    "dma100" : 45.46,
    "dma200" : 49.27,
    "volume" : 4782263.00
  }, {
    "date" : "2026-02-10",
    "price" : 40.21,
    "dma50" : 41.08,
    "dma100" : 45.31,
    "dma200" : 49.18,
    "volume" : 4664158.00
  }, {
    "date" : "2026-02-11",
    "price" : 39.16,
    "dma50" : 41.01,
    "dma100" : 45.14,
    "dma200" : 49.08,
    "volume" : 3568776.00
  }, {
    "date" : "2026-02-12",
    "price" : 37.76,
    "dma50" : 40.88,
    "dma100" : 44.96,
    "dma200" : 48.96,
    "volume" : 3074700.00
  }, {
    "date" : "2026-02-13",
    "price" : 37.08,
    "dma50" : 40.73,
    "dma100" : 44.78,
    "dma200" : 48.85,
    "volume" : 2606407.00
  }, {
    "date" : "2026-02-16",
    "price" : 36.92,
    "dma50" : 40.58,
    "dma100" : 44.60,
    "dma200" : 48.73,
    "volume" : 1488909.00
  }, {
    "date" : "2026-02-17",
    "price" : 37.25,
    "dma50" : 40.45,
    "dma100" : 44.43,
    "dma200" : 48.61,
    "volume" : 2508246.00
  }, {
    "date" : "2026-02-18",
    "price" : 37.72,
    "dma50" : 40.34,
    "dma100" : 44.27,
    "dma200" : 48.51,
    "volume" : 1497000.00
  } ],
  "latestTechnicalAttributes" : {
    "date" : "2026-02-18",
    "price" : 37.72,
    "dma50" : 40.34,
    "dma100" : 44.27,
    "dma200" : 48.51,
    "volume" : 1497000.00
  },
  "quarterlyResults" : [ {
    "date" : "2007-03-31",
    "sales" : 7.61,
    "salesGrowthYoY" : null,
    "grossProfitMargin" : 100.00,
    "grossProfit" : 7.61,
    "operatingProfitMargin" : -50.33,
    "operatingProfit" : -3.83,
    "netProfitMargin" : 12.22,
    "netProfit" : 0.93
  }, {
    "date" : "2007-06-30",
    "sales" : 32.29,
    "salesGrowthYoY" : null,
    "grossProfitMargin" : 100.00,
    "grossProfit" : 32.29,
    "operatingProfitMargin" : -11.80,
    "operatingProfit" : -3.81,
    "netProfitMargin" : -20.22,
    "netProfit" : -6.53
  }, {
    "date" : "2007-09-30",
    "sales" : 3.55,
    "salesGrowthYoY" : null,
    "grossProfitMargin" : 100.00,
    "grossProfit" : 3.55,
    "operatingProfitMargin" : -266.76,
    "operatingProfit" : -9.47,
    "netProfitMargin" : -343.66,
    "netProfit" : -12.20
  }, {
    "date" : "2007-12-31",
    "sales" : 43.93,
    "salesGrowthYoY" : null,
    "grossProfitMargin" : 100.00,
    "grossProfit" : 43.93,
    "operatingProfitMargin" : 76.19,
    "operatingProfit" : 33.47,
    "netProfitMargin" : 69.04,
    "netProfit" : 30.33
  }, {
    "date" : "2008-03-31",
    "sales" : 62.33,
    "salesGrowthYoY" : 719.05,
    "grossProfitMargin" : 100.00,
    "grossProfit" : 62.33,
    "operatingProfitMargin" : 79.14,
    "operatingProfit" : 49.33,
    "netProfitMargin" : 52.03,
    "netProfit" : 32.43
  }, {
    "date" : "2008-06-30",
    "sales" : 23.29,
    "salesGrowthYoY" : -27.87,
    "grossProfitMargin" : 100.00,
    "grossProfit" : 23.29,
    "operatingProfitMargin" : 82.18,
    "operatingProfit" : 19.14,
    "netProfitMargin" : 19.67,
    "netProfit" : 4.58
  }, {
    "date" : "2008-09-30",
    "sales" : 50.60,
    "salesGrowthYoY" : 1325.35,
    "grossProfitMargin" : 100.00,
    "grossProfit" : 50.60,
    "operatingProfitMargin" : 50.99,
    "operatingProfit" : 25.80,
    "netProfitMargin" : 25.91,
    "netProfit" : 13.11
  }, {
    "date" : "2008-12-31",
    "sales" : 10.25,
    "salesGrowthYoY" : -76.67,
    "grossProfitMargin" : 100.00,
    "grossProfit" : 10.25,
    "operatingProfitMargin" : -42.44,
    "operatingProfit" : -4.35,
    "netProfitMargin" : -144.59,
    "netProfit" : -14.82
  }, {
    "date" : "2009-03-31",
    "sales" : 7.19,
    "salesGrowthYoY" : -88.46,
    "grossProfitMargin" : 100.00,
    "grossProfit" : 7.19,
    "operatingProfitMargin" : -130.60,
    "operatingProfit" : -9.39,
    "netProfitMargin" : -293.05,
    "netProfit" : -21.07
  }, {
    "date" : "2009-06-30",
    "sales" : 5.74,
    "salesGrowthYoY" : -75.35,
    "grossProfitMargin" : 100.00,
    "grossProfit" : 5.74,
    "operatingProfitMargin" : -57.14,
    "operatingProfit" : -3.28,
    "netProfitMargin" : -230.49,
    "netProfit" : -13.23
  }, {
    "date" : "2009-09-30",
    "sales" : 10.31,
    "salesGrowthYoY" : -79.62,
    "grossProfitMargin" : 100.00,
    "grossProfit" : 10.31,
    "operatingProfitMargin" : 6.01,
    "operatingProfit" : 0.62,
    "netProfitMargin" : -103.78,
    "netProfit" : -10.70
  }, {
    "date" : "2009-12-31",
    "sales" : 10.32,
    "salesGrowthYoY" : 0.68,
    "grossProfitMargin" : 100.00,
    "grossProfit" : 10.32,
    "operatingProfitMargin" : -33.62,
    "operatingProfit" : -3.47,
    "netProfitMargin" : -48.84,
    "netProfit" : -5.04
  }, {
    "date" : "2010-03-31",
    "sales" : 12.94,
    "salesGrowthYoY" : 79.97,
    "grossProfitMargin" : 100.00,
    "grossProfit" : 12.94,
    "operatingProfitMargin" : -25.35,
    "operatingProfit" : -3.28,
    "netProfitMargin" : -126.97,
    "netProfit" : -16.43
  }, {
    "date" : "2010-06-30",
    "sales" : 5.87,
    "salesGrowthYoY" : 2.26,
    "grossProfitMargin" : 100.00,
    "grossProfit" : 5.87,
    "operatingProfitMargin" : -54.00,
    "operatingProfit" : -3.17,
    "netProfitMargin" : -324.87,
    "netProfit" : -19.07
  }, {
    "date" : "2010-09-30",
    "sales" : 8.02,
    "salesGrowthYoY" : -22.21,
    "grossProfitMargin" : 100.00,
    "grossProfit" : 8.02,
    "operatingProfitMargin" : -61.97,
    "operatingProfit" : -4.97,
    "netProfitMargin" : -236.16,
    "netProfit" : -18.94
  }, {
    "date" : "2010-12-31",
    "sales" : 10.93,
    "salesGrowthYoY" : 5.91,
    "grossProfitMargin" : 100.00,
    "grossProfit" : 10.93,
    "operatingProfitMargin" : -27.36,
    "operatingProfit" : -2.99,
    "netProfitMargin" : -158.83,
    "netProfit" : -17.36
  }, {
    "date" : "2011-03-31",
    "sales" : 15.92,
    "salesGrowthYoY" : 23.03,
    "grossProfitMargin" : 100.00,
    "grossProfit" : 15.92,
    "operatingProfitMargin" : -26.70,
    "operatingProfit" : -4.25,
    "netProfitMargin" : -90.70,
    "netProfit" : -14.44
  }, {
    "date" : "2011-06-30",
    "sales" : 15.57,
    "salesGrowthYoY" : 165.25,
    "grossProfitMargin" : 100.00,
    "grossProfit" : 15.57,
    "operatingProfitMargin" : -81.05,
    "operatingProfit" : -12.62,
    "netProfitMargin" : -201.48,
    "netProfit" : -31.37
  }, {
    "date" : "2011-09-30",
    "sales" : 16.57,
    "salesGrowthYoY" : 106.61,
    "grossProfitMargin" : 100.00,
    "grossProfit" : 16.57,
    "operatingProfitMargin" : -74.59,
    "operatingProfit" : -12.36,
    "netProfitMargin" : -170.01,
    "netProfit" : -28.17
  }, {
    "date" : "2011-12-31",
    "sales" : 26.58,
    "salesGrowthYoY" : 143.18,
    "grossProfitMargin" : 100.00,
    "grossProfit" : 26.58,
    "operatingProfitMargin" : -27.35,
    "operatingProfit" : -7.27,
    "netProfitMargin" : -58.77,
    "netProfit" : -15.62
  }, {
    "date" : "2012-03-31",
    "sales" : 22.01,
    "salesGrowthYoY" : 38.25,
    "grossProfitMargin" : 100.00,
    "grossProfit" : 22.01,
    "operatingProfitMargin" : -135.67,
    "operatingProfit" : -29.86,
    "netProfitMargin" : -175.19,
    "netProfit" : -38.56
  }, {
    "date" : "2012-06-30",
    "sales" : 40.94,
    "salesGrowthYoY" : 162.94,
    "grossProfitMargin" : 93.92,
    "grossProfit" : 38.45,
    "operatingProfitMargin" : -39.08,
    "operatingProfit" : -16.00,
    "netProfitMargin" : -121.18,
    "netProfit" : -49.61
  }, {
    "date" : "2012-09-30",
    "sales" : 44.93,
    "salesGrowthYoY" : 171.15,
    "grossProfitMargin" : 100.00,
    "grossProfit" : 44.93,
    "operatingProfitMargin" : -40.44,
    "operatingProfit" : -18.17,
    "netProfitMargin" : -47.14,
    "netProfit" : -21.18
  }, {
    "date" : "2012-12-31",
    "sales" : 50.96,
    "salesGrowthYoY" : 91.72,
    "grossProfitMargin" : 100.00,
    "grossProfit" : 50.96,
    "operatingProfitMargin" : -29.83,
    "operatingProfit" : -15.20,
    "netProfitMargin" : -38.64,
    "netProfit" : -19.69
  }, {
    "date" : "2013-03-31",
    "sales" : 58.09,
    "salesGrowthYoY" : 163.93,
    "grossProfitMargin" : 100.00,
    "grossProfit" : 58.09,
    "operatingProfitMargin" : -23.83,
    "operatingProfit" : -13.84,
    "netProfitMargin" : -12.19,
    "netProfit" : -7.08
  }, {
    "date" : "2013-06-30",
    "sales" : 28.71,
    "salesGrowthYoY" : -29.87,
    "grossProfitMargin" : 90.53,
    "grossProfit" : 25.99,
    "operatingProfitMargin" : -85.61,
    "operatingProfit" : -24.58,
    "netProfitMargin" : -83.52,
    "netProfit" : -23.98
  }, {
    "date" : "2013-09-30",
    "sales" : 29.23,
    "salesGrowthYoY" : -34.94,
    "grossProfitMargin" : 89.98,
    "grossProfit" : 26.30,
    "operatingProfitMargin" : -62.20,
    "operatingProfit" : -18.18,
    "netProfitMargin" : -67.36,
    "netProfit" : -19.69
  }, {
    "date" : "2013-12-31",
    "sales" : 25.21,
    "salesGrowthYoY" : -50.53,
    "grossProfitMargin" : 94.80,
    "grossProfit" : 23.90,
    "operatingProfitMargin" : -58.79,
    "operatingProfit" : -14.82,
    "netProfitMargin" : -63.31,
    "netProfit" : -15.96
  }, {
    "date" : "2014-03-31",
    "sales" : 18.87,
    "salesGrowthYoY" : -67.52,
    "grossProfitMargin" : 97.83,
    "grossProfit" : 18.46,
    "operatingProfitMargin" : -65.66,
    "operatingProfit" : -12.39,
    "netProfitMargin" : -105.25,
    "netProfit" : -19.86
  }, {
    "date" : "2014-06-30",
    "sales" : 17.77,
    "salesGrowthYoY" : -38.11,
    "grossProfitMargin" : 97.02,
    "grossProfit" : 17.24,
    "operatingProfitMargin" : -48.62,
    "operatingProfit" : -8.64,
    "netProfitMargin" : -102.59,
    "netProfit" : -18.23
  }, {
    "date" : "2014-09-30",
    "sales" : 16.81,
    "salesGrowthYoY" : -42.49,
    "grossProfitMargin" : 96.79,
    "grossProfit" : 16.27,
    "operatingProfitMargin" : -27.78,
    "operatingProfit" : -4.67,
    "netProfitMargin" : -110.17,
    "netProfit" : -18.52
  }, {
    "date" : "2014-12-31",
    "sales" : 21.65,
    "salesGrowthYoY" : -14.12,
    "grossProfitMargin" : 97.04,
    "grossProfit" : 21.01,
    "operatingProfitMargin" : -6.42,
    "operatingProfit" : -1.39,
    "netProfitMargin" : -71.13,
    "netProfit" : -15.40
  }, {
    "date" : "2015-03-31",
    "sales" : 18.09,
    "salesGrowthYoY" : -4.13,
    "grossProfitMargin" : 98.07,
    "grossProfit" : 17.74,
    "operatingProfitMargin" : -19.57,
    "operatingProfit" : -3.54,
    "netProfitMargin" : -86.62,
    "netProfit" : -15.67
  }, {
    "date" : "2015-06-30",
    "sales" : 15.37,
    "salesGrowthYoY" : -13.51,
    "grossProfitMargin" : 96.55,
    "grossProfit" : 14.84,
    "operatingProfitMargin" : -60.83,
    "operatingProfit" : -9.35,
    "netProfitMargin" : 51.46,
    "netProfit" : 7.91
  }, {
    "date" : "2015-09-30",
    "sales" : 17.25,
    "salesGrowthYoY" : 2.62,
    "grossProfitMargin" : 97.28,
    "grossProfit" : 16.78,
    "operatingProfitMargin" : -63.83,
    "operatingProfit" : -11.01,
    "netProfitMargin" : -203.48,
    "netProfit" : -35.10
  }, {
    "date" : "2015-12-31",
    "sales" : 17.88,
    "salesGrowthYoY" : -17.41,
    "grossProfitMargin" : 97.15,
    "grossProfit" : 17.37,
    "operatingProfitMargin" : -41.39,
    "operatingProfit" : -7.40,
    "netProfitMargin" : 123.60,
    "netProfit" : 22.10
  }, {
    "date" : "2016-03-31",
    "sales" : 16.79,
    "salesGrowthYoY" : -7.19,
    "grossProfitMargin" : 97.02,
    "grossProfit" : 16.29,
    "operatingProfitMargin" : -82.13,
    "operatingProfit" : -13.79,
    "netProfitMargin" : -368.49,
    "netProfit" : -61.87
  }, {
    "date" : "2016-06-30",
    "sales" : 15.64,
    "salesGrowthYoY" : 1.76,
    "grossProfitMargin" : 97.12,
    "grossProfit" : 15.19,
    "operatingProfitMargin" : -91.11,
    "operatingProfit" : -14.25,
    "netProfitMargin" : -115.03,
    "netProfit" : -17.99
  }, {
    "date" : "2016-09-30",
    "sales" : 16.18,
    "salesGrowthYoY" : -6.20,
    "grossProfitMargin" : 96.66,
    "grossProfit" : 15.64,
    "operatingProfitMargin" : -114.40,
    "operatingProfit" : -18.51,
    "netProfitMargin" : -244.19,
    "netProfit" : -39.51
  }, {
    "date" : "2016-12-31",
    "sales" : 17.14,
    "salesGrowthYoY" : -4.14,
    "grossProfitMargin" : 97.72,
    "grossProfit" : 16.75,
    "operatingProfitMargin" : -78.82,
    "operatingProfit" : -13.51,
    "netProfitMargin" : -311.79,
    "netProfit" : -53.44
  }, {
    "date" : "2017-03-31",
    "sales" : 17.89,
    "salesGrowthYoY" : 6.55,
    "grossProfitMargin" : 98.49,
    "grossProfit" : 17.62,
    "operatingProfitMargin" : -48.46,
    "operatingProfit" : -8.67,
    "netProfitMargin" : -43.32,
    "netProfit" : -7.75
  }, {
    "date" : "2017-06-30",
    "sales" : 14.94,
    "salesGrowthYoY" : -4.48,
    "grossProfitMargin" : 97.66,
    "grossProfit" : 14.59,
    "operatingProfitMargin" : -118.47,
    "operatingProfit" : -17.70,
    "netProfitMargin" : -196.99,
    "netProfit" : -29.43
  }, {
    "date" : "2017-09-30",
    "sales" : 16.47,
    "salesGrowthYoY" : 1.79,
    "grossProfitMargin" : 97.57,
    "grossProfit" : 16.07,
    "operatingProfitMargin" : -137.10,
    "operatingProfit" : -22.58,
    "netProfitMargin" : -279.90,
    "netProfit" : -46.10
  }, {
    "date" : "2017-12-31",
    "sales" : 25.11,
    "salesGrowthYoY" : 46.50,
    "grossProfitMargin" : 98.61,
    "grossProfit" : 24.76,
    "operatingProfitMargin" : -75.71,
    "operatingProfit" : -19.01,
    "netProfitMargin" : 112.98,
    "netProfit" : 28.37
  }, {
    "date" : "2018-03-31",
    "sales" : 30.14,
    "salesGrowthYoY" : 68.47,
    "grossProfitMargin" : 98.51,
    "grossProfit" : 29.69,
    "operatingProfitMargin" : -45.02,
    "operatingProfit" : -13.57,
    "netProfitMargin" : -74.49,
    "netProfit" : -22.45
  }, {
    "date" : "2018-06-30",
    "sales" : 19.70,
    "salesGrowthYoY" : 31.86,
    "grossProfitMargin" : 97.87,
    "grossProfit" : 19.28,
    "operatingProfitMargin" : -100.20,
    "operatingProfit" : -19.74,
    "netProfitMargin" : -397.92,
    "netProfit" : -78.39
  }, {
    "date" : "2018-09-30",
    "sales" : 26.80,
    "salesGrowthYoY" : 62.72,
    "grossProfitMargin" : 98.13,
    "grossProfit" : 26.30,
    "operatingProfitMargin" : -63.40,
    "operatingProfit" : -16.99,
    "netProfitMargin" : -314.81,
    "netProfit" : -84.37
  }, {
    "date" : "2018-12-31",
    "sales" : 33.16,
    "salesGrowthYoY" : 32.06,
    "grossProfitMargin" : 98.46,
    "grossProfit" : 32.65,
    "operatingProfitMargin" : -85.16,
    "operatingProfit" : -28.24,
    "netProfitMargin" : -159.41,
    "netProfit" : -52.86
  }, {
    "date" : "2019-03-31",
    "sales" : 31.92,
    "salesGrowthYoY" : 5.91,
    "grossProfitMargin" : 97.12,
    "grossProfit" : 31.00,
    "operatingProfitMargin" : -107.86,
    "operatingProfit" : -34.43,
    "netProfitMargin" : -228.29,
    "netProfit" : -72.87
  }, {
    "date" : "2019-06-30",
    "sales" : 27.70,
    "salesGrowthYoY" : 40.61,
    "grossProfitMargin" : 97.40,
    "grossProfit" : 26.98,
    "operatingProfitMargin" : -106.43,
    "operatingProfit" : -29.48,
    "netProfitMargin" : -334.19,
    "netProfit" : -92.57
  }, {
    "date" : "2019-09-30",
    "sales" : 25.64,
    "salesGrowthYoY" : -4.33,
    "grossProfitMargin" : 98.40,
    "grossProfit" : 25.23,
    "operatingProfitMargin" : -92.71,
    "operatingProfit" : -23.77,
    "netProfitMargin" : -219.73,
    "netProfit" : -56.34
  }, {
    "date" : "2019-12-31",
    "sales" : 32.42,
    "salesGrowthYoY" : -2.23,
    "grossProfitMargin" : 94.76,
    "grossProfit" : 30.72,
    "operatingProfitMargin" : -34.89,
    "operatingProfit" : -11.31,
    "netProfitMargin" : -125.08,
    "netProfit" : -40.55
  }, {
    "date" : "2020-03-31",
    "sales" : 25.68,
    "salesGrowthYoY" : -19.55,
    "grossProfitMargin" : 98.48,
    "grossProfit" : 25.29,
    "operatingProfitMargin" : -69.31,
    "operatingProfit" : -17.80,
    "netProfitMargin" : -189.99,
    "netProfit" : -48.79
  }, {
    "date" : "2020-06-30",
    "sales" : 17.62,
    "salesGrowthYoY" : -36.39,
    "grossProfitMargin" : 100.00,
    "grossProfit" : 17.62,
    "operatingProfitMargin" : -92.85,
    "operatingProfit" : -16.36,
    "netProfitMargin" : -263.85,
    "netProfit" : -46.49
  }, {
    "date" : "2020-09-30",
    "sales" : 28.70,
    "salesGrowthYoY" : 11.93,
    "grossProfitMargin" : 97.32,
    "grossProfit" : 27.93,
    "operatingProfitMargin" : -8.36,
    "operatingProfit" : -2.40,
    "netProfitMargin" : -101.71,
    "netProfit" : -29.19
  }, {
    "date" : "2020-12-31",
    "sales" : 34.92,
    "salesGrowthYoY" : 7.71,
    "grossProfitMargin" : 99.77,
    "grossProfit" : 34.84,
    "operatingProfitMargin" : -11.54,
    "operatingProfit" : -4.03,
    "netProfitMargin" : -79.73,
    "netProfit" : -27.84
  }, {
    "date" : "2021-03-31",
    "sales" : 37.32,
    "salesGrowthYoY" : 45.33,
    "grossProfitMargin" : 99.76,
    "grossProfit" : 37.23,
    "operatingProfitMargin" : -26.13,
    "operatingProfit" : -9.75,
    "netProfitMargin" : -78.30,
    "netProfit" : -29.22
  }, {
    "date" : "2021-06-30",
    "sales" : 27.97,
    "salesGrowthYoY" : 58.74,
    "grossProfitMargin" : 99.79,
    "grossProfit" : 27.91,
    "operatingProfitMargin" : -20.27,
    "operatingProfit" : -5.67,
    "netProfitMargin" : -96.35,
    "netProfit" : -26.95
  }, {
    "date" : "2021-09-30",
    "sales" : 39.73,
    "salesGrowthYoY" : 38.43,
    "grossProfitMargin" : 99.85,
    "grossProfit" : 39.67,
    "operatingProfitMargin" : -3.12,
    "operatingProfit" : -1.24,
    "netProfitMargin" : -65.62,
    "netProfit" : -26.07
  }, {
    "date" : "2021-12-31",
    "sales" : 51.78,
    "salesGrowthYoY" : 48.28,
    "grossProfitMargin" : 99.85,
    "grossProfit" : 51.70,
    "operatingProfitMargin" : 19.27,
    "operatingProfit" : 9.98,
    "netProfitMargin" : -28.93,
    "netProfit" : -14.98
  }, {
    "date" : "2022-03-31",
    "sales" : 47.85,
    "salesGrowthYoY" : 28.22,
    "grossProfitMargin" : 99.87,
    "grossProfit" : 47.79,
    "operatingProfitMargin" : 4.39,
    "operatingProfit" : 2.10,
    "netProfitMargin" : -46.12,
    "netProfit" : -22.07
  }, {
    "date" : "2022-06-30",
    "sales" : 40.65,
    "salesGrowthYoY" : 45.33,
    "grossProfitMargin" : 99.83,
    "grossProfit" : 40.58,
    "operatingProfitMargin" : -18.77,
    "operatingProfit" : -7.63,
    "netProfitMargin" : -87.16,
    "netProfit" : -35.43
  }, {
    "date" : "2022-09-30",
    "sales" : 42.53,
    "salesGrowthYoY" : 7.05,
    "grossProfitMargin" : 99.88,
    "grossProfit" : 42.48,
    "operatingProfitMargin" : -31.74,
    "operatingProfit" : -13.50,
    "netProfitMargin" : -104.80,
    "netProfit" : -44.57
  }, {
    "date" : "2022-12-31",
    "sales" : 50.78,
    "salesGrowthYoY" : -1.93,
    "grossProfitMargin" : 100.00,
    "grossProfit" : 50.78,
    "operatingProfitMargin" : -28.61,
    "operatingProfit" : -14.53,
    "netProfitMargin" : -94.37,
    "netProfit" : -47.92
  }, {
    "date" : "2023-03-31",
    "sales" : 53.25,
    "salesGrowthYoY" : 11.29,
    "grossProfitMargin" : 100.00,
    "grossProfit" : 53.25,
    "operatingProfitMargin" : -35.23,
    "operatingProfit" : -18.76,
    "netProfitMargin" : -110.07,
    "netProfit" : -58.61
  }, {
    "date" : "2023-06-30",
    "sales" : 40.30,
    "salesGrowthYoY" : -0.86,
    "grossProfitMargin" : 100.00,
    "grossProfit" : 40.30,
    "operatingProfitMargin" : -52.03,
    "operatingProfit" : -20.97,
    "netProfitMargin" : -157.57,
    "netProfit" : -63.50
  }, {
    "date" : "2023-09-30",
    "sales" : 420.31,
    "salesGrowthYoY" : 888.27,
    "grossProfitMargin" : 100.00,
    "grossProfit" : 420.31,
    "operatingProfitMargin" : -2.35,
    "operatingProfit" : -9.88,
    "netProfitMargin" : -19.63,
    "netProfit" : -82.51
  }, {
    "date" : "2023-12-31",
    "sales" : 469.09,
    "salesGrowthYoY" : 823.77,
    "grossProfitMargin" : 100.00,
    "grossProfit" : 469.09,
    "operatingProfitMargin" : 4.61,
    "operatingProfit" : 21.63,
    "netProfitMargin" : -9.26,
    "netProfit" : -43.44
  }, {
    "date" : "2024-03-31",
    "sales" : 535.00,
    "salesGrowthYoY" : 904.69,
    "grossProfitMargin" : 100.00,
    "grossProfit" : 535.00,
    "operatingProfitMargin" : 7.75,
    "operatingProfit" : 41.46,
    "netProfitMargin" : -5.85,
    "netProfit" : -31.30
  }, {
    "date" : "2024-06-30",
    "sales" : 452.77,
    "salesGrowthYoY" : 1023.50,
    "grossProfitMargin" : 100.00,
    "grossProfit" : 452.77,
    "operatingProfitMargin" : 0.55,
    "operatingProfit" : 2.49,
    "netProfitMargin" : -16.49,
    "netProfit" : -74.66
  }, {
    "date" : "2024-09-30",
    "sales" : 445.27,
    "salesGrowthYoY" : 5.94,
    "grossProfitMargin" : 100.00,
    "grossProfit" : 445.27,
    "operatingProfitMargin" : 1.57,
    "operatingProfit" : 6.99,
    "netProfitMargin" : -16.72,
    "netProfit" : -74.45
  }, {
    "date" : "2024-12-31",
    "sales" : 476.41,
    "salesGrowthYoY" : 1.56,
    "grossProfitMargin" : 100.00,
    "grossProfit" : 476.41,
    "operatingProfitMargin" : 2.22,
    "operatingProfit" : 10.58,
    "netProfitMargin" : -13.91,
    "netProfit" : -66.27
  }, {
    "date" : "2025-03-31",
    "sales" : 521.76,
    "salesGrowthYoY" : -2.47,
    "grossProfitMargin" : 100.00,
    "grossProfit" : 521.76,
    "operatingProfitMargin" : 2.57,
    "operatingProfit" : 13.41,
    "netProfitMargin" : -13.32,
    "netProfit" : -69.50
  }, {
    "date" : "2025-06-30",
    "sales" : 430.40,
    "salesGrowthYoY" : -4.94,
    "grossProfitMargin" : 100.00,
    "grossProfit" : 430.40,
    "operatingProfitMargin" : 0.97,
    "operatingProfit" : 4.17,
    "netProfitMargin" : -16.46,
    "netProfit" : -70.84
  }, {
    "date" : "2025-09-30",
    "sales" : 477.18,
    "salesGrowthYoY" : 7.17,
    "grossProfitMargin" : 100.00,
    "grossProfit" : 477.18,
    "operatingProfitMargin" : 1.54,
    "operatingProfit" : 7.35,
    "netProfitMargin" : -14.69,
    "netProfit" : -70.10
  }, {
    "date" : "2025-12-31",
    "sales" : 500.42,
    "salesGrowthYoY" : 5.04,
    "grossProfitMargin" : 100.00,
    "grossProfit" : 500.42,
    "operatingProfitMargin" : 2.36,
    "operatingProfit" : 11.81,
    "netProfitMargin" : -11.15,
    "netProfit" : -55.80
  } ],
  "latestQuarterlyResult" : {
    "date" : "2025-12-31",
    "sales" : 500.42,
    "salesGrowthYoY" : 5.04,
    "grossProfitMargin" : 100.00,
    "grossProfit" : 500.42,
    "operatingProfitMargin" : 2.36,
    "operatingProfit" : 11.81,
    "netProfitMargin" : -11.15,
    "netProfit" : -55.80
  },
  "companyScore" : {
    "priceHigherThanDma50" : 0.00,
    "priceHigherThanDma100" : 0.00,
    "priceHigherThanDma200" : 0.00,
    "dma50HigherThanDma100" : 0.00,
    "dma50HigherThanDma200" : 0.00,
    "dma100HigherThanDma200" : 0.00,
    "pricePercentageAboveDma50" : 5.32,
    "pricePercentageAboveDma100" : 5.74,
    "pricePercentageAboveDma200" : 6.11,
    "weeklyVolumeHigherThanYearlyVolume" : 0.00,
    "salesGrowthPercentile" : 9.72,
    "operatingProfitMarginPercentile" : 17.37,
    "netProfitMarginPercentile" : 8.68,
    "totalTechnicalScore" : 17.18,
    "totalFundamentalScore" : 35.77,
    "totalScore" : 52.95
  }
}