{
  "metadata" : {
    "screenerCompanyId" : "2252",
    "companyCode" : "NGLFINE",
    "companyName" : "NGL Fine Chem",
    "screenerCompanyLink" : "https://www.screener.in/company/NGLFINE/consolidated/",
    "screenerTechnicalHistoryLink" : "https://www.screener.in/api/company/2252/chart/?q=Price-DMA50-DMA200-Volume&days=365",
    "screenerQuarterlyResultsLink" : "https://www.screener.in/api/company/2252/chart/?q=GPM-OPM-NPM-Quarter+Sales&days=10000",
    "attributes" : {
      "companyCode" : "NGLFINE",
      "companyName" : "NGL Fine Chem",
      "marketCap" : 1032.00,
      "peRatio" : 49.90,
      "description" : "Incorporated in 1981, NGL Fine-Chem Ltd is a manufacturer and exporter of pharmaceuticals and intermediates for usage in veterinary and human health.[1]"
    },
    "companyScore" : {
      "priceHigherThanDma50" : 5.00,
      "priceHigherThanDma100" : 5.00,
      "priceHigherThanDma200" : 5.00,
      "dma50HigherThanDma100" : 5.00,
      "dma50HigherThanDma200" : 5.00,
      "dma100HigherThanDma200" : 5.00,
      "pricePercentageAboveDma50" : 4.25,
      "pricePercentageAboveDma100" : 4.15,
      "pricePercentageAboveDma200" : 4.12,
      "weeklyVolumeHigherThanYearlyVolume" : 0.00,
      "salesGrowthPercentile" : 13.16,
      "operatingProfitMarginPercentile" : 10.89,
      "netProfitMarginPercentile" : 5.56,
      "totalTechnicalScore" : 42.51,
      "totalFundamentalScore" : 29.61,
      "totalScore" : 72.12
    }
  },
  "attributes" : {
    "companyCode" : "NGLFINE",
    "companyName" : "NGL Fine Chem",
    "marketCap" : 1032.00,
    "peRatio" : 49.90,
    "description" : "Incorporated in 1981, NGL Fine-Chem Ltd is a manufacturer and exporter of pharmaceuticals and intermediates for usage in veterinary and human health.[1]"
  },
  "technicalHistory" : [ {
    "date" : "2025-01-31",
    "price" : 1646.25,
    "dma50" : 1796.63,
    "dma100" : null,
    "dma200" : 2005.67,
    "volume" : 4286.00
  }, {
    "date" : "2025-02-01",
    "price" : 1608.75,
    "dma50" : 1789.27,
    "dma100" : null,
    "dma200" : 2001.72,
    "volume" : 3851.00
  }, {
    "date" : "2025-02-03",
    "price" : 1581.20,
    "dma50" : 1781.11,
    "dma100" : null,
    "dma200" : 1997.54,
    "volume" : 4519.00
  }, {
    "date" : "2025-02-04",
    "price" : 1662.55,
    "dma50" : 1776.46,
    "dma100" : null,
    "dma200" : 1994.20,
    "volume" : 12790.00
  }, {
    "date" : "2025-02-05",
    "price" : 1820.40,
    "dma50" : 1778.18,
    "dma100" : null,
    "dma200" : 1992.47,
    "volume" : 84475.00
  }, {
    "date" : "2025-02-06",
    "price" : 2011.25,
    "dma50" : 1787.32,
    "dma100" : null,
    "dma200" : 1992.66,
    "volume" : 42071.00
  }, {
    "date" : "2025-02-07",
    "price" : 1887.00,
    "dma50" : 1791.23,
    "dma100" : null,
    "dma200" : 1991.61,
    "volume" : 12837.00
  }, {
    "date" : "2025-02-10",
    "price" : 1509.60,
    "dma50" : 1780.19,
    "dma100" : null,
    "dma200" : 1986.81,
    "volume" : 176751.00
  }, {
    "date" : "2025-02-11",
    "price" : 1267.45,
    "dma50" : 1760.08,
    "dma100" : null,
    "dma200" : 1979.66,
    "volume" : 95899.00
  }, {
    "date" : "2025-02-12",
    "price" : 1230.60,
    "dma50" : 1739.31,
    "dma100" : null,
    "dma200" : 1972.20,
    "volume" : 21408.00
  }, {
    "date" : "2025-02-13",
    "price" : 1175.80,
    "dma50" : 1717.22,
    "dma100" : null,
    "dma200" : 1964.28,
    "volume" : 10831.00
  }, {
    "date" : "2025-02-14",
    "price" : 1099.45,
    "dma50" : 1692.99,
    "dma100" : null,
    "dma200" : 1955.67,
    "volume" : 14638.00
  }, {
    "date" : "2025-02-17",
    "price" : 1050.95,
    "dma50" : 1667.81,
    "dma100" : null,
    "dma200" : 1946.67,
    "volume" : 16612.00
  }, {
    "date" : "2025-02-18",
    "price" : 983.15,
    "dma50" : 1640.96,
    "dma100" : null,
    "dma200" : 1937.08,
    "volume" : 15724.00
  }, {
    "date" : "2025-02-19",
    "price" : 1007.50,
    "dma50" : 1616.12,
    "dma100" : null,
    "dma200" : 1927.83,
    "volume" : 14083.00
  }, {
    "date" : "2025-02-20",
    "price" : 1057.85,
    "dma50" : 1594.23,
    "dma100" : null,
    "dma200" : 1919.18,
    "volume" : 19756.00
  }, {
    "date" : "2025-02-21",
    "price" : 1084.40,
    "dma50" : 1574.23,
    "dma100" : null,
    "dma200" : 1910.87,
    "volume" : 5991.00
  }, {
    "date" : "2025-02-24",
    "price" : 1065.80,
    "dma50" : 1554.30,
    "dma100" : null,
    "dma200" : 1902.46,
    "volume" : 3027.00
  }, {
    "date" : "2025-02-25",
    "price" : 1104.50,
    "dma50" : 1536.66,
    "dma100" : null,
    "dma200" : 1894.52,
    "volume" : 5303.00
  }, {
    "date" : "2025-02-27",
    "price" : 1095.50,
    "dma50" : 1519.36,
    "dma100" : null,
    "dma200" : 1886.57,
    "volume" : 6860.00
  }, {
    "date" : "2025-02-28",
    "price" : 1058.60,
    "dma50" : 1501.29,
    "dma100" : null,
    "dma200" : 1878.33,
    "volume" : 3121.00
  }, {
    "date" : "2025-03-03",
    "price" : 1032.10,
    "dma50" : 1482.89,
    "dma100" : null,
    "dma200" : 1869.91,
    "volume" : 4674.00
  }, {
    "date" : "2025-03-04",
    "price" : 999.65,
    "dma50" : 1463.94,
    "dma100" : null,
    "dma200" : 1861.25,
    "volume" : 11668.00
  }, {
    "date" : "2025-03-05",
    "price" : 1049.60,
    "dma50" : 1447.69,
    "dma100" : null,
    "dma200" : 1853.18,
    "volume" : 5514.00
  }, {
    "date" : "2025-03-06",
    "price" : 1084.00,
    "dma50" : 1433.43,
    "dma100" : null,
    "dma200" : 1845.52,
    "volume" : 6616.00
  }, {
    "date" : "2025-03-07",
    "price" : 1138.20,
    "dma50" : 1421.85,
    "dma100" : null,
    "dma200" : 1838.49,
    "volume" : 3666.00
  }, {
    "date" : "2025-03-10",
    "price" : 1193.10,
    "dma50" : 1412.88,
    "dma100" : null,
    "dma200" : 1832.06,
    "volume" : 12641.00
  }, {
    "date" : "2025-03-11",
    "price" : 1182.55,
    "dma50" : 1403.85,
    "dma100" : null,
    "dma200" : 1825.60,
    "volume" : 11113.00
  }, {
    "date" : "2025-03-12",
    "price" : 1158.90,
    "dma50" : 1394.24,
    "dma100" : null,
    "dma200" : 1818.97,
    "volume" : 9920.00
  }, {
    "date" : "2025-03-13",
    "price" : 1135.75,
    "dma50" : 1384.10,
    "dma100" : null,
    "dma200" : 1812.17,
    "volume" : 525.00
  }, {
    "date" : "2025-03-17",
    "price" : 1135.00,
    "dma50" : 1374.33,
    "dma100" : null,
    "dma200" : 1805.43,
    "volume" : 3708.00
  }, {
    "date" : "2025-03-18",
    "price" : 1125.00,
    "dma50" : 1364.56,
    "dma100" : null,
    "dma200" : 1798.66,
    "volume" : 2377.00
  }, {
    "date" : "2025-03-19",
    "price" : 1135.00,
    "dma50" : 1355.55,
    "dma100" : null,
    "dma200" : 1792.06,
    "volume" : 12639.00
  }, {
    "date" : "2025-03-20",
    "price" : 1138.00,
    "dma50" : 1347.02,
    "dma100" : null,
    "dma200" : 1785.55,
    "volume" : 2661.00
  }, {
    "date" : "2025-03-21",
    "price" : 1135.00,
    "dma50" : 1338.71,
    "dma100" : null,
    "dma200" : 1779.08,
    "volume" : 1218.00
  }, {
    "date" : "2025-03-24",
    "price" : 1150.00,
    "dma50" : 1331.31,
    "dma100" : null,
    "dma200" : 1772.82,
    "volume" : 3309.00
  }, {
    "date" : "2025-03-25",
    "price" : 1173.00,
    "dma50" : 1325.10,
    "dma100" : null,
    "dma200" : 1766.85,
    "volume" : 4659.00
  }, {
    "date" : "2025-03-26",
    "price" : 1179.70,
    "dma50" : 1319.40,
    "dma100" : null,
    "dma200" : 1761.01,
    "volume" : 2518.00
  }, {
    "date" : "2025-03-27",
    "price" : 1156.10,
    "dma50" : 1312.99,
    "dma100" : null,
    "dma200" : 1754.99,
    "volume" : 1962.00
  }, {
    "date" : "2025-03-28",
    "price" : 1133.00,
    "dma50" : 1305.94,
    "dma100" : null,
    "dma200" : 1748.80,
    "volume" : 2361.00
  }, {
    "date" : "2025-04-01",
    "price" : 1129.00,
    "dma50" : 1299.00,
    "dma100" : null,
    "dma200" : 1742.63,
    "volume" : 2128.00
  }, {
    "date" : "2025-04-02",
    "price" : 1129.00,
    "dma50" : 1292.33,
    "dma100" : null,
    "dma200" : 1736.52,
    "volume" : 2033.00
  }, {
    "date" : "2025-04-03",
    "price" : 1125.00,
    "dma50" : 1285.77,
    "dma100" : null,
    "dma200" : 1730.44,
    "volume" : 2812.00
  }, {
    "date" : "2025-04-04",
    "price" : 1102.50,
    "dma50" : 1278.58,
    "dma100" : null,
    "dma200" : 1724.19,
    "volume" : 741.00
  }, {
    "date" : "2025-04-07",
    "price" : 1080.45,
    "dma50" : 1270.81,
    "dma100" : null,
    "dma200" : 1717.79,
    "volume" : 1239.00
  }, {
    "date" : "2025-04-08",
    "price" : 1071.00,
    "dma50" : 1262.98,
    "dma100" : null,
    "dma200" : 1711.35,
    "volume" : 1300.00
  }, {
    "date" : "2025-04-09",
    "price" : 1068.00,
    "dma50" : 1255.33,
    "dma100" : null,
    "dma200" : 1704.95,
    "volume" : 809.00
  }, {
    "date" : "2025-04-11",
    "price" : 1058.40,
    "dma50" : 1247.61,
    "dma100" : null,
    "dma200" : 1698.52,
    "volume" : 945.00
  }, {
    "date" : "2025-04-15",
    "price" : 1050.10,
    "dma50" : 1239.86,
    "dma100" : null,
    "dma200" : 1692.06,
    "volume" : 3583.00
  }, {
    "date" : "2025-04-16",
    "price" : 1056.00,
    "dma50" : 1232.65,
    "dma100" : null,
    "dma200" : 1685.74,
    "volume" : 2424.00
  }, {
    "date" : "2025-04-17",
    "price" : 1040.10,
    "dma50" : 1225.10,
    "dma100" : null,
    "dma200" : 1679.31,
    "volume" : 7014.00
  }, {
    "date" : "2025-04-21",
    "price" : 1044.30,
    "dma50" : 1218.01,
    "dma100" : null,
    "dma200" : 1672.99,
    "volume" : 8571.00
  }, {
    "date" : "2025-04-22",
    "price" : 1092.40,
    "dma50" : 1213.08,
    "dma100" : null,
    "dma200" : 1667.22,
    "volume" : 2702.00
  }, {
    "date" : "2025-04-23",
    "price" : 1147.00,
    "dma50" : 1210.49,
    "dma100" : null,
    "dma200" : 1662.04,
    "volume" : 3717.00
  }, {
    "date" : "2025-04-24",
    "price" : 1181.30,
    "dma50" : 1209.35,
    "dma100" : null,
    "dma200" : 1657.26,
    "volume" : 3898.00
  }, {
    "date" : "2025-04-25",
    "price" : 1122.30,
    "dma50" : 1205.93,
    "dma100" : null,
    "dma200" : 1651.93,
    "volume" : 4226.00
  }, {
    "date" : "2025-04-28",
    "price" : 1119.00,
    "dma50" : 1202.53,
    "dma100" : null,
    "dma200" : 1646.63,
    "volume" : 901.00
  }, {
    "date" : "2025-04-29",
    "price" : 1107.00,
    "dma50" : 1198.78,
    "dma100" : null,
    "dma200" : 1641.26,
    "volume" : 475.00
  }, {
    "date" : "2025-04-30",
    "price" : 1093.90,
    "dma50" : 1194.67,
    "dma100" : null,
    "dma200" : 1635.81,
    "volume" : 1449.00
  }, {
    "date" : "2025-05-02",
    "price" : 1072.80,
    "dma50" : 1189.89,
    "dma100" : null,
    "dma200" : 1630.21,
    "volume" : 529.00
  }, {
    "date" : "2025-05-05",
    "price" : 1119.30,
    "dma50" : 1187.12,
    "dma100" : null,
    "dma200" : 1625.13,
    "volume" : 1253.00
  }, {
    "date" : "2025-05-06",
    "price" : 1077.70,
    "dma50" : 1182.83,
    "dma100" : null,
    "dma200" : 1619.68,
    "volume" : 596.00
  }, {
    "date" : "2025-05-07",
    "price" : 1120.00,
    "dma50" : 1180.36,
    "dma100" : null,
    "dma200" : 1614.71,
    "volume" : 1554.00
  }, {
    "date" : "2025-05-08",
    "price" : 1081.30,
    "dma50" : 1176.48,
    "dma100" : null,
    "dma200" : 1609.40,
    "volume" : 732.00
  }, {
    "date" : "2025-05-09",
    "price" : 1089.00,
    "dma50" : 1173.05,
    "dma100" : null,
    "dma200" : 1604.22,
    "volume" : 2422.00
  }, {
    "date" : "2025-05-12",
    "price" : 1109.00,
    "dma50" : 1170.54,
    "dma100" : null,
    "dma200" : 1599.30,
    "volume" : 1309.00
  }, {
    "date" : "2025-05-13",
    "price" : 1102.20,
    "dma50" : 1167.86,
    "dma100" : null,
    "dma200" : 1594.35,
    "volume" : 5479.00
  }, {
    "date" : "2025-05-14",
    "price" : 1157.30,
    "dma50" : 1167.44,
    "dma100" : null,
    "dma200" : 1590.00,
    "volume" : 4969.00
  }, {
    "date" : "2025-05-15",
    "price" : 1215.10,
    "dma50" : 1169.31,
    "dma100" : null,
    "dma200" : 1586.27,
    "volume" : 1447.00
  }, {
    "date" : "2025-05-16",
    "price" : 1251.10,
    "dma50" : 1172.52,
    "dma100" : null,
    "dma200" : 1582.94,
    "volume" : 15266.00
  }, {
    "date" : "2025-05-19",
    "price" : 1313.60,
    "dma50" : 1178.05,
    "dma100" : null,
    "dma200" : 1580.26,
    "volume" : 4656.00
  }, {
    "date" : "2025-05-20",
    "price" : 1311.80,
    "dma50" : 1183.30,
    "dma100" : null,
    "dma200" : 1577.58,
    "volume" : 5148.00
  }, {
    "date" : "2025-05-21",
    "price" : 1285.60,
    "dma50" : 1187.31,
    "dma100" : null,
    "dma200" : 1574.68,
    "volume" : 1311.00
  }, {
    "date" : "2025-05-22",
    "price" : 1284.90,
    "dma50" : 1191.14,
    "dma100" : null,
    "dma200" : 1571.80,
    "volume" : 381.00
  }, {
    "date" : "2025-05-23",
    "price" : 1259.20,
    "dma50" : 1193.81,
    "dma100" : null,
    "dma200" : 1568.69,
    "volume" : 662.00
  }, {
    "date" : "2025-05-26",
    "price" : 1234.10,
    "dma50" : 1195.39,
    "dma100" : null,
    "dma200" : 1565.36,
    "volume" : 1644.00
  }, {
    "date" : "2025-05-27",
    "price" : 1209.50,
    "dma50" : 1195.94,
    "dma100" : null,
    "dma200" : 1561.82,
    "volume" : 704.00
  }, {
    "date" : "2025-05-28",
    "price" : 1185.40,
    "dma50" : 1195.53,
    "dma100" : null,
    "dma200" : 1558.07,
    "volume" : 1566.00
  }, {
    "date" : "2025-05-29",
    "price" : 1161.70,
    "dma50" : 1194.20,
    "dma100" : null,
    "dma200" : 1554.13,
    "volume" : 152.00
  }, {
    "date" : "2025-05-30",
    "price" : 1138.50,
    "dma50" : 1192.01,
    "dma100" : null,
    "dma200" : 1549.99,
    "volume" : 160.00
  }, {
    "date" : "2025-06-02",
    "price" : 1115.80,
    "dma50" : 1189.03,
    "dma100" : null,
    "dma200" : 1545.67,
    "volume" : 670.00
  }, {
    "date" : "2025-06-03",
    "price" : 1095.00,
    "dma50" : 1185.34,
    "dma100" : null,
    "dma200" : 1541.19,
    "volume" : 1720.00
  }, {
    "date" : "2025-06-04",
    "price" : 1073.10,
    "dma50" : 1180.94,
    "dma100" : null,
    "dma200" : 1536.53,
    "volume" : 1287.00
  }, {
    "date" : "2025-06-05",
    "price" : 1063.10,
    "dma50" : 1176.32,
    "dma100" : null,
    "dma200" : 1531.82,
    "volume" : 2397.00
  }, {
    "date" : "2025-06-06",
    "price" : 1059.80,
    "dma50" : 1171.75,
    "dma100" : null,
    "dma200" : 1527.12,
    "volume" : 909.00
  }, {
    "date" : "2025-06-09",
    "price" : 1057.00,
    "dma50" : 1167.25,
    "dma100" : null,
    "dma200" : 1522.44,
    "volume" : 1558.00
  }, {
    "date" : "2025-06-10",
    "price" : 1078.00,
    "dma50" : 1163.75,
    "dma100" : null,
    "dma200" : 1518.02,
    "volume" : 1142.00
  }, {
    "date" : "2025-06-11",
    "price" : 1077.00,
    "dma50" : 1160.35,
    "dma100" : null,
    "dma200" : 1513.63,
    "volume" : 1242.00
  }, {
    "date" : "2025-06-12",
    "price" : 1060.00,
    "dma50" : 1156.41,
    "dma100" : null,
    "dma200" : 1509.12,
    "volume" : 512.00
  }, {
    "date" : "2025-06-13",
    "price" : 1050.00,
    "dma50" : 1152.24,
    "dma100" : null,
    "dma200" : 1504.55,
    "volume" : 1407.00
  }, {
    "date" : "2025-06-16",
    "price" : 1039.00,
    "dma50" : 1147.80,
    "dma100" : null,
    "dma200" : 1499.92,
    "volume" : 521.00
  }, {
    "date" : "2025-06-17",
    "price" : 1018.30,
    "dma50" : 1142.72,
    "dma100" : null,
    "dma200" : 1495.13,
    "volume" : 2922.00
  }, {
    "date" : "2025-06-18",
    "price" : 998.00,
    "dma50" : 1137.04,
    "dma100" : null,
    "dma200" : 1490.18,
    "volume" : 1102.00
  }, {
    "date" : "2025-06-19",
    "price" : 1000.00,
    "dma50" : 1131.67,
    "dma100" : null,
    "dma200" : 1485.30,
    "volume" : 4886.00
  }, {
    "date" : "2025-06-20",
    "price" : 1000.00,
    "dma50" : 1126.51,
    "dma100" : null,
    "dma200" : 1480.47,
    "volume" : 1023.00
  }, {
    "date" : "2025-06-23",
    "price" : 995.00,
    "dma50" : 1121.35,
    "dma100" : null,
    "dma200" : 1475.64,
    "volume" : 507.00
  }, {
    "date" : "2025-06-24",
    "price" : 1014.90,
    "dma50" : 1117.17,
    "dma100" : null,
    "dma200" : 1471.06,
    "volume" : 729.00
  }, {
    "date" : "2025-06-25",
    "price" : 1034.00,
    "dma50" : 1113.91,
    "dma100" : null,
    "dma200" : 1466.71,
    "volume" : 1386.00
  }, {
    "date" : "2025-06-26",
    "price" : 1034.00,
    "dma50" : 1110.78,
    "dma100" : null,
    "dma200" : 1462.40,
    "volume" : 168.00
  }, {
    "date" : "2025-06-27",
    "price" : 1049.20,
    "dma50" : 1108.36,
    "dma100" : null,
    "dma200" : 1458.29,
    "volume" : 610.00
  }, {
    "date" : "2025-06-30",
    "price" : 1101.60,
    "dma50" : 1108.10,
    "dma100" : 1154.05,
    "dma200" : 1454.74,
    "volume" : 3518.00
  }, {
    "date" : "2025-07-01",
    "price" : 1156.60,
    "dma50" : 1110.00,
    "dma100" : 1149.52,
    "dma200" : 1451.78,
    "volume" : 6223.00
  }, {
    "date" : "2025-07-02",
    "price" : 1211.90,
    "dma50" : 1114.00,
    "dma100" : 1145.83,
    "dma200" : 1449.39,
    "volume" : 5425.00
  }, {
    "date" : "2025-07-03",
    "price" : 1210.10,
    "dma50" : 1117.77,
    "dma100" : 1141.31,
    "dma200" : 1447.01,
    "volume" : 1747.00
  }, {
    "date" : "2025-07-04",
    "price" : 1235.00,
    "dma50" : 1122.36,
    "dma100" : 1135.45,
    "dma200" : 1444.90,
    "volume" : 2461.00
  }, {
    "date" : "2025-07-07",
    "price" : 1230.00,
    "dma50" : 1126.58,
    "dma100" : 1127.64,
    "dma200" : 1442.76,
    "volume" : 698.00
  }, {
    "date" : "2025-07-08",
    "price" : 1242.20,
    "dma50" : 1131.12,
    "dma100" : 1121.19,
    "dma200" : 1440.76,
    "volume" : 4299.00
  }, {
    "date" : "2025-07-09",
    "price" : 1277.50,
    "dma50" : 1136.86,
    "dma100" : 1118.87,
    "dma200" : 1439.14,
    "volume" : 892.00
  }, {
    "date" : "2025-07-10",
    "price" : 1319.50,
    "dma50" : 1144.02,
    "dma100" : 1119.39,
    "dma200" : 1437.95,
    "volume" : 3680.00
  }, {
    "date" : "2025-07-11",
    "price" : 1302.90,
    "dma50" : 1150.25,
    "dma100" : 1120.12,
    "dma200" : 1436.61,
    "volume" : 4958.00
  }, {
    "date" : "2025-07-14",
    "price" : 1302.50,
    "dma50" : 1156.22,
    "dma100" : 1121.38,
    "dma200" : 1435.27,
    "volume" : 2365.00
  }, {
    "date" : "2025-07-15",
    "price" : 1367.60,
    "dma50" : 1164.51,
    "dma100" : 1124.06,
    "dma200" : 1434.60,
    "volume" : 7733.00
  }, {
    "date" : "2025-07-16",
    "price" : 1435.90,
    "dma50" : 1175.15,
    "dma100" : 1127.91,
    "dma200" : 1434.61,
    "volume" : 6872.00
  }, {
    "date" : "2025-07-17",
    "price" : 1400.50,
    "dma50" : 1183.99,
    "dma100" : 1132.09,
    "dma200" : 1434.27,
    "volume" : 9899.00
  }, {
    "date" : "2025-07-18",
    "price" : 1375.60,
    "dma50" : 1191.50,
    "dma100" : 1135.77,
    "dma200" : 1433.69,
    "volume" : 2974.00
  }, {
    "date" : "2025-07-21",
    "price" : 1307.60,
    "dma50" : 1196.06,
    "dma100" : 1138.27,
    "dma200" : 1432.43,
    "volume" : 5059.00
  }, {
    "date" : "2025-07-22",
    "price" : 1276.50,
    "dma50" : 1199.21,
    "dma100" : 1140.19,
    "dma200" : 1430.88,
    "volume" : 5712.00
  }, {
    "date" : "2025-07-23",
    "price" : 1273.50,
    "dma50" : 1202.13,
    "dma100" : 1142.26,
    "dma200" : 1429.32,
    "volume" : 1172.00
  }, {
    "date" : "2025-07-24",
    "price" : 1263.70,
    "dma50" : 1204.54,
    "dma100" : 1143.86,
    "dma200" : 1427.67,
    "volume" : 897.00
  }, {
    "date" : "2025-07-25",
    "price" : 1280.60,
    "dma50" : 1207.52,
    "dma100" : 1145.71,
    "dma200" : 1426.20,
    "volume" : 2881.00
  }, {
    "date" : "2025-07-28",
    "price" : 1244.50,
    "dma50" : 1208.97,
    "dma100" : 1147.57,
    "dma200" : 1424.40,
    "volume" : 1133.00
  }, {
    "date" : "2025-07-29",
    "price" : 1214.50,
    "dma50" : 1209.19,
    "dma100" : 1149.39,
    "dma200" : 1422.31,
    "volume" : 963.00
  }, {
    "date" : "2025-07-30",
    "price" : 1274.00,
    "dma50" : 1211.73,
    "dma100" : 1152.13,
    "dma200" : 1420.83,
    "volume" : 1751.00
  }, {
    "date" : "2025-07-31",
    "price" : 1314.30,
    "dma50" : 1215.75,
    "dma100" : 1154.78,
    "dma200" : 1419.77,
    "volume" : 2214.00
  }, {
    "date" : "2025-08-01",
    "price" : 1313.00,
    "dma50" : 1219.57,
    "dma100" : 1157.07,
    "dma200" : 1418.71,
    "volume" : 3210.00
  }, {
    "date" : "2025-08-04",
    "price" : 1280.20,
    "dma50" : 1221.94,
    "dma100" : 1158.49,
    "dma200" : 1417.33,
    "volume" : 5487.00
  }, {
    "date" : "2025-08-05",
    "price" : 1260.60,
    "dma50" : 1223.46,
    "dma100" : 1159.16,
    "dma200" : 1415.77,
    "volume" : 1492.00
  }, {
    "date" : "2025-08-06",
    "price" : 1222.30,
    "dma50" : 1223.42,
    "dma100" : 1159.56,
    "dma200" : 1413.85,
    "volume" : 1801.00
  }, {
    "date" : "2025-08-07",
    "price" : 1229.40,
    "dma50" : 1223.65,
    "dma100" : 1160.27,
    "dma200" : 1412.01,
    "volume" : 1558.00
  }, {
    "date" : "2025-08-08",
    "price" : 1204.60,
    "dma50" : 1222.90,
    "dma100" : 1160.96,
    "dma200" : 1409.95,
    "volume" : 1970.00
  }, {
    "date" : "2025-08-11",
    "price" : 1219.20,
    "dma50" : 1222.76,
    "dma100" : 1161.80,
    "dma200" : 1408.05,
    "volume" : 1578.00
  }, {
    "date" : "2025-08-12",
    "price" : 1337.10,
    "dma50" : 1227.24,
    "dma100" : 1163.92,
    "dma200" : 1407.34,
    "volume" : 10510.00
  }, {
    "date" : "2025-08-13",
    "price" : 1322.20,
    "dma50" : 1230.97,
    "dma100" : 1165.79,
    "dma200" : 1406.50,
    "volume" : 5923.00
  }, {
    "date" : "2025-08-14",
    "price" : 1373.20,
    "dma50" : 1236.54,
    "dma100" : 1168.14,
    "dma200" : 1406.17,
    "volume" : 2631.00
  }, {
    "date" : "2025-08-18",
    "price" : 1366.90,
    "dma50" : 1241.66,
    "dma100" : 1170.46,
    "dma200" : 1405.77,
    "volume" : 3972.00
  }, {
    "date" : "2025-08-19",
    "price" : 1428.80,
    "dma50" : 1248.99,
    "dma100" : 1173.25,
    "dma200" : 1406.00,
    "volume" : 5644.00
  }, {
    "date" : "2025-08-20",
    "price" : 1472.70,
    "dma50" : 1257.77,
    "dma100" : 1176.25,
    "dma200" : 1406.67,
    "volume" : 5222.00
  }, {
    "date" : "2025-08-21",
    "price" : 1421.30,
    "dma50" : 1264.18,
    "dma100" : 1178.66,
    "dma200" : 1406.81,
    "volume" : 1941.00
  }, {
    "date" : "2025-08-22",
    "price" : 1407.20,
    "dma50" : 1269.79,
    "dma100" : 1181.17,
    "dma200" : 1406.82,
    "volume" : 738.00
  }, {
    "date" : "2025-08-25",
    "price" : 1437.00,
    "dma50" : 1276.35,
    "dma100" : 1184.21,
    "dma200" : 1407.12,
    "volume" : 3856.00
  }, {
    "date" : "2025-08-26",
    "price" : 1427.10,
    "dma50" : 1282.26,
    "dma100" : 1187.19,
    "dma200" : 1407.32,
    "volume" : 2789.00
  }, {
    "date" : "2025-08-28",
    "price" : 1374.00,
    "dma50" : 1285.86,
    "dma100" : 1189.64,
    "dma200" : 1406.98,
    "volume" : 804.00
  }, {
    "date" : "2025-08-29",
    "price" : 1422.70,
    "dma50" : 1291.22,
    "dma100" : 1192.62,
    "dma200" : 1407.14,
    "volume" : 1189.00
  }, {
    "date" : "2025-09-01",
    "price" : 1473.50,
    "dma50" : 1298.37,
    "dma100" : 1196.33,
    "dma200" : 1407.80,
    "volume" : 4954.00
  }, {
    "date" : "2025-09-02",
    "price" : 1472.30,
    "dma50" : 1305.19,
    "dma100" : 1200.25,
    "dma200" : 1408.44,
    "volume" : 2989.00
  }, {
    "date" : "2025-09-03",
    "price" : 1478.50,
    "dma50" : 1311.99,
    "dma100" : 1204.33,
    "dma200" : 1409.14,
    "volume" : 5238.00
  }, {
    "date" : "2025-09-04",
    "price" : 1474.90,
    "dma50" : 1318.38,
    "dma100" : 1208.39,
    "dma200" : 1409.79,
    "volume" : 1746.00
  }, {
    "date" : "2025-09-05",
    "price" : 1503.40,
    "dma50" : 1325.63,
    "dma100" : 1212.84,
    "dma200" : 1410.73,
    "volume" : 1343.00
  }, {
    "date" : "2025-09-08",
    "price" : 1478.40,
    "dma50" : 1331.62,
    "dma100" : 1217.13,
    "dma200" : 1411.40,
    "volume" : 2972.00
  }, {
    "date" : "2025-09-09",
    "price" : 1426.70,
    "dma50" : 1335.35,
    "dma100" : 1220.83,
    "dma200" : 1411.55,
    "volume" : 3173.00
  }, {
    "date" : "2025-09-10",
    "price" : 1399.20,
    "dma50" : 1337.86,
    "dma100" : 1224.43,
    "dma200" : 1411.43,
    "volume" : 1175.00
  }, {
    "date" : "2025-09-11",
    "price" : 1425.70,
    "dma50" : 1341.30,
    "dma100" : 1228.24,
    "dma200" : 1411.57,
    "volume" : 682.00
  }, {
    "date" : "2025-09-12",
    "price" : 1446.50,
    "dma50" : 1345.43,
    "dma100" : 1231.78,
    "dma200" : 1411.92,
    "volume" : 984.00
  }, {
    "date" : "2025-09-15",
    "price" : 1441.80,
    "dma50" : 1349.21,
    "dma100" : 1234.73,
    "dma200" : 1412.22,
    "volume" : 625.00
  }, {
    "date" : "2025-09-16",
    "price" : 1423.10,
    "dma50" : 1352.10,
    "dma100" : 1237.15,
    "dma200" : 1412.32,
    "volume" : 7590.00
  }, {
    "date" : "2025-09-17",
    "price" : 1353.20,
    "dma50" : 1352.15,
    "dma100" : 1239.46,
    "dma200" : 1411.74,
    "volume" : 7352.00
  }, {
    "date" : "2025-09-18",
    "price" : 1359.60,
    "dma50" : 1352.44,
    "dma100" : 1241.86,
    "dma200" : 1411.22,
    "volume" : 1158.00
  }, {
    "date" : "2025-09-19",
    "price" : 1412.90,
    "dma50" : 1354.81,
    "dma100" : 1244.92,
    "dma200" : 1411.23,
    "volume" : 6165.00
  }, {
    "date" : "2025-09-22",
    "price" : 1423.00,
    "dma50" : 1357.48,
    "dma100" : 1248.21,
    "dma200" : 1411.35,
    "volume" : 2394.00
  }, {
    "date" : "2025-09-23",
    "price" : 1455.20,
    "dma50" : 1361.32,
    "dma100" : 1252.04,
    "dma200" : 1411.79,
    "volume" : 1803.00
  }, {
    "date" : "2025-09-24",
    "price" : 1442.80,
    "dma50" : 1364.51,
    "dma100" : 1255.27,
    "dma200" : 1412.10,
    "volume" : 2243.00
  }, {
    "date" : "2025-09-25",
    "price" : 1414.20,
    "dma50" : 1366.46,
    "dma100" : 1258.64,
    "dma200" : 1412.12,
    "volume" : 4050.00
  }, {
    "date" : "2025-09-26",
    "price" : 1388.50,
    "dma50" : 1367.32,
    "dma100" : 1261.32,
    "dma200" : 1411.88,
    "volume" : 1799.00
  }, {
    "date" : "2025-09-29",
    "price" : 1415.30,
    "dma50" : 1369.21,
    "dma100" : 1264.66,
    "dma200" : 1411.92,
    "volume" : 1573.00
  }, {
    "date" : "2025-09-30",
    "price" : 1405.40,
    "dma50" : 1370.62,
    "dma100" : 1267.82,
    "dma200" : 1411.85,
    "volume" : 887.00
  }, {
    "date" : "2025-10-01",
    "price" : 1437.60,
    "dma50" : 1373.25,
    "dma100" : 1271.11,
    "dma200" : 1412.11,
    "volume" : 1978.00
  }, {
    "date" : "2025-10-03",
    "price" : 1439.60,
    "dma50" : 1375.85,
    "dma100" : 1274.48,
    "dma200" : 1412.38,
    "volume" : 1255.00
  }, {
    "date" : "2025-10-06",
    "price" : 1481.70,
    "dma50" : 1380.00,
    "dma100" : 1277.73,
    "dma200" : 1413.07,
    "volume" : 2963.00
  }, {
    "date" : "2025-10-07",
    "price" : 1478.50,
    "dma50" : 1383.87,
    "dma100" : 1280.36,
    "dma200" : 1413.72,
    "volume" : 1006.00
  }, {
    "date" : "2025-10-08",
    "price" : 1481.30,
    "dma50" : 1387.69,
    "dma100" : 1282.66,
    "dma200" : 1414.39,
    "volume" : 5272.00
  }, {
    "date" : "2025-10-09",
    "price" : 1467.00,
    "dma50" : 1390.80,
    "dma100" : 1284.20,
    "dma200" : 1414.92,
    "volume" : 1628.00
  }, {
    "date" : "2025-10-10",
    "price" : 1540.20,
    "dma50" : 1396.66,
    "dma100" : 1286.48,
    "dma200" : 1416.16,
    "volume" : 5797.00
  }, {
    "date" : "2025-10-13",
    "price" : 1496.30,
    "dma50" : 1400.56,
    "dma100" : 1288.59,
    "dma200" : 1416.96,
    "volume" : 9470.00
  }, {
    "date" : "2025-10-14",
    "price" : 1527.70,
    "dma50" : 1405.55,
    "dma100" : 1291.02,
    "dma200" : 1418.06,
    "volume" : 7387.00
  }, {
    "date" : "2025-10-15",
    "price" : 1494.10,
    "dma50" : 1409.02,
    "dma100" : 1293.37,
    "dma200" : 1418.82,
    "volume" : 2769.00
  }, {
    "date" : "2025-10-16",
    "price" : 1542.70,
    "dma50" : 1414.26,
    "dma100" : 1296.45,
    "dma200" : 1420.05,
    "volume" : 1436.00
  }, {
    "date" : "2025-10-17",
    "price" : 1517.40,
    "dma50" : 1418.31,
    "dma100" : 1299.53,
    "dma200" : 1421.02,
    "volume" : 4488.00
  }, {
    "date" : "2025-10-20",
    "price" : 1536.70,
    "dma50" : 1422.95,
    "dma100" : 1303.04,
    "dma200" : 1422.17,
    "volume" : 1945.00
  }, {
    "date" : "2025-10-21",
    "price" : 1490.80,
    "dma50" : 1425.61,
    "dma100" : 1306.34,
    "dma200" : 1422.85,
    "volume" : 1775.00
  }, {
    "date" : "2025-10-23",
    "price" : 1512.50,
    "dma50" : 1429.02,
    "dma100" : 1310.08,
    "dma200" : 1423.75,
    "volume" : 1581.00
  }, {
    "date" : "2025-10-24",
    "price" : 1490.10,
    "dma50" : 1431.42,
    "dma100" : 1313.82,
    "dma200" : 1424.41,
    "volume" : 876.00
  }, {
    "date" : "2025-10-27",
    "price" : 1521.60,
    "dma50" : 1434.95,
    "dma100" : 1318.08,
    "dma200" : 1425.37,
    "volume" : 1461.00
  }, {
    "date" : "2025-10-28",
    "price" : 1506.80,
    "dma50" : 1437.77,
    "dma100" : 1322.42,
    "dma200" : 1426.18,
    "volume" : 657.00
  }, {
    "date" : "2025-10-29",
    "price" : 1521.30,
    "dma50" : 1441.05,
    "dma100" : 1327.00,
    "dma200" : 1427.13,
    "volume" : 646.00
  }, {
    "date" : "2025-10-30",
    "price" : 1516.10,
    "dma50" : 1443.99,
    "dma100" : 1331.57,
    "dma200" : 1428.02,
    "volume" : 578.00
  }, {
    "date" : "2025-10-31",
    "price" : 1504.30,
    "dma50" : 1446.35,
    "dma100" : 1336.04,
    "dma200" : 1428.77,
    "volume" : 547.00
  }, {
    "date" : "2025-11-03",
    "price" : 1539.20,
    "dma50" : 1449.99,
    "dma100" : 1340.65,
    "dma200" : 1429.87,
    "volume" : 2365.00
  }, {
    "date" : "2025-11-04",
    "price" : 1630.00,
    "dma50" : 1457.05,
    "dma100" : 1346.18,
    "dma200" : 1431.87,
    "volume" : 11199.00
  }, {
    "date" : "2025-11-06",
    "price" : 1469.20,
    "dma50" : 1457.53,
    "dma100" : 1350.27,
    "dma200" : 1432.24,
    "volume" : 6152.00
  }, {
    "date" : "2025-11-07",
    "price" : 1485.50,
    "dma50" : 1458.63,
    "dma100" : 1354.63,
    "dma200" : 1432.77,
    "volume" : 1743.00
  }, {
    "date" : "2025-11-10",
    "price" : 1494.60,
    "dma50" : 1460.04,
    "dma100" : 1359.18,
    "dma200" : 1433.38,
    "volume" : 2889.00
  }, {
    "date" : "2025-11-11",
    "price" : 1448.50,
    "dma50" : 1459.59,
    "dma100" : 1363.49,
    "dma200" : 1433.53,
    "volume" : 7241.00
  }, {
    "date" : "2025-11-12",
    "price" : 1443.30,
    "dma50" : 1458.95,
    "dma100" : 1367.94,
    "dma200" : 1433.63,
    "volume" : 2998.00
  }, {
    "date" : "2025-11-13",
    "price" : 1426.30,
    "dma50" : 1457.67,
    "dma100" : 1372.20,
    "dma200" : 1433.56,
    "volume" : 2173.00
  }, {
    "date" : "2025-11-14",
    "price" : 1389.60,
    "dma50" : 1455.00,
    "dma100" : 1376.10,
    "dma200" : 1433.12,
    "volume" : 4144.00
  }, {
    "date" : "2025-11-17",
    "price" : 1360.50,
    "dma50" : 1451.29,
    "dma100" : 1379.75,
    "dma200" : 1432.40,
    "volume" : 3350.00
  }, {
    "date" : "2025-11-18",
    "price" : 1393.20,
    "dma50" : 1449.01,
    "dma100" : 1383.54,
    "dma200" : 1432.01,
    "volume" : 5260.00
  }, {
    "date" : "2025-11-19",
    "price" : 1355.80,
    "dma50" : 1445.36,
    "dma100" : 1386.75,
    "dma200" : 1431.25,
    "volume" : 2363.00
  }, {
    "date" : "2025-11-20",
    "price" : 1391.80,
    "dma50" : 1443.26,
    "dma100" : 1390.33,
    "dma200" : 1430.86,
    "volume" : 3395.00
  }, {
    "date" : "2025-11-21",
    "price" : 1348.00,
    "dma50" : 1439.52,
    "dma100" : 1393.32,
    "dma200" : 1430.03,
    "volume" : 3914.00
  }, {
    "date" : "2025-11-24",
    "price" : 1321.10,
    "dma50" : 1434.88,
    "dma100" : 1395.52,
    "dma200" : 1428.95,
    "volume" : 2048.00
  }, {
    "date" : "2025-11-25",
    "price" : 1333.10,
    "dma50" : 1430.89,
    "dma100" : 1397.28,
    "dma200" : 1427.99,
    "volume" : 3653.00
  }, {
    "date" : "2025-11-26",
    "price" : 1328.30,
    "dma50" : 1426.86,
    "dma100" : 1398.44,
    "dma200" : 1427.00,
    "volume" : 1132.00
  }, {
    "date" : "2025-11-27",
    "price" : 1333.30,
    "dma50" : 1423.19,
    "dma100" : 1399.68,
    "dma200" : 1426.07,
    "volume" : 733.00
  }, {
    "date" : "2025-11-28",
    "price" : 1340.90,
    "dma50" : 1419.97,
    "dma100" : 1400.73,
    "dma200" : 1425.22,
    "volume" : 1341.00
  }, {
    "date" : "2025-12-01",
    "price" : 1349.40,
    "dma50" : 1417.20,
    "dma100" : 1401.93,
    "dma200" : 1424.47,
    "volume" : 668.00
  }, {
    "date" : "2025-12-02",
    "price" : 1325.30,
    "dma50" : 1413.60,
    "dma100" : 1402.76,
    "dma200" : 1423.48,
    "volume" : 866.00
  }, {
    "date" : "2025-12-03",
    "price" : 1315.50,
    "dma50" : 1409.75,
    "dma100" : 1403.14,
    "dma200" : 1422.41,
    "volume" : 3176.00
  }, {
    "date" : "2025-12-04",
    "price" : 1303.20,
    "dma50" : 1405.57,
    "dma100" : 1402.98,
    "dma200" : 1421.22,
    "volume" : 1197.00
  }, {
    "date" : "2025-12-05",
    "price" : 1299.50,
    "dma50" : 1401.41,
    "dma100" : 1402.94,
    "dma200" : 1420.01,
    "volume" : 902.00
  }, {
    "date" : "2025-12-08",
    "price" : 1286.40,
    "dma50" : 1396.90,
    "dma100" : 1402.78,
    "dma200" : 1418.68,
    "volume" : 2361.00
  }, {
    "date" : "2025-12-09",
    "price" : 1294.70,
    "dma50" : 1392.89,
    "dma100" : 1402.05,
    "dma200" : 1417.45,
    "volume" : 12241.00
  }, {
    "date" : "2025-12-10",
    "price" : 1321.20,
    "dma50" : 1390.08,
    "dma100" : 1400.91,
    "dma200" : 1416.49,
    "volume" : 1532.00
  }, {
    "date" : "2025-12-11",
    "price" : 1319.30,
    "dma50" : 1387.31,
    "dma100" : 1400.09,
    "dma200" : 1415.52,
    "volume" : 199.00
  }, {
    "date" : "2025-12-12",
    "price" : 1326.70,
    "dma50" : 1384.93,
    "dma100" : 1399.60,
    "dma200" : 1414.64,
    "volume" : 3841.00
  }, {
    "date" : "2025-12-15",
    "price" : 1330.10,
    "dma50" : 1382.78,
    "dma100" : 1399.83,
    "dma200" : 1413.80,
    "volume" : 1672.00
  }, {
    "date" : "2025-12-16",
    "price" : 1330.50,
    "dma50" : 1380.73,
    "dma100" : 1400.37,
    "dma200" : 1412.97,
    "volume" : 3441.00
  }, {
    "date" : "2025-12-17",
    "price" : 1326.30,
    "dma50" : 1378.59,
    "dma100" : 1400.90,
    "dma200" : 1412.11,
    "volume" : 934.00
  }, {
    "date" : "2025-12-18",
    "price" : 1306.10,
    "dma50" : 1375.75,
    "dma100" : 1401.32,
    "dma200" : 1411.05,
    "volume" : 1615.00
  }, {
    "date" : "2025-12-19",
    "price" : 1278.80,
    "dma50" : 1371.95,
    "dma100" : 1401.30,
    "dma200" : 1409.73,
    "volume" : 2093.00
  }, {
    "date" : "2025-12-22",
    "price" : 1307.20,
    "dma50" : 1369.41,
    "dma100" : 1401.93,
    "dma200" : 1408.71,
    "volume" : 4354.00
  }, {
    "date" : "2025-12-23",
    "price" : 1310.00,
    "dma50" : 1367.08,
    "dma100" : 1402.89,
    "dma200" : 1407.73,
    "volume" : 511.00
  }, {
    "date" : "2025-12-24",
    "price" : 1337.00,
    "dma50" : 1365.90,
    "dma100" : 1403.52,
    "dma200" : 1407.03,
    "volume" : 396.00
  }, {
    "date" : "2025-12-26",
    "price" : 1323.00,
    "dma50" : 1364.22,
    "dma100" : 1403.60,
    "dma200" : 1406.19,
    "volume" : 2121.00
  }, {
    "date" : "2025-12-29",
    "price" : 1295.20,
    "dma50" : 1361.51,
    "dma100" : 1403.42,
    "dma200" : 1405.09,
    "volume" : 1112.00
  }, {
    "date" : "2025-12-30",
    "price" : 1331.90,
    "dma50" : 1360.35,
    "dma100" : 1403.94,
    "dma200" : 1404.36,
    "volume" : 1472.00
  }, {
    "date" : "2025-12-31",
    "price" : 1406.20,
    "dma50" : 1362.15,
    "dma100" : 1405.40,
    "dma200" : 1404.38,
    "volume" : 4385.00
  }, {
    "date" : "2026-01-01",
    "price" : 1396.60,
    "dma50" : 1363.50,
    "dma100" : 1407.14,
    "dma200" : 1404.30,
    "volume" : 1111.00
  }, {
    "date" : "2026-01-02",
    "price" : 1408.10,
    "dma50" : 1365.25,
    "dma100" : 1408.93,
    "dma200" : 1404.34,
    "volume" : 716.00
  }, {
    "date" : "2026-01-05",
    "price" : 1424.70,
    "dma50" : 1367.58,
    "dma100" : 1411.13,
    "dma200" : 1404.54,
    "volume" : 1805.00
  }, {
    "date" : "2026-01-06",
    "price" : 1430.50,
    "dma50" : 1370.05,
    "dma100" : 1413.24,
    "dma200" : 1404.80,
    "volume" : 2044.00
  }, {
    "date" : "2026-01-07",
    "price" : 1513.40,
    "dma50" : 1375.67,
    "dma100" : 1415.00,
    "dma200" : 1405.88,
    "volume" : 9642.00
  }, {
    "date" : "2026-01-08",
    "price" : 1462.60,
    "dma50" : 1379.08,
    "dma100" : 1416.41,
    "dma200" : 1406.44,
    "volume" : 1676.00
  }, {
    "date" : "2026-01-09",
    "price" : 1419.90,
    "dma50" : 1380.68,
    "dma100" : 1416.88,
    "dma200" : 1406.58,
    "volume" : 1231.00
  }, {
    "date" : "2026-01-12",
    "price" : 1444.40,
    "dma50" : 1383.18,
    "dma100" : 1417.65,
    "dma200" : 1406.95,
    "volume" : 6382.00
  }, {
    "date" : "2026-01-13",
    "price" : 1436.30,
    "dma50" : 1385.26,
    "dma100" : 1417.73,
    "dma200" : 1407.25,
    "volume" : 3256.00
  }, {
    "date" : "2026-01-14",
    "price" : 1469.40,
    "dma50" : 1388.56,
    "dma100" : 1417.69,
    "dma200" : 1407.86,
    "volume" : 2498.00
  }, {
    "date" : "2026-01-16",
    "price" : 1489.00,
    "dma50" : 1392.50,
    "dma100" : 1418.37,
    "dma200" : 1408.67,
    "volume" : 2121.00
  }, {
    "date" : "2026-01-19",
    "price" : 1549.30,
    "dma50" : 1398.65,
    "dma100" : 1419.79,
    "dma200" : 1410.07,
    "volume" : 4553.00
  }, {
    "date" : "2026-01-20",
    "price" : 1531.70,
    "dma50" : 1403.87,
    "dma100" : 1420.74,
    "dma200" : 1411.28,
    "volume" : 5977.00
  }, {
    "date" : "2026-01-21",
    "price" : 1501.00,
    "dma50" : 1407.68,
    "dma100" : 1421.48,
    "dma200" : 1412.17,
    "volume" : 3394.00
  }, {
    "date" : "2026-01-22",
    "price" : 1586.30,
    "dma50" : 1414.68,
    "dma100" : 1423.60,
    "dma200" : 1413.91,
    "volume" : 3833.00
  }, {
    "date" : "2026-01-23",
    "price" : 1526.50,
    "dma50" : 1419.07,
    "dma100" : 1424.64,
    "dma200" : 1415.03,
    "volume" : 2554.00
  }, {
    "date" : "2026-01-27",
    "price" : 1566.20,
    "dma50" : 1424.84,
    "dma100" : 1425.56,
    "dma200" : 1416.53,
    "volume" : 3597.00
  }, {
    "date" : "2026-01-28",
    "price" : 1710.50,
    "dma50" : 1436.04,
    "dma100" : 1427.95,
    "dma200" : 1419.46,
    "volume" : 7063.00
  }, {
    "date" : "2026-01-29",
    "price" : 1776.30,
    "dma50" : 1449.38,
    "dma100" : 1430.92,
    "dma200" : 1423.01,
    "volume" : 7513.00
  }, {
    "date" : "2026-01-30",
    "price" : 1677.30,
    "dma50" : 1458.32,
    "dma100" : 1432.95,
    "dma200" : 1425.54,
    "volume" : 2747.00
  } ],
  "latestTechnicalAttributes" : {
    "date" : "2026-01-30",
    "price" : 1677.30,
    "dma50" : 1458.32,
    "dma100" : 1432.95,
    "dma200" : 1425.54,
    "volume" : 2747.00
  },
  "quarterlyResults" : [ {
    "date" : "2005-03-31",
    "sales" : 2.43,
    "salesGrowthYoY" : null,
    "grossProfitMargin" : 49.38,
    "grossProfit" : 1.20,
    "operatingProfitMargin" : 9.88,
    "operatingProfit" : 0.24,
    "netProfitMargin" : 2.47,
    "netProfit" : 0.06
  }, {
    "date" : "2005-06-30",
    "sales" : 3.09,
    "salesGrowthYoY" : null,
    "grossProfitMargin" : 45.63,
    "grossProfit" : 1.41,
    "operatingProfitMargin" : 12.30,
    "operatingProfit" : 0.38,
    "netProfitMargin" : 5.83,
    "netProfit" : 0.18
  }, {
    "date" : "2005-09-30",
    "sales" : 2.50,
    "salesGrowthYoY" : null,
    "grossProfitMargin" : 49.60,
    "grossProfit" : 1.24,
    "operatingProfitMargin" : 6.00,
    "operatingProfit" : 0.15,
    "netProfitMargin" : 7.20,
    "netProfit" : 0.18
  }, {
    "date" : "2005-12-31",
    "sales" : 2.16,
    "salesGrowthYoY" : null,
    "grossProfitMargin" : 47.22,
    "grossProfit" : 1.02,
    "operatingProfitMargin" : 0.00,
    "operatingProfit" : 0.00,
    "netProfitMargin" : -5.56,
    "netProfit" : -0.12
  }, {
    "date" : "2006-03-31",
    "sales" : 4.06,
    "salesGrowthYoY" : 67.08,
    "grossProfitMargin" : 56.40,
    "grossProfit" : 2.29,
    "operatingProfitMargin" : 15.76,
    "operatingProfit" : 0.64,
    "netProfitMargin" : 14.53,
    "netProfit" : 0.59
  }, {
    "date" : "2006-06-30",
    "sales" : 4.50,
    "salesGrowthYoY" : 45.63,
    "grossProfitMargin" : 49.56,
    "grossProfit" : 2.23,
    "operatingProfitMargin" : 19.78,
    "operatingProfit" : 0.89,
    "netProfitMargin" : 10.89,
    "netProfit" : 0.49
  }, {
    "date" : "2006-09-30",
    "sales" : 4.80,
    "salesGrowthYoY" : 92.00,
    "grossProfitMargin" : 47.92,
    "grossProfit" : 2.30,
    "operatingProfitMargin" : 15.83,
    "operatingProfit" : 0.76,
    "netProfitMargin" : 8.96,
    "netProfit" : 0.43
  }, {
    "date" : "2006-12-31",
    "sales" : 4.81,
    "salesGrowthYoY" : 122.69,
    "grossProfitMargin" : 50.10,
    "grossProfit" : 2.41,
    "operatingProfitMargin" : 11.85,
    "operatingProfit" : 0.57,
    "netProfitMargin" : 6.03,
    "netProfit" : 0.29
  }, {
    "date" : "2007-03-31",
    "sales" : 5.74,
    "salesGrowthYoY" : 41.38,
    "grossProfitMargin" : 50.87,
    "grossProfit" : 2.92,
    "operatingProfitMargin" : 16.55,
    "operatingProfit" : 0.95,
    "netProfitMargin" : 8.89,
    "netProfit" : 0.51
  }, {
    "date" : "2007-06-30",
    "sales" : 4.47,
    "salesGrowthYoY" : -0.67,
    "grossProfitMargin" : 49.44,
    "grossProfit" : 2.21,
    "operatingProfitMargin" : 17.45,
    "operatingProfit" : 0.78,
    "netProfitMargin" : 8.50,
    "netProfit" : 0.38
  }, {
    "date" : "2007-09-30",
    "sales" : 2.70,
    "salesGrowthYoY" : -43.75,
    "grossProfitMargin" : 36.67,
    "grossProfit" : 0.99,
    "operatingProfitMargin" : -10.74,
    "operatingProfit" : -0.29,
    "netProfitMargin" : -16.67,
    "netProfit" : -0.45
  }, {
    "date" : "2007-12-31",
    "sales" : 1.92,
    "salesGrowthYoY" : -60.08,
    "grossProfitMargin" : 53.65,
    "grossProfit" : 1.03,
    "operatingProfitMargin" : -2.08,
    "operatingProfit" : -0.04,
    "netProfitMargin" : -13.54,
    "netProfit" : -0.26
  }, {
    "date" : "2008-03-31",
    "sales" : 3.56,
    "salesGrowthYoY" : -37.98,
    "grossProfitMargin" : 47.19,
    "grossProfit" : 1.68,
    "operatingProfitMargin" : 17.70,
    "operatingProfit" : 0.63,
    "netProfitMargin" : 16.29,
    "netProfit" : 0.58
  }, {
    "date" : "2008-06-30",
    "sales" : 3.76,
    "salesGrowthYoY" : -15.88,
    "grossProfitMargin" : 46.81,
    "grossProfit" : 1.76,
    "operatingProfitMargin" : 12.77,
    "operatingProfit" : 0.48,
    "netProfitMargin" : 3.99,
    "netProfit" : 0.15
  }, {
    "date" : "2008-09-30",
    "sales" : 5.46,
    "salesGrowthYoY" : 102.22,
    "grossProfitMargin" : 40.11,
    "grossProfit" : 2.19,
    "operatingProfitMargin" : 15.75,
    "operatingProfit" : 0.86,
    "netProfitMargin" : 7.33,
    "netProfit" : 0.40
  }, {
    "date" : "2008-12-31",
    "sales" : 7.71,
    "salesGrowthYoY" : 301.56,
    "grossProfitMargin" : 47.60,
    "grossProfit" : 3.67,
    "operatingProfitMargin" : 19.33,
    "operatingProfit" : 1.49,
    "netProfitMargin" : 9.21,
    "netProfit" : 0.71
  }, {
    "date" : "2009-03-31",
    "sales" : 7.83,
    "salesGrowthYoY" : 119.94,
    "grossProfitMargin" : 47.64,
    "grossProfit" : 3.73,
    "operatingProfitMargin" : 19.67,
    "operatingProfit" : 1.54,
    "netProfitMargin" : 8.30,
    "netProfit" : 0.65
  }, {
    "date" : "2009-06-30",
    "sales" : 7.03,
    "salesGrowthYoY" : 86.97,
    "grossProfitMargin" : 53.77,
    "grossProfit" : 3.78,
    "operatingProfitMargin" : 27.74,
    "operatingProfit" : 1.95,
    "netProfitMargin" : 15.93,
    "netProfit" : 1.12
  }, {
    "date" : "2009-09-30",
    "sales" : 7.20,
    "salesGrowthYoY" : 31.87,
    "grossProfitMargin" : 53.75,
    "grossProfit" : 3.87,
    "operatingProfitMargin" : 20.42,
    "operatingProfit" : 1.47,
    "netProfitMargin" : 11.67,
    "netProfit" : 0.84
  }, {
    "date" : "2009-12-31",
    "sales" : 6.90,
    "salesGrowthYoY" : -10.51,
    "grossProfitMargin" : 49.42,
    "grossProfit" : 3.41,
    "operatingProfitMargin" : 16.96,
    "operatingProfit" : 1.17,
    "netProfitMargin" : 8.70,
    "netProfit" : 0.60
  }, {
    "date" : "2010-03-31",
    "sales" : 6.83,
    "salesGrowthYoY" : -12.77,
    "grossProfitMargin" : 43.63,
    "grossProfit" : 2.98,
    "operatingProfitMargin" : 8.35,
    "operatingProfit" : 0.57,
    "netProfitMargin" : 4.69,
    "netProfit" : 0.32
  }, {
    "date" : "2010-06-30",
    "sales" : 7.64,
    "salesGrowthYoY" : 8.68,
    "grossProfitMargin" : 50.92,
    "grossProfit" : 3.89,
    "operatingProfitMargin" : 18.19,
    "operatingProfit" : 1.39,
    "netProfitMargin" : 9.55,
    "netProfit" : 0.73
  }, {
    "date" : "2010-09-30",
    "sales" : 9.04,
    "salesGrowthYoY" : 25.56,
    "grossProfitMargin" : 46.68,
    "grossProfit" : 4.22,
    "operatingProfitMargin" : 15.60,
    "operatingProfit" : 1.41,
    "netProfitMargin" : 7.52,
    "netProfit" : 0.68
  }, {
    "date" : "2010-12-31",
    "sales" : 9.01,
    "salesGrowthYoY" : 30.58,
    "grossProfitMargin" : 41.07,
    "grossProfit" : 3.70,
    "operatingProfitMargin" : 13.98,
    "operatingProfit" : 1.26,
    "netProfitMargin" : 6.44,
    "netProfit" : 0.58
  }, {
    "date" : "2011-03-31",
    "sales" : 9.68,
    "salesGrowthYoY" : 41.73,
    "grossProfitMargin" : 49.38,
    "grossProfit" : 4.78,
    "operatingProfitMargin" : 11.98,
    "operatingProfit" : 1.16,
    "netProfitMargin" : 4.34,
    "netProfit" : 0.42
  }, {
    "date" : "2011-06-30",
    "sales" : 7.57,
    "salesGrowthYoY" : -0.92,
    "grossProfitMargin" : 51.39,
    "grossProfit" : 3.89,
    "operatingProfitMargin" : 11.10,
    "operatingProfit" : 0.84,
    "netProfitMargin" : 3.30,
    "netProfit" : 0.25
  }, {
    "date" : "2011-09-30",
    "sales" : 8.32,
    "salesGrowthYoY" : -7.96,
    "grossProfitMargin" : 52.40,
    "grossProfit" : 4.36,
    "operatingProfitMargin" : 11.18,
    "operatingProfit" : 0.93,
    "netProfitMargin" : 3.00,
    "netProfit" : 0.25
  }, {
    "date" : "2011-12-31",
    "sales" : 9.48,
    "salesGrowthYoY" : 5.22,
    "grossProfitMargin" : 48.63,
    "grossProfit" : 4.61,
    "operatingProfitMargin" : 8.12,
    "operatingProfit" : 0.77,
    "netProfitMargin" : 1.69,
    "netProfit" : 0.16
  }, {
    "date" : "2012-03-31",
    "sales" : 10.75,
    "salesGrowthYoY" : 11.05,
    "grossProfitMargin" : 42.23,
    "grossProfit" : 4.54,
    "operatingProfitMargin" : 10.98,
    "operatingProfit" : 1.18,
    "netProfitMargin" : 4.19,
    "netProfit" : 0.45
  }, {
    "date" : "2012-06-30",
    "sales" : 12.61,
    "salesGrowthYoY" : 66.58,
    "grossProfitMargin" : 48.77,
    "grossProfit" : 6.15,
    "operatingProfitMargin" : 16.10,
    "operatingProfit" : 2.03,
    "netProfitMargin" : 7.53,
    "netProfit" : 0.95
  }, {
    "date" : "2012-09-30",
    "sales" : 11.51,
    "salesGrowthYoY" : 38.34,
    "grossProfitMargin" : 50.65,
    "grossProfit" : 5.83,
    "operatingProfitMargin" : 11.12,
    "operatingProfit" : 1.28,
    "netProfitMargin" : 2.69,
    "netProfit" : 0.31
  }, {
    "date" : "2012-12-31",
    "sales" : 14.43,
    "salesGrowthYoY" : 52.22,
    "grossProfitMargin" : 48.65,
    "grossProfit" : 7.02,
    "operatingProfitMargin" : 11.85,
    "operatingProfit" : 1.71,
    "netProfitMargin" : 3.95,
    "netProfit" : 0.57
  }, {
    "date" : "2013-03-31",
    "sales" : 17.01,
    "salesGrowthYoY" : 58.23,
    "grossProfitMargin" : 45.80,
    "grossProfit" : 7.79,
    "operatingProfitMargin" : 13.87,
    "operatingProfit" : 2.36,
    "netProfitMargin" : 6.35,
    "netProfit" : 1.08
  }, {
    "date" : "2013-06-30",
    "sales" : 20.86,
    "salesGrowthYoY" : 65.42,
    "grossProfitMargin" : 49.38,
    "grossProfit" : 10.30,
    "operatingProfitMargin" : 16.01,
    "operatingProfit" : 3.34,
    "netProfitMargin" : 12.08,
    "netProfit" : 2.52
  }, {
    "date" : "2013-09-30",
    "sales" : 19.53,
    "salesGrowthYoY" : 69.68,
    "grossProfitMargin" : 51.25,
    "grossProfit" : 10.01,
    "operatingProfitMargin" : 16.39,
    "operatingProfit" : 3.20,
    "netProfitMargin" : 8.14,
    "netProfit" : 1.59
  }, {
    "date" : "2013-12-31",
    "sales" : 17.62,
    "salesGrowthYoY" : 22.11,
    "grossProfitMargin" : 52.55,
    "grossProfit" : 9.26,
    "operatingProfitMargin" : 11.52,
    "operatingProfit" : 2.03,
    "netProfitMargin" : 3.58,
    "netProfit" : 0.63
  }, {
    "date" : "2014-03-31",
    "sales" : 20.85,
    "salesGrowthYoY" : 22.57,
    "grossProfitMargin" : 42.78,
    "grossProfit" : 8.92,
    "operatingProfitMargin" : 9.59,
    "operatingProfit" : 2.00,
    "netProfitMargin" : 4.27,
    "netProfit" : 0.89
  }, {
    "date" : "2014-06-30",
    "sales" : 20.71,
    "salesGrowthYoY" : -0.72,
    "grossProfitMargin" : 53.65,
    "grossProfit" : 11.11,
    "operatingProfitMargin" : 18.78,
    "operatingProfit" : 3.89,
    "netProfitMargin" : 8.50,
    "netProfit" : 1.76
  }, {
    "date" : "2014-09-30",
    "sales" : 23.14,
    "salesGrowthYoY" : 18.48,
    "grossProfitMargin" : 51.94,
    "grossProfit" : 12.02,
    "operatingProfitMargin" : 17.89,
    "operatingProfit" : 4.14,
    "netProfitMargin" : 9.85,
    "netProfit" : 2.28
  }, {
    "date" : "2014-12-31",
    "sales" : 19.21,
    "salesGrowthYoY" : 9.02,
    "grossProfitMargin" : 50.18,
    "grossProfit" : 9.64,
    "operatingProfitMargin" : 7.39,
    "operatingProfit" : 1.42,
    "netProfitMargin" : 2.71,
    "netProfit" : 0.52
  }, {
    "date" : "2015-03-31",
    "sales" : 25.22,
    "salesGrowthYoY" : 20.96,
    "grossProfitMargin" : 55.35,
    "grossProfit" : 13.96,
    "operatingProfitMargin" : 20.86,
    "operatingProfit" : 5.26,
    "netProfitMargin" : 11.58,
    "netProfit" : 2.92
  }, {
    "date" : "2015-06-30",
    "sales" : 24.65,
    "salesGrowthYoY" : 19.02,
    "grossProfitMargin" : 55.38,
    "grossProfit" : 13.65,
    "operatingProfitMargin" : 21.42,
    "operatingProfit" : 5.28,
    "netProfitMargin" : 11.28,
    "netProfit" : 2.78
  }, {
    "date" : "2015-09-30",
    "sales" : 22.97,
    "salesGrowthYoY" : -0.73,
    "grossProfitMargin" : 58.69,
    "grossProfit" : 13.48,
    "operatingProfitMargin" : 21.81,
    "operatingProfit" : 5.01,
    "netProfitMargin" : 11.10,
    "netProfit" : 2.55
  }, {
    "date" : "2015-12-31",
    "sales" : 22.70,
    "salesGrowthYoY" : 18.17,
    "grossProfitMargin" : 57.18,
    "grossProfit" : 12.98,
    "operatingProfitMargin" : 21.50,
    "operatingProfit" : 4.88,
    "netProfitMargin" : 12.20,
    "netProfit" : 2.77
  }, {
    "date" : "2016-03-31",
    "sales" : 25.98,
    "salesGrowthYoY" : 3.01,
    "grossProfitMargin" : 58.85,
    "grossProfit" : 15.29,
    "operatingProfitMargin" : 24.83,
    "operatingProfit" : 6.45,
    "netProfitMargin" : 12.97,
    "netProfit" : 3.37
  }, {
    "date" : "2016-06-30",
    "sales" : 24.07,
    "salesGrowthYoY" : -2.35,
    "grossProfitMargin" : 59.95,
    "grossProfit" : 14.43,
    "operatingProfitMargin" : 23.81,
    "operatingProfit" : 5.73,
    "netProfitMargin" : 17.12,
    "netProfit" : 4.12
  }, {
    "date" : "2016-09-30",
    "sales" : 22.22,
    "salesGrowthYoY" : -3.27,
    "grossProfitMargin" : 62.96,
    "grossProfit" : 13.99,
    "operatingProfitMargin" : 24.26,
    "operatingProfit" : 5.39,
    "netProfitMargin" : 13.10,
    "netProfit" : 2.91
  }, {
    "date" : "2016-12-31",
    "sales" : 26.23,
    "salesGrowthYoY" : 15.55,
    "grossProfitMargin" : 62.64,
    "grossProfit" : 16.43,
    "operatingProfitMargin" : 28.06,
    "operatingProfit" : 7.36,
    "netProfitMargin" : 16.05,
    "netProfit" : 4.21
  }, {
    "date" : "2017-03-31",
    "sales" : 25.84,
    "salesGrowthYoY" : -0.54,
    "grossProfitMargin" : 59.67,
    "grossProfit" : 15.42,
    "operatingProfitMargin" : 19.39,
    "operatingProfit" : 5.01,
    "netProfitMargin" : 13.35,
    "netProfit" : 3.45
  }, {
    "date" : "2017-06-30",
    "sales" : 21.11,
    "salesGrowthYoY" : -12.30,
    "grossProfitMargin" : 59.21,
    "grossProfit" : 12.50,
    "operatingProfitMargin" : 9.10,
    "operatingProfit" : 1.92,
    "netProfitMargin" : 7.58,
    "netProfit" : 1.60
  }, {
    "date" : "2017-09-30",
    "sales" : 28.91,
    "salesGrowthYoY" : 30.11,
    "grossProfitMargin" : 57.66,
    "grossProfit" : 16.67,
    "operatingProfitMargin" : 20.48,
    "operatingProfit" : 5.92,
    "netProfitMargin" : 11.93,
    "netProfit" : 3.45
  }, {
    "date" : "2017-12-31",
    "sales" : 29.29,
    "salesGrowthYoY" : 11.67,
    "grossProfitMargin" : 58.96,
    "grossProfit" : 17.27,
    "operatingProfitMargin" : 18.37,
    "operatingProfit" : 5.38,
    "netProfitMargin" : 14.31,
    "netProfit" : 4.19
  }, {
    "date" : "2018-03-31",
    "sales" : 32.02,
    "salesGrowthYoY" : 23.92,
    "grossProfitMargin" : 59.18,
    "grossProfit" : 18.95,
    "operatingProfitMargin" : 18.08,
    "operatingProfit" : 5.79,
    "netProfitMargin" : 9.59,
    "netProfit" : 3.07
  }, {
    "date" : "2018-06-30",
    "sales" : 34.85,
    "salesGrowthYoY" : 65.09,
    "grossProfitMargin" : 57.73,
    "grossProfit" : 20.12,
    "operatingProfitMargin" : 14.75,
    "operatingProfit" : 5.14,
    "netProfitMargin" : 13.83,
    "netProfit" : 4.82
  }, {
    "date" : "2018-09-30",
    "sales" : 38.92,
    "salesGrowthYoY" : 34.62,
    "grossProfitMargin" : 56.42,
    "grossProfit" : 21.96,
    "operatingProfitMargin" : 17.70,
    "operatingProfit" : 6.89,
    "netProfitMargin" : 11.36,
    "netProfit" : 4.42
  }, {
    "date" : "2018-12-31",
    "sales" : 34.47,
    "salesGrowthYoY" : 17.69,
    "grossProfitMargin" : 61.44,
    "grossProfit" : 21.18,
    "operatingProfitMargin" : 21.41,
    "operatingProfit" : 7.38,
    "netProfitMargin" : 11.81,
    "netProfit" : 4.07
  }, {
    "date" : "2019-03-31",
    "sales" : 43.46,
    "salesGrowthYoY" : 35.73,
    "grossProfitMargin" : 59.32,
    "grossProfit" : 25.78,
    "operatingProfitMargin" : 24.55,
    "operatingProfit" : 10.67,
    "netProfitMargin" : 15.67,
    "netProfit" : 6.81
  }, {
    "date" : "2019-06-30",
    "sales" : 40.70,
    "salesGrowthYoY" : 16.79,
    "grossProfitMargin" : 59.93,
    "grossProfit" : 24.39,
    "operatingProfitMargin" : 21.23,
    "operatingProfit" : 8.64,
    "netProfitMargin" : 13.61,
    "netProfit" : 5.54
  }, {
    "date" : "2019-09-30",
    "sales" : 37.21,
    "salesGrowthYoY" : -4.39,
    "grossProfitMargin" : 55.50,
    "grossProfit" : 20.65,
    "operatingProfitMargin" : 12.55,
    "operatingProfit" : 4.67,
    "netProfitMargin" : 7.98,
    "netProfit" : 2.97
  }, {
    "date" : "2019-12-31",
    "sales" : 37.42,
    "salesGrowthYoY" : 8.56,
    "grossProfitMargin" : 52.65,
    "grossProfit" : 19.70,
    "operatingProfitMargin" : 10.29,
    "operatingProfit" : 3.85,
    "netProfitMargin" : 5.42,
    "netProfit" : 2.03
  }, {
    "date" : "2020-03-31",
    "sales" : 35.48,
    "salesGrowthYoY" : -18.36,
    "grossProfitMargin" : 59.92,
    "grossProfit" : 21.26,
    "operatingProfitMargin" : 6.23,
    "operatingProfit" : 2.21,
    "netProfitMargin" : 0.39,
    "netProfit" : 0.14
  }, {
    "date" : "2020-06-30",
    "sales" : 42.42,
    "salesGrowthYoY" : 4.23,
    "grossProfitMargin" : 60.11,
    "grossProfit" : 25.50,
    "operatingProfitMargin" : 29.68,
    "operatingProfit" : 12.59,
    "netProfitMargin" : 20.86,
    "netProfit" : 8.85
  }, {
    "date" : "2020-09-30",
    "sales" : 68.21,
    "salesGrowthYoY" : 83.31,
    "grossProfitMargin" : 56.06,
    "grossProfit" : 38.24,
    "operatingProfitMargin" : 27.44,
    "operatingProfit" : 18.72,
    "netProfitMargin" : 21.70,
    "netProfit" : 14.80
  }, {
    "date" : "2020-12-31",
    "sales" : 72.79,
    "salesGrowthYoY" : 94.52,
    "grossProfitMargin" : 59.75,
    "grossProfit" : 43.49,
    "operatingProfitMargin" : 29.96,
    "operatingProfit" : 21.81,
    "netProfitMargin" : 24.06,
    "netProfit" : 17.51
  }, {
    "date" : "2021-03-31",
    "sales" : 71.79,
    "salesGrowthYoY" : 102.34,
    "grossProfitMargin" : 63.35,
    "grossProfit" : 45.48,
    "operatingProfitMargin" : 29.02,
    "operatingProfit" : 20.83,
    "netProfitMargin" : 19.93,
    "netProfit" : 14.31
  }, {
    "date" : "2021-06-30",
    "sales" : 75.91,
    "salesGrowthYoY" : 78.95,
    "grossProfitMargin" : 57.81,
    "grossProfit" : 43.88,
    "operatingProfitMargin" : 30.47,
    "operatingProfit" : 23.13,
    "netProfitMargin" : 25.49,
    "netProfit" : 19.35
  }, {
    "date" : "2021-09-30",
    "sales" : 78.50,
    "salesGrowthYoY" : 15.09,
    "grossProfitMargin" : 54.76,
    "grossProfit" : 42.99,
    "operatingProfitMargin" : 21.07,
    "operatingProfit" : 16.54,
    "netProfitMargin" : 18.08,
    "netProfit" : 14.19
  }, {
    "date" : "2021-12-31",
    "sales" : 81.37,
    "salesGrowthYoY" : 11.79,
    "grossProfitMargin" : 48.25,
    "grossProfit" : 39.26,
    "operatingProfitMargin" : 14.81,
    "operatingProfit" : 12.05,
    "netProfitMargin" : 13.33,
    "netProfit" : 10.85
  }, {
    "date" : "2022-03-31",
    "sales" : 78.21,
    "salesGrowthYoY" : 8.94,
    "grossProfitMargin" : 50.57,
    "grossProfit" : 39.55,
    "operatingProfitMargin" : 12.77,
    "operatingProfit" : 9.99,
    "netProfitMargin" : 10.05,
    "netProfit" : 7.86
  }, {
    "date" : "2022-06-30",
    "sales" : 63.58,
    "salesGrowthYoY" : -16.24,
    "grossProfitMargin" : 45.08,
    "grossProfit" : 28.66,
    "operatingProfitMargin" : 0.17,
    "operatingProfit" : 0.11,
    "netProfitMargin" : 0.80,
    "netProfit" : 0.51
  }, {
    "date" : "2022-09-30",
    "sales" : 64.95,
    "salesGrowthYoY" : -17.26,
    "grossProfitMargin" : 48.45,
    "grossProfit" : 31.47,
    "operatingProfitMargin" : 7.31,
    "operatingProfit" : 4.75,
    "netProfitMargin" : 7.64,
    "netProfit" : 4.96
  }, {
    "date" : "2022-12-31",
    "sales" : 69.80,
    "salesGrowthYoY" : -14.22,
    "grossProfitMargin" : 46.63,
    "grossProfit" : 32.55,
    "operatingProfitMargin" : 10.64,
    "operatingProfit" : 7.43,
    "netProfitMargin" : 8.72,
    "netProfit" : 6.09
  }, {
    "date" : "2023-03-31",
    "sales" : 74.17,
    "salesGrowthYoY" : -5.17,
    "grossProfitMargin" : 53.86,
    "grossProfit" : 39.95,
    "operatingProfitMargin" : 16.00,
    "operatingProfit" : 11.87,
    "netProfitMargin" : 11.50,
    "netProfit" : 8.53
  }, {
    "date" : "2023-06-30",
    "sales" : 69.11,
    "salesGrowthYoY" : 8.70,
    "grossProfitMargin" : 51.98,
    "grossProfit" : 35.92,
    "operatingProfitMargin" : 11.00,
    "operatingProfit" : 7.60,
    "netProfitMargin" : 11.30,
    "netProfit" : 7.81
  }, {
    "date" : "2023-09-30",
    "sales" : 79.44,
    "salesGrowthYoY" : 22.31,
    "grossProfitMargin" : 54.88,
    "grossProfit" : 43.60,
    "operatingProfitMargin" : 16.53,
    "operatingProfit" : 13.13,
    "netProfitMargin" : 13.81,
    "netProfit" : 10.97
  }, {
    "date" : "2023-12-31",
    "sales" : 84.81,
    "salesGrowthYoY" : 21.50,
    "grossProfitMargin" : 52.84,
    "grossProfit" : 44.81,
    "operatingProfitMargin" : 12.91,
    "operatingProfit" : 10.95,
    "netProfitMargin" : 10.49,
    "netProfit" : 8.90
  }, {
    "date" : "2024-03-31",
    "sales" : 95.61,
    "salesGrowthYoY" : 28.91,
    "grossProfitMargin" : 52.42,
    "grossProfit" : 50.12,
    "operatingProfitMargin" : 13.18,
    "operatingProfit" : 12.60,
    "netProfitMargin" : 11.35,
    "netProfit" : 10.85
  }, {
    "date" : "2024-06-30",
    "sales" : 88.03,
    "salesGrowthYoY" : 27.38,
    "grossProfitMargin" : 47.37,
    "grossProfit" : 41.70,
    "operatingProfitMargin" : 7.17,
    "operatingProfit" : 6.31,
    "netProfitMargin" : 8.89,
    "netProfit" : 7.83
  }, {
    "date" : "2024-09-30",
    "sales" : 91.41,
    "salesGrowthYoY" : 15.07,
    "grossProfitMargin" : 50.99,
    "grossProfit" : 46.61,
    "operatingProfitMargin" : 11.62,
    "operatingProfit" : 10.62,
    "netProfitMargin" : 10.98,
    "netProfit" : 10.04
  }, {
    "date" : "2024-12-31",
    "sales" : 86.83,
    "salesGrowthYoY" : 2.38,
    "grossProfitMargin" : 48.07,
    "grossProfit" : 41.74,
    "operatingProfitMargin" : 4.10,
    "operatingProfit" : 3.56,
    "netProfitMargin" : 0.90,
    "netProfit" : 0.78
  }, {
    "date" : "2025-03-31",
    "sales" : 93.02,
    "salesGrowthYoY" : -2.71,
    "grossProfitMargin" : 47.41,
    "grossProfit" : 44.10,
    "operatingProfitMargin" : 4.20,
    "operatingProfit" : 3.91,
    "netProfitMargin" : -0.56,
    "netProfit" : -0.52
  }, {
    "date" : "2025-06-30",
    "sales" : 100.86,
    "salesGrowthYoY" : 14.57,
    "grossProfitMargin" : 49.42,
    "grossProfit" : 49.85,
    "operatingProfitMargin" : 7.75,
    "operatingProfit" : 7.82,
    "netProfitMargin" : 7.57,
    "netProfit" : 7.64
  }, {
    "date" : "2025-09-30",
    "sales" : 116.84,
    "salesGrowthYoY" : 27.82,
    "grossProfitMargin" : 50.52,
    "grossProfit" : 59.03,
    "operatingProfitMargin" : 11.69,
    "operatingProfit" : 13.66,
    "netProfitMargin" : 6.76,
    "netProfit" : 7.90
  } ],
  "latestQuarterlyResult" : {
    "date" : "2025-09-30",
    "sales" : 116.84,
    "salesGrowthYoY" : 27.82,
    "grossProfitMargin" : 50.52,
    "grossProfit" : 59.03,
    "operatingProfitMargin" : 11.69,
    "operatingProfit" : 13.66,
    "netProfitMargin" : 6.76,
    "netProfit" : 7.90
  },
  "companyScore" : {
    "priceHigherThanDma50" : 5.00,
    "priceHigherThanDma100" : 5.00,
    "priceHigherThanDma200" : 5.00,
    "dma50HigherThanDma100" : 5.00,
    "dma50HigherThanDma200" : 5.00,
    "dma100HigherThanDma200" : 5.00,
    "pricePercentageAboveDma50" : 4.25,
    "pricePercentageAboveDma100" : 4.15,
    "pricePercentageAboveDma200" : 4.12,
    "weeklyVolumeHigherThanYearlyVolume" : 0.00,
    "salesGrowthPercentile" : 13.16,
    "operatingProfitMarginPercentile" : 10.89,
    "netProfitMarginPercentile" : 5.56,
    "totalTechnicalScore" : 42.51,
    "totalFundamentalScore" : 29.61,
    "totalScore" : 72.12
  }
}