{
  "metadata" : {
    "screenerCompanyId" : "2287",
    "companyCode" : "NMDC",
    "companyName" : "NMDC",
    "screenerCompanyLink" : "https://www.screener.in/company/NMDC/consolidated/",
    "screenerTechnicalHistoryLink" : "https://www.screener.in/api/company/2287/chart/?q=Price-DMA50-DMA200-Volume&days=365",
    "screenerQuarterlyResultsLink" : "https://www.screener.in/api/company/2287/chart/?q=GPM-OPM-NPM-Quarter+Sales&days=10000",
    "attributes" : {
      "companyCode" : "NMDC",
      "companyName" : "NMDC",
      "marketCap" : 67907.00,
      "peRatio" : 9.66,
      "description" : "NMDC is engaged in exploration and production of Iron Ore along with Diamond, production and sale of Sponge Iron and generation and sale of Wind Power.(Source : 202003 Annual Report Page No:119)"
    },
    "companyScore" : {
      "priceHigherThanDma50" : 5.00,
      "priceHigherThanDma100" : 5.00,
      "priceHigherThanDma200" : 5.00,
      "dma50HigherThanDma100" : 5.00,
      "dma50HigherThanDma200" : 5.00,
      "dma100HigherThanDma200" : 5.00,
      "pricePercentageAboveDma50" : 4.88,
      "pricePercentageAboveDma100" : 4.81,
      "pricePercentageAboveDma200" : 4.70,
      "weeklyVolumeHigherThanYearlyVolume" : 0.00,
      "salesGrowthPercentile" : 13.42,
      "operatingProfitMarginPercentile" : 3.40,
      "netProfitMarginPercentile" : 2.77,
      "totalTechnicalScore" : 44.39,
      "totalFundamentalScore" : 19.59,
      "totalScore" : 63.98
    }
  },
  "attributes" : {
    "companyCode" : "NMDC",
    "companyName" : "NMDC",
    "marketCap" : 67907.00,
    "peRatio" : 9.66,
    "description" : "NMDC is engaged in exploration and production of Iron Ore along with Diamond, production and sale of Sponge Iron and generation and sale of Wind Power.(Source : 202003 Annual Report Page No:119)"
  },
  "technicalHistory" : [ {
    "date" : "2024-12-17",
    "price" : 75.84,
    "dma50" : 76.76,
    "dma100" : null,
    "dma200" : 74.71,
    "volume" : 17570809.00
  }, {
    "date" : "2024-12-18",
    "price" : 71.21,
    "dma50" : 76.54,
    "dma100" : null,
    "dma200" : 74.68,
    "volume" : 109959865.00
  }, {
    "date" : "2024-12-19",
    "price" : 71.37,
    "dma50" : 76.34,
    "dma100" : null,
    "dma200" : 74.64,
    "volume" : 40936520.00
  }, {
    "date" : "2024-12-20",
    "price" : 71.05,
    "dma50" : 76.13,
    "dma100" : null,
    "dma200" : 74.61,
    "volume" : 58922865.00
  }, {
    "date" : "2024-12-23",
    "price" : 71.35,
    "dma50" : 75.95,
    "dma100" : null,
    "dma200" : 74.58,
    "volume" : 63007595.00
  }, {
    "date" : "2024-12-24",
    "price" : 70.81,
    "dma50" : 75.75,
    "dma100" : null,
    "dma200" : 74.54,
    "volume" : 41393298.00
  }, {
    "date" : "2024-12-26",
    "price" : 71.48,
    "dma50" : 75.58,
    "dma100" : null,
    "dma200" : 74.51,
    "volume" : 30379274.00
  }, {
    "date" : "2024-12-27",
    "price" : 69.32,
    "dma50" : 75.33,
    "dma100" : null,
    "dma200" : 74.46,
    "volume" : 34092002.00
  }, {
    "date" : "2024-12-30",
    "price" : 66.88,
    "dma50" : 75.00,
    "dma100" : null,
    "dma200" : 74.38,
    "volume" : 40521702.00
  }, {
    "date" : "2024-12-31",
    "price" : 65.92,
    "dma50" : 74.65,
    "dma100" : null,
    "dma200" : 74.30,
    "volume" : 39271845.00
  }, {
    "date" : "2025-01-01",
    "price" : 65.98,
    "dma50" : 74.31,
    "dma100" : null,
    "dma200" : 74.21,
    "volume" : 23471167.00
  }, {
    "date" : "2025-01-02",
    "price" : 67.69,
    "dma50" : 74.05,
    "dma100" : null,
    "dma200" : 74.15,
    "volume" : 31942093.00
  }, {
    "date" : "2025-01-03",
    "price" : 67.66,
    "dma50" : 73.80,
    "dma100" : null,
    "dma200" : 74.08,
    "volume" : 20541524.00
  }, {
    "date" : "2025-01-06",
    "price" : 64.90,
    "dma50" : 73.45,
    "dma100" : null,
    "dma200" : 73.99,
    "volume" : 23759543.00
  }, {
    "date" : "2025-01-07",
    "price" : 65.97,
    "dma50" : 73.15,
    "dma100" : null,
    "dma200" : 73.91,
    "volume" : 40264768.00
  }, {
    "date" : "2025-01-08",
    "price" : 66.00,
    "dma50" : 72.87,
    "dma100" : null,
    "dma200" : 73.83,
    "volume" : 32387559.00
  }, {
    "date" : "2025-01-09",
    "price" : 64.77,
    "dma50" : 72.56,
    "dma100" : null,
    "dma200" : 73.74,
    "volume" : 15693794.00
  }, {
    "date" : "2025-01-10",
    "price" : 63.04,
    "dma50" : 72.18,
    "dma100" : null,
    "dma200" : 73.64,
    "volume" : 17448134.00
  }, {
    "date" : "2025-01-13",
    "price" : 60.00,
    "dma50" : 71.70,
    "dma100" : null,
    "dma200" : 73.50,
    "volume" : 28377388.00
  }, {
    "date" : "2025-01-14",
    "price" : 63.36,
    "dma50" : 71.38,
    "dma100" : null,
    "dma200" : 73.40,
    "volume" : 41997425.00
  }, {
    "date" : "2025-01-15",
    "price" : 63.21,
    "dma50" : 71.06,
    "dma100" : null,
    "dma200" : 73.30,
    "volume" : 23422781.00
  }, {
    "date" : "2025-01-16",
    "price" : 65.68,
    "dma50" : 70.85,
    "dma100" : null,
    "dma200" : 73.22,
    "volume" : 31502837.00
  }, {
    "date" : "2025-01-17",
    "price" : 66.63,
    "dma50" : 70.68,
    "dma100" : null,
    "dma200" : 73.16,
    "volume" : 27122283.00
  }, {
    "date" : "2025-01-20",
    "price" : 67.11,
    "dma50" : 70.54,
    "dma100" : null,
    "dma200" : 73.10,
    "volume" : 28871643.00
  }, {
    "date" : "2025-01-21",
    "price" : 66.30,
    "dma50" : 70.37,
    "dma100" : null,
    "dma200" : 73.03,
    "volume" : 33216095.00
  }, {
    "date" : "2025-01-22",
    "price" : 65.69,
    "dma50" : 70.19,
    "dma100" : null,
    "dma200" : 72.96,
    "volume" : 28429522.00
  }, {
    "date" : "2025-01-23",
    "price" : 68.09,
    "dma50" : 70.11,
    "dma100" : null,
    "dma200" : 72.91,
    "volume" : 36912055.00
  }, {
    "date" : "2025-01-24",
    "price" : 66.77,
    "dma50" : 69.98,
    "dma100" : null,
    "dma200" : 72.85,
    "volume" : 21490303.00
  }, {
    "date" : "2025-01-27",
    "price" : 64.43,
    "dma50" : 69.76,
    "dma100" : null,
    "dma200" : 72.76,
    "volume" : 14191039.00
  }, {
    "date" : "2025-01-28",
    "price" : 63.89,
    "dma50" : 69.53,
    "dma100" : null,
    "dma200" : 72.68,
    "volume" : 18249086.00
  }, {
    "date" : "2025-01-29",
    "price" : 65.76,
    "dma50" : 69.38,
    "dma100" : null,
    "dma200" : 72.61,
    "volume" : 15047781.00
  }, {
    "date" : "2025-01-30",
    "price" : 65.04,
    "dma50" : 69.21,
    "dma100" : null,
    "dma200" : 72.53,
    "volume" : 17356906.00
  }, {
    "date" : "2025-01-31",
    "price" : 66.10,
    "dma50" : 69.09,
    "dma100" : null,
    "dma200" : 72.47,
    "volume" : 16316811.00
  }, {
    "date" : "2025-02-01",
    "price" : 64.38,
    "dma50" : 68.90,
    "dma100" : null,
    "dma200" : 72.39,
    "volume" : 15552860.00
  }, {
    "date" : "2025-02-03",
    "price" : 62.29,
    "dma50" : 68.65,
    "dma100" : null,
    "dma200" : 72.29,
    "volume" : 24526980.00
  }, {
    "date" : "2025-02-04",
    "price" : 63.99,
    "dma50" : 68.46,
    "dma100" : null,
    "dma200" : 72.20,
    "volume" : 11105885.00
  }, {
    "date" : "2025-02-05",
    "price" : 65.14,
    "dma50" : 68.33,
    "dma100" : null,
    "dma200" : 72.13,
    "volume" : 15681050.00
  }, {
    "date" : "2025-02-06",
    "price" : 65.13,
    "dma50" : 68.21,
    "dma100" : null,
    "dma200" : 72.06,
    "volume" : 29922968.00
  }, {
    "date" : "2025-02-07",
    "price" : 66.66,
    "dma50" : 68.15,
    "dma100" : null,
    "dma200" : 72.01,
    "volume" : 39253007.00
  }, {
    "date" : "2025-02-10",
    "price" : 64.12,
    "dma50" : 67.99,
    "dma100" : null,
    "dma200" : 71.93,
    "volume" : 19048756.00
  }, {
    "date" : "2025-02-11",
    "price" : 61.50,
    "dma50" : 67.73,
    "dma100" : null,
    "dma200" : 71.83,
    "volume" : 20319951.00
  }, {
    "date" : "2025-02-12",
    "price" : 62.91,
    "dma50" : 67.54,
    "dma100" : null,
    "dma200" : 71.74,
    "volume" : 27735781.00
  }, {
    "date" : "2025-02-13",
    "price" : 63.18,
    "dma50" : 67.37,
    "dma100" : null,
    "dma200" : 71.65,
    "volume" : 14293272.00
  }, {
    "date" : "2025-02-14",
    "price" : 61.93,
    "dma50" : 67.16,
    "dma100" : null,
    "dma200" : 71.56,
    "volume" : 17925357.00
  }, {
    "date" : "2025-02-17",
    "price" : 62.56,
    "dma50" : 66.98,
    "dma100" : null,
    "dma200" : 71.47,
    "volume" : 16148964.00
  }, {
    "date" : "2025-02-18",
    "price" : 63.07,
    "dma50" : 66.83,
    "dma100" : null,
    "dma200" : 71.38,
    "volume" : 19692985.00
  }, {
    "date" : "2025-02-19",
    "price" : 64.95,
    "dma50" : 66.75,
    "dma100" : null,
    "dma200" : 71.32,
    "volume" : 18415561.00
  }, {
    "date" : "2025-02-20",
    "price" : 67.12,
    "dma50" : 66.77,
    "dma100" : null,
    "dma200" : 71.28,
    "volume" : 23979515.00
  }, {
    "date" : "2025-02-21",
    "price" : 67.73,
    "dma50" : 66.80,
    "dma100" : null,
    "dma200" : 71.24,
    "volume" : 23156809.00
  }, {
    "date" : "2025-02-24",
    "price" : 66.06,
    "dma50" : 66.78,
    "dma100" : null,
    "dma200" : 71.19,
    "volume" : 15206317.00
  }, {
    "date" : "2025-02-25",
    "price" : 64.81,
    "dma50" : 66.70,
    "dma100" : null,
    "dma200" : 71.13,
    "volume" : 11543784.00
  }, {
    "date" : "2025-02-27",
    "price" : 65.19,
    "dma50" : 66.64,
    "dma100" : null,
    "dma200" : 71.07,
    "volume" : 14112955.00
  }, {
    "date" : "2025-02-28",
    "price" : 62.48,
    "dma50" : 66.48,
    "dma100" : null,
    "dma200" : 70.98,
    "volume" : 29760354.00
  }, {
    "date" : "2025-03-03",
    "price" : 63.06,
    "dma50" : 66.34,
    "dma100" : null,
    "dma200" : 70.91,
    "volume" : 17213232.00
  }, {
    "date" : "2025-03-04",
    "price" : 62.27,
    "dma50" : 66.18,
    "dma100" : null,
    "dma200" : 70.82,
    "volume" : 23555491.00
  }, {
    "date" : "2025-03-05",
    "price" : 65.44,
    "dma50" : 66.15,
    "dma100" : null,
    "dma200" : 70.77,
    "volume" : 36479692.00
  }, {
    "date" : "2025-03-06",
    "price" : 66.90,
    "dma50" : 66.18,
    "dma100" : null,
    "dma200" : 70.73,
    "volume" : 24160894.00
  }, {
    "date" : "2025-03-07",
    "price" : 67.13,
    "dma50" : 66.22,
    "dma100" : null,
    "dma200" : 70.69,
    "volume" : 21819925.00
  }, {
    "date" : "2025-03-10",
    "price" : 65.93,
    "dma50" : 66.21,
    "dma100" : null,
    "dma200" : 70.64,
    "volume" : 27828715.00
  }, {
    "date" : "2025-03-11",
    "price" : 65.18,
    "dma50" : 66.17,
    "dma100" : null,
    "dma200" : 70.59,
    "volume" : 21060673.00
  }, {
    "date" : "2025-03-12",
    "price" : 64.79,
    "dma50" : 66.11,
    "dma100" : null,
    "dma200" : 70.53,
    "volume" : 27254445.00
  }, {
    "date" : "2025-03-13",
    "price" : 63.80,
    "dma50" : 66.02,
    "dma100" : null,
    "dma200" : 70.46,
    "volume" : 14750749.00
  }, {
    "date" : "2025-03-17",
    "price" : 64.91,
    "dma50" : 65.98,
    "dma100" : null,
    "dma200" : 70.41,
    "volume" : 20639872.00
  }, {
    "date" : "2025-03-18",
    "price" : 66.77,
    "dma50" : 66.01,
    "dma100" : null,
    "dma200" : 70.37,
    "volume" : 32601751.00
  }, {
    "date" : "2025-03-19",
    "price" : 68.78,
    "dma50" : 66.12,
    "dma100" : null,
    "dma200" : 70.36,
    "volume" : 42252762.00
  }, {
    "date" : "2025-03-20",
    "price" : 68.79,
    "dma50" : 66.22,
    "dma100" : null,
    "dma200" : 70.34,
    "volume" : 40095903.00
  }, {
    "date" : "2025-03-21",
    "price" : 67.51,
    "dma50" : 66.27,
    "dma100" : null,
    "dma200" : 70.31,
    "volume" : 33409874.00
  }, {
    "date" : "2025-03-24",
    "price" : 69.53,
    "dma50" : 66.40,
    "dma100" : null,
    "dma200" : 70.31,
    "volume" : 38141203.00
  }, {
    "date" : "2025-03-25",
    "price" : 68.19,
    "dma50" : 66.47,
    "dma100" : null,
    "dma200" : 70.28,
    "volume" : 27591971.00
  }, {
    "date" : "2025-03-26",
    "price" : 67.75,
    "dma50" : 66.52,
    "dma100" : null,
    "dma200" : 70.26,
    "volume" : 23780677.00
  }, {
    "date" : "2025-03-27",
    "price" : 68.55,
    "dma50" : 66.60,
    "dma100" : null,
    "dma200" : 70.24,
    "volume" : 16552891.00
  }, {
    "date" : "2025-03-28",
    "price" : 68.89,
    "dma50" : 66.69,
    "dma100" : null,
    "dma200" : 70.23,
    "volume" : 20620920.00
  }, {
    "date" : "2025-04-01",
    "price" : 69.77,
    "dma50" : 66.81,
    "dma100" : null,
    "dma200" : 70.22,
    "volume" : 28812405.00
  }, {
    "date" : "2025-04-02",
    "price" : 70.21,
    "dma50" : 66.95,
    "dma100" : null,
    "dma200" : 70.22,
    "volume" : 19745603.00
  }, {
    "date" : "2025-04-03",
    "price" : 70.43,
    "dma50" : 67.08,
    "dma100" : null,
    "dma200" : 70.23,
    "volume" : 23710559.00
  }, {
    "date" : "2025-04-04",
    "price" : 65.02,
    "dma50" : 67.00,
    "dma100" : null,
    "dma200" : 70.17,
    "volume" : 39676819.00
  }, {
    "date" : "2025-04-07",
    "price" : 61.30,
    "dma50" : 66.78,
    "dma100" : null,
    "dma200" : 70.09,
    "volume" : 43748562.00
  }, {
    "date" : "2025-04-08",
    "price" : 61.57,
    "dma50" : 66.57,
    "dma100" : null,
    "dma200" : 70.00,
    "volume" : 32421737.00
  }, {
    "date" : "2025-04-09",
    "price" : 61.31,
    "dma50" : 66.37,
    "dma100" : null,
    "dma200" : 69.92,
    "volume" : 42302304.00
  }, {
    "date" : "2025-04-11",
    "price" : 62.91,
    "dma50" : 66.23,
    "dma100" : null,
    "dma200" : 69.85,
    "volume" : 21119834.00
  }, {
    "date" : "2025-04-15",
    "price" : 65.14,
    "dma50" : 66.19,
    "dma100" : null,
    "dma200" : 69.80,
    "volume" : 21033961.00
  }, {
    "date" : "2025-04-16",
    "price" : 65.74,
    "dma50" : 66.17,
    "dma100" : null,
    "dma200" : 69.76,
    "volume" : 20552282.00
  }, {
    "date" : "2025-04-17",
    "price" : 65.87,
    "dma50" : 66.16,
    "dma100" : null,
    "dma200" : 69.72,
    "volume" : 14250517.00
  }, {
    "date" : "2025-04-21",
    "price" : 67.83,
    "dma50" : 66.22,
    "dma100" : null,
    "dma200" : 69.70,
    "volume" : 15663743.00
  }, {
    "date" : "2025-04-22",
    "price" : 67.96,
    "dma50" : 66.29,
    "dma100" : null,
    "dma200" : 69.68,
    "volume" : 12313417.00
  }, {
    "date" : "2025-04-23",
    "price" : 68.11,
    "dma50" : 66.36,
    "dma100" : null,
    "dma200" : 69.67,
    "volume" : 34404418.00
  }, {
    "date" : "2025-04-24",
    "price" : 68.02,
    "dma50" : 66.43,
    "dma100" : null,
    "dma200" : 69.65,
    "volume" : 23936319.00
  }, {
    "date" : "2025-04-25",
    "price" : 64.95,
    "dma50" : 66.37,
    "dma100" : null,
    "dma200" : 69.60,
    "volume" : 55197784.00
  }, {
    "date" : "2025-04-28",
    "price" : 65.71,
    "dma50" : 66.35,
    "dma100" : null,
    "dma200" : 69.57,
    "volume" : 14781394.00
  }, {
    "date" : "2025-04-29",
    "price" : 65.57,
    "dma50" : 66.31,
    "dma100" : null,
    "dma200" : 69.53,
    "volume" : 14279590.00
  }, {
    "date" : "2025-04-30",
    "price" : 64.79,
    "dma50" : 66.25,
    "dma100" : null,
    "dma200" : 69.48,
    "volume" : 14626081.00
  }, {
    "date" : "2025-05-02",
    "price" : 65.24,
    "dma50" : 66.22,
    "dma100" : null,
    "dma200" : 69.44,
    "volume" : 30465839.00
  }, {
    "date" : "2025-05-05",
    "price" : 65.95,
    "dma50" : 66.20,
    "dma100" : null,
    "dma200" : 69.40,
    "volume" : 13500592.00
  }, {
    "date" : "2025-05-06",
    "price" : 64.36,
    "dma50" : 66.13,
    "dma100" : null,
    "dma200" : 69.35,
    "volume" : 11998364.00
  }, {
    "date" : "2025-05-07",
    "price" : 65.74,
    "dma50" : 66.12,
    "dma100" : null,
    "dma200" : 69.32,
    "volume" : 17812551.00
  }, {
    "date" : "2025-05-08",
    "price" : 63.79,
    "dma50" : 66.03,
    "dma100" : null,
    "dma200" : 69.26,
    "volume" : 19861098.00
  }, {
    "date" : "2025-05-09",
    "price" : 64.29,
    "dma50" : 65.96,
    "dma100" : null,
    "dma200" : 69.21,
    "volume" : 23479817.00
  }, {
    "date" : "2025-05-12",
    "price" : 68.08,
    "dma50" : 66.04,
    "dma100" : null,
    "dma200" : 69.20,
    "volume" : 28912553.00
  }, {
    "date" : "2025-05-13",
    "price" : 67.21,
    "dma50" : 66.09,
    "dma100" : null,
    "dma200" : 69.18,
    "volume" : 17470333.00
  }, {
    "date" : "2025-05-14",
    "price" : 70.04,
    "dma50" : 66.24,
    "dma100" : null,
    "dma200" : 69.19,
    "volume" : 39618034.00
  }, {
    "date" : "2025-05-15",
    "price" : 70.06,
    "dma50" : 66.39,
    "dma100" : 66.00,
    "dma200" : 69.20,
    "volume" : 26020852.00
  }, {
    "date" : "2025-05-16",
    "price" : 70.27,
    "dma50" : 66.54,
    "dma100" : 65.99,
    "dma200" : 69.21,
    "volume" : 12626006.00
  }, {
    "date" : "2025-05-19",
    "price" : 70.26,
    "dma50" : 66.69,
    "dma100" : 65.98,
    "dma200" : 69.22,
    "volume" : 20075676.00
  }, {
    "date" : "2025-05-20",
    "price" : 69.28,
    "dma50" : 66.79,
    "dma100" : 65.96,
    "dma200" : 69.22,
    "volume" : 18238629.00
  }, {
    "date" : "2025-05-21",
    "price" : 70.15,
    "dma50" : 66.92,
    "dma100" : 65.95,
    "dma200" : 69.23,
    "volume" : 12699825.00
  }, {
    "date" : "2025-05-22",
    "price" : 71.19,
    "dma50" : 67.09,
    "dma100" : 65.95,
    "dma200" : 69.25,
    "volume" : 47593050.00
  }, {
    "date" : "2025-05-23",
    "price" : 72.49,
    "dma50" : 67.30,
    "dma100" : 65.96,
    "dma200" : 69.28,
    "volume" : 27954945.00
  }, {
    "date" : "2025-05-26",
    "price" : 73.24,
    "dma50" : 67.53,
    "dma100" : 66.00,
    "dma200" : 69.32,
    "volume" : 16916421.00
  }, {
    "date" : "2025-05-27",
    "price" : 72.74,
    "dma50" : 67.74,
    "dma100" : 66.06,
    "dma200" : 69.35,
    "volume" : 16171068.00
  }, {
    "date" : "2025-05-28",
    "price" : 70.86,
    "dma50" : 67.86,
    "dma100" : 66.11,
    "dma200" : 69.37,
    "volume" : 35029661.00
  }, {
    "date" : "2025-05-29",
    "price" : 72.29,
    "dma50" : 68.03,
    "dma100" : 66.17,
    "dma200" : 69.40,
    "volume" : 18864778.00
  }, {
    "date" : "2025-05-30",
    "price" : 71.17,
    "dma50" : 68.16,
    "dma100" : 66.21,
    "dma200" : 69.42,
    "volume" : 35147500.00
  }, {
    "date" : "2025-06-02",
    "price" : 70.77,
    "dma50" : 68.26,
    "dma100" : 66.24,
    "dma200" : 69.43,
    "volume" : 18949587.00
  }, {
    "date" : "2025-06-03",
    "price" : 70.69,
    "dma50" : 68.36,
    "dma100" : 66.30,
    "dma200" : 69.44,
    "volume" : 23935572.00
  }, {
    "date" : "2025-06-04",
    "price" : 70.35,
    "dma50" : 68.43,
    "dma100" : 66.34,
    "dma200" : 69.45,
    "volume" : 27151595.00
  }, {
    "date" : "2025-06-05",
    "price" : 70.80,
    "dma50" : 68.53,
    "dma100" : 66.39,
    "dma200" : 69.46,
    "volume" : 18505885.00
  }, {
    "date" : "2025-06-06",
    "price" : 72.49,
    "dma50" : 68.68,
    "dma100" : 66.46,
    "dma200" : 69.49,
    "volume" : 28608245.00
  }, {
    "date" : "2025-06-09",
    "price" : 74.00,
    "dma50" : 68.89,
    "dma100" : 66.57,
    "dma200" : 69.54,
    "volume" : 30017547.00
  }, {
    "date" : "2025-06-10",
    "price" : 74.33,
    "dma50" : 69.10,
    "dma100" : 66.72,
    "dma200" : 69.59,
    "volume" : 27456454.00
  }, {
    "date" : "2025-06-11",
    "price" : 73.95,
    "dma50" : 69.29,
    "dma100" : 66.82,
    "dma200" : 69.63,
    "volume" : 18775727.00
  }, {
    "date" : "2025-06-12",
    "price" : 72.42,
    "dma50" : 69.42,
    "dma100" : 66.92,
    "dma200" : 69.66,
    "volume" : 14509825.00
  }, {
    "date" : "2025-06-13",
    "price" : 70.37,
    "dma50" : 69.45,
    "dma100" : 66.96,
    "dma200" : 69.67,
    "volume" : 30114057.00
  }, {
    "date" : "2025-06-16",
    "price" : 70.51,
    "dma50" : 69.50,
    "dma100" : 67.00,
    "dma200" : 69.67,
    "volume" : 19483478.00
  }, {
    "date" : "2025-06-17",
    "price" : 68.63,
    "dma50" : 69.46,
    "dma100" : 67.02,
    "dma200" : 69.66,
    "volume" : 16654820.00
  }, {
    "date" : "2025-06-18",
    "price" : 68.50,
    "dma50" : 69.42,
    "dma100" : 67.04,
    "dma200" : 69.65,
    "volume" : 16794581.00
  }, {
    "date" : "2025-06-19",
    "price" : 67.04,
    "dma50" : 69.33,
    "dma100" : 67.05,
    "dma200" : 69.63,
    "volume" : 20510674.00
  }, {
    "date" : "2025-06-20",
    "price" : 67.94,
    "dma50" : 69.28,
    "dma100" : 67.05,
    "dma200" : 69.61,
    "volume" : 20336481.00
  }, {
    "date" : "2025-06-23",
    "price" : 68.00,
    "dma50" : 69.23,
    "dma100" : 67.06,
    "dma200" : 69.59,
    "volume" : 9859644.00
  }, {
    "date" : "2025-06-24",
    "price" : 69.47,
    "dma50" : 69.24,
    "dma100" : 67.11,
    "dma200" : 69.59,
    "volume" : 16350360.00
  }, {
    "date" : "2025-06-25",
    "price" : 69.02,
    "dma50" : 69.23,
    "dma100" : 67.16,
    "dma200" : 69.59,
    "volume" : 10860249.00
  }, {
    "date" : "2025-06-26",
    "price" : 70.55,
    "dma50" : 69.28,
    "dma100" : 67.21,
    "dma200" : 69.60,
    "volume" : 32696001.00
  }, {
    "date" : "2025-06-27",
    "price" : 69.91,
    "dma50" : 69.30,
    "dma100" : 67.26,
    "dma200" : 69.60,
    "volume" : 27793933.00
  }, {
    "date" : "2025-06-30",
    "price" : 70.00,
    "dma50" : 69.33,
    "dma100" : 67.30,
    "dma200" : 69.60,
    "volume" : 11064103.00
  }, {
    "date" : "2025-07-01",
    "price" : 67.95,
    "dma50" : 69.28,
    "dma100" : 67.34,
    "dma200" : 69.59,
    "volume" : 52847168.00
  }, {
    "date" : "2025-07-02",
    "price" : 68.02,
    "dma50" : 69.23,
    "dma100" : 67.39,
    "dma200" : 69.57,
    "volume" : 29010131.00
  }, {
    "date" : "2025-07-03",
    "price" : 69.06,
    "dma50" : 69.22,
    "dma100" : 67.44,
    "dma200" : 69.57,
    "volume" : 39382708.00
  }, {
    "date" : "2025-07-04",
    "price" : 68.78,
    "dma50" : 69.20,
    "dma100" : 67.48,
    "dma200" : 69.56,
    "volume" : 12323332.00
  }, {
    "date" : "2025-07-07",
    "price" : 68.29,
    "dma50" : 69.17,
    "dma100" : 67.51,
    "dma200" : 69.54,
    "volume" : 13089051.00
  }, {
    "date" : "2025-07-08",
    "price" : 68.29,
    "dma50" : 69.13,
    "dma100" : 67.53,
    "dma200" : 69.53,
    "volume" : 13151066.00
  }, {
    "date" : "2025-07-09",
    "price" : 67.90,
    "dma50" : 69.08,
    "dma100" : 67.57,
    "dma200" : 69.52,
    "volume" : 17929694.00
  }, {
    "date" : "2025-07-10",
    "price" : 68.69,
    "dma50" : 69.07,
    "dma100" : 67.64,
    "dma200" : 69.51,
    "volume" : 14847552.00
  }, {
    "date" : "2025-07-11",
    "price" : 69.05,
    "dma50" : 69.07,
    "dma100" : 67.70,
    "dma200" : 69.50,
    "volume" : 36705201.00
  }, {
    "date" : "2025-07-14",
    "price" : 69.07,
    "dma50" : 69.07,
    "dma100" : 67.76,
    "dma200" : 69.50,
    "volume" : 28166001.00
  }, {
    "date" : "2025-07-15",
    "price" : 67.98,
    "dma50" : 69.03,
    "dma100" : 67.82,
    "dma200" : 69.48,
    "volume" : 35403533.00
  }, {
    "date" : "2025-07-16",
    "price" : 68.64,
    "dma50" : 69.01,
    "dma100" : 67.88,
    "dma200" : 69.48,
    "volume" : 29642924.00
  }, {
    "date" : "2025-07-17",
    "price" : 69.56,
    "dma50" : 69.03,
    "dma100" : 67.94,
    "dma200" : 69.48,
    "volume" : 24610829.00
  }, {
    "date" : "2025-07-18",
    "price" : 71.44,
    "dma50" : 69.13,
    "dma100" : 68.01,
    "dma200" : 69.50,
    "volume" : 61006828.00
  }, {
    "date" : "2025-07-21",
    "price" : 71.91,
    "dma50" : 69.24,
    "dma100" : 68.06,
    "dma200" : 69.52,
    "volume" : 29622715.00
  }, {
    "date" : "2025-07-22",
    "price" : 72.14,
    "dma50" : 69.35,
    "dma100" : 68.10,
    "dma200" : 69.55,
    "volume" : 26483048.00
  }, {
    "date" : "2025-07-23",
    "price" : 72.98,
    "dma50" : 69.49,
    "dma100" : 68.17,
    "dma200" : 69.58,
    "volume" : 36749135.00
  }, {
    "date" : "2025-07-24",
    "price" : 72.75,
    "dma50" : 69.62,
    "dma100" : 68.25,
    "dma200" : 69.61,
    "volume" : 18426924.00
  }, {
    "date" : "2025-07-25",
    "price" : 71.65,
    "dma50" : 69.70,
    "dma100" : 68.31,
    "dma200" : 69.63,
    "volume" : 24865721.00
  }, {
    "date" : "2025-07-28",
    "price" : 71.02,
    "dma50" : 69.75,
    "dma100" : 68.40,
    "dma200" : 69.65,
    "volume" : 16397600.00
  }, {
    "date" : "2025-07-29",
    "price" : 71.80,
    "dma50" : 69.83,
    "dma100" : 68.49,
    "dma200" : 69.67,
    "volume" : 11782755.00
  }, {
    "date" : "2025-07-30",
    "price" : 72.06,
    "dma50" : 69.92,
    "dma100" : 68.59,
    "dma200" : 69.69,
    "volume" : 11405302.00
  }, {
    "date" : "2025-07-31",
    "price" : 70.79,
    "dma50" : 69.95,
    "dma100" : 68.64,
    "dma200" : 69.70,
    "volume" : 18319761.00
  }, {
    "date" : "2025-08-01",
    "price" : 70.46,
    "dma50" : 69.97,
    "dma100" : 68.67,
    "dma200" : 69.71,
    "volume" : 13819193.00
  }, {
    "date" : "2025-08-04",
    "price" : 71.82,
    "dma50" : 70.05,
    "dma100" : 68.72,
    "dma200" : 69.73,
    "volume" : 27379805.00
  }, {
    "date" : "2025-08-05",
    "price" : 71.92,
    "dma50" : 70.12,
    "dma100" : 68.78,
    "dma200" : 69.75,
    "volume" : 14407818.00
  }, {
    "date" : "2025-08-06",
    "price" : 71.86,
    "dma50" : 70.19,
    "dma100" : 68.85,
    "dma200" : 69.77,
    "volume" : 8886158.00
  }, {
    "date" : "2025-08-07",
    "price" : 71.50,
    "dma50" : 70.24,
    "dma100" : 68.91,
    "dma200" : 69.79,
    "volume" : 12526821.00
  }, {
    "date" : "2025-08-08",
    "price" : 71.07,
    "dma50" : 70.27,
    "dma100" : 68.99,
    "dma200" : 69.80,
    "volume" : 10369245.00
  }, {
    "date" : "2025-08-11",
    "price" : 70.65,
    "dma50" : 70.29,
    "dma100" : 69.05,
    "dma200" : 69.81,
    "volume" : 8291190.00
  }, {
    "date" : "2025-08-12",
    "price" : 70.94,
    "dma50" : 70.31,
    "dma100" : 69.09,
    "dma200" : 69.82,
    "volume" : 11722702.00
  }, {
    "date" : "2025-08-13",
    "price" : 72.58,
    "dma50" : 70.40,
    "dma100" : 69.12,
    "dma200" : 69.85,
    "volume" : 35196003.00
  }, {
    "date" : "2025-08-14",
    "price" : 69.40,
    "dma50" : 70.36,
    "dma100" : 69.13,
    "dma200" : 69.85,
    "volume" : 36309065.00
  }, {
    "date" : "2025-08-18",
    "price" : 69.58,
    "dma50" : 70.33,
    "dma100" : 69.15,
    "dma200" : 69.84,
    "volume" : 14505662.00
  }, {
    "date" : "2025-08-19",
    "price" : 70.72,
    "dma50" : 70.35,
    "dma100" : 69.16,
    "dma200" : 69.85,
    "volume" : 21547607.00
  }, {
    "date" : "2025-08-20",
    "price" : 71.82,
    "dma50" : 70.40,
    "dma100" : 69.20,
    "dma200" : 69.87,
    "volume" : 31914625.00
  }, {
    "date" : "2025-08-21",
    "price" : 71.36,
    "dma50" : 70.44,
    "dma100" : 69.24,
    "dma200" : 69.89,
    "volume" : 15795958.00
  }, {
    "date" : "2025-08-22",
    "price" : 70.16,
    "dma50" : 70.43,
    "dma100" : 69.25,
    "dma200" : 69.89,
    "volume" : 8552470.00
  }, {
    "date" : "2025-08-25",
    "price" : 70.68,
    "dma50" : 70.44,
    "dma100" : 69.27,
    "dma200" : 69.90,
    "volume" : 8585893.00
  }, {
    "date" : "2025-08-26",
    "price" : 69.88,
    "dma50" : 70.42,
    "dma100" : 69.27,
    "dma200" : 69.90,
    "volume" : 20401119.00
  }, {
    "date" : "2025-08-28",
    "price" : 68.73,
    "dma50" : 70.35,
    "dma100" : 69.26,
    "dma200" : 69.89,
    "volume" : 15516293.00
  }, {
    "date" : "2025-08-29",
    "price" : 68.80,
    "dma50" : 70.29,
    "dma100" : 69.24,
    "dma200" : 69.87,
    "volume" : 19704981.00
  }, {
    "date" : "2025-09-01",
    "price" : 69.62,
    "dma50" : 70.26,
    "dma100" : 69.29,
    "dma200" : 69.87,
    "volume" : 11414408.00
  }, {
    "date" : "2025-09-02",
    "price" : 72.80,
    "dma50" : 70.36,
    "dma100" : 69.40,
    "dma200" : 69.90,
    "volume" : 49666528.00
  }, {
    "date" : "2025-09-03",
    "price" : 74.29,
    "dma50" : 70.52,
    "dma100" : 69.53,
    "dma200" : 69.94,
    "volume" : 36947537.00
  }, {
    "date" : "2025-09-04",
    "price" : 73.43,
    "dma50" : 70.63,
    "dma100" : 69.65,
    "dma200" : 69.98,
    "volume" : 18127595.00
  }, {
    "date" : "2025-09-05",
    "price" : 74.53,
    "dma50" : 70.79,
    "dma100" : 69.77,
    "dma200" : 70.02,
    "volume" : 17277501.00
  }, {
    "date" : "2025-09-08",
    "price" : 74.51,
    "dma50" : 70.93,
    "dma100" : 69.86,
    "dma200" : 70.07,
    "volume" : 16622698.00
  }, {
    "date" : "2025-09-09",
    "price" : 74.66,
    "dma50" : 71.08,
    "dma100" : 69.95,
    "dma200" : 70.11,
    "volume" : 40837331.00
  }, {
    "date" : "2025-09-10",
    "price" : 75.28,
    "dma50" : 71.24,
    "dma100" : 70.04,
    "dma200" : 70.17,
    "volume" : 19906432.00
  }, {
    "date" : "2025-09-11",
    "price" : 75.87,
    "dma50" : 71.42,
    "dma100" : 70.12,
    "dma200" : 70.22,
    "volume" : 21302795.00
  }, {
    "date" : "2025-09-12",
    "price" : 76.47,
    "dma50" : 71.62,
    "dma100" : 70.21,
    "dma200" : 70.29,
    "volume" : 31665517.00
  }, {
    "date" : "2025-09-15",
    "price" : 75.51,
    "dma50" : 71.77,
    "dma100" : 70.28,
    "dma200" : 70.34,
    "volume" : 18226594.00
  }, {
    "date" : "2025-09-16",
    "price" : 75.44,
    "dma50" : 71.92,
    "dma100" : 70.36,
    "dma200" : 70.39,
    "volume" : 13144626.00
  }, {
    "date" : "2025-09-17",
    "price" : 75.69,
    "dma50" : 72.07,
    "dma100" : 70.46,
    "dma200" : 70.44,
    "volume" : 12423927.00
  }, {
    "date" : "2025-09-18",
    "price" : 76.73,
    "dma50" : 72.25,
    "dma100" : 70.57,
    "dma200" : 70.50,
    "volume" : 17176512.00
  }, {
    "date" : "2025-09-19",
    "price" : 76.53,
    "dma50" : 72.42,
    "dma100" : 70.68,
    "dma200" : 70.56,
    "volume" : 31434432.00
  }, {
    "date" : "2025-09-22",
    "price" : 76.86,
    "dma50" : 72.59,
    "dma100" : 70.80,
    "dma200" : 70.63,
    "volume" : 22272340.00
  }, {
    "date" : "2025-09-23",
    "price" : 78.10,
    "dma50" : 72.81,
    "dma100" : 70.93,
    "dma200" : 70.70,
    "volume" : 33733455.00
  }, {
    "date" : "2025-09-24",
    "price" : 77.20,
    "dma50" : 72.98,
    "dma100" : 71.05,
    "dma200" : 70.76,
    "volume" : 28017925.00
  }, {
    "date" : "2025-09-25",
    "price" : 76.38,
    "dma50" : 73.11,
    "dma100" : 71.17,
    "dma200" : 70.82,
    "volume" : 22412387.00
  }, {
    "date" : "2025-09-26",
    "price" : 74.99,
    "dma50" : 73.19,
    "dma100" : 71.26,
    "dma200" : 70.86,
    "volume" : 25756650.00
  }, {
    "date" : "2025-09-29",
    "price" : 75.03,
    "dma50" : 73.26,
    "dma100" : 71.37,
    "dma200" : 70.90,
    "volume" : 17427317.00
  }, {
    "date" : "2025-09-30",
    "price" : 76.35,
    "dma50" : 73.38,
    "dma100" : 71.49,
    "dma200" : 70.96,
    "volume" : 33297119.00
  }, {
    "date" : "2025-10-01",
    "price" : 76.16,
    "dma50" : 73.49,
    "dma100" : 71.57,
    "dma200" : 71.01,
    "volume" : 16932242.00
  }, {
    "date" : "2025-10-03",
    "price" : 77.10,
    "dma50" : 73.63,
    "dma100" : 71.67,
    "dma200" : 71.07,
    "volume" : 33323920.00
  }, {
    "date" : "2025-10-06",
    "price" : 76.06,
    "dma50" : 73.73,
    "dma100" : 71.73,
    "dma200" : 71.12,
    "volume" : 13185144.00
  }, {
    "date" : "2025-10-07",
    "price" : 76.09,
    "dma50" : 73.82,
    "dma100" : 71.79,
    "dma200" : 71.17,
    "volume" : 13179479.00
  }, {
    "date" : "2025-10-08",
    "price" : 76.23,
    "dma50" : 73.91,
    "dma100" : 71.85,
    "dma200" : 71.22,
    "volume" : 23553510.00
  }, {
    "date" : "2025-10-09",
    "price" : 78.80,
    "dma50" : 74.10,
    "dma100" : 71.94,
    "dma200" : 71.30,
    "volume" : 37777554.00
  }, {
    "date" : "2025-10-10",
    "price" : 77.13,
    "dma50" : 74.22,
    "dma100" : 72.01,
    "dma200" : 71.35,
    "volume" : 25527364.00
  }, {
    "date" : "2025-10-13",
    "price" : 77.15,
    "dma50" : 74.34,
    "dma100" : 72.08,
    "dma200" : 71.41,
    "volume" : 11348449.00
  }, {
    "date" : "2025-10-14",
    "price" : 76.13,
    "dma50" : 74.41,
    "dma100" : 72.13,
    "dma200" : 71.46,
    "volume" : 17954724.00
  }, {
    "date" : "2025-10-15",
    "price" : 76.71,
    "dma50" : 74.50,
    "dma100" : 72.18,
    "dma200" : 71.51,
    "volume" : 16784291.00
  }, {
    "date" : "2025-10-16",
    "price" : 75.88,
    "dma50" : 74.55,
    "dma100" : 72.20,
    "dma200" : 71.55,
    "volume" : 8205763.00
  }, {
    "date" : "2025-10-17",
    "price" : 74.91,
    "dma50" : 74.57,
    "dma100" : 72.22,
    "dma200" : 71.59,
    "volume" : 11209863.00
  }, {
    "date" : "2025-10-20",
    "price" : 75.24,
    "dma50" : 74.59,
    "dma100" : 72.27,
    "dma200" : 71.62,
    "volume" : 12355700.00
  }, {
    "date" : "2025-10-21",
    "price" : 75.61,
    "dma50" : 74.63,
    "dma100" : 72.30,
    "dma200" : 71.66,
    "volume" : 3628286.00
  }, {
    "date" : "2025-10-23",
    "price" : 74.19,
    "dma50" : 74.62,
    "dma100" : 72.33,
    "dma200" : 71.69,
    "volume" : 21494655.00
  }, {
    "date" : "2025-10-24",
    "price" : 74.19,
    "dma50" : 74.60,
    "dma100" : 72.37,
    "dma200" : 71.71,
    "volume" : 18203027.00
  }, {
    "date" : "2025-10-27",
    "price" : 74.37,
    "dma50" : 74.59,
    "dma100" : 72.40,
    "dma200" : 71.74,
    "volume" : 14197108.00
  }, {
    "date" : "2025-10-28",
    "price" : 74.63,
    "dma50" : 74.59,
    "dma100" : 72.45,
    "dma200" : 71.77,
    "volume" : 10323543.00
  }, {
    "date" : "2025-10-29",
    "price" : 76.70,
    "dma50" : 74.67,
    "dma100" : 72.50,
    "dma200" : 71.82,
    "volume" : 42359959.00
  }, {
    "date" : "2025-10-30",
    "price" : 75.89,
    "dma50" : 74.72,
    "dma100" : 72.54,
    "dma200" : 71.86,
    "volume" : 12304274.00
  }, {
    "date" : "2025-10-31",
    "price" : 75.79,
    "dma50" : 74.76,
    "dma100" : 72.56,
    "dma200" : 71.90,
    "volume" : 12827813.00
  }, {
    "date" : "2025-11-03",
    "price" : 75.92,
    "dma50" : 74.81,
    "dma100" : 72.57,
    "dma200" : 71.94,
    "volume" : 19938444.00
  }, {
    "date" : "2025-11-04",
    "price" : 74.27,
    "dma50" : 74.79,
    "dma100" : 72.58,
    "dma200" : 71.96,
    "volume" : 16739862.00
  }, {
    "date" : "2025-11-06",
    "price" : 73.12,
    "dma50" : 74.72,
    "dma100" : 72.58,
    "dma200" : 71.97,
    "volume" : 12921984.00
  }, {
    "date" : "2025-11-07",
    "price" : 74.24,
    "dma50" : 74.70,
    "dma100" : 72.62,
    "dma200" : 71.99,
    "volume" : 12567916.00
  }, {
    "date" : "2025-11-10",
    "price" : 75.08,
    "dma50" : 74.72,
    "dma100" : 72.67,
    "dma200" : 72.03,
    "volume" : 38131812.00
  }, {
    "date" : "2025-11-11",
    "price" : 75.79,
    "dma50" : 74.76,
    "dma100" : 72.74,
    "dma200" : 72.06,
    "volume" : 20339177.00
  }, {
    "date" : "2025-11-12",
    "price" : 77.18,
    "dma50" : 74.86,
    "dma100" : 72.83,
    "dma200" : 72.11,
    "volume" : 42216143.00
  }, {
    "date" : "2025-11-13",
    "price" : 77.39,
    "dma50" : 74.95,
    "dma100" : 72.93,
    "dma200" : 72.17,
    "volume" : 48157094.00
  }, {
    "date" : "2025-11-14",
    "price" : 76.55,
    "dma50" : 75.02,
    "dma100" : 73.01,
    "dma200" : 72.21,
    "volume" : 16352962.00
  }, {
    "date" : "2025-11-17",
    "price" : 76.54,
    "dma50" : 75.08,
    "dma100" : 73.10,
    "dma200" : 72.25,
    "volume" : 16184710.00
  }, {
    "date" : "2025-11-18",
    "price" : 75.72,
    "dma50" : 75.10,
    "dma100" : 73.16,
    "dma200" : 72.29,
    "volume" : 15733018.00
  }, {
    "date" : "2025-11-19",
    "price" : 75.26,
    "dma50" : 75.11,
    "dma100" : 73.22,
    "dma200" : 72.32,
    "volume" : 9565588.00
  }, {
    "date" : "2025-11-20",
    "price" : 74.46,
    "dma50" : 75.08,
    "dma100" : 73.26,
    "dma200" : 72.34,
    "volume" : 29775025.00
  }, {
    "date" : "2025-11-21",
    "price" : 73.51,
    "dma50" : 75.02,
    "dma100" : 73.30,
    "dma200" : 72.35,
    "volume" : 27419609.00
  }, {
    "date" : "2025-11-24",
    "price" : 72.54,
    "dma50" : 74.92,
    "dma100" : 73.33,
    "dma200" : 72.35,
    "volume" : 24580680.00
  }, {
    "date" : "2025-11-25",
    "price" : 72.70,
    "dma50" : 74.84,
    "dma100" : 73.37,
    "dma200" : 72.36,
    "volume" : 13108540.00
  }, {
    "date" : "2025-11-26",
    "price" : 74.29,
    "dma50" : 74.82,
    "dma100" : 73.44,
    "dma200" : 72.37,
    "volume" : 13563396.00
  }, {
    "date" : "2025-11-27",
    "price" : 74.21,
    "dma50" : 74.79,
    "dma100" : 73.49,
    "dma200" : 72.39,
    "volume" : 11313887.00
  }, {
    "date" : "2025-11-28",
    "price" : 73.92,
    "dma50" : 74.76,
    "dma100" : 73.54,
    "dma200" : 72.41,
    "volume" : 17643291.00
  }, {
    "date" : "2025-12-01",
    "price" : 75.39,
    "dma50" : 74.78,
    "dma100" : 73.61,
    "dma200" : 72.44,
    "volume" : 26908204.00
  }, {
    "date" : "2025-12-02",
    "price" : 76.09,
    "dma50" : 74.83,
    "dma100" : 73.69,
    "dma200" : 72.47,
    "volume" : 36096441.00
  }, {
    "date" : "2025-12-03",
    "price" : 76.05,
    "dma50" : 74.88,
    "dma100" : 73.77,
    "dma200" : 72.51,
    "volume" : 12764685.00
  }, {
    "date" : "2025-12-04",
    "price" : 75.97,
    "dma50" : 74.92,
    "dma100" : 73.84,
    "dma200" : 72.54,
    "volume" : 12452334.00
  }, {
    "date" : "2025-12-05",
    "price" : 76.46,
    "dma50" : 74.98,
    "dma100" : 73.92,
    "dma200" : 72.58,
    "volume" : 20684721.00
  }, {
    "date" : "2025-12-08",
    "price" : 74.66,
    "dma50" : 74.97,
    "dma100" : 73.97,
    "dma200" : 72.60,
    "volume" : 14418134.00
  }, {
    "date" : "2025-12-09",
    "price" : 74.83,
    "dma50" : 74.97,
    "dma100" : 74.04,
    "dma200" : 72.63,
    "volume" : 11308456.00
  }, {
    "date" : "2025-12-10",
    "price" : 74.41,
    "dma50" : 74.94,
    "dma100" : 74.10,
    "dma200" : 72.64,
    "volume" : 6925051.00
  }, {
    "date" : "2025-12-11",
    "price" : 75.31,
    "dma50" : 74.96,
    "dma100" : 74.16,
    "dma200" : 72.67,
    "volume" : 7598000.00
  }, {
    "date" : "2025-12-12",
    "price" : 77.94,
    "dma50" : 75.08,
    "dma100" : 74.22,
    "dma200" : 72.72,
    "volume" : 27505757.00
  }, {
    "date" : "2025-12-15",
    "price" : 78.55,
    "dma50" : 75.21,
    "dma100" : 74.29,
    "dma200" : 72.78,
    "volume" : 24518744.00
  }, {
    "date" : "2025-12-16",
    "price" : 77.15,
    "dma50" : 75.29,
    "dma100" : 74.34,
    "dma200" : 72.82,
    "volume" : 11974534.00
  } ],
  "latestTechnicalAttributes" : {
    "date" : "2025-12-16",
    "price" : 77.15,
    "dma50" : 75.29,
    "dma100" : 74.34,
    "dma200" : 72.82,
    "volume" : 11974534.00
  },
  "quarterlyResults" : [ {
    "date" : "2005-03-31",
    "sales" : 793.40,
    "salesGrowthYoY" : null,
    "grossProfitMargin" : 97.20,
    "grossProfit" : 771.18,
    "operatingProfitMargin" : 53.99,
    "operatingProfit" : 428.36,
    "netProfitMargin" : 33.94,
    "netProfit" : 269.28
  }, {
    "date" : "2005-06-30",
    "sales" : 574.19,
    "salesGrowthYoY" : null,
    "grossProfitMargin" : 99.16,
    "grossProfit" : 569.37,
    "operatingProfitMargin" : 58.72,
    "operatingProfit" : 337.16,
    "netProfitMargin" : 41.30,
    "netProfit" : 237.14
  }, {
    "date" : "2005-09-30",
    "sales" : 1060.73,
    "salesGrowthYoY" : null,
    "grossProfitMargin" : 101.80,
    "grossProfit" : 1079.82,
    "operatingProfitMargin" : 79.91,
    "operatingProfit" : 847.63,
    "netProfitMargin" : 51.83,
    "netProfit" : 549.78
  }, {
    "date" : "2005-12-31",
    "sales" : 934.15,
    "salesGrowthYoY" : null,
    "grossProfitMargin" : 101.86,
    "grossProfit" : 951.53,
    "operatingProfitMargin" : 74.60,
    "operatingProfit" : 696.88,
    "netProfitMargin" : 52.08,
    "netProfit" : 486.51
  }, {
    "date" : "2006-03-31",
    "sales" : 1141.85,
    "salesGrowthYoY" : 43.92,
    "grossProfitMargin" : 97.61,
    "grossProfit" : 1114.56,
    "operatingProfitMargin" : 70.25,
    "operatingProfit" : 802.15,
    "netProfitMargin" : 48.55,
    "netProfit" : 554.37
  }, {
    "date" : "2006-06-30",
    "sales" : 811.53,
    "salesGrowthYoY" : 41.33,
    "grossProfitMargin" : 102.86,
    "grossProfit" : 834.74,
    "operatingProfitMargin" : 82.39,
    "operatingProfit" : 668.62,
    "netProfitMargin" : 59.16,
    "netProfit" : 480.10
  }, {
    "date" : "2006-09-30",
    "sales" : 948.47,
    "salesGrowthYoY" : -10.58,
    "grossProfitMargin" : 98.54,
    "grossProfit" : 934.62,
    "operatingProfitMargin" : 75.60,
    "operatingProfit" : 717.04,
    "netProfitMargin" : 55.13,
    "netProfit" : 522.89
  }, {
    "date" : "2006-12-31",
    "sales" : 1057.66,
    "salesGrowthYoY" : 13.22,
    "grossProfitMargin" : 99.81,
    "grossProfit" : 1055.65,
    "operatingProfitMargin" : 78.92,
    "operatingProfit" : 834.71,
    "netProfitMargin" : 57.31,
    "netProfit" : 606.14
  }, {
    "date" : "2007-03-31",
    "sales" : 1368.18,
    "salesGrowthYoY" : 19.82,
    "grossProfitMargin" : 98.98,
    "grossProfit" : 1354.22,
    "operatingProfitMargin" : 73.33,
    "operatingProfit" : 1003.29,
    "netProfitMargin" : 51.97,
    "netProfit" : 711.04
  }, {
    "date" : "2007-06-30",
    "sales" : 1081.66,
    "salesGrowthYoY" : 33.29,
    "grossProfitMargin" : 99.99,
    "grossProfit" : 1081.55,
    "operatingProfitMargin" : 75.16,
    "operatingProfit" : 812.98,
    "netProfitMargin" : 57.85,
    "netProfit" : 625.74
  }, {
    "date" : "2007-09-30",
    "sales" : 1111.54,
    "salesGrowthYoY" : 17.19,
    "grossProfitMargin" : 99.10,
    "grossProfit" : 1101.54,
    "operatingProfitMargin" : 73.34,
    "operatingProfit" : 815.20,
    "netProfitMargin" : 57.58,
    "netProfit" : 640.02
  }, {
    "date" : "2007-12-31",
    "sales" : 1623.60,
    "salesGrowthYoY" : 53.51,
    "grossProfitMargin" : 100.89,
    "grossProfit" : 1638.05,
    "operatingProfitMargin" : 80.85,
    "operatingProfit" : 1312.68,
    "netProfitMargin" : 59.63,
    "netProfit" : 968.15
  }, {
    "date" : "2008-03-31",
    "sales" : 1894.51,
    "salesGrowthYoY" : 38.47,
    "grossProfitMargin" : 101.37,
    "grossProfit" : 1920.46,
    "operatingProfitMargin" : 73.83,
    "operatingProfit" : 1398.72,
    "netProfitMargin" : 53.68,
    "netProfit" : 1016.97
  }, {
    "date" : "2008-06-30",
    "sales" : 1673.15,
    "salesGrowthYoY" : 54.68,
    "grossProfitMargin" : 101.54,
    "grossProfit" : 1698.92,
    "operatingProfitMargin" : 78.66,
    "operatingProfit" : 1316.10,
    "netProfitMargin" : 58.65,
    "netProfit" : 981.30
  }, {
    "date" : "2008-09-30",
    "sales" : 1617.32,
    "salesGrowthYoY" : 45.50,
    "grossProfitMargin" : 99.53,
    "grossProfit" : 1609.72,
    "operatingProfitMargin" : 75.02,
    "operatingProfit" : 1213.31,
    "netProfitMargin" : 58.43,
    "netProfit" : 945.00
  }, {
    "date" : "2008-12-31",
    "sales" : 2337.50,
    "salesGrowthYoY" : 43.97,
    "grossProfitMargin" : 102.69,
    "grossProfit" : 2400.38,
    "operatingProfitMargin" : 83.46,
    "operatingProfit" : 1950.88,
    "netProfitMargin" : 60.96,
    "netProfit" : 1424.94
  }, {
    "date" : "2009-03-31",
    "sales" : 1936.06,
    "salesGrowthYoY" : 2.19,
    "grossProfitMargin" : 102.39,
    "grossProfit" : 1982.33,
    "operatingProfitMargin" : 70.29,
    "operatingProfit" : 1360.86,
    "netProfitMargin" : 52.75,
    "netProfit" : 1021.27
  }, {
    "date" : "2009-06-30",
    "sales" : 1278.05,
    "salesGrowthYoY" : -23.61,
    "grossProfitMargin" : 99.10,
    "grossProfit" : 1266.55,
    "operatingProfitMargin" : 74.20,
    "operatingProfit" : 948.31,
    "netProfitMargin" : 60.54,
    "netProfit" : 773.73
  }, {
    "date" : "2009-09-30",
    "sales" : 1390.13,
    "salesGrowthYoY" : -14.05,
    "grossProfitMargin" : 101.43,
    "grossProfit" : 1410.01,
    "operatingProfitMargin" : 73.12,
    "operatingProfit" : 1016.46,
    "netProfitMargin" : 55.45,
    "netProfit" : 770.83
  }, {
    "date" : "2009-12-31",
    "sales" : 1587.58,
    "salesGrowthYoY" : -32.08,
    "grossProfitMargin" : 100.15,
    "grossProfit" : 1589.96,
    "operatingProfitMargin" : 67.92,
    "operatingProfit" : 1078.28,
    "netProfitMargin" : 52.73,
    "netProfit" : 837.13
  }, {
    "date" : "2010-03-31",
    "sales" : 1983.33,
    "salesGrowthYoY" : 2.44,
    "grossProfitMargin" : 99.37,
    "grossProfit" : 1970.84,
    "operatingProfitMargin" : 69.54,
    "operatingProfit" : 1379.21,
    "netProfitMargin" : 53.73,
    "netProfit" : 1065.64
  }, {
    "date" : "2010-06-30",
    "sales" : 2517.99,
    "salesGrowthYoY" : 97.02,
    "grossProfitMargin" : 100.92,
    "grossProfit" : 2541.16,
    "operatingProfitMargin" : 81.46,
    "operatingProfit" : 2051.15,
    "netProfitMargin" : 59.73,
    "netProfit" : 1504.00
  }, {
    "date" : "2010-09-30",
    "sales" : 2459.98,
    "salesGrowthYoY" : 76.96,
    "grossProfitMargin" : 100.11,
    "grossProfit" : 2462.69,
    "operatingProfitMargin" : 74.82,
    "operatingProfit" : 1840.56,
    "netProfitMargin" : 56.04,
    "netProfit" : 1378.57
  }, {
    "date" : "2010-12-31",
    "sales" : 2621.22,
    "salesGrowthYoY" : 65.11,
    "grossProfitMargin" : 101.08,
    "grossProfit" : 2649.53,
    "operatingProfitMargin" : 76.91,
    "operatingProfit" : 2015.98,
    "netProfitMargin" : 57.91,
    "netProfit" : 1517.95
  }, {
    "date" : "2011-03-31",
    "sales" : 3769.75,
    "salesGrowthYoY" : 90.07,
    "grossProfitMargin" : 100.95,
    "grossProfit" : 3805.56,
    "operatingProfitMargin" : 72.66,
    "operatingProfit" : 2739.10,
    "netProfitMargin" : 55.67,
    "netProfit" : 2098.62
  }, {
    "date" : "2011-06-30",
    "sales" : 2782.61,
    "salesGrowthYoY" : 10.51,
    "grossProfitMargin" : 99.81,
    "grossProfit" : 2777.32,
    "operatingProfitMargin" : 81.02,
    "operatingProfit" : 2254.47,
    "netProfitMargin" : 64.73,
    "netProfit" : 1801.18
  }, {
    "date" : "2011-09-30",
    "sales" : 3062.52,
    "salesGrowthYoY" : 24.49,
    "grossProfitMargin" : 97.94,
    "grossProfit" : 2999.43,
    "operatingProfitMargin" : 79.54,
    "operatingProfit" : 2435.93,
    "netProfitMargin" : 64.10,
    "netProfit" : 1963.08
  }, {
    "date" : "2011-12-31",
    "sales" : 2822.18,
    "salesGrowthYoY" : 7.67,
    "grossProfitMargin" : 101.18,
    "grossProfit" : 2855.48,
    "operatingProfitMargin" : 80.11,
    "operatingProfit" : 2260.85,
    "netProfitMargin" : 65.86,
    "netProfit" : 1858.69
  }, {
    "date" : "2012-03-31",
    "sales" : 2594.58,
    "salesGrowthYoY" : -31.17,
    "grossProfitMargin" : 101.29,
    "grossProfit" : 2628.05,
    "operatingProfitMargin" : 76.11,
    "operatingProfit" : 1974.73,
    "netProfitMargin" : 64.63,
    "netProfit" : 1676.88
  }, {
    "date" : "2012-06-30",
    "sales" : 2840.35,
    "salesGrowthYoY" : 2.08,
    "grossProfitMargin" : 100.16,
    "grossProfit" : 2844.89,
    "operatingProfitMargin" : 81.05,
    "operatingProfit" : 2302.10,
    "netProfitMargin" : 67.10,
    "netProfit" : 1905.87
  }, {
    "date" : "2012-09-30",
    "sales" : 2611.98,
    "salesGrowthYoY" : -14.71,
    "grossProfitMargin" : 101.63,
    "grossProfit" : 2654.56,
    "operatingProfitMargin" : 74.08,
    "operatingProfit" : 1934.95,
    "netProfitMargin" : 64.27,
    "netProfit" : 1678.72
  }, {
    "date" : "2012-12-31",
    "sales" : 2047.69,
    "salesGrowthYoY" : -27.44,
    "grossProfitMargin" : 102.00,
    "grossProfit" : 2088.64,
    "operatingProfitMargin" : 67.94,
    "operatingProfit" : 1391.20,
    "netProfitMargin" : 63.13,
    "netProfit" : 1292.71
  }, {
    "date" : "2013-03-31",
    "sales" : 3204.25,
    "salesGrowthYoY" : 23.50,
    "grossProfitMargin" : 102.04,
    "grossProfit" : 3269.62,
    "operatingProfitMargin" : 54.61,
    "operatingProfit" : 1749.84,
    "netProfitMargin" : 45.72,
    "netProfit" : 1464.98
  }, {
    "date" : "2013-06-30",
    "sales" : 2870.62,
    "salesGrowthYoY" : 1.07,
    "grossProfitMargin" : 99.02,
    "grossProfit" : 2842.49,
    "operatingProfitMargin" : 66.37,
    "operatingProfit" : 1905.23,
    "netProfitMargin" : 54.77,
    "netProfit" : 1572.24
  }, {
    "date" : "2013-09-30",
    "sales" : 2479.92,
    "salesGrowthYoY" : -5.06,
    "grossProfitMargin" : 97.76,
    "grossProfit" : 2424.37,
    "operatingProfitMargin" : 60.23,
    "operatingProfit" : 1493.66,
    "netProfitMargin" : 53.17,
    "netProfit" : 1318.57
  }, {
    "date" : "2013-12-31",
    "sales" : 2823.17,
    "salesGrowthYoY" : 37.87,
    "grossProfitMargin" : 99.90,
    "grossProfit" : 2820.35,
    "operatingProfitMargin" : 67.40,
    "operatingProfit" : 1902.82,
    "netProfitMargin" : 55.52,
    "netProfit" : 1567.42
  }, {
    "date" : "2014-03-31",
    "sales" : 3884.49,
    "salesGrowthYoY" : 21.23,
    "grossProfitMargin" : 101.92,
    "grossProfit" : 3959.07,
    "operatingProfitMargin" : 63.58,
    "operatingProfit" : 2469.76,
    "netProfitMargin" : 49.75,
    "netProfit" : 1932.53
  }, {
    "date" : "2014-06-30",
    "sales" : 3476.73,
    "salesGrowthYoY" : 21.11,
    "grossProfitMargin" : 98.37,
    "grossProfit" : 3420.06,
    "operatingProfitMargin" : 69.09,
    "operatingProfit" : 2402.07,
    "netProfitMargin" : 55.08,
    "netProfit" : 1914.98
  }, {
    "date" : "2014-09-30",
    "sales" : 3105.05,
    "salesGrowthYoY" : 25.21,
    "grossProfitMargin" : 98.12,
    "grossProfit" : 3046.68,
    "operatingProfitMargin" : 64.61,
    "operatingProfit" : 2006.17,
    "netProfitMargin" : 52.84,
    "netProfit" : 1640.71
  }, {
    "date" : "2014-12-31",
    "sales" : 2946.05,
    "salesGrowthYoY" : 4.35,
    "grossProfitMargin" : 105.97,
    "grossProfit" : 3121.93,
    "operatingProfitMargin" : 66.13,
    "operatingProfit" : 1948.22,
    "netProfitMargin" : 54.07,
    "netProfit" : 1592.93
  }, {
    "date" : "2015-03-31",
    "sales" : 2828.58,
    "salesGrowthYoY" : -27.18,
    "grossProfitMargin" : 97.47,
    "grossProfit" : 2757.02,
    "operatingProfitMargin" : 50.25,
    "operatingProfit" : 1421.36,
    "netProfitMargin" : 48.90,
    "netProfit" : 1383.18
  }, {
    "date" : "2015-06-30",
    "sales" : 1806.43,
    "salesGrowthYoY" : -48.04,
    "grossProfitMargin" : 93.68,
    "grossProfit" : 1692.26,
    "operatingProfitMargin" : 61.00,
    "operatingProfit" : 1101.92,
    "netProfitMargin" : 56.21,
    "netProfit" : 1015.39
  }, {
    "date" : "2015-09-30",
    "sales" : 1603.06,
    "salesGrowthYoY" : -48.37,
    "grossProfitMargin" : 105.75,
    "grossProfit" : 1695.24,
    "operatingProfitMargin" : 56.39,
    "operatingProfit" : 903.97,
    "netProfitMargin" : 51.56,
    "netProfit" : 826.54
  }, {
    "date" : "2015-12-31",
    "sales" : 1517.63,
    "salesGrowthYoY" : -48.49,
    "grossProfitMargin" : 97.83,
    "grossProfit" : 1484.70,
    "operatingProfitMargin" : 21.46,
    "operatingProfit" : 325.68,
    "netProfitMargin" : 27.84,
    "netProfit" : 422.51
  }, {
    "date" : "2016-03-31",
    "sales" : 1529.95,
    "salesGrowthYoY" : -45.91,
    "grossProfitMargin" : 98.75,
    "grossProfit" : 1510.83,
    "operatingProfitMargin" : 27.33,
    "operatingProfit" : 418.14,
    "netProfitMargin" : 38.91,
    "netProfit" : 595.30
  }, {
    "date" : "2016-06-30",
    "sales" : 1720.65,
    "salesGrowthYoY" : -4.75,
    "grossProfitMargin" : 97.74,
    "grossProfit" : 1681.76,
    "operatingProfitMargin" : 47.45,
    "operatingProfit" : 816.45,
    "netProfitMargin" : 41.34,
    "netProfit" : 711.32
  }, {
    "date" : "2016-09-30",
    "sales" : 1739.15,
    "salesGrowthYoY" : 8.49,
    "grossProfitMargin" : 93.70,
    "grossProfit" : 1629.58,
    "operatingProfitMargin" : 47.49,
    "operatingProfit" : 825.92,
    "netProfitMargin" : 44.32,
    "netProfit" : 770.79
  }, {
    "date" : "2016-12-31",
    "sales" : 2497.71,
    "salesGrowthYoY" : 64.58,
    "grossProfitMargin" : 98.51,
    "grossProfit" : 2460.49,
    "operatingProfitMargin" : 41.11,
    "operatingProfit" : 1026.81,
    "netProfitMargin" : 28.55,
    "netProfit" : 713.10
  }, {
    "date" : "2017-03-31",
    "sales" : 2871.70,
    "salesGrowthYoY" : 87.70,
    "grossProfitMargin" : 102.79,
    "grossProfit" : 2951.82,
    "operatingProfitMargin" : 32.46,
    "operatingProfit" : 932.15,
    "netProfitMargin" : 15.29,
    "netProfit" : 439.08
  }, {
    "date" : "2017-06-30",
    "sales" : 2841.53,
    "salesGrowthYoY" : 65.14,
    "grossProfitMargin" : 100.98,
    "grossProfit" : 2869.38,
    "operatingProfitMargin" : 52.61,
    "operatingProfit" : 1494.93,
    "netProfitMargin" : 34.11,
    "netProfit" : 969.25
  }, {
    "date" : "2017-09-30",
    "sales" : 2421.33,
    "salesGrowthYoY" : 39.22,
    "grossProfitMargin" : 94.35,
    "grossProfit" : 2284.52,
    "operatingProfitMargin" : 49.68,
    "operatingProfit" : 1202.92,
    "netProfitMargin" : 34.87,
    "netProfit" : 844.32
  }, {
    "date" : "2017-12-31",
    "sales" : 2469.03,
    "salesGrowthYoY" : -1.15,
    "grossProfitMargin" : 101.04,
    "grossProfit" : 2494.71,
    "operatingProfitMargin" : 49.00,
    "operatingProfit" : 1209.82,
    "netProfitMargin" : 32.14,
    "netProfit" : 793.55
  }, {
    "date" : "2018-03-31",
    "sales" : 3883.01,
    "salesGrowthYoY" : 35.22,
    "grossProfitMargin" : 102.69,
    "grossProfit" : 3987.46,
    "operatingProfitMargin" : 48.95,
    "operatingProfit" : 1900.73,
    "netProfitMargin" : 28.49,
    "netProfit" : 1106.27
  }, {
    "date" : "2018-06-30",
    "sales" : 2421.99,
    "salesGrowthYoY" : -14.76,
    "grossProfitMargin" : 100.52,
    "grossProfit" : 2434.58,
    "operatingProfitMargin" : 58.79,
    "operatingProfit" : 1423.89,
    "netProfitMargin" : 40.27,
    "netProfit" : 975.34
  }, {
    "date" : "2018-09-30",
    "sales" : 2437.92,
    "salesGrowthYoY" : 0.69,
    "grossProfitMargin" : 96.13,
    "grossProfit" : 2343.57,
    "operatingProfitMargin" : 51.65,
    "operatingProfit" : 1259.19,
    "netProfitMargin" : 26.10,
    "netProfit" : 636.30
  }, {
    "date" : "2018-12-31",
    "sales" : 3649.44,
    "salesGrowthYoY" : 47.81,
    "grossProfitMargin" : 102.72,
    "grossProfit" : 3748.70,
    "operatingProfitMargin" : 59.03,
    "operatingProfit" : 2154.26,
    "netProfitMargin" : 43.20,
    "netProfit" : 1576.56
  }, {
    "date" : "2019-03-31",
    "sales" : 3643.32,
    "salesGrowthYoY" : -6.17,
    "grossProfitMargin" : 100.27,
    "grossProfit" : 3653.16,
    "operatingProfitMargin" : 57.42,
    "operatingProfit" : 2091.99,
    "netProfitMargin" : 39.90,
    "netProfit" : 1453.68
  }, {
    "date" : "2019-06-30",
    "sales" : 3263.74,
    "salesGrowthYoY" : 34.75,
    "grossProfitMargin" : 100.13,
    "grossProfit" : 3267.98,
    "operatingProfitMargin" : 57.20,
    "operatingProfit" : 1866.86,
    "netProfitMargin" : 36.13,
    "netProfit" : 1179.19
  }, {
    "date" : "2019-09-30",
    "sales" : 2241.76,
    "salesGrowthYoY" : -8.05,
    "grossProfitMargin" : 96.98,
    "grossProfit" : 2174.06,
    "operatingProfitMargin" : 47.29,
    "operatingProfit" : 1060.13,
    "netProfitMargin" : 31.37,
    "netProfit" : 703.24
  }, {
    "date" : "2019-12-31",
    "sales" : 3006.38,
    "salesGrowthYoY" : -17.62,
    "grossProfitMargin" : 101.49,
    "grossProfit" : 3051.18,
    "operatingProfitMargin" : 52.93,
    "operatingProfit" : 1591.28,
    "netProfitMargin" : 45.78,
    "netProfit" : 1376.32
  }, {
    "date" : "2020-03-31",
    "sales" : 3187.34,
    "salesGrowthYoY" : -12.52,
    "grossProfitMargin" : 101.13,
    "grossProfit" : 3223.36,
    "operatingProfitMargin" : 46.80,
    "operatingProfit" : 1491.68,
    "netProfitMargin" : 11.74,
    "netProfit" : 374.19
  }, {
    "date" : "2020-06-30",
    "sales" : 1937.50,
    "salesGrowthYoY" : -40.64,
    "grossProfitMargin" : 102.65,
    "grossProfit" : 1988.84,
    "operatingProfitMargin" : 38.94,
    "operatingProfit" : 754.46,
    "netProfitMargin" : 27.50,
    "netProfit" : 532.81
  }, {
    "date" : "2020-09-30",
    "sales" : 2229.89,
    "salesGrowthYoY" : -0.53,
    "grossProfitMargin" : 97.69,
    "grossProfit" : 2178.38,
    "operatingProfitMargin" : 46.17,
    "operatingProfit" : 1029.54,
    "netProfitMargin" : 34.69,
    "netProfit" : 773.55
  }, {
    "date" : "2020-12-31",
    "sales" : 4355.10,
    "salesGrowthYoY" : 44.86,
    "grossProfitMargin" : 99.10,
    "grossProfit" : 4315.90,
    "operatingProfitMargin" : 63.56,
    "operatingProfit" : 2768.10,
    "netProfitMargin" : 48.42,
    "netProfit" : 2108.74
  }, {
    "date" : "2021-03-31",
    "sales" : 6847.57,
    "salesGrowthYoY" : 114.84,
    "grossProfitMargin" : 102.33,
    "grossProfit" : 7007.12,
    "operatingProfitMargin" : 61.95,
    "operatingProfit" : 4242.07,
    "netProfitMargin" : 41.44,
    "netProfit" : 2837.63
  }, {
    "date" : "2021-06-30",
    "sales" : 6512.21,
    "salesGrowthYoY" : 236.11,
    "grossProfitMargin" : 107.77,
    "grossProfit" : 7018.21,
    "operatingProfitMargin" : 64.15,
    "operatingProfit" : 4177.58,
    "netProfitMargin" : 49.03,
    "netProfit" : 3192.94
  }, {
    "date" : "2021-09-30",
    "sales" : 6793.51,
    "salesGrowthYoY" : 204.66,
    "grossProfitMargin" : 100.73,
    "grossProfit" : 6843.10,
    "operatingProfitMargin" : 45.85,
    "operatingProfit" : 3114.82,
    "netProfitMargin" : 34.47,
    "netProfit" : 2341.72
  }, {
    "date" : "2021-12-31",
    "sales" : 5873.77,
    "salesGrowthYoY" : 34.87,
    "grossProfitMargin" : 102.48,
    "grossProfit" : 6019.44,
    "operatingProfitMargin" : 44.48,
    "operatingProfit" : 2612.65,
    "netProfitMargin" : 34.90,
    "netProfit" : 2049.95
  }, {
    "date" : "2022-03-31",
    "sales" : 6785.30,
    "salesGrowthYoY" : -0.91,
    "grossProfitMargin" : 105.18,
    "grossProfit" : 7136.78,
    "operatingProfitMargin" : 40.18,
    "operatingProfit" : 2726.33,
    "netProfitMargin" : 27.44,
    "netProfit" : 1861.89
  }, {
    "date" : "2022-06-30",
    "sales" : 4767.07,
    "salesGrowthYoY" : -26.80,
    "grossProfitMargin" : 107.67,
    "grossProfit" : 5132.70,
    "operatingProfitMargin" : 39.86,
    "operatingProfit" : 1900.15,
    "netProfitMargin" : 30.90,
    "netProfit" : 1473.02
  }, {
    "date" : "2022-09-30",
    "sales" : 3328.45,
    "salesGrowthYoY" : -51.01,
    "grossProfitMargin" : 81.24,
    "grossProfit" : 2704.03,
    "operatingProfitMargin" : 25.66,
    "operatingProfit" : 854.08,
    "netProfitMargin" : 26.70,
    "netProfit" : 888.70
  }, {
    "date" : "2022-12-31",
    "sales" : 3719.99,
    "salesGrowthYoY" : -36.67,
    "grossProfitMargin" : 107.12,
    "grossProfit" : 3984.85,
    "operatingProfitMargin" : 30.74,
    "operatingProfit" : 1143.52,
    "netProfitMargin" : 23.93,
    "netProfit" : 890.19
  }, {
    "date" : "2023-03-31",
    "sales" : 5851.37,
    "salesGrowthYoY" : -13.76,
    "grossProfitMargin" : 107.18,
    "grossProfit" : 6271.50,
    "operatingProfitMargin" : 37.01,
    "operatingProfit" : 2165.59,
    "netProfitMargin" : 24.26,
    "netProfit" : 1419.54
  }, {
    "date" : "2023-06-30",
    "sales" : 5394.66,
    "salesGrowthYoY" : 13.17,
    "grossProfitMargin" : 98.53,
    "grossProfit" : 5315.36,
    "operatingProfitMargin" : 37.00,
    "operatingProfit" : 1996.02,
    "netProfitMargin" : 30.59,
    "netProfit" : 1650.23
  }, {
    "date" : "2023-09-30",
    "sales" : 4013.98,
    "salesGrowthYoY" : 20.60,
    "grossProfitMargin" : 92.82,
    "grossProfit" : 3725.78,
    "operatingProfitMargin" : 29.73,
    "operatingProfit" : 1193.36,
    "netProfitMargin" : 25.61,
    "netProfit" : 1027.98
  }, {
    "date" : "2023-12-31",
    "sales" : 5409.90,
    "salesGrowthYoY" : 45.43,
    "grossProfitMargin" : 101.34,
    "grossProfit" : 5482.39,
    "operatingProfitMargin" : 37.52,
    "operatingProfit" : 2029.79,
    "netProfitMargin" : 31.07,
    "netProfit" : 1680.86
  }, {
    "date" : "2024-03-31",
    "sales" : 6475.27,
    "salesGrowthYoY" : 10.66,
    "grossProfitMargin" : 105.18,
    "grossProfit" : 6810.69,
    "operatingProfitMargin" : 33.00,
    "operatingProfit" : 2136.84,
    "netProfitMargin" : 22.86,
    "netProfit" : 1480.25
  }, {
    "date" : "2024-06-30",
    "sales" : 5377.80,
    "salesGrowthYoY" : -0.31,
    "grossProfitMargin" : 100.69,
    "grossProfit" : 5414.91,
    "operatingProfitMargin" : 43.90,
    "operatingProfit" : 2360.85,
    "netProfitMargin" : 36.90,
    "netProfit" : 1984.41
  }, {
    "date" : "2024-09-30",
    "sales" : 4806.57,
    "salesGrowthYoY" : 19.75,
    "grossProfitMargin" : 89.95,
    "grossProfit" : 4323.51,
    "operatingProfitMargin" : 29.97,
    "operatingProfit" : 1440.53,
    "netProfitMargin" : 26.40,
    "netProfit" : 1268.93
  }, {
    "date" : "2024-12-31",
    "sales" : 6530.82,
    "salesGrowthYoY" : 20.72,
    "grossProfitMargin" : 103.40,
    "grossProfit" : 6752.87,
    "operatingProfitMargin" : 36.89,
    "operatingProfit" : 2409.22,
    "netProfitMargin" : 29.76,
    "netProfit" : 1943.57
  }, {
    "date" : "2025-03-31",
    "sales" : 6953.13,
    "salesGrowthYoY" : 7.38,
    "grossProfitMargin" : 99.03,
    "grossProfit" : 6885.68,
    "operatingProfitMargin" : 29.45,
    "operatingProfit" : 2047.70,
    "netProfitMargin" : 21.52,
    "netProfit" : 1496.31
  }, {
    "date" : "2025-06-30",
    "sales" : 6634.16,
    "salesGrowthYoY" : 23.36,
    "grossProfitMargin" : 99.09,
    "grossProfit" : 6573.79,
    "operatingProfitMargin" : 37.36,
    "operatingProfit" : 2478.52,
    "netProfitMargin" : 29.67,
    "netProfit" : 1968.36
  }, {
    "date" : "2025-09-30",
    "sales" : 6260.85,
    "salesGrowthYoY" : 30.26,
    "grossProfitMargin" : 91.49,
    "grossProfit" : 5728.05,
    "operatingProfitMargin" : 32.01,
    "operatingProfit" : 2004.10,
    "netProfitMargin" : 27.07,
    "netProfit" : 1694.81
  } ],
  "latestQuarterlyResult" : {
    "date" : "2025-09-30",
    "sales" : 6260.85,
    "salesGrowthYoY" : 30.26,
    "grossProfitMargin" : 91.49,
    "grossProfit" : 5728.05,
    "operatingProfitMargin" : 32.01,
    "operatingProfit" : 2004.10,
    "netProfitMargin" : 27.07,
    "netProfit" : 1694.81
  },
  "companyScore" : {
    "priceHigherThanDma50" : 5.00,
    "priceHigherThanDma100" : 5.00,
    "priceHigherThanDma200" : 5.00,
    "dma50HigherThanDma100" : 5.00,
    "dma50HigherThanDma200" : 5.00,
    "dma100HigherThanDma200" : 5.00,
    "pricePercentageAboveDma50" : 4.88,
    "pricePercentageAboveDma100" : 4.81,
    "pricePercentageAboveDma200" : 4.70,
    "weeklyVolumeHigherThanYearlyVolume" : 0.00,
    "salesGrowthPercentile" : 13.42,
    "operatingProfitMarginPercentile" : 3.40,
    "netProfitMarginPercentile" : 2.77,
    "totalTechnicalScore" : 44.39,
    "totalFundamentalScore" : 19.59,
    "totalScore" : 63.98
  }
}