{
  "metadata" : {
    "screenerCompanyId" : "2313",
    "companyCode" : "OBEROIRLTY",
    "companyName" : "Oberoi Realty",
    "screenerCompanyLink" : "https://www.screener.in/company/OBEROIRLTY",
    "screenerTechnicalHistoryLink" : "https://www.screener.in/api/company/2313/chart/?q=Price-DMA50-DMA200-Volume&days=365",
    "screenerQuarterlyResultsLink" : "https://www.screener.in/api/company/2313/chart/?q=GPM-OPM-NPM-Quarter+Sales&days=10000",
    "attributes" : {
      "companyCode" : "OBEROIRLTY",
      "companyName" : "Oberoi Realty",
      "marketCap" : 59728.00,
      "peRatio" : 33.70,
      "description" : "Oberoi Realty Ltd is a real estate development company, headquartered in Mumbai. It is the part of Oberoi Realty Group, focused on developments in the residential, office space, retail, hospitality, and social infrastructure verticals. [1]"
    },
    "companyScore" : {
      "priceHigherThanDma50" : 0.00,
      "priceHigherThanDma100" : 0.00,
      "priceHigherThanDma200" : 0.00,
      "dma50HigherThanDma100" : 5.00,
      "dma50HigherThanDma200" : 0.00,
      "dma100HigherThanDma200" : 0.00,
      "pricePercentageAboveDma50" : 5.12,
      "pricePercentageAboveDma100" : 5.10,
      "pricePercentageAboveDma200" : 5.20,
      "weeklyVolumeHigherThanYearlyVolume" : 0.00,
      "salesGrowthPercentile" : 12.90,
      "operatingProfitMarginPercentile" : 10.43,
      "netProfitMarginPercentile" : 4.09,
      "totalTechnicalScore" : 20.42,
      "totalFundamentalScore" : 27.42,
      "totalScore" : 47.85
    }
  },
  "attributes" : {
    "companyCode" : "OBEROIRLTY",
    "companyName" : "Oberoi Realty",
    "marketCap" : 59728.00,
    "peRatio" : 33.70,
    "description" : "Oberoi Realty Ltd is a real estate development company, headquartered in Mumbai. It is the part of Oberoi Realty Group, focused on developments in the residential, office space, retail, hospitality, and social infrastructure verticals. [1]"
  },
  "technicalHistory" : [ {
    "date" : "2024-12-04",
    "price" : 2164.75,
    "dma50" : 1948.35,
    "dma100" : null,
    "dma200" : 1734.92,
    "volume" : 2812774.00
  }, {
    "date" : "2024-12-05",
    "price" : 2130.20,
    "dma50" : 1955.48,
    "dma100" : null,
    "dma200" : 1738.86,
    "volume" : 1202553.00
  }, {
    "date" : "2024-12-06",
    "price" : 2143.30,
    "dma50" : 1962.85,
    "dma100" : null,
    "dma200" : 1742.88,
    "volume" : 641598.00
  }, {
    "date" : "2024-12-09",
    "price" : 2139.90,
    "dma50" : 1969.79,
    "dma100" : null,
    "dma200" : 1746.83,
    "volume" : 595569.00
  }, {
    "date" : "2024-12-10",
    "price" : 2129.75,
    "dma50" : 1976.06,
    "dma100" : null,
    "dma200" : 1750.64,
    "volume" : 608793.00
  }, {
    "date" : "2024-12-11",
    "price" : 2134.55,
    "dma50" : 1982.28,
    "dma100" : null,
    "dma200" : 1754.46,
    "volume" : 445536.00
  }, {
    "date" : "2024-12-12",
    "price" : 2127.85,
    "dma50" : 1987.99,
    "dma100" : null,
    "dma200" : 1758.18,
    "volume" : 583765.00
  }, {
    "date" : "2024-12-13",
    "price" : 2117.70,
    "dma50" : 1993.07,
    "dma100" : null,
    "dma200" : 1761.75,
    "volume" : 666613.00
  }, {
    "date" : "2024-12-16",
    "price" : 2253.50,
    "dma50" : 2003.29,
    "dma100" : null,
    "dma200" : 1766.65,
    "volume" : 3903305.00
  }, {
    "date" : "2024-12-17",
    "price" : 2315.55,
    "dma50" : 2015.53,
    "dma100" : null,
    "dma200" : 1772.11,
    "volume" : 2337023.00
  }, {
    "date" : "2024-12-18",
    "price" : 2317.10,
    "dma50" : 2027.36,
    "dma100" : null,
    "dma200" : 1777.53,
    "volume" : 524628.00
  }, {
    "date" : "2024-12-19",
    "price" : 2287.10,
    "dma50" : 2037.54,
    "dma100" : null,
    "dma200" : 1782.60,
    "volume" : 984187.00
  }, {
    "date" : "2024-12-20",
    "price" : 2247.80,
    "dma50" : 2045.79,
    "dma100" : null,
    "dma200" : 1787.23,
    "volume" : 1240084.00
  }, {
    "date" : "2024-12-23",
    "price" : 2262.30,
    "dma50" : 2054.28,
    "dma100" : null,
    "dma200" : 1791.96,
    "volume" : 528882.00
  }, {
    "date" : "2024-12-24",
    "price" : 2290.50,
    "dma50" : 2063.54,
    "dma100" : null,
    "dma200" : 1796.92,
    "volume" : 1252047.00
  }, {
    "date" : "2024-12-26",
    "price" : 2322.65,
    "dma50" : 2073.70,
    "dma100" : null,
    "dma200" : 1802.15,
    "volume" : 431003.00
  }, {
    "date" : "2024-12-27",
    "price" : 2315.80,
    "dma50" : 2083.20,
    "dma100" : null,
    "dma200" : 1807.26,
    "volume" : 667187.00
  }, {
    "date" : "2024-12-30",
    "price" : 2265.45,
    "dma50" : 2090.35,
    "dma100" : null,
    "dma200" : 1811.82,
    "volume" : 1426284.00
  }, {
    "date" : "2024-12-31",
    "price" : 2311.50,
    "dma50" : 2099.02,
    "dma100" : null,
    "dma200" : 1816.79,
    "volume" : 594851.00
  }, {
    "date" : "2025-01-01",
    "price" : 2274.95,
    "dma50" : 2105.92,
    "dma100" : null,
    "dma200" : 1821.35,
    "volume" : 352874.00
  }, {
    "date" : "2025-01-02",
    "price" : 2282.25,
    "dma50" : 2112.83,
    "dma100" : null,
    "dma200" : 1825.94,
    "volume" : 627077.00
  }, {
    "date" : "2025-01-03",
    "price" : 2255.20,
    "dma50" : 2118.42,
    "dma100" : null,
    "dma200" : 1830.21,
    "volume" : 321245.00
  }, {
    "date" : "2025-01-06",
    "price" : 2209.45,
    "dma50" : 2121.99,
    "dma100" : null,
    "dma200" : 1833.98,
    "volume" : 515365.00
  }, {
    "date" : "2025-01-07",
    "price" : 2268.40,
    "dma50" : 2127.73,
    "dma100" : null,
    "dma200" : 1838.30,
    "volume" : 797999.00
  }, {
    "date" : "2025-01-08",
    "price" : 2282.40,
    "dma50" : 2133.79,
    "dma100" : null,
    "dma200" : 1842.72,
    "volume" : 1628778.00
  }, {
    "date" : "2025-01-09",
    "price" : 2246.40,
    "dma50" : 2138.21,
    "dma100" : null,
    "dma200" : 1846.74,
    "volume" : 893664.00
  }, {
    "date" : "2025-01-10",
    "price" : 2128.30,
    "dma50" : 2137.82,
    "dma100" : null,
    "dma200" : 1849.54,
    "volume" : 733147.00
  }, {
    "date" : "2025-01-13",
    "price" : 2013.35,
    "dma50" : 2132.94,
    "dma100" : null,
    "dma200" : 1851.17,
    "volume" : 722789.00
  }, {
    "date" : "2025-01-14",
    "price" : 1975.25,
    "dma50" : 2126.76,
    "dma100" : null,
    "dma200" : 1852.41,
    "volume" : 1218098.00
  }, {
    "date" : "2025-01-15",
    "price" : 2006.85,
    "dma50" : 2122.05,
    "dma100" : null,
    "dma200" : 1853.94,
    "volume" : 838606.00
  }, {
    "date" : "2025-01-16",
    "price" : 1964.90,
    "dma50" : 2115.89,
    "dma100" : null,
    "dma200" : 1855.05,
    "volume" : 555422.00
  }, {
    "date" : "2025-01-17",
    "price" : 1988.90,
    "dma50" : 2110.91,
    "dma100" : null,
    "dma200" : 1856.38,
    "volume" : 579783.00
  }, {
    "date" : "2025-01-20",
    "price" : 2002.90,
    "dma50" : 2106.67,
    "dma100" : null,
    "dma200" : 1857.84,
    "volume" : 261945.00
  }, {
    "date" : "2025-01-21",
    "price" : 1858.05,
    "dma50" : 2096.92,
    "dma100" : null,
    "dma200" : 1857.84,
    "volume" : 4011987.00
  }, {
    "date" : "2025-01-22",
    "price" : 1763.15,
    "dma50" : 2083.84,
    "dma100" : null,
    "dma200" : 1856.90,
    "volume" : 2918814.00
  }, {
    "date" : "2025-01-23",
    "price" : 1821.90,
    "dma50" : 2073.56,
    "dma100" : null,
    "dma200" : 1856.55,
    "volume" : 1382713.00
  }, {
    "date" : "2025-01-24",
    "price" : 1756.75,
    "dma50" : 2061.14,
    "dma100" : null,
    "dma200" : 1855.56,
    "volume" : 967554.00
  }, {
    "date" : "2025-01-27",
    "price" : 1685.05,
    "dma50" : 2046.39,
    "dma100" : null,
    "dma200" : 1853.86,
    "volume" : 1267738.00
  }, {
    "date" : "2025-01-28",
    "price" : 1672.95,
    "dma50" : 2031.75,
    "dma100" : null,
    "dma200" : 1852.06,
    "volume" : 1363012.00
  }, {
    "date" : "2025-01-29",
    "price" : 1718.40,
    "dma50" : 2019.46,
    "dma100" : null,
    "dma200" : 1850.73,
    "volume" : 750551.00
  }, {
    "date" : "2025-01-30",
    "price" : 1755.70,
    "dma50" : 2009.11,
    "dma100" : null,
    "dma200" : 1849.78,
    "volume" : 1087934.00
  }, {
    "date" : "2025-01-31",
    "price" : 1812.65,
    "dma50" : 2001.41,
    "dma100" : null,
    "dma200" : 1849.41,
    "volume" : 1445809.00
  }, {
    "date" : "2025-02-01",
    "price" : 1844.25,
    "dma50" : 1995.25,
    "dma100" : null,
    "dma200" : 1849.36,
    "volume" : 542360.00
  }, {
    "date" : "2025-02-03",
    "price" : 1803.85,
    "dma50" : 1987.74,
    "dma100" : null,
    "dma200" : 1848.91,
    "volume" : 696313.00
  }, {
    "date" : "2025-02-04",
    "price" : 1824.20,
    "dma50" : 1981.33,
    "dma100" : null,
    "dma200" : 1848.66,
    "volume" : 463555.00
  }, {
    "date" : "2025-02-05",
    "price" : 1828.45,
    "dma50" : 1975.33,
    "dma100" : null,
    "dma200" : 1848.46,
    "volume" : 447191.00
  }, {
    "date" : "2025-02-06",
    "price" : 1797.65,
    "dma50" : 1968.36,
    "dma100" : null,
    "dma200" : 1847.96,
    "volume" : 299986.00
  }, {
    "date" : "2025-02-07",
    "price" : 1824.85,
    "dma50" : 1962.74,
    "dma100" : null,
    "dma200" : 1847.73,
    "volume" : 558470.00
  }, {
    "date" : "2025-02-10",
    "price" : 1808.45,
    "dma50" : 1956.69,
    "dma100" : null,
    "dma200" : 1847.34,
    "volume" : 432746.00
  }, {
    "date" : "2025-02-11",
    "price" : 1704.75,
    "dma50" : 1946.81,
    "dma100" : null,
    "dma200" : 1845.92,
    "volume" : 734943.00
  }, {
    "date" : "2025-02-12",
    "price" : 1640.25,
    "dma50" : 1934.78,
    "dma100" : null,
    "dma200" : 1843.87,
    "volume" : 1141446.00
  }, {
    "date" : "2025-02-13",
    "price" : 1628.65,
    "dma50" : 1922.78,
    "dma100" : null,
    "dma200" : 1841.73,
    "volume" : 1592340.00
  }, {
    "date" : "2025-02-14",
    "price" : 1570.65,
    "dma50" : 1908.97,
    "dma100" : null,
    "dma200" : 1839.03,
    "volume" : 730838.00
  }, {
    "date" : "2025-02-17",
    "price" : 1590.25,
    "dma50" : 1896.47,
    "dma100" : null,
    "dma200" : 1836.56,
    "volume" : 478856.00
  }, {
    "date" : "2025-02-18",
    "price" : 1590.55,
    "dma50" : 1884.47,
    "dma100" : null,
    "dma200" : 1834.11,
    "volume" : 481092.00
  }, {
    "date" : "2025-02-19",
    "price" : 1602.15,
    "dma50" : 1873.40,
    "dma100" : null,
    "dma200" : 1831.80,
    "volume" : 659310.00
  }, {
    "date" : "2025-02-20",
    "price" : 1616.85,
    "dma50" : 1863.34,
    "dma100" : null,
    "dma200" : 1829.66,
    "volume" : 445339.00
  }, {
    "date" : "2025-02-21",
    "price" : 1581.80,
    "dma50" : 1852.30,
    "dma100" : null,
    "dma200" : 1827.20,
    "volume" : 506920.00
  }, {
    "date" : "2025-02-24",
    "price" : 1583.55,
    "dma50" : 1841.76,
    "dma100" : null,
    "dma200" : 1824.77,
    "volume" : 338662.00
  }, {
    "date" : "2025-02-25",
    "price" : 1543.35,
    "dma50" : 1830.06,
    "dma100" : null,
    "dma200" : 1821.97,
    "volume" : 975578.00
  }, {
    "date" : "2025-02-27",
    "price" : 1507.75,
    "dma50" : 1817.42,
    "dma100" : null,
    "dma200" : 1818.84,
    "volume" : 1418307.00
  }, {
    "date" : "2025-02-28",
    "price" : 1484.50,
    "dma50" : 1804.36,
    "dma100" : null,
    "dma200" : 1815.52,
    "volume" : 2246421.00
  }, {
    "date" : "2025-03-03",
    "price" : 1506.35,
    "dma50" : 1792.68,
    "dma100" : null,
    "dma200" : 1812.44,
    "volume" : 486491.00
  }, {
    "date" : "2025-03-04",
    "price" : 1515.00,
    "dma50" : 1781.79,
    "dma100" : null,
    "dma200" : 1809.48,
    "volume" : 617486.00
  }, {
    "date" : "2025-03-05",
    "price" : 1569.35,
    "dma50" : 1773.46,
    "dma100" : null,
    "dma200" : 1807.09,
    "volume" : 598735.00
  }, {
    "date" : "2025-03-06",
    "price" : 1565.05,
    "dma50" : 1765.28,
    "dma100" : null,
    "dma200" : 1804.68,
    "volume" : 468731.00
  }, {
    "date" : "2025-03-07",
    "price" : 1543.15,
    "dma50" : 1756.57,
    "dma100" : null,
    "dma200" : 1802.08,
    "volume" : 425851.00
  }, {
    "date" : "2025-03-10",
    "price" : 1524.05,
    "dma50" : 1747.45,
    "dma100" : null,
    "dma200" : 1799.32,
    "volume" : 519114.00
  }, {
    "date" : "2025-03-11",
    "price" : 1581.60,
    "dma50" : 1740.95,
    "dma100" : null,
    "dma200" : 1797.15,
    "volume" : 718674.00
  }, {
    "date" : "2025-03-12",
    "price" : 1570.80,
    "dma50" : 1734.28,
    "dma100" : null,
    "dma200" : 1794.90,
    "volume" : 438394.00
  }, {
    "date" : "2025-03-13",
    "price" : 1533.50,
    "dma50" : 1726.40,
    "dma100" : null,
    "dma200" : 1792.30,
    "volume" : 391811.00
  }, {
    "date" : "2025-03-17",
    "price" : 1520.45,
    "dma50" : 1718.33,
    "dma100" : null,
    "dma200" : 1789.59,
    "volume" : 456174.00
  }, {
    "date" : "2025-03-18",
    "price" : 1565.15,
    "dma50" : 1712.32,
    "dma100" : null,
    "dma200" : 1787.36,
    "volume" : 454369.00
  }, {
    "date" : "2025-03-19",
    "price" : 1614.25,
    "dma50" : 1708.47,
    "dma100" : null,
    "dma200" : 1785.64,
    "volume" : 880397.00
  }, {
    "date" : "2025-03-20",
    "price" : 1642.65,
    "dma50" : 1705.89,
    "dma100" : null,
    "dma200" : 1784.21,
    "volume" : 491251.00
  }, {
    "date" : "2025-03-21",
    "price" : 1652.50,
    "dma50" : 1703.80,
    "dma100" : null,
    "dma200" : 1782.90,
    "volume" : 1263517.00
  }, {
    "date" : "2025-03-24",
    "price" : 1675.05,
    "dma50" : 1702.67,
    "dma100" : null,
    "dma200" : 1781.83,
    "volume" : 622290.00
  }, {
    "date" : "2025-03-25",
    "price" : 1631.20,
    "dma50" : 1699.87,
    "dma100" : null,
    "dma200" : 1780.33,
    "volume" : 725970.00
  }, {
    "date" : "2025-03-26",
    "price" : 1619.70,
    "dma50" : 1696.73,
    "dma100" : null,
    "dma200" : 1778.73,
    "volume" : 456057.00
  }, {
    "date" : "2025-03-27",
    "price" : 1643.05,
    "dma50" : 1694.62,
    "dma100" : null,
    "dma200" : 1777.38,
    "volume" : 691274.00
  }, {
    "date" : "2025-03-28",
    "price" : 1637.40,
    "dma50" : 1692.38,
    "dma100" : null,
    "dma200" : 1775.99,
    "volume" : 561672.00
  }, {
    "date" : "2025-04-01",
    "price" : 1573.95,
    "dma50" : 1687.73,
    "dma100" : null,
    "dma200" : 1773.98,
    "volume" : 593378.00
  }, {
    "date" : "2025-04-02",
    "price" : 1621.20,
    "dma50" : 1685.12,
    "dma100" : null,
    "dma200" : 1772.46,
    "volume" : 535506.00
  }, {
    "date" : "2025-04-03",
    "price" : 1591.00,
    "dma50" : 1681.43,
    "dma100" : null,
    "dma200" : 1770.65,
    "volume" : 373003.00
  }, {
    "date" : "2025-04-04",
    "price" : 1550.60,
    "dma50" : 1676.30,
    "dma100" : null,
    "dma200" : 1768.46,
    "volume" : 457549.00
  }, {
    "date" : "2025-04-07",
    "price" : 1483.25,
    "dma50" : 1668.73,
    "dma100" : null,
    "dma200" : 1765.63,
    "volume" : 562833.00
  }, {
    "date" : "2025-04-08",
    "price" : 1528.10,
    "dma50" : 1663.22,
    "dma100" : null,
    "dma200" : 1763.26,
    "volume" : 717043.00
  }, {
    "date" : "2025-04-09",
    "price" : 1493.20,
    "dma50" : 1656.55,
    "dma100" : null,
    "dma200" : 1760.57,
    "volume" : 387325.00
  }, {
    "date" : "2025-04-11",
    "price" : 1547.35,
    "dma50" : 1652.27,
    "dma100" : null,
    "dma200" : 1758.45,
    "volume" : 651643.00
  }, {
    "date" : "2025-04-15",
    "price" : 1624.70,
    "dma50" : 1651.19,
    "dma100" : null,
    "dma200" : 1757.12,
    "volume" : 535501.00
  }, {
    "date" : "2025-04-16",
    "price" : 1641.40,
    "dma50" : 1650.80,
    "dma100" : null,
    "dma200" : 1755.97,
    "volume" : 309074.00
  }, {
    "date" : "2025-04-17",
    "price" : 1640.70,
    "dma50" : 1650.41,
    "dma100" : null,
    "dma200" : 1754.82,
    "volume" : 401031.00
  }, {
    "date" : "2025-04-21",
    "price" : 1656.20,
    "dma50" : 1650.63,
    "dma100" : null,
    "dma200" : 1753.84,
    "volume" : 870905.00
  }, {
    "date" : "2025-04-22",
    "price" : 1699.70,
    "dma50" : 1652.56,
    "dma100" : null,
    "dma200" : 1753.30,
    "volume" : 927380.00
  }, {
    "date" : "2025-04-23",
    "price" : 1706.00,
    "dma50" : 1654.65,
    "dma100" : null,
    "dma200" : 1752.83,
    "volume" : 960472.00
  }, {
    "date" : "2025-04-24",
    "price" : 1678.90,
    "dma50" : 1655.60,
    "dma100" : null,
    "dma200" : 1752.10,
    "volume" : 923250.00
  }, {
    "date" : "2025-04-25",
    "price" : 1606.20,
    "dma50" : 1653.67,
    "dma100" : null,
    "dma200" : 1750.65,
    "volume" : 1300071.00
  }, {
    "date" : "2025-04-28",
    "price" : 1656.80,
    "dma50" : 1653.79,
    "dma100" : null,
    "dma200" : 1749.71,
    "volume" : 311147.00
  }, {
    "date" : "2025-04-29",
    "price" : 1620.50,
    "dma50" : 1652.48,
    "dma100" : null,
    "dma200" : 1748.43,
    "volume" : 1381695.00
  }, {
    "date" : "2025-04-30",
    "price" : 1641.60,
    "dma50" : 1652.06,
    "dma100" : null,
    "dma200" : 1747.36,
    "volume" : 1490908.00
  }, {
    "date" : "2025-05-02",
    "price" : 1605.20,
    "dma50" : 1650.22,
    "dma100" : 1815.10,
    "dma200" : 1745.95,
    "volume" : 814390.00
  }, {
    "date" : "2025-05-05",
    "price" : 1625.10,
    "dma50" : 1649.23,
    "dma100" : 1810.05,
    "dma200" : 1744.75,
    "volume" : 473260.00
  }, {
    "date" : "2025-05-06",
    "price" : 1559.20,
    "dma50" : 1645.70,
    "dma100" : 1804.21,
    "dma200" : 1742.90,
    "volume" : 471857.00
  }, {
    "date" : "2025-05-07",
    "price" : 1581.50,
    "dma50" : 1643.19,
    "dma100" : 1798.63,
    "dma200" : 1741.29,
    "volume" : 708425.00
  }, {
    "date" : "2025-05-08",
    "price" : 1554.70,
    "dma50" : 1639.72,
    "dma100" : 1792.88,
    "dma200" : 1739.44,
    "volume" : 473955.00
  }, {
    "date" : "2025-05-09",
    "price" : 1534.20,
    "dma50" : 1635.58,
    "dma100" : 1786.87,
    "dma200" : 1737.39,
    "volume" : 683113.00
  }, {
    "date" : "2025-05-12",
    "price" : 1617.70,
    "dma50" : 1634.88,
    "dma100" : 1781.77,
    "dma200" : 1736.20,
    "volume" : 865118.00
  }, {
    "date" : "2025-05-13",
    "price" : 1586.20,
    "dma50" : 1632.97,
    "dma100" : 1776.46,
    "dma200" : 1734.71,
    "volume" : 835432.00
  }, {
    "date" : "2025-05-14",
    "price" : 1613.30,
    "dma50" : 1632.20,
    "dma100" : 1770.05,
    "dma200" : 1733.50,
    "volume" : 652767.00
  }, {
    "date" : "2025-05-15",
    "price" : 1633.50,
    "dma50" : 1632.25,
    "dma100" : 1763.23,
    "dma200" : 1732.51,
    "volume" : 488767.00
  }, {
    "date" : "2025-05-16",
    "price" : 1676.20,
    "dma50" : 1633.97,
    "dma100" : 1756.82,
    "dma200" : 1731.95,
    "volume" : 563168.00
  }, {
    "date" : "2025-05-19",
    "price" : 1734.60,
    "dma50" : 1637.92,
    "dma100" : 1751.30,
    "dma200" : 1731.97,
    "volume" : 1082506.00
  }, {
    "date" : "2025-05-20",
    "price" : 1699.20,
    "dma50" : 1640.32,
    "dma100" : 1745.81,
    "dma200" : 1731.65,
    "volume" : 1146035.00
  }, {
    "date" : "2025-05-21",
    "price" : 1731.90,
    "dma50" : 1643.91,
    "dma100" : 1740.51,
    "dma200" : 1731.65,
    "volume" : 637187.00
  }, {
    "date" : "2025-05-22",
    "price" : 1728.00,
    "dma50" : 1647.21,
    "dma100" : 1734.88,
    "dma200" : 1731.61,
    "volume" : 340620.00
  }, {
    "date" : "2025-05-23",
    "price" : 1738.30,
    "dma50" : 1650.78,
    "dma100" : 1729.04,
    "dma200" : 1731.68,
    "volume" : 542536.00
  }, {
    "date" : "2025-05-26",
    "price" : 1741.40,
    "dma50" : 1654.34,
    "dma100" : 1723.30,
    "dma200" : 1731.78,
    "volume" : 387768.00
  }, {
    "date" : "2025-05-27",
    "price" : 1751.20,
    "dma50" : 1658.13,
    "dma100" : 1718.15,
    "dma200" : 1731.97,
    "volume" : 485504.00
  }, {
    "date" : "2025-05-28",
    "price" : 1725.90,
    "dma50" : 1660.79,
    "dma100" : 1712.30,
    "dma200" : 1731.91,
    "volume" : 728832.00
  }, {
    "date" : "2025-05-29",
    "price" : 1740.90,
    "dma50" : 1663.93,
    "dma100" : 1706.96,
    "dma200" : 1732.00,
    "volume" : 1030752.00
  }, {
    "date" : "2025-05-30",
    "price" : 1746.30,
    "dma50" : 1667.16,
    "dma100" : 1701.60,
    "dma200" : 1732.14,
    "volume" : 2510782.00
  }, {
    "date" : "2025-06-02",
    "price" : 1768.10,
    "dma50" : 1671.12,
    "dma100" : 1696.73,
    "dma200" : 1732.50,
    "volume" : 903261.00
  }, {
    "date" : "2025-06-03",
    "price" : 1797.30,
    "dma50" : 1676.07,
    "dma100" : 1692.61,
    "dma200" : 1733.14,
    "volume" : 1135022.00
  }, {
    "date" : "2025-06-04",
    "price" : 1777.30,
    "dma50" : 1680.04,
    "dma100" : 1687.69,
    "dma200" : 1733.58,
    "volume" : 960240.00
  }, {
    "date" : "2025-06-05",
    "price" : 1800.80,
    "dma50" : 1684.78,
    "dma100" : 1682.88,
    "dma200" : 1734.25,
    "volume" : 503816.00
  }, {
    "date" : "2025-06-06",
    "price" : 1908.20,
    "dma50" : 1693.54,
    "dma100" : 1679.50,
    "dma200" : 1735.98,
    "volume" : 2105912.00
  }, {
    "date" : "2025-06-09",
    "price" : 1903.10,
    "dma50" : 1701.76,
    "dma100" : 1677.24,
    "dma200" : 1737.65,
    "volume" : 1033763.00
  }, {
    "date" : "2025-06-10",
    "price" : 1917.70,
    "dma50" : 1710.22,
    "dma100" : 1676.29,
    "dma200" : 1739.44,
    "volume" : 925451.00
  }, {
    "date" : "2025-06-11",
    "price" : 1901.00,
    "dma50" : 1717.70,
    "dma100" : 1675.55,
    "dma200" : 1741.05,
    "volume" : 495855.00
  }, {
    "date" : "2025-06-12",
    "price" : 1890.20,
    "dma50" : 1724.47,
    "dma100" : 1674.38,
    "dma200" : 1742.53,
    "volume" : 390870.00
  }, {
    "date" : "2025-06-13",
    "price" : 1903.10,
    "dma50" : 1731.47,
    "dma100" : 1673.76,
    "dma200" : 1744.13,
    "volume" : 453424.00
  }, {
    "date" : "2025-06-16",
    "price" : 1928.90,
    "dma50" : 1739.22,
    "dma100" : 1673.16,
    "dma200" : 1745.97,
    "volume" : 574214.00
  }, {
    "date" : "2025-06-17",
    "price" : 1911.20,
    "dma50" : 1745.96,
    "dma100" : 1672.24,
    "dma200" : 1747.61,
    "volume" : 963172.00
  }, {
    "date" : "2025-06-18",
    "price" : 1896.20,
    "dma50" : 1751.85,
    "dma100" : 1672.63,
    "dma200" : 1749.09,
    "volume" : 326881.00
  }, {
    "date" : "2025-06-19",
    "price" : 1880.30,
    "dma50" : 1756.89,
    "dma100" : 1673.80,
    "dma200" : 1750.39,
    "volume" : 637123.00
  }, {
    "date" : "2025-06-20",
    "price" : 1910.90,
    "dma50" : 1762.93,
    "dma100" : 1674.69,
    "dma200" : 1751.99,
    "volume" : 768042.00
  }, {
    "date" : "2025-06-23",
    "price" : 1936.00,
    "dma50" : 1769.72,
    "dma100" : 1676.48,
    "dma200" : 1753.82,
    "volume" : 579581.00
  }, {
    "date" : "2025-06-24",
    "price" : 1988.00,
    "dma50" : 1778.28,
    "dma100" : 1679.51,
    "dma200" : 1756.15,
    "volume" : 1034258.00
  }, {
    "date" : "2025-06-25",
    "price" : 1989.00,
    "dma50" : 1786.54,
    "dma100" : 1682.67,
    "dma200" : 1758.47,
    "volume" : 646444.00
  }, {
    "date" : "2025-06-26",
    "price" : 1982.30,
    "dma50" : 1794.22,
    "dma100" : 1685.31,
    "dma200" : 1760.70,
    "volume" : 816702.00
  }, {
    "date" : "2025-06-27",
    "price" : 1918.80,
    "dma50" : 1799.10,
    "dma100" : 1686.94,
    "dma200" : 1762.27,
    "volume" : 1479159.00
  }, {
    "date" : "2025-06-30",
    "price" : 1905.60,
    "dma50" : 1803.28,
    "dma100" : 1687.87,
    "dma200" : 1763.70,
    "volume" : 598786.00
  }, {
    "date" : "2025-07-01",
    "price" : 1913.40,
    "dma50" : 1807.60,
    "dma100" : 1688.56,
    "dma200" : 1765.19,
    "volume" : 460507.00
  }, {
    "date" : "2025-07-02",
    "price" : 1897.90,
    "dma50" : 1811.14,
    "dma100" : 1689.50,
    "dma200" : 1766.51,
    "volume" : 304917.00
  }, {
    "date" : "2025-07-03",
    "price" : 1871.00,
    "dma50" : 1813.49,
    "dma100" : 1689.97,
    "dma200" : 1767.55,
    "volume" : 466554.00
  }, {
    "date" : "2025-07-04",
    "price" : 1869.50,
    "dma50" : 1815.68,
    "dma100" : 1690.38,
    "dma200" : 1768.56,
    "volume" : 380315.00
  }, {
    "date" : "2025-07-07",
    "price" : 1844.30,
    "dma50" : 1816.81,
    "dma100" : 1690.85,
    "dma200" : 1769.31,
    "volume" : 217564.00
  }, {
    "date" : "2025-07-08",
    "price" : 1857.50,
    "dma50" : 1818.40,
    "dma100" : 1691.17,
    "dma200" : 1770.19,
    "volume" : 431282.00
  }, {
    "date" : "2025-07-09",
    "price" : 1831.10,
    "dma50" : 1818.90,
    "dma100" : 1691.40,
    "dma200" : 1770.80,
    "volume" : 550800.00
  }, {
    "date" : "2025-07-10",
    "price" : 1843.10,
    "dma50" : 1819.85,
    "dma100" : 1692.78,
    "dma200" : 1771.52,
    "volume" : 573595.00
  }, {
    "date" : "2025-07-11",
    "price" : 1835.50,
    "dma50" : 1820.46,
    "dma100" : 1694.73,
    "dma200" : 1772.15,
    "volume" : 239373.00
  }, {
    "date" : "2025-07-14",
    "price" : 1804.20,
    "dma50" : 1819.82,
    "dma100" : 1696.49,
    "dma200" : 1772.47,
    "volume" : 982113.00
  }, {
    "date" : "2025-07-15",
    "price" : 1820.10,
    "dma50" : 1819.84,
    "dma100" : 1698.98,
    "dma200" : 1772.95,
    "volume" : 648523.00
  }, {
    "date" : "2025-07-16",
    "price" : 1816.50,
    "dma50" : 1819.70,
    "dma100" : 1701.25,
    "dma200" : 1773.38,
    "volume" : 479010.00
  }, {
    "date" : "2025-07-17",
    "price" : 1838.70,
    "dma50" : 1820.45,
    "dma100" : 1703.73,
    "dma200" : 1774.03,
    "volume" : 365862.00
  }, {
    "date" : "2025-07-18",
    "price" : 1835.00,
    "dma50" : 1821.02,
    "dma100" : 1706.06,
    "dma200" : 1774.64,
    "volume" : 507145.00
  }, {
    "date" : "2025-07-21",
    "price" : 1834.60,
    "dma50" : 1821.55,
    "dma100" : 1708.23,
    "dma200" : 1775.23,
    "volume" : 285496.00
  }, {
    "date" : "2025-07-22",
    "price" : 1826.20,
    "dma50" : 1821.73,
    "dma100" : 1710.68,
    "dma200" : 1775.74,
    "volume" : 743681.00
  }, {
    "date" : "2025-07-23",
    "price" : 1769.60,
    "dma50" : 1819.69,
    "dma100" : 1712.54,
    "dma200" : 1775.68,
    "volume" : 16012043.00
  }, {
    "date" : "2025-07-24",
    "price" : 1748.80,
    "dma50" : 1816.91,
    "dma100" : 1714.59,
    "dma200" : 1775.41,
    "volume" : 704197.00
  }, {
    "date" : "2025-07-25",
    "price" : 1698.20,
    "dma50" : 1812.25,
    "dma100" : 1716.50,
    "dma200" : 1774.64,
    "volume" : 1009892.00
  }, {
    "date" : "2025-07-28",
    "price" : 1627.20,
    "dma50" : 1805.00,
    "dma100" : 1717.93,
    "dma200" : 1773.18,
    "volume" : 1323268.00
  }, {
    "date" : "2025-07-29",
    "price" : 1664.80,
    "dma50" : 1799.50,
    "dma100" : 1719.51,
    "dma200" : 1772.10,
    "volume" : 1143836.00
  }, {
    "date" : "2025-07-30",
    "price" : 1648.00,
    "dma50" : 1793.56,
    "dma100" : 1720.84,
    "dma200" : 1770.86,
    "volume" : 390322.00
  }, {
    "date" : "2025-07-31",
    "price" : 1630.10,
    "dma50" : 1787.15,
    "dma100" : 1721.45,
    "dma200" : 1769.46,
    "volume" : 738676.00
  }, {
    "date" : "2025-08-01",
    "price" : 1589.40,
    "dma50" : 1779.39,
    "dma100" : 1721.69,
    "dma200" : 1767.67,
    "volume" : 560821.00
  }, {
    "date" : "2025-08-04",
    "price" : 1609.60,
    "dma50" : 1772.74,
    "dma100" : 1722.36,
    "dma200" : 1766.10,
    "volume" : 572131.00
  }, {
    "date" : "2025-08-05",
    "price" : 1608.60,
    "dma50" : 1766.30,
    "dma100" : 1723.20,
    "dma200" : 1764.53,
    "volume" : 451186.00
  }, {
    "date" : "2025-08-06",
    "price" : 1604.50,
    "dma50" : 1759.95,
    "dma100" : 1723.43,
    "dma200" : 1762.94,
    "volume" : 497335.00
  }, {
    "date" : "2025-08-07",
    "price" : 1610.50,
    "dma50" : 1754.09,
    "dma100" : 1723.83,
    "dma200" : 1761.42,
    "volume" : 362723.00
  }, {
    "date" : "2025-08-08",
    "price" : 1571.30,
    "dma50" : 1746.92,
    "dma100" : 1724.20,
    "dma200" : 1759.53,
    "volume" : 622584.00
  }, {
    "date" : "2025-08-11",
    "price" : 1610.70,
    "dma50" : 1741.58,
    "dma100" : 1725.11,
    "dma200" : 1758.05,
    "volume" : 319487.00
  }, {
    "date" : "2025-08-12",
    "price" : 1613.90,
    "dma50" : 1736.57,
    "dma100" : 1725.59,
    "dma200" : 1756.61,
    "volume" : 314040.00
  }, {
    "date" : "2025-08-13",
    "price" : 1626.70,
    "dma50" : 1732.27,
    "dma100" : 1725.72,
    "dma200" : 1755.32,
    "volume" : 311592.00
  }, {
    "date" : "2025-08-14",
    "price" : 1619.20,
    "dma50" : 1727.83,
    "dma100" : 1725.48,
    "dma200" : 1753.97,
    "volume" : 324427.00
  }, {
    "date" : "2025-08-18",
    "price" : 1646.50,
    "dma50" : 1724.64,
    "dma100" : 1725.42,
    "dma200" : 1752.90,
    "volume" : 296345.00
  }, {
    "date" : "2025-08-19",
    "price" : 1649.40,
    "dma50" : 1721.69,
    "dma100" : 1725.17,
    "dma200" : 1751.87,
    "volume" : 133111.00
  }, {
    "date" : "2025-08-20",
    "price" : 1656.90,
    "dma50" : 1719.15,
    "dma100" : 1725.43,
    "dma200" : 1750.92,
    "volume" : 300700.00
  }, {
    "date" : "2025-08-21",
    "price" : 1659.70,
    "dma50" : 1716.82,
    "dma100" : 1725.83,
    "dma200" : 1750.02,
    "volume" : 332093.00
  }, {
    "date" : "2025-08-22",
    "price" : 1657.40,
    "dma50" : 1714.49,
    "dma100" : 1725.97,
    "dma200" : 1749.09,
    "volume" : 595468.00
  }, {
    "date" : "2025-08-25",
    "price" : 1672.70,
    "dma50" : 1712.85,
    "dma100" : 1726.32,
    "dma200" : 1748.33,
    "volume" : 417986.00
  }, {
    "date" : "2025-08-26",
    "price" : 1638.20,
    "dma50" : 1709.92,
    "dma100" : 1726.96,
    "dma200" : 1747.24,
    "volume" : 314225.00
  }, {
    "date" : "2025-08-28",
    "price" : 1618.80,
    "dma50" : 1706.35,
    "dma100" : 1726.94,
    "dma200" : 1745.96,
    "volume" : 348966.00
  }, {
    "date" : "2025-08-29",
    "price" : 1610.80,
    "dma50" : 1702.60,
    "dma100" : 1727.14,
    "dma200" : 1744.62,
    "volume" : 677617.00
  }, {
    "date" : "2025-09-01",
    "price" : 1638.20,
    "dma50" : 1700.08,
    "dma100" : 1728.01,
    "dma200" : 1743.56,
    "volume" : 247745.00
  }, {
    "date" : "2025-09-02",
    "price" : 1651.80,
    "dma50" : 1698.18,
    "dma100" : 1729.70,
    "dma200" : 1742.64,
    "volume" : 228947.00
  }, {
    "date" : "2025-09-03",
    "price" : 1656.70,
    "dma50" : 1696.56,
    "dma100" : 1730.99,
    "dma200" : 1741.79,
    "volume" : 239874.00
  }, {
    "date" : "2025-09-04",
    "price" : 1661.90,
    "dma50" : 1695.20,
    "dma100" : 1732.67,
    "dma200" : 1740.99,
    "volume" : 394095.00
  }, {
    "date" : "2025-09-05",
    "price" : 1628.60,
    "dma50" : 1692.59,
    "dma100" : 1733.49,
    "dma200" : 1739.87,
    "volume" : 466835.00
  }, {
    "date" : "2025-09-08",
    "price" : 1623.30,
    "dma50" : 1689.87,
    "dma100" : 1733.47,
    "dma200" : 1738.71,
    "volume" : 371630.00
  }, {
    "date" : "2025-09-09",
    "price" : 1617.40,
    "dma50" : 1687.03,
    "dma100" : 1733.23,
    "dma200" : 1737.51,
    "volume" : 440201.00
  }, {
    "date" : "2025-09-10",
    "price" : 1611.70,
    "dma50" : 1684.07,
    "dma100" : 1732.94,
    "dma200" : 1736.26,
    "volume" : 686940.00
  }, {
    "date" : "2025-09-11",
    "price" : 1603.80,
    "dma50" : 1680.93,
    "dma100" : 1732.42,
    "dma200" : 1734.94,
    "volume" : 569603.00
  }, {
    "date" : "2025-09-12",
    "price" : 1601.90,
    "dma50" : 1677.83,
    "dma100" : 1731.44,
    "dma200" : 1733.61,
    "volume" : 1187205.00
  }, {
    "date" : "2025-09-15",
    "price" : 1640.00,
    "dma50" : 1676.34,
    "dma100" : 1730.78,
    "dma200" : 1732.68,
    "volume" : 521388.00
  }, {
    "date" : "2025-09-16",
    "price" : 1643.00,
    "dma50" : 1675.04,
    "dma100" : 1730.42,
    "dma200" : 1731.79,
    "volume" : 224763.00
  }, {
    "date" : "2025-09-17",
    "price" : 1656.70,
    "dma50" : 1674.32,
    "dma100" : 1730.93,
    "dma200" : 1731.04,
    "volume" : 331937.00
  }, {
    "date" : "2025-09-18",
    "price" : 1658.20,
    "dma50" : 1673.68,
    "dma100" : 1730.94,
    "dma200" : 1730.32,
    "volume" : 550590.00
  }, {
    "date" : "2025-09-19",
    "price" : 1670.20,
    "dma50" : 1673.55,
    "dma100" : 1731.44,
    "dma200" : 1729.72,
    "volume" : 535648.00
  }, {
    "date" : "2025-09-22",
    "price" : 1673.90,
    "dma50" : 1673.56,
    "dma100" : 1731.76,
    "dma200" : 1729.16,
    "volume" : 642134.00
  }, {
    "date" : "2025-09-23",
    "price" : 1666.00,
    "dma50" : 1673.26,
    "dma100" : 1732.37,
    "dma200" : 1728.54,
    "volume" : 387283.00
  }, {
    "date" : "2025-09-24",
    "price" : 1620.10,
    "dma50" : 1671.18,
    "dma100" : 1732.32,
    "dma200" : 1727.46,
    "volume" : 762413.00
  }, {
    "date" : "2025-09-25",
    "price" : 1599.90,
    "dma50" : 1668.38,
    "dma100" : 1732.72,
    "dma200" : 1726.19,
    "volume" : 1851690.00
  }, {
    "date" : "2025-09-26",
    "price" : 1577.70,
    "dma50" : 1664.83,
    "dma100" : 1732.69,
    "dma200" : 1724.71,
    "volume" : 552431.00
  }, {
    "date" : "2025-09-29",
    "price" : 1600.80,
    "dma50" : 1662.32,
    "dma100" : 1733.15,
    "dma200" : 1723.48,
    "volume" : 457105.00
  }, {
    "date" : "2025-09-30",
    "price" : 1582.10,
    "dma50" : 1659.17,
    "dma100" : 1733.63,
    "dma200" : 1722.07,
    "volume" : 991987.00
  }, {
    "date" : "2025-10-01",
    "price" : 1595.60,
    "dma50" : 1656.68,
    "dma100" : 1733.41,
    "dma200" : 1720.81,
    "volume" : 313806.00
  }, {
    "date" : "2025-10-03",
    "price" : 1605.40,
    "dma50" : 1654.67,
    "dma100" : 1733.60,
    "dma200" : 1719.66,
    "volume" : 434380.00
  }, {
    "date" : "2025-10-06",
    "price" : 1622.30,
    "dma50" : 1653.40,
    "dma100" : 1733.69,
    "dma200" : 1718.70,
    "volume" : 159858.00
  }, {
    "date" : "2025-10-07",
    "price" : 1636.60,
    "dma50" : 1652.74,
    "dma100" : 1733.72,
    "dma200" : 1717.88,
    "volume" : 294156.00
  }, {
    "date" : "2025-10-08",
    "price" : 1577.50,
    "dma50" : 1649.79,
    "dma100" : 1732.73,
    "dma200" : 1716.48,
    "volume" : 610337.00
  }, {
    "date" : "2025-10-09",
    "price" : 1591.40,
    "dma50" : 1647.50,
    "dma100" : 1731.30,
    "dma200" : 1715.24,
    "volume" : 327408.00
  }, {
    "date" : "2025-10-10",
    "price" : 1599.60,
    "dma50" : 1645.62,
    "dma100" : 1730.30,
    "dma200" : 1714.09,
    "volume" : 319700.00
  }, {
    "date" : "2025-10-13",
    "price" : 1588.00,
    "dma50" : 1643.36,
    "dma100" : 1728.86,
    "dma200" : 1712.83,
    "volume" : 419797.00
  }, {
    "date" : "2025-10-14",
    "price" : 1571.00,
    "dma50" : 1640.52,
    "dma100" : 1727.29,
    "dma200" : 1711.42,
    "volume" : 288796.00
  }, {
    "date" : "2025-10-15",
    "price" : 1601.40,
    "dma50" : 1638.99,
    "dma100" : 1725.93,
    "dma200" : 1710.33,
    "volume" : 482488.00
  }, {
    "date" : "2025-10-16",
    "price" : 1687.10,
    "dma50" : 1640.88,
    "dma100" : 1725.38,
    "dma200" : 1710.09,
    "volume" : 2710467.00
  }, {
    "date" : "2025-10-17",
    "price" : 1700.50,
    "dma50" : 1643.21,
    "dma100" : 1724.88,
    "dma200" : 1710.00,
    "volume" : 1160163.00
  }, {
    "date" : "2025-10-20",
    "price" : 1699.20,
    "dma50" : 1645.41,
    "dma100" : 1724.61,
    "dma200" : 1709.89,
    "volume" : 315054.00
  }, {
    "date" : "2025-10-21",
    "price" : 1699.00,
    "dma50" : 1647.51,
    "dma100" : 1724.19,
    "dma200" : 1709.78,
    "volume" : 43491.00
  }, {
    "date" : "2025-10-23",
    "price" : 1674.00,
    "dma50" : 1648.55,
    "dma100" : 1723.47,
    "dma200" : 1709.43,
    "volume" : 550814.00
  }, {
    "date" : "2025-10-24",
    "price" : 1699.90,
    "dma50" : 1650.56,
    "dma100" : 1722.78,
    "dma200" : 1709.33,
    "volume" : 456048.00
  }, {
    "date" : "2025-10-27",
    "price" : 1736.00,
    "dma50" : 1653.91,
    "dma100" : 1722.17,
    "dma200" : 1709.60,
    "volume" : 1028254.00
  }, {
    "date" : "2025-10-28",
    "price" : 1708.10,
    "dma50" : 1656.04,
    "dma100" : 1721.48,
    "dma200" : 1709.58,
    "volume" : 432088.00
  }, {
    "date" : "2025-10-29",
    "price" : 1713.40,
    "dma50" : 1658.29,
    "dma100" : 1720.61,
    "dma200" : 1709.62,
    "volume" : 181273.00
  }, {
    "date" : "2025-10-30",
    "price" : 1750.30,
    "dma50" : 1661.90,
    "dma100" : 1719.03,
    "dma200" : 1710.03,
    "volume" : 1106240.00
  }, {
    "date" : "2025-10-31",
    "price" : 1778.30,
    "dma50" : 1666.46,
    "dma100" : 1717.78,
    "dma200" : 1710.71,
    "volume" : 1603871.00
  }, {
    "date" : "2025-11-03",
    "price" : 1807.50,
    "dma50" : 1671.99,
    "dma100" : 1716.68,
    "dma200" : 1711.67,
    "volume" : 439381.00
  }, {
    "date" : "2025-11-04",
    "price" : 1781.10,
    "dma50" : 1676.27,
    "dma100" : 1715.48,
    "dma200" : 1712.36,
    "volume" : 368000.00
  }, {
    "date" : "2025-11-06",
    "price" : 1780.40,
    "dma50" : 1680.35,
    "dma100" : 1714.38,
    "dma200" : 1713.04,
    "volume" : 364308.00
  }, {
    "date" : "2025-11-07",
    "price" : 1792.90,
    "dma50" : 1684.77,
    "dma100" : 1713.28,
    "dma200" : 1713.83,
    "volume" : 296999.00
  }, {
    "date" : "2025-11-10",
    "price" : 1787.20,
    "dma50" : 1688.79,
    "dma100" : 1711.86,
    "dma200" : 1714.56,
    "volume" : 207840.00
  }, {
    "date" : "2025-11-11",
    "price" : 1762.70,
    "dma50" : 1691.68,
    "dma100" : 1710.38,
    "dma200" : 1715.04,
    "volume" : 512269.00
  }, {
    "date" : "2025-11-12",
    "price" : 1738.70,
    "dma50" : 1693.53,
    "dma100" : 1708.80,
    "dma200" : 1715.28,
    "volume" : 251635.00
  }, {
    "date" : "2025-11-13",
    "price" : 1744.20,
    "dma50" : 1695.51,
    "dma100" : 1707.44,
    "dma200" : 1715.56,
    "volume" : 243305.00
  }, {
    "date" : "2025-11-14",
    "price" : 1752.40,
    "dma50" : 1697.75,
    "dma100" : 1705.85,
    "dma200" : 1715.93,
    "volume" : 186100.00
  }, {
    "date" : "2025-11-17",
    "price" : 1745.20,
    "dma50" : 1699.61,
    "dma100" : 1703.95,
    "dma200" : 1716.22,
    "volume" : 152046.00
  }, {
    "date" : "2025-11-18",
    "price" : 1710.40,
    "dma50" : 1700.03,
    "dma100" : 1701.17,
    "dma200" : 1716.16,
    "volume" : 243071.00
  }, {
    "date" : "2025-11-19",
    "price" : 1708.70,
    "dma50" : 1700.37,
    "dma100" : 1698.37,
    "dma200" : 1716.09,
    "volume" : 337511.00
  }, {
    "date" : "2025-11-20",
    "price" : 1708.50,
    "dma50" : 1700.69,
    "dma100" : 1695.63,
    "dma200" : 1716.01,
    "volume" : 157143.00
  }, {
    "date" : "2025-11-21",
    "price" : 1655.40,
    "dma50" : 1698.91,
    "dma100" : 1693.00,
    "dma200" : 1715.41,
    "volume" : 210628.00
  }, {
    "date" : "2025-11-24",
    "price" : 1607.10,
    "dma50" : 1695.31,
    "dma100" : 1690.01,
    "dma200" : 1714.33,
    "volume" : 822778.00
  }, {
    "date" : "2025-11-25",
    "price" : 1629.60,
    "dma50" : 1692.74,
    "dma100" : 1687.17,
    "dma200" : 1713.49,
    "volume" : 665482.00
  }, {
    "date" : "2025-11-26",
    "price" : 1662.80,
    "dma50" : 1691.56,
    "dma100" : 1684.82,
    "dma200" : 1712.98,
    "volume" : 172759.00
  }, {
    "date" : "2025-11-27",
    "price" : 1661.60,
    "dma50" : 1690.39,
    "dma100" : 1682.73,
    "dma200" : 1712.47,
    "volume" : 430025.00
  }, {
    "date" : "2025-11-28",
    "price" : 1647.20,
    "dma50" : 1688.69,
    "dma100" : 1680.50,
    "dma200" : 1711.82,
    "volume" : 228593.00
  }, {
    "date" : "2025-12-01",
    "price" : 1618.90,
    "dma50" : 1685.96,
    "dma100" : 1678.25,
    "dma200" : 1710.90,
    "volume" : 399605.00
  }, {
    "date" : "2025-12-02",
    "price" : 1632.60,
    "dma50" : 1683.86,
    "dma100" : 1676.00,
    "dma200" : 1710.12,
    "volume" : 584388.00
  }, {
    "date" : "2025-12-03",
    "price" : 1640.60,
    "dma50" : 1682.17,
    "dma100" : 1674.10,
    "dma200" : 1709.43,
    "volume" : 299763.00
  } ],
  "latestTechnicalAttributes" : {
    "date" : "2025-12-03",
    "price" : 1640.60,
    "dma50" : 1682.17,
    "dma100" : 1674.10,
    "dma200" : 1709.43,
    "volume" : 299763.00
  },
  "quarterlyResults" : [ {
    "date" : "2009-06-30",
    "sales" : 9.73,
    "salesGrowthYoY" : null,
    "grossProfitMargin" : 100.00,
    "grossProfit" : 9.73,
    "operatingProfitMargin" : 67.93,
    "operatingProfit" : 6.61,
    "netProfitMargin" : 52.00,
    "netProfit" : 5.06
  }, {
    "date" : "2009-09-30",
    "sales" : 7.63,
    "salesGrowthYoY" : null,
    "grossProfitMargin" : 100.00,
    "grossProfit" : 7.63,
    "operatingProfitMargin" : 70.25,
    "operatingProfit" : 5.36,
    "netProfitMargin" : 78.11,
    "netProfit" : 5.96
  }, {
    "date" : "2009-12-31",
    "sales" : 12.87,
    "salesGrowthYoY" : null,
    "grossProfitMargin" : 100.00,
    "grossProfit" : 12.87,
    "operatingProfitMargin" : 74.44,
    "operatingProfit" : 9.58,
    "netProfitMargin" : 61.15,
    "netProfit" : 7.87
  }, {
    "date" : "2010-03-31",
    "sales" : 9.99,
    "salesGrowthYoY" : null,
    "grossProfitMargin" : 100.00,
    "grossProfit" : 9.99,
    "operatingProfitMargin" : 60.86,
    "operatingProfit" : 6.08,
    "netProfitMargin" : 53.95,
    "netProfit" : 5.39
  }, {
    "date" : "2010-06-30",
    "sales" : 27.54,
    "salesGrowthYoY" : 183.04,
    "grossProfitMargin" : 100.00,
    "grossProfit" : 27.54,
    "operatingProfitMargin" : 40.60,
    "operatingProfit" : 11.18,
    "netProfitMargin" : 45.90,
    "netProfit" : 12.64
  }, {
    "date" : "2010-09-30",
    "sales" : 25.78,
    "salesGrowthYoY" : 237.88,
    "grossProfitMargin" : 100.00,
    "grossProfit" : 25.78,
    "operatingProfitMargin" : 29.91,
    "operatingProfit" : 7.71,
    "netProfitMargin" : 15.98,
    "netProfit" : 4.12
  }, {
    "date" : "2010-12-31",
    "sales" : 246.63,
    "salesGrowthYoY" : 1816.32,
    "grossProfitMargin" : 100.00,
    "grossProfit" : 246.63,
    "operatingProfitMargin" : 60.28,
    "operatingProfit" : 148.67,
    "netProfitMargin" : 44.17,
    "netProfit" : 108.94
  }, {
    "date" : "2011-03-31",
    "sales" : 89.88,
    "salesGrowthYoY" : 799.70,
    "grossProfitMargin" : 62.73,
    "grossProfit" : 56.38,
    "operatingProfitMargin" : 51.12,
    "operatingProfit" : 45.95,
    "netProfitMargin" : 49.55,
    "netProfit" : 44.54
  }, {
    "date" : "2011-06-30",
    "sales" : 79.39,
    "salesGrowthYoY" : 188.27,
    "grossProfitMargin" : 63.17,
    "grossProfit" : 50.15,
    "operatingProfitMargin" : 49.29,
    "operatingProfit" : 39.13,
    "netProfitMargin" : 118.19,
    "netProfit" : 93.83
  }, {
    "date" : "2011-09-30",
    "sales" : 106.72,
    "salesGrowthYoY" : 313.96,
    "grossProfitMargin" : 59.85,
    "grossProfit" : 63.87,
    "operatingProfitMargin" : 50.05,
    "operatingProfit" : 53.41,
    "netProfitMargin" : 51.35,
    "netProfit" : 54.80
  }, {
    "date" : "2011-12-31",
    "sales" : 95.68,
    "salesGrowthYoY" : -61.21,
    "grossProfitMargin" : 65.98,
    "grossProfit" : 63.13,
    "operatingProfitMargin" : 52.32,
    "operatingProfit" : 50.06,
    "netProfitMargin" : 50.11,
    "netProfit" : 47.95
  }, {
    "date" : "2012-03-31",
    "sales" : 109.61,
    "salesGrowthYoY" : 21.95,
    "grossProfitMargin" : 66.86,
    "grossProfit" : 73.29,
    "operatingProfitMargin" : 58.31,
    "operatingProfit" : 63.91,
    "netProfitMargin" : 53.16,
    "netProfit" : 58.27
  }, {
    "date" : "2012-06-30",
    "sales" : 107.62,
    "salesGrowthYoY" : 35.56,
    "grossProfitMargin" : 62.47,
    "grossProfit" : 67.23,
    "operatingProfitMargin" : 50.54,
    "operatingProfit" : 54.39,
    "netProfitMargin" : 108.34,
    "netProfit" : 116.60
  }, {
    "date" : "2012-09-30",
    "sales" : 133.70,
    "salesGrowthYoY" : 25.28,
    "grossProfitMargin" : 100.00,
    "grossProfit" : 133.70,
    "operatingProfitMargin" : 50.95,
    "operatingProfit" : 68.12,
    "netProfitMargin" : 43.78,
    "netProfit" : 58.53
  }, {
    "date" : "2012-12-31",
    "sales" : 174.70,
    "salesGrowthYoY" : 82.59,
    "grossProfitMargin" : 100.00,
    "grossProfit" : 174.70,
    "operatingProfitMargin" : 54.81,
    "operatingProfit" : 95.75,
    "netProfitMargin" : 42.97,
    "netProfit" : 75.07
  }, {
    "date" : "2013-03-31",
    "sales" : 179.03,
    "salesGrowthYoY" : 63.33,
    "grossProfitMargin" : 100.00,
    "grossProfit" : 179.03,
    "operatingProfitMargin" : 56.92,
    "operatingProfit" : 101.90,
    "netProfitMargin" : 43.16,
    "netProfit" : 77.27
  }, {
    "date" : "2013-06-30",
    "sales" : 173.91,
    "salesGrowthYoY" : 61.60,
    "grossProfitMargin" : 67.87,
    "grossProfit" : 118.03,
    "operatingProfitMargin" : 59.53,
    "operatingProfit" : 103.53,
    "netProfitMargin" : 45.15,
    "netProfit" : 78.52
  }, {
    "date" : "2013-09-30",
    "sales" : 149.64,
    "salesGrowthYoY" : 11.92,
    "grossProfitMargin" : 100.00,
    "grossProfit" : 149.64,
    "operatingProfitMargin" : 56.86,
    "operatingProfit" : 85.09,
    "netProfitMargin" : 76.10,
    "netProfit" : 113.88
  }, {
    "date" : "2013-12-31",
    "sales" : 139.44,
    "salesGrowthYoY" : -20.18,
    "grossProfitMargin" : 63.56,
    "grossProfit" : 88.63,
    "operatingProfitMargin" : 50.67,
    "operatingProfit" : 70.65,
    "netProfitMargin" : 33.05,
    "netProfit" : 46.08
  }, {
    "date" : "2014-03-31",
    "sales" : 159.56,
    "salesGrowthYoY" : -10.88,
    "grossProfitMargin" : 67.70,
    "grossProfit" : 108.02,
    "operatingProfitMargin" : 56.89,
    "operatingProfit" : 90.77,
    "netProfitMargin" : 35.50,
    "netProfit" : 56.64
  }, {
    "date" : "2014-06-30",
    "sales" : 142.93,
    "salesGrowthYoY" : -17.81,
    "grossProfitMargin" : 100.00,
    "grossProfit" : 142.93,
    "operatingProfitMargin" : 53.55,
    "operatingProfit" : 76.54,
    "netProfitMargin" : 33.81,
    "netProfit" : 48.32
  }, {
    "date" : "2014-09-30",
    "sales" : 153.59,
    "salesGrowthYoY" : 2.64,
    "grossProfitMargin" : 100.00,
    "grossProfit" : 153.59,
    "operatingProfitMargin" : 58.49,
    "operatingProfit" : 89.83,
    "netProfitMargin" : 72.64,
    "netProfit" : 111.57
  }, {
    "date" : "2014-12-31",
    "sales" : 184.00,
    "salesGrowthYoY" : 31.96,
    "grossProfitMargin" : 71.10,
    "grossProfit" : 130.82,
    "operatingProfitMargin" : 58.03,
    "operatingProfit" : 106.78,
    "netProfitMargin" : 36.35,
    "netProfit" : 66.88
  }, {
    "date" : "2015-03-31",
    "sales" : 218.73,
    "salesGrowthYoY" : 37.08,
    "grossProfitMargin" : 67.44,
    "grossProfit" : 147.51,
    "operatingProfitMargin" : 57.29,
    "operatingProfit" : 125.31,
    "netProfitMargin" : 35.66,
    "netProfit" : 78.00
  }, {
    "date" : "2015-06-30",
    "sales" : 168.87,
    "salesGrowthYoY" : 18.15,
    "grossProfitMargin" : 100.00,
    "grossProfit" : 168.87,
    "operatingProfitMargin" : 61.40,
    "operatingProfit" : 103.69,
    "netProfitMargin" : 78.86,
    "netProfit" : 133.17
  }, {
    "date" : "2015-09-30",
    "sales" : 141.38,
    "salesGrowthYoY" : -7.95,
    "grossProfitMargin" : 73.58,
    "grossProfit" : 104.03,
    "operatingProfitMargin" : 60.05,
    "operatingProfit" : 84.90,
    "netProfitMargin" : 39.53,
    "netProfit" : 55.89
  }, {
    "date" : "2015-12-31",
    "sales" : 700.87,
    "salesGrowthYoY" : 280.91,
    "grossProfitMargin" : 46.39,
    "grossProfit" : 325.13,
    "operatingProfitMargin" : 41.99,
    "operatingProfit" : 294.30,
    "netProfitMargin" : 27.47,
    "netProfit" : 192.53
  }, {
    "date" : "2016-03-31",
    "sales" : 172.32,
    "salesGrowthYoY" : -21.22,
    "grossProfitMargin" : 58.41,
    "grossProfit" : 100.65,
    "operatingProfitMargin" : 44.99,
    "operatingProfit" : 77.53,
    "netProfitMargin" : 68.33,
    "netProfit" : 117.75
  }, {
    "date" : "2016-06-30",
    "sales" : 252.97,
    "salesGrowthYoY" : 49.80,
    "grossProfitMargin" : 63.81,
    "grossProfit" : 161.42,
    "operatingProfitMargin" : 53.82,
    "operatingProfit" : 136.15,
    "netProfitMargin" : 36.46,
    "netProfit" : 92.23
  }, {
    "date" : "2016-09-30",
    "sales" : 194.87,
    "salesGrowthYoY" : 37.83,
    "grossProfitMargin" : 60.14,
    "grossProfit" : 117.19,
    "operatingProfitMargin" : 50.81,
    "operatingProfit" : 99.01,
    "netProfitMargin" : 36.09,
    "netProfit" : 70.33
  }, {
    "date" : "2016-12-31",
    "sales" : 208.73,
    "salesGrowthYoY" : -70.22,
    "grossProfitMargin" : 59.57,
    "grossProfit" : 124.34,
    "operatingProfitMargin" : 48.57,
    "operatingProfit" : 101.38,
    "netProfitMargin" : 34.60,
    "netProfit" : 72.22
  }, {
    "date" : "2017-03-31",
    "sales" : 234.01,
    "salesGrowthYoY" : 35.80,
    "grossProfitMargin" : 63.86,
    "grossProfit" : 149.44,
    "operatingProfitMargin" : 53.54,
    "operatingProfit" : 125.29,
    "netProfitMargin" : 36.70,
    "netProfit" : 85.88
  }, {
    "date" : "2017-06-30",
    "sales" : 202.16,
    "salesGrowthYoY" : -20.09,
    "grossProfitMargin" : 65.12,
    "grossProfit" : 131.65,
    "operatingProfitMargin" : 52.45,
    "operatingProfit" : 106.03,
    "netProfitMargin" : 36.14,
    "netProfit" : 73.06
  }, {
    "date" : "2017-09-30",
    "sales" : 247.15,
    "salesGrowthYoY" : 26.83,
    "grossProfitMargin" : 65.47,
    "grossProfit" : 161.81,
    "operatingProfitMargin" : 54.20,
    "operatingProfit" : 133.96,
    "netProfitMargin" : 63.10,
    "netProfit" : 155.95
  }, {
    "date" : "2017-12-31",
    "sales" : 263.51,
    "salesGrowthYoY" : 26.24,
    "grossProfitMargin" : 64.18,
    "grossProfit" : 169.12,
    "operatingProfitMargin" : 53.94,
    "operatingProfit" : 142.14,
    "netProfitMargin" : 35.22,
    "netProfit" : 92.81
  }, {
    "date" : "2018-03-31",
    "sales" : 261.37,
    "salesGrowthYoY" : 11.69,
    "grossProfitMargin" : 63.50,
    "grossProfit" : 165.97,
    "operatingProfitMargin" : 54.28,
    "operatingProfit" : 141.87,
    "netProfitMargin" : 36.48,
    "netProfit" : 95.35
  }, {
    "date" : "2018-06-30",
    "sales" : 479.23,
    "salesGrowthYoY" : 137.05,
    "grossProfitMargin" : 64.76,
    "grossProfit" : 310.35,
    "operatingProfitMargin" : 56.78,
    "operatingProfit" : 272.11,
    "netProfitMargin" : 51.34,
    "netProfit" : 246.04
  }, {
    "date" : "2018-09-30",
    "sales" : 219.48,
    "salesGrowthYoY" : -11.20,
    "grossProfitMargin" : 70.83,
    "grossProfit" : 155.46,
    "operatingProfitMargin" : 57.46,
    "operatingProfit" : 126.11,
    "netProfitMargin" : 41.01,
    "netProfit" : 90.01
  }, {
    "date" : "2018-12-31",
    "sales" : 149.80,
    "salesGrowthYoY" : -43.15,
    "grossProfitMargin" : 73.66,
    "grossProfit" : 110.34,
    "operatingProfitMargin" : 50.12,
    "operatingProfit" : 75.08,
    "netProfitMargin" : 36.39,
    "netProfit" : 54.51
  }, {
    "date" : "2019-03-31",
    "sales" : 180.14,
    "salesGrowthYoY" : -31.08,
    "grossProfitMargin" : 64.94,
    "grossProfit" : 116.98,
    "operatingProfitMargin" : 48.85,
    "operatingProfit" : 88.00,
    "netProfitMargin" : 35.03,
    "netProfit" : 63.10
  }, {
    "date" : "2019-06-30",
    "sales" : 200.10,
    "salesGrowthYoY" : -58.25,
    "grossProfitMargin" : 67.64,
    "grossProfit" : 135.35,
    "operatingProfitMargin" : 50.74,
    "operatingProfit" : 101.53,
    "netProfitMargin" : 35.53,
    "netProfit" : 71.10
  }, {
    "date" : "2019-09-30",
    "sales" : 126.65,
    "salesGrowthYoY" : -42.30,
    "grossProfitMargin" : 73.77,
    "grossProfit" : 93.43,
    "operatingProfitMargin" : 53.21,
    "operatingProfit" : 67.39,
    "netProfitMargin" : 95.54,
    "netProfit" : 121.00
  }, {
    "date" : "2019-12-31",
    "sales" : 179.42,
    "salesGrowthYoY" : 19.77,
    "grossProfitMargin" : 109.27,
    "grossProfit" : 196.05,
    "operatingProfitMargin" : 59.87,
    "operatingProfit" : 107.42,
    "netProfitMargin" : 42.27,
    "netProfit" : 75.84
  }, {
    "date" : "2020-03-31",
    "sales" : 113.48,
    "salesGrowthYoY" : -37.00,
    "grossProfitMargin" : 147.81,
    "grossProfit" : 167.73,
    "operatingProfitMargin" : 54.30,
    "operatingProfit" : 61.62,
    "netProfitMargin" : 41.34,
    "netProfit" : 46.91
  }, {
    "date" : "2020-06-30",
    "sales" : 63.41,
    "salesGrowthYoY" : -68.31,
    "grossProfitMargin" : 85.33,
    "grossProfit" : 54.11,
    "operatingProfitMargin" : 62.29,
    "operatingProfit" : 39.50,
    "netProfitMargin" : 50.02,
    "netProfit" : 31.72
  }, {
    "date" : "2020-09-30",
    "sales" : 167.49,
    "salesGrowthYoY" : 32.25,
    "grossProfitMargin" : 100.20,
    "grossProfit" : 167.82,
    "operatingProfitMargin" : 64.73,
    "operatingProfit" : 108.42,
    "netProfitMargin" : 57.36,
    "netProfit" : 96.07
  }, {
    "date" : "2020-12-31",
    "sales" : 320.49,
    "salesGrowthYoY" : 78.63,
    "grossProfitMargin" : 86.74,
    "grossProfit" : 277.99,
    "operatingProfitMargin" : 63.02,
    "operatingProfit" : 201.97,
    "netProfitMargin" : 56.32,
    "netProfit" : 180.50
  }, {
    "date" : "2021-03-31",
    "sales" : 298.28,
    "salesGrowthYoY" : 162.85,
    "grossProfitMargin" : 76.67,
    "grossProfit" : 228.69,
    "operatingProfitMargin" : 48.64,
    "operatingProfit" : 145.08,
    "netProfitMargin" : 36.31,
    "netProfit" : 108.31
  }, {
    "date" : "2021-06-30",
    "sales" : 98.62,
    "salesGrowthYoY" : 55.53,
    "grossProfitMargin" : 107.85,
    "grossProfit" : 106.36,
    "operatingProfitMargin" : 57.29,
    "operatingProfit" : 56.50,
    "netProfitMargin" : 46.84,
    "netProfit" : 46.19
  }, {
    "date" : "2021-09-30",
    "sales" : 378.29,
    "salesGrowthYoY" : 125.86,
    "grossProfitMargin" : 119.83,
    "grossProfit" : 453.30,
    "operatingProfitMargin" : 60.07,
    "operatingProfit" : 227.24,
    "netProfitMargin" : 47.05,
    "netProfit" : 177.99
  }, {
    "date" : "2021-12-31",
    "sales" : 297.30,
    "salesGrowthYoY" : -7.24,
    "grossProfitMargin" : 168.48,
    "grossProfit" : 500.89,
    "operatingProfitMargin" : 43.68,
    "operatingProfit" : 129.86,
    "netProfitMargin" : 34.54,
    "netProfit" : 102.69
  }, {
    "date" : "2022-03-31",
    "sales" : 238.27,
    "salesGrowthYoY" : -20.12,
    "grossProfitMargin" : 202.16,
    "grossProfit" : 481.69,
    "operatingProfitMargin" : 32.63,
    "operatingProfit" : 77.75,
    "netProfitMargin" : 23.10,
    "netProfit" : 55.04
  }, {
    "date" : "2022-06-30",
    "sales" : 384.58,
    "salesGrowthYoY" : 289.96,
    "grossProfitMargin" : 98.81,
    "grossProfit" : 380.00,
    "operatingProfitMargin" : 68.63,
    "operatingProfit" : 263.94,
    "netProfitMargin" : 51.15,
    "netProfit" : 196.71
  }, {
    "date" : "2022-09-30",
    "sales" : 128.91,
    "salesGrowthYoY" : -65.92,
    "grossProfitMargin" : 120.09,
    "grossProfit" : 154.81,
    "operatingProfitMargin" : 33.85,
    "operatingProfit" : 43.64,
    "netProfitMargin" : 107.98,
    "netProfit" : 139.20
  }, {
    "date" : "2022-12-31",
    "sales" : 374.02,
    "salesGrowthYoY" : 25.81,
    "grossProfitMargin" : 122.09,
    "grossProfit" : 456.64,
    "operatingProfitMargin" : 76.07,
    "operatingProfit" : 284.52,
    "netProfitMargin" : 56.50,
    "netProfit" : 211.32
  }, {
    "date" : "2023-03-31",
    "sales" : 790.41,
    "salesGrowthYoY" : 231.73,
    "grossProfitMargin" : 600.57,
    "grossProfit" : 4746.97,
    "operatingProfitMargin" : 35.42,
    "operatingProfit" : 279.96,
    "netProfitMargin" : 164.29,
    "netProfit" : 1298.56
  }, {
    "date" : "2023-06-30",
    "sales" : 622.99,
    "salesGrowthYoY" : 61.99,
    "grossProfitMargin" : 97.64,
    "grossProfit" : 608.29,
    "operatingProfitMargin" : 52.19,
    "operatingProfit" : 325.14,
    "netProfitMargin" : 34.06,
    "netProfit" : 212.19
  }, {
    "date" : "2023-09-30",
    "sales" : 929.95,
    "salesGrowthYoY" : 621.39,
    "grossProfitMargin" : 85.77,
    "grossProfit" : 797.62,
    "operatingProfitMargin" : 49.93,
    "operatingProfit" : 464.32,
    "netProfitMargin" : 33.63,
    "netProfit" : 312.74
  }, {
    "date" : "2023-12-31",
    "sales" : 644.60,
    "salesGrowthYoY" : 72.34,
    "grossProfitMargin" : 305.44,
    "grossProfit" : 1968.87,
    "operatingProfitMargin" : 59.13,
    "operatingProfit" : 381.15,
    "netProfitMargin" : 41.31,
    "netProfit" : 266.28
  }, {
    "date" : "2024-03-31",
    "sales" : 1104.62,
    "salesGrowthYoY" : 39.75,
    "grossProfitMargin" : 77.84,
    "grossProfit" : 859.84,
    "operatingProfitMargin" : 59.06,
    "operatingProfit" : 652.39,
    "netProfitMargin" : 62.11,
    "netProfit" : 686.08
  }, {
    "date" : "2024-06-30",
    "sales" : 1173.97,
    "salesGrowthYoY" : 88.44,
    "grossProfitMargin" : 83.84,
    "grossProfit" : 984.26,
    "operatingProfitMargin" : 55.18,
    "operatingProfit" : 647.80,
    "netProfitMargin" : 39.12,
    "netProfit" : 459.26
  }, {
    "date" : "2024-09-30",
    "sales" : 1009.56,
    "salesGrowthYoY" : 8.56,
    "grossProfitMargin" : 108.79,
    "grossProfit" : 1098.30,
    "operatingProfitMargin" : 64.25,
    "operatingProfit" : 648.64,
    "netProfitMargin" : 45.95,
    "netProfit" : 463.89
  }, {
    "date" : "2024-12-31",
    "sales" : 1276.69,
    "salesGrowthYoY" : 98.06,
    "grossProfitMargin" : 85.25,
    "grossProfit" : 1088.38,
    "operatingProfitMargin" : 58.67,
    "operatingProfit" : 749.03,
    "netProfitMargin" : 42.03,
    "netProfit" : 536.59
  }, {
    "date" : "2025-03-31",
    "sales" : 911.76,
    "salesGrowthYoY" : -17.46,
    "grossProfitMargin" : 104.91,
    "grossProfit" : 956.53,
    "operatingProfitMargin" : 49.58,
    "operatingProfit" : 452.05,
    "netProfitMargin" : 33.90,
    "netProfit" : 309.09
  }, {
    "date" : "2025-06-30",
    "sales" : 775.34,
    "salesGrowthYoY" : -33.96,
    "grossProfitMargin" : 122.16,
    "grossProfit" : 947.16,
    "operatingProfitMargin" : 52.55,
    "operatingProfit" : 407.44,
    "netProfitMargin" : 39.83,
    "netProfit" : 308.82
  }, {
    "date" : "2025-09-30",
    "sales" : 1545.26,
    "salesGrowthYoY" : 53.06,
    "grossProfitMargin" : 90.01,
    "grossProfit" : 1390.89,
    "operatingProfitMargin" : 53.98,
    "operatingProfit" : 834.13,
    "netProfitMargin" : 40.00,
    "netProfit" : 618.10
  } ],
  "latestQuarterlyResult" : {
    "date" : "2025-09-30",
    "sales" : 1545.26,
    "salesGrowthYoY" : 53.06,
    "grossProfitMargin" : 90.01,
    "grossProfit" : 1390.89,
    "operatingProfitMargin" : 53.98,
    "operatingProfit" : 834.13,
    "netProfitMargin" : 40.00,
    "netProfit" : 618.10
  },
  "companyScore" : {
    "priceHigherThanDma50" : 0.00,
    "priceHigherThanDma100" : 0.00,
    "priceHigherThanDma200" : 0.00,
    "dma50HigherThanDma100" : 5.00,
    "dma50HigherThanDma200" : 0.00,
    "dma100HigherThanDma200" : 0.00,
    "pricePercentageAboveDma50" : 5.12,
    "pricePercentageAboveDma100" : 5.10,
    "pricePercentageAboveDma200" : 5.20,
    "weeklyVolumeHigherThanYearlyVolume" : 0.00,
    "salesGrowthPercentile" : 12.90,
    "operatingProfitMarginPercentile" : 10.43,
    "netProfitMarginPercentile" : 4.09,
    "totalTechnicalScore" : 20.42,
    "totalFundamentalScore" : 27.42,
    "totalScore" : 47.85
  }
}