{
  "metadata" : {
    "screenerCompanyId" : "2803",
    "companyCode" : "PATANJALI",
    "companyName" : "Patanjali Foods",
    "screenerCompanyLink" : "https://www.screener.in/company/PATANJALI/",
    "screenerTechnicalHistoryLink" : "https://www.screener.in/api/company/2803/chart/?q=Price-DMA50-DMA200-Volume&days=365",
    "screenerQuarterlyResultsLink" : "https://www.screener.in/api/company/2803/chart/?q=GPM-OPM-NPM-Quarter+Sales&days=10000",
    "attributes" : {
      "companyCode" : "PATANJALI",
      "companyName" : "Patanjali Foods",
      "marketCap" : 56705.00,
      "peRatio" : 39.80,
      "description" : "Ruchi Soya Industries Limited is engaged primarily in the business of processing of oil-seeds and refining of oil for edible use."
    },
    "companyScore" : {
      "priceHigherThanDma50" : 0.00,
      "priceHigherThanDma100" : 0.00,
      "priceHigherThanDma200" : 0.00,
      "dma50HigherThanDma100" : 0.00,
      "dma50HigherThanDma200" : 0.00,
      "dma100HigherThanDma200" : 0.00,
      "pricePercentageAboveDma50" : 5.34,
      "pricePercentageAboveDma100" : 5.48,
      "pricePercentageAboveDma200" : 5.49,
      "weeklyVolumeHigherThanYearlyVolume" : 0.00,
      "salesGrowthPercentile" : 12.91,
      "operatingProfitMarginPercentile" : 19.53,
      "netProfitMarginPercentile" : 9.88,
      "totalTechnicalScore" : 16.30,
      "totalFundamentalScore" : 42.32,
      "totalScore" : 58.63
    }
  },
  "attributes" : {
    "companyCode" : "PATANJALI",
    "companyName" : "Patanjali Foods",
    "marketCap" : 56705.00,
    "peRatio" : 39.80,
    "description" : "Ruchi Soya Industries Limited is engaged primarily in the business of processing of oil-seeds and refining of oil for edible use."
  },
  "technicalHistory" : [ {
    "date" : "2025-01-17",
    "price" : 618.60,
    "dma50" : 604.21,
    "dma100" : null,
    "dma200" : 566.97,
    "volume" : 1765302.00
  }, {
    "date" : "2025-01-20",
    "price" : 607.03,
    "dma50" : 604.32,
    "dma100" : null,
    "dma200" : 567.37,
    "volume" : 1323794.00
  }, {
    "date" : "2025-01-21",
    "price" : 611.25,
    "dma50" : 604.59,
    "dma100" : null,
    "dma200" : 567.81,
    "volume" : 2546052.00
  }, {
    "date" : "2025-01-22",
    "price" : 621.52,
    "dma50" : 605.25,
    "dma100" : null,
    "dma200" : 568.34,
    "volume" : 2034536.00
  }, {
    "date" : "2025-01-23",
    "price" : 620.42,
    "dma50" : 605.85,
    "dma100" : null,
    "dma200" : 568.86,
    "volume" : 2380252.00
  }, {
    "date" : "2025-01-24",
    "price" : 605.57,
    "dma50" : 605.84,
    "dma100" : null,
    "dma200" : 569.23,
    "volume" : 2711215.00
  }, {
    "date" : "2025-01-27",
    "price" : 606.02,
    "dma50" : 605.84,
    "dma100" : null,
    "dma200" : 569.59,
    "volume" : 3796423.00
  }, {
    "date" : "2025-01-28",
    "price" : 609.62,
    "dma50" : 605.99,
    "dma100" : null,
    "dma200" : 569.99,
    "volume" : 2775375.00
  }, {
    "date" : "2025-01-29",
    "price" : 617.27,
    "dma50" : 606.43,
    "dma100" : null,
    "dma200" : 570.46,
    "volume" : 2678432.00
  }, {
    "date" : "2025-01-30",
    "price" : 613.12,
    "dma50" : 606.70,
    "dma100" : null,
    "dma200" : 570.89,
    "volume" : 2160608.00
  }, {
    "date" : "2025-01-31",
    "price" : 608.20,
    "dma50" : 606.76,
    "dma100" : null,
    "dma200" : 571.26,
    "volume" : 2346901.00
  }, {
    "date" : "2025-02-01",
    "price" : 606.42,
    "dma50" : 606.74,
    "dma100" : null,
    "dma200" : 571.61,
    "volume" : 2968693.00
  }, {
    "date" : "2025-02-03",
    "price" : 600.00,
    "dma50" : 606.48,
    "dma100" : null,
    "dma200" : 571.89,
    "volume" : 3616007.00
  }, {
    "date" : "2025-02-04",
    "price" : 600.40,
    "dma50" : 606.24,
    "dma100" : null,
    "dma200" : 572.17,
    "volume" : 2534685.00
  }, {
    "date" : "2025-02-05",
    "price" : 600.87,
    "dma50" : 606.03,
    "dma100" : null,
    "dma200" : 572.46,
    "volume" : 4478200.00
  }, {
    "date" : "2025-02-06",
    "price" : 607.22,
    "dma50" : 606.08,
    "dma100" : null,
    "dma200" : 572.81,
    "volume" : 5145317.00
  }, {
    "date" : "2025-02-07",
    "price" : 616.45,
    "dma50" : 606.48,
    "dma100" : null,
    "dma200" : 573.24,
    "volume" : 3354169.00
  }, {
    "date" : "2025-02-10",
    "price" : 617.18,
    "dma50" : 606.90,
    "dma100" : null,
    "dma200" : 573.68,
    "volume" : 2145744.00
  }, {
    "date" : "2025-02-11",
    "price" : 608.52,
    "dma50" : 606.97,
    "dma100" : null,
    "dma200" : 574.02,
    "volume" : 1979135.00
  }, {
    "date" : "2025-02-12",
    "price" : 599.50,
    "dma50" : 606.67,
    "dma100" : null,
    "dma200" : 574.28,
    "volume" : 2398185.00
  }, {
    "date" : "2025-02-13",
    "price" : 606.92,
    "dma50" : 606.68,
    "dma100" : null,
    "dma200" : 574.60,
    "volume" : 3105630.00
  }, {
    "date" : "2025-02-14",
    "price" : 602.30,
    "dma50" : 606.51,
    "dma100" : null,
    "dma200" : 574.88,
    "volume" : 2450406.00
  }, {
    "date" : "2025-02-17",
    "price" : 593.97,
    "dma50" : 606.02,
    "dma100" : null,
    "dma200" : 575.07,
    "volume" : 3947127.00
  }, {
    "date" : "2025-02-18",
    "price" : 605.17,
    "dma50" : 605.99,
    "dma100" : null,
    "dma200" : 575.37,
    "volume" : 4756715.00
  }, {
    "date" : "2025-02-19",
    "price" : 608.13,
    "dma50" : 606.07,
    "dma100" : null,
    "dma200" : 575.69,
    "volume" : 940994.00
  }, {
    "date" : "2025-02-20",
    "price" : 619.40,
    "dma50" : 606.59,
    "dma100" : null,
    "dma200" : 576.13,
    "volume" : 2184822.00
  }, {
    "date" : "2025-02-21",
    "price" : 618.97,
    "dma50" : 607.08,
    "dma100" : null,
    "dma200" : 576.55,
    "volume" : 1947753.00
  }, {
    "date" : "2025-02-24",
    "price" : 609.38,
    "dma50" : 607.17,
    "dma100" : null,
    "dma200" : 576.88,
    "volume" : 1378254.00
  }, {
    "date" : "2025-02-25",
    "price" : 608.48,
    "dma50" : 607.22,
    "dma100" : null,
    "dma200" : 577.20,
    "volume" : 3362906.00
  }, {
    "date" : "2025-02-27",
    "price" : 604.20,
    "dma50" : 607.10,
    "dma100" : null,
    "dma200" : 577.46,
    "volume" : 1529535.00
  }, {
    "date" : "2025-02-28",
    "price" : 586.85,
    "dma50" : 606.31,
    "dma100" : null,
    "dma200" : 577.56,
    "volume" : 15667383.00
  }, {
    "date" : "2025-03-03",
    "price" : 583.17,
    "dma50" : 605.40,
    "dma100" : null,
    "dma200" : 577.61,
    "volume" : 3974924.00
  }, {
    "date" : "2025-03-04",
    "price" : 577.32,
    "dma50" : 604.30,
    "dma100" : null,
    "dma200" : 577.61,
    "volume" : 1915778.00
  }, {
    "date" : "2025-03-05",
    "price" : 586.72,
    "dma50" : 603.61,
    "dma100" : null,
    "dma200" : 577.70,
    "volume" : 2697678.00
  }, {
    "date" : "2025-03-06",
    "price" : 589.95,
    "dma50" : 603.07,
    "dma100" : null,
    "dma200" : 577.82,
    "volume" : 2825373.00
  }, {
    "date" : "2025-03-07",
    "price" : 583.22,
    "dma50" : 602.29,
    "dma100" : null,
    "dma200" : 577.88,
    "volume" : 1786872.00
  }, {
    "date" : "2025-03-10",
    "price" : 583.87,
    "dma50" : 601.57,
    "dma100" : null,
    "dma200" : 577.94,
    "volume" : 2150903.00
  }, {
    "date" : "2025-03-11",
    "price" : 581.42,
    "dma50" : 600.78,
    "dma100" : null,
    "dma200" : 577.97,
    "volume" : 2959640.00
  }, {
    "date" : "2025-03-12",
    "price" : 578.25,
    "dma50" : 599.90,
    "dma100" : null,
    "dma200" : 577.97,
    "volume" : 2130780.00
  }, {
    "date" : "2025-03-13",
    "price" : 572.87,
    "dma50" : 598.84,
    "dma100" : null,
    "dma200" : 577.92,
    "volume" : 1646280.00
  }, {
    "date" : "2025-03-17",
    "price" : 575.02,
    "dma50" : 597.90,
    "dma100" : null,
    "dma200" : 577.89,
    "volume" : 870785.00
  }, {
    "date" : "2025-03-18",
    "price" : 580.48,
    "dma50" : 597.22,
    "dma100" : null,
    "dma200" : 577.92,
    "volume" : 867594.00
  }, {
    "date" : "2025-03-19",
    "price" : 582.67,
    "dma50" : 596.65,
    "dma100" : null,
    "dma200" : 577.97,
    "volume" : 1942659.00
  }, {
    "date" : "2025-03-20",
    "price" : 583.48,
    "dma50" : 596.13,
    "dma100" : null,
    "dma200" : 578.02,
    "volume" : 1914662.00
  }, {
    "date" : "2025-03-21",
    "price" : 587.02,
    "dma50" : 595.78,
    "dma100" : null,
    "dma200" : 578.11,
    "volume" : 1881546.00
  }, {
    "date" : "2025-03-24",
    "price" : 598.80,
    "dma50" : 595.90,
    "dma100" : null,
    "dma200" : 578.32,
    "volume" : 1784547.00
  }, {
    "date" : "2025-03-25",
    "price" : 591.60,
    "dma50" : 595.73,
    "dma100" : null,
    "dma200" : 578.45,
    "volume" : 1824780.00
  }, {
    "date" : "2025-03-26",
    "price" : 595.50,
    "dma50" : 595.72,
    "dma100" : null,
    "dma200" : 578.62,
    "volume" : 1135935.00
  }, {
    "date" : "2025-03-27",
    "price" : 594.57,
    "dma50" : 595.67,
    "dma100" : null,
    "dma200" : 578.78,
    "volume" : 2159773.00
  }, {
    "date" : "2025-03-28",
    "price" : 602.80,
    "dma50" : 595.95,
    "dma100" : null,
    "dma200" : 579.02,
    "volume" : 3425356.00
  }, {
    "date" : "2025-04-01",
    "price" : 600.57,
    "dma50" : 596.13,
    "dma100" : null,
    "dma200" : 579.23,
    "volume" : 1614224.00
  }, {
    "date" : "2025-04-02",
    "price" : 608.20,
    "dma50" : 596.61,
    "dma100" : null,
    "dma200" : 579.52,
    "volume" : 2095260.00
  }, {
    "date" : "2025-04-03",
    "price" : 626.25,
    "dma50" : 597.77,
    "dma100" : null,
    "dma200" : 579.98,
    "volume" : 4950195.00
  }, {
    "date" : "2025-04-04",
    "price" : 616.78,
    "dma50" : 598.51,
    "dma100" : null,
    "dma200" : 580.35,
    "volume" : 4761179.00
  }, {
    "date" : "2025-04-07",
    "price" : 591.82,
    "dma50" : 598.25,
    "dma100" : null,
    "dma200" : 580.46,
    "volume" : 2733829.00
  }, {
    "date" : "2025-04-08",
    "price" : 605.58,
    "dma50" : 598.54,
    "dma100" : null,
    "dma200" : 580.71,
    "volume" : 2205613.00
  }, {
    "date" : "2025-04-09",
    "price" : 603.87,
    "dma50" : 598.75,
    "dma100" : null,
    "dma200" : 580.95,
    "volume" : 1241805.00
  }, {
    "date" : "2025-04-11",
    "price" : 628.78,
    "dma50" : 599.93,
    "dma100" : null,
    "dma200" : 581.42,
    "volume" : 2572545.00
  }, {
    "date" : "2025-04-15",
    "price" : 644.43,
    "dma50" : 601.67,
    "dma100" : null,
    "dma200" : 582.05,
    "volume" : 2213478.00
  }, {
    "date" : "2025-04-16",
    "price" : 666.93,
    "dma50" : 604.23,
    "dma100" : null,
    "dma200" : 582.89,
    "volume" : 8384148.00
  }, {
    "date" : "2025-04-17",
    "price" : 657.70,
    "dma50" : 606.33,
    "dma100" : null,
    "dma200" : 583.64,
    "volume" : 5331000.00
  }, {
    "date" : "2025-04-21",
    "price" : 657.80,
    "dma50" : 608.35,
    "dma100" : null,
    "dma200" : 584.38,
    "volume" : 2116290.00
  }, {
    "date" : "2025-04-22",
    "price" : 655.33,
    "dma50" : 610.19,
    "dma100" : null,
    "dma200" : 585.08,
    "volume" : 6307499.00
  }, {
    "date" : "2025-04-23",
    "price" : 654.40,
    "dma50" : 611.92,
    "dma100" : null,
    "dma200" : 585.77,
    "volume" : 10467483.00
  }, {
    "date" : "2025-04-24",
    "price" : 656.20,
    "dma50" : 613.66,
    "dma100" : null,
    "dma200" : 586.47,
    "volume" : 2129787.00
  }, {
    "date" : "2025-04-25",
    "price" : 655.67,
    "dma50" : 615.31,
    "dma100" : null,
    "dma200" : 587.16,
    "volume" : 2244461.00
  }, {
    "date" : "2025-04-28",
    "price" : 643.90,
    "dma50" : 616.43,
    "dma100" : null,
    "dma200" : 587.72,
    "volume" : 2347927.00
  }, {
    "date" : "2025-04-29",
    "price" : 639.47,
    "dma50" : 617.33,
    "dma100" : null,
    "dma200" : 588.24,
    "volume" : 2140770.00
  }, {
    "date" : "2025-04-30",
    "price" : 635.33,
    "dma50" : 618.04,
    "dma100" : null,
    "dma200" : 588.71,
    "volume" : 987265.00
  }, {
    "date" : "2025-05-02",
    "price" : 623.00,
    "dma50" : 618.23,
    "dma100" : null,
    "dma200" : 589.05,
    "volume" : 1751469.00
  }, {
    "date" : "2025-05-05",
    "price" : 624.43,
    "dma50" : 618.47,
    "dma100" : null,
    "dma200" : 589.40,
    "volume" : 2859482.00
  }, {
    "date" : "2025-05-06",
    "price" : 616.90,
    "dma50" : 618.41,
    "dma100" : null,
    "dma200" : 589.68,
    "volume" : 1319217.00
  }, {
    "date" : "2025-05-07",
    "price" : 611.03,
    "dma50" : 618.12,
    "dma100" : null,
    "dma200" : 589.89,
    "volume" : 2113624.00
  }, {
    "date" : "2025-05-08",
    "price" : 599.67,
    "dma50" : 617.40,
    "dma100" : null,
    "dma200" : 589.98,
    "volume" : 1242268.00
  }, {
    "date" : "2025-05-09",
    "price" : 586.63,
    "dma50" : 616.19,
    "dma100" : null,
    "dma200" : 589.95,
    "volume" : 1490265.00
  }, {
    "date" : "2025-05-12",
    "price" : 606.30,
    "dma50" : 615.81,
    "dma100" : null,
    "dma200" : 590.11,
    "volume" : 4791034.00
  }, {
    "date" : "2025-05-13",
    "price" : 606.37,
    "dma50" : 615.44,
    "dma100" : null,
    "dma200" : 590.28,
    "volume" : 2612395.00
  }, {
    "date" : "2025-05-14",
    "price" : 594.43,
    "dma50" : 614.61,
    "dma100" : null,
    "dma200" : 590.32,
    "volume" : 3162886.00
  }, {
    "date" : "2025-05-15",
    "price" : 603.70,
    "dma50" : 614.18,
    "dma100" : null,
    "dma200" : 590.45,
    "volume" : 2641255.00
  }, {
    "date" : "2025-05-16",
    "price" : 595.00,
    "dma50" : 613.43,
    "dma100" : null,
    "dma200" : 590.50,
    "volume" : 6184188.00
  }, {
    "date" : "2025-05-19",
    "price" : 577.37,
    "dma50" : 612.02,
    "dma100" : null,
    "dma200" : 590.37,
    "volume" : 4578240.00
  }, {
    "date" : "2025-05-20",
    "price" : 568.93,
    "dma50" : 610.33,
    "dma100" : null,
    "dma200" : 590.15,
    "volume" : 2688992.00
  }, {
    "date" : "2025-05-21",
    "price" : 575.00,
    "dma50" : 608.94,
    "dma100" : null,
    "dma200" : 590.00,
    "volume" : 3176664.00
  }, {
    "date" : "2025-05-22",
    "price" : 570.43,
    "dma50" : 607.43,
    "dma100" : null,
    "dma200" : 589.81,
    "volume" : 1723150.00
  }, {
    "date" : "2025-05-23",
    "price" : 566.93,
    "dma50" : 605.84,
    "dma100" : null,
    "dma200" : 589.58,
    "volume" : 1888838.00
  }, {
    "date" : "2025-05-26",
    "price" : 579.97,
    "dma50" : 604.83,
    "dma100" : null,
    "dma200" : 589.48,
    "volume" : 1917152.00
  }, {
    "date" : "2025-05-27",
    "price" : 580.10,
    "dma50" : 603.86,
    "dma100" : null,
    "dma200" : 589.39,
    "volume" : 1730530.00
  }, {
    "date" : "2025-05-28",
    "price" : 582.33,
    "dma50" : 603.01,
    "dma100" : null,
    "dma200" : 589.32,
    "volume" : 1515954.00
  }, {
    "date" : "2025-05-29",
    "price" : 585.70,
    "dma50" : 602.34,
    "dma100" : null,
    "dma200" : 589.28,
    "volume" : 2613739.00
  }, {
    "date" : "2025-05-30",
    "price" : 557.10,
    "dma50" : 600.56,
    "dma100" : null,
    "dma200" : 588.96,
    "volume" : 4373667.00
  }, {
    "date" : "2025-06-02",
    "price" : 565.73,
    "dma50" : 599.20,
    "dma100" : null,
    "dma200" : 588.73,
    "volume" : 3185534.00
  }, {
    "date" : "2025-06-03",
    "price" : 562.90,
    "dma50" : 597.77,
    "dma100" : null,
    "dma200" : 588.47,
    "volume" : 1604454.00
  }, {
    "date" : "2025-06-04",
    "price" : 560.07,
    "dma50" : 596.29,
    "dma100" : null,
    "dma200" : 588.19,
    "volume" : 2127586.00
  }, {
    "date" : "2025-06-05",
    "price" : 560.53,
    "dma50" : 594.89,
    "dma100" : null,
    "dma200" : 587.92,
    "volume" : 1348514.00
  }, {
    "date" : "2025-06-06",
    "price" : 570.17,
    "dma50" : 593.92,
    "dma100" : null,
    "dma200" : 587.74,
    "volume" : 2770799.00
  }, {
    "date" : "2025-06-09",
    "price" : 566.90,
    "dma50" : 592.86,
    "dma100" : null,
    "dma200" : 587.53,
    "volume" : 859395.00
  }, {
    "date" : "2025-06-10",
    "price" : 563.33,
    "dma50" : 591.70,
    "dma100" : null,
    "dma200" : 587.29,
    "volume" : 995886.00
  }, {
    "date" : "2025-06-11",
    "price" : 558.23,
    "dma50" : 590.39,
    "dma100" : null,
    "dma200" : 587.00,
    "volume" : 1131247.00
  }, {
    "date" : "2025-06-12",
    "price" : 560.00,
    "dma50" : 589.20,
    "dma100" : null,
    "dma200" : 586.73,
    "volume" : 2594238.00
  }, {
    "date" : "2025-06-13",
    "price" : 557.67,
    "dma50" : 587.96,
    "dma100" : null,
    "dma200" : 586.45,
    "volume" : 535528.00
  }, {
    "date" : "2025-06-16",
    "price" : 560.00,
    "dma50" : 586.87,
    "dma100" : 600.15,
    "dma200" : 586.18,
    "volume" : 608080.00
  }, {
    "date" : "2025-06-17",
    "price" : 552.60,
    "dma50" : 585.52,
    "dma100" : 599.61,
    "dma200" : 585.85,
    "volume" : 4289358.00
  }, {
    "date" : "2025-06-18",
    "price" : 553.87,
    "dma50" : 584.28,
    "dma100" : 599.03,
    "dma200" : 585.53,
    "volume" : 2134676.00
  }, {
    "date" : "2025-06-19",
    "price" : 545.20,
    "dma50" : 582.75,
    "dma100" : 598.27,
    "dma200" : 585.13,
    "volume" : 2409625.00
  }, {
    "date" : "2025-06-20",
    "price" : 549.87,
    "dma50" : 581.46,
    "dma100" : 597.56,
    "dma200" : 584.78,
    "volume" : 1834550.00
  }, {
    "date" : "2025-06-23",
    "price" : 538.30,
    "dma50" : 579.77,
    "dma100" : 596.89,
    "dma200" : 584.32,
    "volume" : 3389349.00
  }, {
    "date" : "2025-06-24",
    "price" : 537.67,
    "dma50" : 578.12,
    "dma100" : 596.21,
    "dma200" : 583.85,
    "volume" : 3436525.00
  }, {
    "date" : "2025-06-25",
    "price" : 544.37,
    "dma50" : 576.79,
    "dma100" : 595.55,
    "dma200" : 583.46,
    "volume" : 3442780.00
  }, {
    "date" : "2025-06-26",
    "price" : 550.80,
    "dma50" : 575.77,
    "dma100" : 594.89,
    "dma200" : 583.13,
    "volume" : 4774458.00
  }, {
    "date" : "2025-06-27",
    "price" : 549.23,
    "dma50" : 574.73,
    "dma100" : 594.25,
    "dma200" : 582.80,
    "volume" : 2916291.00
  }, {
    "date" : "2025-06-30",
    "price" : 550.20,
    "dma50" : 573.77,
    "dma100" : 593.67,
    "dma200" : 582.47,
    "volume" : 5729010.00
  }, {
    "date" : "2025-07-01",
    "price" : 543.03,
    "dma50" : 572.56,
    "dma100" : 593.04,
    "dma200" : 582.08,
    "volume" : 2174676.00
  }, {
    "date" : "2025-07-02",
    "price" : 546.03,
    "dma50" : 571.52,
    "dma100" : 592.50,
    "dma200" : 581.72,
    "volume" : 2512870.00
  }, {
    "date" : "2025-07-03",
    "price" : 553.73,
    "dma50" : 570.83,
    "dma100" : 592.03,
    "dma200" : 581.44,
    "volume" : 7269418.00
  }, {
    "date" : "2025-07-04",
    "price" : 553.60,
    "dma50" : 570.15,
    "dma100" : 591.56,
    "dma200" : 581.16,
    "volume" : 980133.00
  }, {
    "date" : "2025-07-07",
    "price" : 553.70,
    "dma50" : 569.51,
    "dma100" : 591.02,
    "dma200" : 580.89,
    "volume" : 5388402.00
  }, {
    "date" : "2025-07-08",
    "price" : 546.07,
    "dma50" : 568.59,
    "dma100" : 590.32,
    "dma200" : 580.55,
    "volume" : 7185482.00
  }, {
    "date" : "2025-07-09",
    "price" : 553.53,
    "dma50" : 568.00,
    "dma100" : 589.68,
    "dma200" : 580.28,
    "volume" : 2277112.00
  }, {
    "date" : "2025-07-10",
    "price" : 554.53,
    "dma50" : 567.47,
    "dma100" : 589.14,
    "dma200" : 580.02,
    "volume" : 1627540.00
  }, {
    "date" : "2025-07-11",
    "price" : 555.07,
    "dma50" : 566.98,
    "dma100" : 588.70,
    "dma200" : 579.77,
    "volume" : 1363722.00
  }, {
    "date" : "2025-07-14",
    "price" : 557.90,
    "dma50" : 566.63,
    "dma100" : 588.21,
    "dma200" : 579.55,
    "volume" : 1113939.00
  }, {
    "date" : "2025-07-15",
    "price" : 581.50,
    "dma50" : 567.21,
    "dma100" : 588.00,
    "dma200" : 579.57,
    "volume" : 6120813.00
  }, {
    "date" : "2025-07-16",
    "price" : 619.87,
    "dma50" : 569.27,
    "dma100" : 588.26,
    "dma200" : 579.97,
    "volume" : 16816945.00
  }, {
    "date" : "2025-07-17",
    "price" : 636.43,
    "dma50" : 571.91,
    "dma100" : 588.57,
    "dma200" : 580.54,
    "volume" : 12656287.00
  }, {
    "date" : "2025-07-18",
    "price" : 647.23,
    "dma50" : 574.86,
    "dma100" : 588.96,
    "dma200" : 581.20,
    "volume" : 6356852.00
  }, {
    "date" : "2025-07-21",
    "price" : 647.33,
    "dma50" : 577.70,
    "dma100" : 589.24,
    "dma200" : 581.86,
    "volume" : 3438435.00
  }, {
    "date" : "2025-07-22",
    "price" : 647.33,
    "dma50" : 580.43,
    "dma100" : 589.52,
    "dma200" : 582.51,
    "volume" : 1896353.00
  }, {
    "date" : "2025-07-23",
    "price" : 645.03,
    "dma50" : 582.97,
    "dma100" : 589.88,
    "dma200" : 583.13,
    "volume" : 9915778.00
  }, {
    "date" : "2025-07-24",
    "price" : 632.83,
    "dma50" : 584.92,
    "dma100" : 590.12,
    "dma200" : 583.63,
    "volume" : 1482533.00
  }, {
    "date" : "2025-07-25",
    "price" : 626.77,
    "dma50" : 586.56,
    "dma100" : 590.35,
    "dma200" : 584.06,
    "volume" : 5288367.00
  }, {
    "date" : "2025-07-28",
    "price" : 620.43,
    "dma50" : 587.89,
    "dma100" : 590.69,
    "dma200" : 584.42,
    "volume" : 2203631.00
  }, {
    "date" : "2025-07-29",
    "price" : 629.03,
    "dma50" : 589.51,
    "dma100" : 591.15,
    "dma200" : 584.86,
    "volume" : 2496610.00
  }, {
    "date" : "2025-07-30",
    "price" : 633.30,
    "dma50" : 591.22,
    "dma100" : 591.70,
    "dma200" : 585.34,
    "volume" : 4039974.00
  }, {
    "date" : "2025-07-31",
    "price" : 624.57,
    "dma50" : 592.53,
    "dma100" : 592.08,
    "dma200" : 585.73,
    "volume" : 3336052.00
  }, {
    "date" : "2025-08-01",
    "price" : 620.33,
    "dma50" : 593.62,
    "dma100" : 592.39,
    "dma200" : 586.08,
    "volume" : 1069198.00
  }, {
    "date" : "2025-08-04",
    "price" : 620.33,
    "dma50" : 594.67,
    "dma100" : 592.76,
    "dma200" : 586.42,
    "volume" : 556521.00
  }, {
    "date" : "2025-08-05",
    "price" : 611.13,
    "dma50" : 595.31,
    "dma100" : 593.03,
    "dma200" : 586.66,
    "volume" : 987384.00
  }, {
    "date" : "2025-08-06",
    "price" : 608.00,
    "dma50" : 595.81,
    "dma100" : 593.30,
    "dma200" : 586.88,
    "volume" : 1199154.00
  }, {
    "date" : "2025-08-07",
    "price" : 606.80,
    "dma50" : 596.24,
    "dma100" : 593.58,
    "dma200" : 587.07,
    "volume" : 1069719.00
  }, {
    "date" : "2025-08-08",
    "price" : 601.57,
    "dma50" : 596.45,
    "dma100" : 593.87,
    "dma200" : 587.22,
    "volume" : 957641.00
  }, {
    "date" : "2025-08-11",
    "price" : 594.43,
    "dma50" : 596.37,
    "dma100" : 594.06,
    "dma200" : 587.29,
    "volume" : 651877.00
  }, {
    "date" : "2025-08-12",
    "price" : 606.43,
    "dma50" : 596.77,
    "dma100" : 594.32,
    "dma200" : 587.48,
    "volume" : 1699690.00
  }, {
    "date" : "2025-08-13",
    "price" : 599.17,
    "dma50" : 596.86,
    "dma100" : 594.49,
    "dma200" : 587.60,
    "volume" : 1779547.00
  }, {
    "date" : "2025-08-14",
    "price" : 588.27,
    "dma50" : 596.52,
    "dma100" : 594.54,
    "dma200" : 587.60,
    "volume" : 1633402.00
  }, {
    "date" : "2025-08-18",
    "price" : 592.57,
    "dma50" : 596.37,
    "dma100" : 594.59,
    "dma200" : 587.65,
    "volume" : 3965209.00
  }, {
    "date" : "2025-08-19",
    "price" : 596.60,
    "dma50" : 596.38,
    "dma100" : 594.57,
    "dma200" : 587.74,
    "volume" : 1157346.00
  }, {
    "date" : "2025-08-20",
    "price" : 604.60,
    "dma50" : 596.70,
    "dma100" : 594.70,
    "dma200" : 587.91,
    "volume" : 3380890.00
  }, {
    "date" : "2025-08-21",
    "price" : 602.90,
    "dma50" : 596.94,
    "dma100" : 594.77,
    "dma200" : 588.06,
    "volume" : 1507656.00
  }, {
    "date" : "2025-08-22",
    "price" : 600.40,
    "dma50" : 597.08,
    "dma100" : 594.83,
    "dma200" : 588.18,
    "volume" : 612510.00
  }, {
    "date" : "2025-08-25",
    "price" : 601.90,
    "dma50" : 597.27,
    "dma100" : 594.82,
    "dma200" : 588.32,
    "volume" : 952389.00
  }, {
    "date" : "2025-08-26",
    "price" : 599.77,
    "dma50" : 597.37,
    "dma100" : 594.81,
    "dma200" : 588.43,
    "volume" : 854273.00
  }, {
    "date" : "2025-08-28",
    "price" : 589.93,
    "dma50" : 597.07,
    "dma100" : 594.63,
    "dma200" : 588.45,
    "volume" : 1771987.00
  }, {
    "date" : "2025-08-29",
    "price" : 592.53,
    "dma50" : 596.90,
    "dma100" : 594.29,
    "dma200" : 588.49,
    "volume" : 743878.00
  }, {
    "date" : "2025-09-01",
    "price" : 597.93,
    "dma50" : 596.94,
    "dma100" : 594.11,
    "dma200" : 588.58,
    "volume" : 702983.00
  }, {
    "date" : "2025-09-02",
    "price" : 601.60,
    "dma50" : 597.12,
    "dma100" : 594.20,
    "dma200" : 588.71,
    "volume" : 997734.00
  }, {
    "date" : "2025-09-03",
    "price" : 605.50,
    "dma50" : 597.45,
    "dma100" : 594.20,
    "dma200" : 588.88,
    "volume" : 1720010.00
  }, {
    "date" : "2025-09-04",
    "price" : 603.47,
    "dma50" : 597.68,
    "dma100" : 594.20,
    "dma200" : 589.02,
    "volume" : 1698667.00
  }, {
    "date" : "2025-09-05",
    "price" : 596.40,
    "dma50" : 597.63,
    "dma100" : 593.88,
    "dma200" : 589.10,
    "volume" : 1037607.00
  }, {
    "date" : "2025-09-08",
    "price" : 599.33,
    "dma50" : 597.70,
    "dma100" : 593.42,
    "dma200" : 589.20,
    "volume" : 487851.00
  }, {
    "date" : "2025-09-09",
    "price" : 600.70,
    "dma50" : 597.82,
    "dma100" : 592.76,
    "dma200" : 589.31,
    "volume" : 796207.00
  }, {
    "date" : "2025-09-10",
    "price" : 600.67,
    "dma50" : 597.93,
    "dma100" : 592.19,
    "dma200" : 589.43,
    "volume" : 1007645.00
  }, {
    "date" : "2025-09-11",
    "price" : 598.90,
    "dma50" : 597.97,
    "dma100" : 591.60,
    "dma200" : 589.52,
    "volume" : 2809758.00
  }, {
    "date" : "2025-09-12",
    "price" : 592.70,
    "dma50" : 597.76,
    "dma100" : 590.98,
    "dma200" : 589.55,
    "volume" : 1124973.00
  }, {
    "date" : "2025-09-15",
    "price" : 599.00,
    "dma50" : 597.81,
    "dma100" : 590.42,
    "dma200" : 589.65,
    "volume" : 906946.00
  }, {
    "date" : "2025-09-16",
    "price" : 600.30,
    "dma50" : 597.91,
    "dma100" : 589.86,
    "dma200" : 589.75,
    "volume" : 872758.00
  }, {
    "date" : "2025-09-17",
    "price" : 602.30,
    "dma50" : 598.08,
    "dma100" : 589.33,
    "dma200" : 589.88,
    "volume" : 1328109.00
  }, {
    "date" : "2025-09-18",
    "price" : 606.00,
    "dma50" : 598.39,
    "dma100" : 588.95,
    "dma200" : 590.04,
    "volume" : 1492603.00
  }, {
    "date" : "2025-09-19",
    "price" : 608.90,
    "dma50" : 598.80,
    "dma100" : 588.64,
    "dma200" : 590.23,
    "volume" : 1502846.00
  }, {
    "date" : "2025-09-22",
    "price" : 597.40,
    "dma50" : 598.75,
    "dma100" : 588.27,
    "dma200" : 590.30,
    "volume" : 1167627.00
  }, {
    "date" : "2025-09-23",
    "price" : 599.80,
    "dma50" : 598.79,
    "dma100" : 588.03,
    "dma200" : 590.39,
    "volume" : 2178212.00
  }, {
    "date" : "2025-09-24",
    "price" : 600.80,
    "dma50" : 598.87,
    "dma100" : 587.80,
    "dma200" : 590.50,
    "volume" : 651918.00
  }, {
    "date" : "2025-09-25",
    "price" : 600.00,
    "dma50" : 598.91,
    "dma100" : 587.63,
    "dma200" : 590.59,
    "volume" : 716201.00
  }, {
    "date" : "2025-09-26",
    "price" : 589.00,
    "dma50" : 598.52,
    "dma100" : 587.41,
    "dma200" : 590.57,
    "volume" : 529055.00
  }, {
    "date" : "2025-09-29",
    "price" : 597.10,
    "dma50" : 598.47,
    "dma100" : 587.38,
    "dma200" : 590.64,
    "volume" : 674669.00
  }, {
    "date" : "2025-09-30",
    "price" : 575.80,
    "dma50" : 597.58,
    "dma100" : 587.27,
    "dma200" : 590.49,
    "volume" : 2292381.00
  }, {
    "date" : "2025-10-01",
    "price" : 580.95,
    "dma50" : 596.93,
    "dma100" : 587.02,
    "dma200" : 590.40,
    "volume" : 925802.00
  }, {
    "date" : "2025-10-03",
    "price" : 588.45,
    "dma50" : 596.59,
    "dma100" : 586.84,
    "dma200" : 590.38,
    "volume" : 798330.00
  }, {
    "date" : "2025-10-06",
    "price" : 597.55,
    "dma50" : 596.63,
    "dma100" : 586.87,
    "dma200" : 590.45,
    "volume" : 976009.00
  }, {
    "date" : "2025-10-07",
    "price" : 597.25,
    "dma50" : 596.66,
    "dma100" : 586.81,
    "dma200" : 590.52,
    "volume" : 439465.00
  }, {
    "date" : "2025-10-08",
    "price" : 598.20,
    "dma50" : 596.72,
    "dma100" : 586.84,
    "dma200" : 590.59,
    "volume" : 221584.00
  }, {
    "date" : "2025-10-09",
    "price" : 594.55,
    "dma50" : 596.63,
    "dma100" : 587.01,
    "dma200" : 590.63,
    "volume" : 873522.00
  }, {
    "date" : "2025-10-10",
    "price" : 594.10,
    "dma50" : 596.53,
    "dma100" : 587.26,
    "dma200" : 590.67,
    "volume" : 336954.00
  }, {
    "date" : "2025-10-13",
    "price" : 589.80,
    "dma50" : 596.27,
    "dma100" : 587.41,
    "dma200" : 590.66,
    "volume" : 619375.00
  }, {
    "date" : "2025-10-14",
    "price" : 583.60,
    "dma50" : 595.77,
    "dma100" : 587.54,
    "dma200" : 590.59,
    "volume" : 424039.00
  }, {
    "date" : "2025-10-15",
    "price" : 584.60,
    "dma50" : 595.33,
    "dma100" : 587.72,
    "dma200" : 590.53,
    "volume" : 576391.00
  }, {
    "date" : "2025-10-16",
    "price" : 589.85,
    "dma50" : 595.12,
    "dma100" : 587.82,
    "dma200" : 590.52,
    "volume" : 639484.00
  }, {
    "date" : "2025-10-17",
    "price" : 587.85,
    "dma50" : 594.83,
    "dma100" : 587.90,
    "dma200" : 590.49,
    "volume" : 2054313.00
  }, {
    "date" : "2025-10-20",
    "price" : 590.25,
    "dma50" : 594.65,
    "dma100" : 587.98,
    "dma200" : 590.49,
    "volume" : 283303.00
  }, {
    "date" : "2025-10-21",
    "price" : 588.70,
    "dma50" : 594.42,
    "dma100" : 588.01,
    "dma200" : 590.47,
    "volume" : 98633.00
  }, {
    "date" : "2025-10-23",
    "price" : 593.60,
    "dma50" : 594.39,
    "dma100" : 588.37,
    "dma200" : 590.51,
    "volume" : 1871800.00
  }, {
    "date" : "2025-10-24",
    "price" : 580.95,
    "dma50" : 593.86,
    "dma100" : 588.52,
    "dma200" : 590.41,
    "volume" : 588103.00
  }, {
    "date" : "2025-10-27",
    "price" : 590.50,
    "dma50" : 593.73,
    "dma100" : 588.80,
    "dma200" : 590.41,
    "volume" : 685399.00
  }, {
    "date" : "2025-10-28",
    "price" : 593.65,
    "dma50" : 593.73,
    "dma100" : 589.13,
    "dma200" : 590.44,
    "volume" : 697091.00
  }, {
    "date" : "2025-10-29",
    "price" : 604.70,
    "dma50" : 594.16,
    "dma100" : 589.58,
    "dma200" : 590.59,
    "volume" : 1982475.00
  }, {
    "date" : "2025-10-30",
    "price" : 609.55,
    "dma50" : 594.76,
    "dma100" : 589.97,
    "dma200" : 590.77,
    "volume" : 1074656.00
  }, {
    "date" : "2025-10-31",
    "price" : 602.40,
    "dma50" : 595.06,
    "dma100" : 590.32,
    "dma200" : 590.89,
    "volume" : 764764.00
  }, {
    "date" : "2025-11-03",
    "price" : 578.15,
    "dma50" : 594.40,
    "dma100" : 590.47,
    "dma200" : 590.76,
    "volume" : 9812219.00
  }, {
    "date" : "2025-11-04",
    "price" : 575.55,
    "dma50" : 593.66,
    "dma100" : 590.65,
    "dma200" : 590.61,
    "volume" : 1269977.00
  }, {
    "date" : "2025-11-06",
    "price" : 573.00,
    "dma50" : 592.85,
    "dma100" : 590.78,
    "dma200" : 590.44,
    "volume" : 1122787.00
  }, {
    "date" : "2025-11-07",
    "price" : 578.90,
    "dma50" : 592.30,
    "dma100" : 590.99,
    "dma200" : 590.32,
    "volume" : 1041509.00
  }, {
    "date" : "2025-11-10",
    "price" : 580.00,
    "dma50" : 591.82,
    "dma100" : 591.19,
    "dma200" : 590.22,
    "volume" : 1227457.00
  }, {
    "date" : "2025-11-11",
    "price" : 582.50,
    "dma50" : 591.45,
    "dma100" : 591.49,
    "dma200" : 590.14,
    "volume" : 460841.00
  }, {
    "date" : "2025-11-12",
    "price" : 588.30,
    "dma50" : 591.33,
    "dma100" : 591.83,
    "dma200" : 590.12,
    "volume" : 974529.00
  }, {
    "date" : "2025-11-13",
    "price" : 590.45,
    "dma50" : 591.29,
    "dma100" : 592.28,
    "dma200" : 590.13,
    "volume" : 1782196.00
  }, {
    "date" : "2025-11-14",
    "price" : 587.80,
    "dma50" : 591.16,
    "dma100" : 592.66,
    "dma200" : 590.10,
    "volume" : 524400.00
  }, {
    "date" : "2025-11-17",
    "price" : 586.90,
    "dma50" : 590.99,
    "dma100" : 593.15,
    "dma200" : 590.07,
    "volume" : 1424124.00
  }, {
    "date" : "2025-11-18",
    "price" : 587.05,
    "dma50" : 590.84,
    "dma100" : 593.64,
    "dma200" : 590.04,
    "volume" : 2237307.00
  }, {
    "date" : "2025-11-19",
    "price" : 582.90,
    "dma50" : 590.52,
    "dma100" : 594.03,
    "dma200" : 589.97,
    "volume" : 492503.00
  }, {
    "date" : "2025-11-20",
    "price" : 584.25,
    "dma50" : 590.28,
    "dma100" : 594.36,
    "dma200" : 589.91,
    "volume" : 588456.00
  }, {
    "date" : "2025-11-21",
    "price" : 579.30,
    "dma50" : 589.85,
    "dma100" : 594.66,
    "dma200" : 589.81,
    "volume" : 797725.00
  }, {
    "date" : "2025-11-24",
    "price" : 569.75,
    "dma50" : 589.06,
    "dma100" : 594.86,
    "dma200" : 589.61,
    "volume" : 470496.00
  }, {
    "date" : "2025-11-25",
    "price" : 569.35,
    "dma50" : 588.29,
    "dma100" : 595.12,
    "dma200" : 589.41,
    "volume" : 729912.00
  }, {
    "date" : "2025-11-26",
    "price" : 569.65,
    "dma50" : 587.56,
    "dma100" : 595.36,
    "dma200" : 589.21,
    "volume" : 1088703.00
  }, {
    "date" : "2025-11-27",
    "price" : 569.45,
    "dma50" : 586.85,
    "dma100" : 595.52,
    "dma200" : 589.01,
    "volume" : 429889.00
  }, {
    "date" : "2025-11-28",
    "price" : 568.15,
    "dma50" : 586.11,
    "dma100" : 595.66,
    "dma200" : 588.81,
    "volume" : 407429.00
  }, {
    "date" : "2025-12-01",
    "price" : 569.25,
    "dma50" : 585.45,
    "dma100" : 595.82,
    "dma200" : 588.61,
    "volume" : 617817.00
  }, {
    "date" : "2025-12-02",
    "price" : 563.35,
    "dma50" : 584.58,
    "dma100" : 595.99,
    "dma200" : 588.36,
    "volume" : 543056.00
  }, {
    "date" : "2025-12-03",
    "price" : 555.15,
    "dma50" : 583.43,
    "dma100" : 596.01,
    "dma200" : 588.03,
    "volume" : 1216921.00
  }, {
    "date" : "2025-12-04",
    "price" : 528.75,
    "dma50" : 581.29,
    "dma100" : 595.75,
    "dma200" : 587.44,
    "volume" : 2243076.00
  }, {
    "date" : "2025-12-05",
    "price" : 550.80,
    "dma50" : 580.09,
    "dma100" : 595.71,
    "dma200" : 587.08,
    "volume" : 6412875.00
  }, {
    "date" : "2025-12-08",
    "price" : 547.85,
    "dma50" : 578.83,
    "dma100" : 595.61,
    "dma200" : 586.69,
    "volume" : 2067640.00
  }, {
    "date" : "2025-12-09",
    "price" : 539.00,
    "dma50" : 577.26,
    "dma100" : 595.18,
    "dma200" : 586.21,
    "volume" : 7355089.00
  }, {
    "date" : "2025-12-10",
    "price" : 528.75,
    "dma50" : 575.36,
    "dma100" : 594.27,
    "dma200" : 585.64,
    "volume" : 3727927.00
  }, {
    "date" : "2025-12-11",
    "price" : 534.05,
    "dma50" : 573.74,
    "dma100" : 593.25,
    "dma200" : 585.13,
    "volume" : 3036607.00
  }, {
    "date" : "2025-12-12",
    "price" : 536.85,
    "dma50" : 572.30,
    "dma100" : 592.14,
    "dma200" : 584.65,
    "volume" : 5717828.00
  }, {
    "date" : "2025-12-15",
    "price" : 529.75,
    "dma50" : 570.63,
    "dma100" : 590.97,
    "dma200" : 584.10,
    "volume" : 4310129.00
  }, {
    "date" : "2025-12-16",
    "price" : 537.85,
    "dma50" : 569.34,
    "dma100" : 589.87,
    "dma200" : 583.64,
    "volume" : 7667309.00
  }, {
    "date" : "2025-12-17",
    "price" : 543.90,
    "dma50" : 568.34,
    "dma100" : 588.86,
    "dma200" : 583.24,
    "volume" : 8417884.00
  }, {
    "date" : "2025-12-18",
    "price" : 550.30,
    "dma50" : 567.64,
    "dma100" : 588.03,
    "dma200" : 582.92,
    "volume" : 5896398.00
  }, {
    "date" : "2025-12-19",
    "price" : 559.40,
    "dma50" : 567.31,
    "dma100" : 587.36,
    "dma200" : 582.68,
    "volume" : 2532545.00
  }, {
    "date" : "2025-12-22",
    "price" : 550.15,
    "dma50" : 566.64,
    "dma100" : 586.66,
    "dma200" : 582.36,
    "volume" : 1849501.00
  }, {
    "date" : "2025-12-23",
    "price" : 553.35,
    "dma50" : 566.12,
    "dma100" : 585.90,
    "dma200" : 582.07,
    "volume" : 6656216.00
  }, {
    "date" : "2025-12-24",
    "price" : 547.20,
    "dma50" : 565.38,
    "dma100" : 585.04,
    "dma200" : 581.72,
    "volume" : 2002007.00
  }, {
    "date" : "2025-12-26",
    "price" : 546.55,
    "dma50" : 564.64,
    "dma100" : 584.26,
    "dma200" : 581.37,
    "volume" : 492943.00
  }, {
    "date" : "2025-12-29",
    "price" : 542.05,
    "dma50" : 563.75,
    "dma100" : 583.48,
    "dma200" : 580.98,
    "volume" : 863807.00
  }, {
    "date" : "2025-12-30",
    "price" : 546.30,
    "dma50" : 563.07,
    "dma100" : 582.74,
    "dma200" : 580.64,
    "volume" : 1425363.00
  }, {
    "date" : "2025-12-31",
    "price" : 545.50,
    "dma50" : 562.38,
    "dma100" : 582.08,
    "dma200" : 580.29,
    "volume" : 1303939.00
  }, {
    "date" : "2026-01-01",
    "price" : 552.55,
    "dma50" : 561.99,
    "dma100" : 581.53,
    "dma200" : 580.01,
    "volume" : 648654.00
  }, {
    "date" : "2026-01-02",
    "price" : 557.00,
    "dma50" : 561.80,
    "dma100" : 581.03,
    "dma200" : 579.78,
    "volume" : 3050202.00
  }, {
    "date" : "2026-01-05",
    "price" : 572.95,
    "dma50" : 562.24,
    "dma100" : 580.74,
    "dma200" : 579.71,
    "volume" : 2162262.00
  }, {
    "date" : "2026-01-06",
    "price" : 574.50,
    "dma50" : 562.72,
    "dma100" : 580.54,
    "dma200" : 579.66,
    "volume" : 2361422.00
  }, {
    "date" : "2026-01-07",
    "price" : 576.45,
    "dma50" : 563.25,
    "dma100" : 580.24,
    "dma200" : 579.63,
    "volume" : 2282661.00
  }, {
    "date" : "2026-01-08",
    "price" : 563.95,
    "dma50" : 563.28,
    "dma100" : 579.89,
    "dma200" : 579.47,
    "volume" : 2898690.00
  }, {
    "date" : "2026-01-09",
    "price" : 551.15,
    "dma50" : 562.81,
    "dma100" : 579.52,
    "dma200" : 579.19,
    "volume" : 1506402.00
  }, {
    "date" : "2026-01-12",
    "price" : 551.45,
    "dma50" : 562.36,
    "dma100" : 579.11,
    "dma200" : 578.92,
    "volume" : 1128051.00
  }, {
    "date" : "2026-01-13",
    "price" : 543.85,
    "dma50" : 561.64,
    "dma100" : 578.58,
    "dma200" : 578.57,
    "volume" : 774440.00
  }, {
    "date" : "2026-01-14",
    "price" : 543.55,
    "dma50" : 560.93,
    "dma100" : 577.97,
    "dma200" : 578.22,
    "volume" : 550176.00
  }, {
    "date" : "2026-01-16",
    "price" : 521.60,
    "dma50" : 559.38,
    "dma100" : 577.16,
    "dma200" : 577.66,
    "volume" : 1454456.00
  } ],
  "latestTechnicalAttributes" : {
    "date" : "2026-01-16",
    "price" : 521.60,
    "dma50" : 559.38,
    "dma100" : 577.16,
    "dma200" : 577.66,
    "volume" : 1454456.00
  },
  "quarterlyResults" : [ {
    "date" : "2005-03-31",
    "sales" : 1257.18,
    "salesGrowthYoY" : null,
    "grossProfitMargin" : 9.28,
    "grossProfit" : 116.67,
    "operatingProfitMargin" : 2.36,
    "operatingProfit" : 29.67,
    "netProfitMargin" : 0.70,
    "netProfit" : 8.80
  }, {
    "date" : "2005-06-30",
    "sales" : 943.92,
    "salesGrowthYoY" : null,
    "grossProfitMargin" : 8.26,
    "grossProfit" : 77.97,
    "operatingProfitMargin" : 2.41,
    "operatingProfit" : 22.75,
    "netProfitMargin" : 0.82,
    "netProfit" : 7.74
  }, {
    "date" : "2005-09-30",
    "sales" : 958.46,
    "salesGrowthYoY" : null,
    "grossProfitMargin" : 8.21,
    "grossProfit" : 78.69,
    "operatingProfitMargin" : 2.74,
    "operatingProfit" : 26.26,
    "netProfitMargin" : 1.01,
    "netProfit" : 9.68
  }, {
    "date" : "2005-12-31",
    "sales" : 1091.93,
    "salesGrowthYoY" : null,
    "grossProfitMargin" : 11.87,
    "grossProfit" : 129.61,
    "operatingProfitMargin" : 4.12,
    "operatingProfit" : 44.99,
    "netProfitMargin" : 2.26,
    "netProfit" : 24.68
  }, {
    "date" : "2006-03-31",
    "sales" : 1958.27,
    "salesGrowthYoY" : 55.77,
    "grossProfitMargin" : 9.40,
    "grossProfit" : 184.08,
    "operatingProfitMargin" : 2.15,
    "operatingProfit" : 42.10,
    "netProfitMargin" : 0.69,
    "netProfit" : 13.51
  }, {
    "date" : "2006-06-30",
    "sales" : 1127.29,
    "salesGrowthYoY" : 19.43,
    "grossProfitMargin" : 8.94,
    "grossProfit" : 100.78,
    "operatingProfitMargin" : 2.83,
    "operatingProfit" : 31.90,
    "netProfitMargin" : 0.91,
    "netProfit" : 10.26
  }, {
    "date" : "2006-09-30",
    "sales" : 1555.39,
    "salesGrowthYoY" : 62.28,
    "grossProfitMargin" : 10.06,
    "grossProfit" : 156.47,
    "operatingProfitMargin" : 3.14,
    "operatingProfit" : 48.84,
    "netProfitMargin" : 1.20,
    "netProfit" : 18.66
  }, {
    "date" : "2006-12-31",
    "sales" : 2853.36,
    "salesGrowthYoY" : 161.31,
    "grossProfitMargin" : 9.73,
    "grossProfit" : 277.63,
    "operatingProfitMargin" : 3.42,
    "operatingProfit" : 97.58,
    "netProfitMargin" : 1.31,
    "netProfit" : 37.38
  }, {
    "date" : "2007-03-31",
    "sales" : 2740.12,
    "salesGrowthYoY" : 39.93,
    "grossProfitMargin" : 11.45,
    "grossProfit" : 313.74,
    "operatingProfitMargin" : 3.14,
    "operatingProfit" : 86.04,
    "netProfitMargin" : 1.02,
    "netProfit" : 27.95
  }, {
    "date" : "2007-06-30",
    "sales" : 2333.36,
    "salesGrowthYoY" : 106.99,
    "grossProfitMargin" : 9.08,
    "grossProfit" : 211.87,
    "operatingProfitMargin" : 3.18,
    "operatingProfit" : 74.20,
    "netProfitMargin" : 1.18,
    "netProfit" : 27.53
  }, {
    "date" : "2007-09-30",
    "sales" : 1989.20,
    "salesGrowthYoY" : 27.89,
    "grossProfitMargin" : 11.37,
    "grossProfit" : 226.17,
    "operatingProfitMargin" : 3.66,
    "operatingProfit" : 72.80,
    "netProfitMargin" : 1.64,
    "netProfit" : 32.62
  }, {
    "date" : "2007-12-31",
    "sales" : 3196.63,
    "salesGrowthYoY" : 12.03,
    "grossProfitMargin" : 11.47,
    "grossProfit" : 366.65,
    "operatingProfitMargin" : 4.46,
    "operatingProfit" : 142.57,
    "netProfitMargin" : 1.86,
    "netProfit" : 59.46
  }, {
    "date" : "2008-03-31",
    "sales" : 3480.64,
    "salesGrowthYoY" : 27.03,
    "grossProfitMargin" : 11.86,
    "grossProfit" : 412.80,
    "operatingProfitMargin" : 3.40,
    "operatingProfit" : 118.34,
    "netProfitMargin" : 1.08,
    "netProfit" : 37.59
  }, {
    "date" : "2008-06-30",
    "sales" : 2796.46,
    "salesGrowthYoY" : 19.85,
    "grossProfitMargin" : 10.62,
    "grossProfit" : 296.98,
    "operatingProfitMargin" : 3.80,
    "operatingProfit" : 106.27,
    "netProfitMargin" : 1.52,
    "netProfit" : 42.51
  }, {
    "date" : "2008-09-30",
    "sales" : 2564.93,
    "salesGrowthYoY" : 28.94,
    "grossProfitMargin" : 9.91,
    "grossProfit" : 254.18,
    "operatingProfitMargin" : 3.86,
    "operatingProfit" : 99.01,
    "netProfitMargin" : 1.34,
    "netProfit" : 34.37
  }, {
    "date" : "2008-12-31",
    "sales" : 3012.30,
    "salesGrowthYoY" : -5.77,
    "grossProfitMargin" : 8.25,
    "grossProfit" : 248.51,
    "operatingProfitMargin" : 0.77,
    "operatingProfit" : 23.19,
    "netProfitMargin" : 0.38,
    "netProfit" : 11.45
  }, {
    "date" : "2009-03-31",
    "sales" : 3762.84,
    "salesGrowthYoY" : 8.11,
    "grossProfitMargin" : 8.34,
    "grossProfit" : 313.82,
    "operatingProfitMargin" : 0.85,
    "operatingProfit" : 31.98,
    "netProfitMargin" : 0.05,
    "netProfit" : 1.88
  }, {
    "date" : "2009-06-30",
    "sales" : 3109.51,
    "salesGrowthYoY" : 11.19,
    "grossProfitMargin" : 8.92,
    "grossProfit" : 277.37,
    "operatingProfitMargin" : 3.77,
    "operatingProfit" : 117.23,
    "netProfitMargin" : 1.61,
    "netProfit" : 50.06
  }, {
    "date" : "2009-09-30",
    "sales" : 3190.91,
    "salesGrowthYoY" : 24.41,
    "grossProfitMargin" : 9.75,
    "grossProfit" : 311.11,
    "operatingProfitMargin" : 3.41,
    "operatingProfit" : 108.81,
    "netProfitMargin" : 1.51,
    "netProfit" : 48.18
  }, {
    "date" : "2009-12-31",
    "sales" : 3800.12,
    "salesGrowthYoY" : 26.15,
    "grossProfitMargin" : 8.81,
    "grossProfit" : 334.79,
    "operatingProfitMargin" : 2.26,
    "operatingProfit" : 85.88,
    "netProfitMargin" : 1.06,
    "netProfit" : 40.28
  }, {
    "date" : "2010-03-31",
    "sales" : 3346.62,
    "salesGrowthYoY" : -11.06,
    "grossProfitMargin" : 9.87,
    "grossProfit" : 330.31,
    "operatingProfitMargin" : 1.68,
    "operatingProfit" : 56.22,
    "netProfitMargin" : 0.46,
    "netProfit" : 15.39
  }, {
    "date" : "2010-06-30",
    "sales" : 3457.71,
    "salesGrowthYoY" : 11.20,
    "grossProfitMargin" : 8.55,
    "grossProfit" : 295.63,
    "operatingProfitMargin" : 2.84,
    "operatingProfit" : 98.20,
    "netProfitMargin" : 1.52,
    "netProfit" : 52.56
  }, {
    "date" : "2010-09-30",
    "sales" : 3806.32,
    "salesGrowthYoY" : 19.29,
    "grossProfitMargin" : 11.22,
    "grossProfit" : 427.07,
    "operatingProfitMargin" : 3.83,
    "operatingProfit" : 145.78,
    "netProfitMargin" : 1.67,
    "netProfit" : 63.57
  }, {
    "date" : "2010-12-31",
    "sales" : 4622.61,
    "salesGrowthYoY" : 21.64,
    "grossProfitMargin" : 13.03,
    "grossProfit" : 602.33,
    "operatingProfitMargin" : 4.12,
    "operatingProfit" : 190.45,
    "netProfitMargin" : 1.38,
    "netProfit" : 63.79
  }, {
    "date" : "2011-03-31",
    "sales" : 4814.48,
    "salesGrowthYoY" : 43.86,
    "grossProfitMargin" : 8.95,
    "grossProfit" : 430.90,
    "operatingProfitMargin" : 2.06,
    "operatingProfit" : 99.18,
    "netProfitMargin" : 0.45,
    "netProfit" : 21.67
  }, {
    "date" : "2011-06-30",
    "sales" : 5899.56,
    "salesGrowthYoY" : 70.62,
    "grossProfitMargin" : 7.67,
    "grossProfit" : 452.50,
    "operatingProfitMargin" : 2.78,
    "operatingProfit" : 164.01,
    "netProfitMargin" : 1.12,
    "netProfit" : 66.08
  }, {
    "date" : "2011-09-30",
    "sales" : 6082.29,
    "salesGrowthYoY" : 59.79,
    "grossProfitMargin" : 7.97,
    "grossProfit" : 484.76,
    "operatingProfitMargin" : 0.61,
    "operatingProfit" : 37.10,
    "netProfitMargin" : 0.06,
    "netProfit" : 3.65
  }, {
    "date" : "2011-12-31",
    "sales" : 6974.53,
    "salesGrowthYoY" : 50.88,
    "grossProfitMargin" : 11.04,
    "grossProfit" : 769.99,
    "operatingProfitMargin" : 3.50,
    "operatingProfit" : 244.11,
    "netProfitMargin" : 0.34,
    "netProfit" : 23.71
  }, {
    "date" : "2012-03-31",
    "sales" : 7034.70,
    "salesGrowthYoY" : 46.12,
    "grossProfitMargin" : 13.77,
    "grossProfit" : 968.68,
    "operatingProfitMargin" : 2.34,
    "operatingProfit" : 164.61,
    "netProfitMargin" : 0.40,
    "netProfit" : 28.14
  }, {
    "date" : "2012-06-30",
    "sales" : 5007.91,
    "salesGrowthYoY" : -15.11,
    "grossProfitMargin" : 12.79,
    "grossProfit" : 640.51,
    "operatingProfitMargin" : 2.94,
    "operatingProfit" : 147.23,
    "netProfitMargin" : 0.85,
    "netProfit" : 42.57
  }, {
    "date" : "2012-09-30",
    "sales" : 5427.22,
    "salesGrowthYoY" : -10.77,
    "grossProfitMargin" : 7.29,
    "grossProfit" : 395.64,
    "operatingProfitMargin" : 1.20,
    "operatingProfit" : 65.13,
    "netProfitMargin" : 1.21,
    "netProfit" : 65.67
  }, {
    "date" : "2012-12-31",
    "sales" : 8171.21,
    "salesGrowthYoY" : 17.16,
    "grossProfitMargin" : 8.08,
    "grossProfit" : 660.23,
    "operatingProfitMargin" : 1.86,
    "operatingProfit" : 151.98,
    "netProfitMargin" : 0.60,
    "netProfit" : 49.03
  }, {
    "date" : "2013-03-31",
    "sales" : 7553.97,
    "salesGrowthYoY" : 7.38,
    "grossProfitMargin" : 10.34,
    "grossProfit" : 781.08,
    "operatingProfitMargin" : 1.55,
    "operatingProfit" : 117.09,
    "netProfitMargin" : 1.04,
    "netProfit" : 78.56
  }, {
    "date" : "2013-06-30",
    "sales" : 4853.28,
    "salesGrowthYoY" : -3.09,
    "grossProfitMargin" : 10.85,
    "grossProfit" : 526.58,
    "operatingProfitMargin" : 3.30,
    "operatingProfit" : 160.16,
    "netProfitMargin" : 0.06,
    "netProfit" : 2.91
  }, {
    "date" : "2013-09-30",
    "sales" : 6052.01,
    "salesGrowthYoY" : 11.51,
    "grossProfitMargin" : 9.34,
    "grossProfit" : 565.26,
    "operatingProfitMargin" : 2.06,
    "operatingProfit" : 124.67,
    "netProfitMargin" : 0.04,
    "netProfit" : 2.42
  }, {
    "date" : "2013-12-31",
    "sales" : 7099.60,
    "salesGrowthYoY" : -13.11,
    "grossProfitMargin" : 10.00,
    "grossProfit" : 709.96,
    "operatingProfitMargin" : 1.06,
    "operatingProfit" : 75.26,
    "netProfitMargin" : 0.39,
    "netProfit" : 27.69
  }, {
    "date" : "2014-03-31",
    "sales" : 6377.51,
    "salesGrowthYoY" : -15.57,
    "grossProfitMargin" : 10.86,
    "grossProfit" : 692.60,
    "operatingProfitMargin" : 2.42,
    "operatingProfit" : 154.34,
    "netProfitMargin" : -0.05,
    "netProfit" : -3.19
  }, {
    "date" : "2014-06-30",
    "sales" : 5725.47,
    "salesGrowthYoY" : 17.97,
    "grossProfitMargin" : 8.41,
    "grossProfit" : 481.51,
    "operatingProfitMargin" : 2.86,
    "operatingProfit" : 163.75,
    "netProfitMargin" : 0.00,
    "netProfit" : 0.00
  }, {
    "date" : "2014-09-30",
    "sales" : 7067.00,
    "salesGrowthYoY" : 16.77,
    "grossProfitMargin" : 7.47,
    "grossProfit" : 527.90,
    "operatingProfitMargin" : 1.70,
    "operatingProfit" : 120.14,
    "netProfitMargin" : 0.07,
    "netProfit" : 4.95
  }, {
    "date" : "2014-12-31",
    "sales" : 5777.36,
    "salesGrowthYoY" : -18.62,
    "grossProfitMargin" : 11.01,
    "grossProfit" : 636.09,
    "operatingProfitMargin" : 1.74,
    "operatingProfit" : 100.53,
    "netProfitMargin" : -0.46,
    "netProfit" : -26.58
  }, {
    "date" : "2015-03-31",
    "sales" : 9738.90,
    "salesGrowthYoY" : 52.71,
    "grossProfitMargin" : 7.53,
    "grossProfit" : 733.34,
    "operatingProfitMargin" : 1.42,
    "operatingProfit" : 138.29,
    "netProfitMargin" : 0.19,
    "netProfit" : 18.50
  }, {
    "date" : "2015-06-30",
    "sales" : 6082.66,
    "salesGrowthYoY" : 6.24,
    "grossProfitMargin" : 15.26,
    "grossProfit" : 928.21,
    "operatingProfitMargin" : 7.96,
    "operatingProfit" : 484.18,
    "netProfitMargin" : 1.44,
    "netProfit" : 87.59
  }, {
    "date" : "2015-09-30",
    "sales" : 5736.21,
    "salesGrowthYoY" : -18.83,
    "grossProfitMargin" : 14.64,
    "grossProfit" : 839.78,
    "operatingProfitMargin" : 6.77,
    "operatingProfit" : 388.34,
    "netProfitMargin" : 2.11,
    "netProfit" : 121.03
  }, {
    "date" : "2015-12-31",
    "sales" : 8079.93,
    "salesGrowthYoY" : 39.86,
    "grossProfitMargin" : 8.40,
    "grossProfit" : 678.71,
    "operatingProfitMargin" : 2.67,
    "operatingProfit" : 215.73,
    "netProfitMargin" : -0.98,
    "netProfit" : -79.18
  }, {
    "date" : "2016-03-31",
    "sales" : 8004.62,
    "salesGrowthYoY" : -17.81,
    "grossProfitMargin" : -1.60,
    "grossProfit" : -128.07,
    "operatingProfitMargin" : -10.94,
    "operatingProfit" : -875.71,
    "netProfitMargin" : -16.23,
    "netProfit" : -1299.15
  }, {
    "date" : "2016-06-30",
    "sales" : 4951.99,
    "salesGrowthYoY" : -18.59,
    "grossProfitMargin" : 10.47,
    "grossProfit" : 518.47,
    "operatingProfitMargin" : 3.25,
    "operatingProfit" : 160.94,
    "netProfitMargin" : -0.90,
    "netProfit" : -44.57
  }, {
    "date" : "2016-09-30",
    "sales" : 5127.96,
    "salesGrowthYoY" : -10.60,
    "grossProfitMargin" : 10.70,
    "grossProfit" : 548.69,
    "operatingProfitMargin" : 3.23,
    "operatingProfit" : 165.63,
    "netProfitMargin" : 0.52,
    "netProfit" : 26.67
  }, {
    "date" : "2016-12-31",
    "sales" : 5031.99,
    "salesGrowthYoY" : -37.72,
    "grossProfitMargin" : 8.06,
    "grossProfit" : 405.58,
    "operatingProfitMargin" : 1.12,
    "operatingProfit" : 56.36,
    "netProfitMargin" : -4.31,
    "netProfit" : -216.88
  }, {
    "date" : "2017-03-31",
    "sales" : 3365.43,
    "salesGrowthYoY" : -57.96,
    "grossProfitMargin" : 14.86,
    "grossProfit" : 500.10,
    "operatingProfitMargin" : -32.15,
    "operatingProfit" : -1081.99,
    "netProfitMargin" : -31.72,
    "netProfit" : -1067.51
  }, {
    "date" : "2017-06-30",
    "sales" : 3261.21,
    "salesGrowthYoY" : -34.14,
    "grossProfitMargin" : 9.82,
    "grossProfit" : 320.25,
    "operatingProfitMargin" : -7.75,
    "operatingProfit" : -252.74,
    "netProfitMargin" : -8.78,
    "netProfit" : -286.33
  }, {
    "date" : "2017-09-30",
    "sales" : 3088.76,
    "salesGrowthYoY" : -39.77,
    "grossProfitMargin" : 13.88,
    "grossProfit" : 428.72,
    "operatingProfitMargin" : -91.20,
    "operatingProfit" : -2816.95,
    "netProfitMargin" : -93.33,
    "netProfit" : -2882.74
  }, {
    "date" : "2017-12-31",
    "sales" : 3024.84,
    "salesGrowthYoY" : -39.89,
    "grossProfitMargin" : 11.91,
    "grossProfit" : 360.26,
    "operatingProfitMargin" : -53.67,
    "operatingProfit" : -1623.43,
    "netProfitMargin" : -64.68,
    "netProfit" : -1956.47
  }, {
    "date" : "2018-03-31",
    "sales" : 2619.33,
    "salesGrowthYoY" : -22.17,
    "grossProfitMargin" : 9.35,
    "grossProfit" : 244.91,
    "operatingProfitMargin" : -14.29,
    "operatingProfit" : -374.30,
    "netProfitMargin" : -16.17,
    "netProfit" : -423.55
  }, {
    "date" : "2018-06-30",
    "sales" : 2966.56,
    "salesGrowthYoY" : -9.03,
    "grossProfitMargin" : 10.90,
    "grossProfit" : 323.36,
    "operatingProfitMargin" : 1.13,
    "operatingProfit" : 33.52,
    "netProfitMargin" : 0.76,
    "netProfit" : 22.55
  }, {
    "date" : "2018-09-30",
    "sales" : 3142.70,
    "salesGrowthYoY" : 1.75,
    "grossProfitMargin" : 10.30,
    "grossProfit" : 323.70,
    "operatingProfitMargin" : 1.10,
    "operatingProfit" : 34.57,
    "netProfitMargin" : 0.50,
    "netProfit" : 15.71
  }, {
    "date" : "2018-12-31",
    "sales" : 3473.65,
    "salesGrowthYoY" : 14.84,
    "grossProfitMargin" : 9.94,
    "grossProfit" : 345.28,
    "operatingProfitMargin" : 0.52,
    "operatingProfit" : 18.06,
    "netProfitMargin" : 0.18,
    "netProfit" : 6.25
  }, {
    "date" : "2019-03-31",
    "sales" : 3146.33,
    "salesGrowthYoY" : 20.12,
    "grossProfitMargin" : 10.65,
    "grossProfit" : 335.08,
    "operatingProfitMargin" : 1.15,
    "operatingProfit" : 36.18,
    "netProfitMargin" : 1.02,
    "netProfit" : 32.09
  }, {
    "date" : "2019-06-30",
    "sales" : 3112.33,
    "salesGrowthYoY" : 4.91,
    "grossProfitMargin" : 10.84,
    "grossProfit" : 337.38,
    "operatingProfitMargin" : 1.19,
    "operatingProfit" : 37.04,
    "netProfitMargin" : 0.45,
    "netProfit" : 14.01
  }, {
    "date" : "2019-09-30",
    "sales" : 3101.68,
    "salesGrowthYoY" : -1.31,
    "grossProfitMargin" : 13.53,
    "grossProfit" : 419.66,
    "operatingProfitMargin" : 3.35,
    "operatingProfit" : 103.91,
    "netProfitMargin" : 2.64,
    "netProfit" : 81.88
  }, {
    "date" : "2019-12-31",
    "sales" : 3712.81,
    "salesGrowthYoY" : 6.88,
    "grossProfitMargin" : 12.86,
    "grossProfit" : 477.47,
    "operatingProfitMargin" : 5.01,
    "operatingProfit" : 186.01,
    "netProfitMargin" : 4.08,
    "netProfit" : 151.48
  }, {
    "date" : "2020-03-31",
    "sales" : 3190.96,
    "salesGrowthYoY" : 1.42,
    "grossProfitMargin" : 9.71,
    "grossProfit" : 309.84,
    "operatingProfitMargin" : 2.30,
    "operatingProfit" : 73.39,
    "netProfitMargin" : -0.72,
    "netProfit" : -22.97
  }, {
    "date" : "2020-06-30",
    "sales" : 3043.08,
    "salesGrowthYoY" : -2.23,
    "grossProfitMargin" : 12.15,
    "grossProfit" : 369.73,
    "operatingProfitMargin" : 4.06,
    "operatingProfit" : 123.55,
    "netProfitMargin" : 0.40,
    "netProfit" : 12.17
  }, {
    "date" : "2020-09-30",
    "sales" : 3971.72,
    "salesGrowthYoY" : 28.05,
    "grossProfitMargin" : 13.96,
    "grossProfit" : 554.45,
    "operatingProfitMargin" : 6.03,
    "operatingProfit" : 239.49,
    "netProfitMargin" : 3.19,
    "netProfit" : 126.70
  }, {
    "date" : "2020-12-31",
    "sales" : 4465.32,
    "salesGrowthYoY" : 20.27,
    "grossProfitMargin" : 14.05,
    "grossProfit" : 627.38,
    "operatingProfitMargin" : 7.65,
    "operatingProfit" : 341.60,
    "netProfitMargin" : 5.09,
    "netProfit" : 227.28
  }, {
    "date" : "2021-03-31",
    "sales" : 4838.51,
    "salesGrowthYoY" : 51.63,
    "grossProfitMargin" : 12.39,
    "grossProfit" : 599.49,
    "operatingProfitMargin" : 5.16,
    "operatingProfit" : 249.67,
    "netProfitMargin" : 6.50,
    "netProfit" : 314.50
  }, {
    "date" : "2021-06-30",
    "sales" : 5266.16,
    "salesGrowthYoY" : 73.05,
    "grossProfitMargin" : 11.76,
    "grossProfit" : 619.30,
    "operatingProfitMargin" : 6.29,
    "operatingProfit" : 331.24,
    "netProfitMargin" : 3.30,
    "netProfit" : 173.78
  }, {
    "date" : "2021-09-30",
    "sales" : 5995.03,
    "salesGrowthYoY" : 50.94,
    "grossProfitMargin" : 12.02,
    "grossProfit" : 720.60,
    "operatingProfitMargin" : 5.50,
    "operatingProfit" : 329.73,
    "netProfitMargin" : 2.74,
    "netProfit" : 164.26
  }, {
    "date" : "2021-12-31",
    "sales" : 6280.46,
    "salesGrowthYoY" : 40.65,
    "grossProfitMargin" : 13.19,
    "grossProfit" : 828.39,
    "operatingProfitMargin" : 6.69,
    "operatingProfit" : 420.16,
    "netProfitMargin" : 3.73,
    "netProfit" : 234.26
  }, {
    "date" : "2022-03-31",
    "sales" : 6663.72,
    "salesGrowthYoY" : 37.72,
    "grossProfitMargin" : 13.04,
    "grossProfit" : 868.95,
    "operatingProfitMargin" : 6.09,
    "operatingProfit" : 405.82,
    "netProfitMargin" : 3.52,
    "netProfit" : 234.56
  }, {
    "date" : "2022-06-30",
    "sales" : 7210.97,
    "salesGrowthYoY" : 36.93,
    "grossProfitMargin" : 11.23,
    "grossProfit" : 809.79,
    "operatingProfitMargin" : 5.43,
    "operatingProfit" : 391.56,
    "netProfitMargin" : 3.35,
    "netProfit" : 241.57
  }, {
    "date" : "2022-09-30",
    "sales" : 8514.12,
    "salesGrowthYoY" : 42.02,
    "grossProfitMargin" : 8.56,
    "grossProfit" : 728.81,
    "operatingProfitMargin" : 2.29,
    "operatingProfit" : 194.97,
    "netProfitMargin" : 1.32,
    "netProfit" : 112.39
  }, {
    "date" : "2022-12-31",
    "sales" : 7926.64,
    "salesGrowthYoY" : 26.21,
    "grossProfitMargin" : 12.35,
    "grossProfit" : 978.94,
    "operatingProfitMargin" : 4.64,
    "operatingProfit" : 367.80,
    "netProfitMargin" : 3.40,
    "netProfit" : 269.51
  }, {
    "date" : "2023-03-31",
    "sales" : 7872.92,
    "salesGrowthYoY" : 18.15,
    "grossProfitMargin" : 11.85,
    "grossProfit" : 932.94,
    "operatingProfitMargin" : 4.14,
    "operatingProfit" : 325.94,
    "netProfitMargin" : 3.35,
    "netProfit" : 263.74
  }, {
    "date" : "2023-06-30",
    "sales" : 7767.10,
    "salesGrowthYoY" : 7.71,
    "grossProfitMargin" : 10.72,
    "grossProfit" : 832.63,
    "operatingProfitMargin" : 2.17,
    "operatingProfit" : 168.55,
    "netProfitMargin" : 1.13,
    "netProfit" : 87.77
  }, {
    "date" : "2023-09-30",
    "sales" : 7821.89,
    "salesGrowthYoY" : -8.13,
    "grossProfitMargin" : 12.75,
    "grossProfit" : 997.29,
    "operatingProfitMargin" : 5.05,
    "operatingProfit" : 395.01,
    "netProfitMargin" : 3.25,
    "netProfit" : 254.21
  }, {
    "date" : "2023-12-31",
    "sales" : 7910.70,
    "salesGrowthYoY" : -0.20,
    "grossProfitMargin" : 12.70,
    "grossProfit" : 1004.66,
    "operatingProfitMargin" : 4.35,
    "operatingProfit" : 344.12,
    "netProfitMargin" : 2.74,
    "netProfit" : 216.75
  }, {
    "date" : "2024-03-31",
    "sales" : 8227.64,
    "salesGrowthYoY" : 4.51,
    "grossProfitMargin" : 13.21,
    "grossProfit" : 1086.87,
    "operatingProfitMargin" : 4.58,
    "operatingProfit" : 376.83,
    "netProfitMargin" : 2.51,
    "netProfit" : 206.51
  }, {
    "date" : "2024-06-30",
    "sales" : 7177.17,
    "salesGrowthYoY" : -7.60,
    "grossProfitMargin" : 13.82,
    "grossProfit" : 991.88,
    "operatingProfitMargin" : 5.71,
    "operatingProfit" : 409.82,
    "netProfitMargin" : 3.66,
    "netProfit" : 262.68
  }, {
    "date" : "2024-09-30",
    "sales" : 8101.56,
    "salesGrowthYoY" : 3.58,
    "grossProfitMargin" : 14.76,
    "grossProfit" : 1195.79,
    "operatingProfitMargin" : 5.71,
    "operatingProfit" : 462.60,
    "netProfitMargin" : 3.81,
    "netProfit" : 308.67
  }, {
    "date" : "2024-12-31",
    "sales" : 9120.27,
    "salesGrowthYoY" : 15.29,
    "grossProfitMargin" : 15.99,
    "grossProfit" : 1458.33,
    "operatingProfitMargin" : 6.12,
    "operatingProfit" : 558.16,
    "netProfitMargin" : 4.07,
    "netProfit" : 371.19
  }, {
    "date" : "2025-03-31",
    "sales" : 9692.21,
    "salesGrowthYoY" : 17.80,
    "grossProfitMargin" : 16.55,
    "grossProfit" : 1604.06,
    "operatingProfitMargin" : 5.33,
    "operatingProfit" : 516.59,
    "netProfitMargin" : 3.70,
    "netProfit" : 358.61
  }, {
    "date" : "2025-06-30",
    "sales" : 8766.03,
    "salesGrowthYoY" : 22.14,
    "grossProfitMargin" : 12.69,
    "grossProfit" : 1112.41,
    "operatingProfitMargin" : 3.66,
    "operatingProfit" : 320.84,
    "netProfitMargin" : 2.06,
    "netProfit" : 180.58
  }, {
    "date" : "2025-09-30",
    "sales" : 9798.84,
    "salesGrowthYoY" : 20.95,
    "grossProfitMargin" : 14.81,
    "grossProfit" : 1451.21,
    "operatingProfitMargin" : 5.63,
    "operatingProfit" : 551.67,
    "netProfitMargin" : 5.27,
    "netProfit" : 516.40
  } ],
  "latestQuarterlyResult" : {
    "date" : "2025-09-30",
    "sales" : 9798.84,
    "salesGrowthYoY" : 20.95,
    "grossProfitMargin" : 14.81,
    "grossProfit" : 1451.21,
    "operatingProfitMargin" : 5.63,
    "operatingProfit" : 551.67,
    "netProfitMargin" : 5.27,
    "netProfit" : 516.40
  },
  "companyScore" : {
    "priceHigherThanDma50" : 0.00,
    "priceHigherThanDma100" : 0.00,
    "priceHigherThanDma200" : 0.00,
    "dma50HigherThanDma100" : 0.00,
    "dma50HigherThanDma200" : 0.00,
    "dma100HigherThanDma200" : 0.00,
    "pricePercentageAboveDma50" : 5.34,
    "pricePercentageAboveDma100" : 5.48,
    "pricePercentageAboveDma200" : 5.49,
    "weeklyVolumeHigherThanYearlyVolume" : 0.00,
    "salesGrowthPercentile" : 12.91,
    "operatingProfitMarginPercentile" : 19.53,
    "netProfitMarginPercentile" : 9.88,
    "totalTechnicalScore" : 16.30,
    "totalFundamentalScore" : 42.32,
    "totalScore" : 58.63
  }
}