{
  "metadata" : {
    "screenerCompanyId" : "2464",
    "companyCode" : "PGEL",
    "companyName" : "PG Electroplast",
    "screenerCompanyLink" : "https://www.screener.in/company/PGEL/consolidated/",
    "screenerTechnicalHistoryLink" : "https://www.screener.in/api/company/2464/chart/?q=Price-DMA50-DMA200-Volume&days=365",
    "screenerQuarterlyResultsLink" : "https://www.screener.in/api/company/2464/chart/?q=GPM-OPM-NPM-Quarter+Sales&days=10000",
    "attributes" : {
      "companyCode" : "PGEL",
      "companyName" : "PG Electroplast",
      "marketCap" : 17628.00,
      "peRatio" : 63.70,
      "description" : "PG Electroplast Limited (PGEL) is the flagship company of PG Group. While the PG Group had started its journey in 1977, PG Electroplast was formally set up in 2003 and is a leading, diversified Indian Electronic Manufacturing Service provider. It specializes in Original Design Manufacturing (ODM), Original Equipment Manufacturing (OEM) and Plastic Injection Molding, catering to 50+ leading Indian and Global brands.[1]"
    },
    "companyScore" : {
      "priceHigherThanDma50" : 5.00,
      "priceHigherThanDma100" : 5.00,
      "priceHigherThanDma200" : 0.00,
      "dma50HigherThanDma100" : 5.00,
      "dma50HigherThanDma200" : 0.00,
      "dma100HigherThanDma200" : 0.00,
      "pricePercentageAboveDma50" : 4.61,
      "pricePercentageAboveDma100" : 4.55,
      "pricePercentageAboveDma200" : 5.00,
      "weeklyVolumeHigherThanYearlyVolume" : 0.00,
      "salesGrowthPercentile" : 5.82,
      "operatingProfitMarginPercentile" : 18.56,
      "netProfitMarginPercentile" : 9.66,
      "totalTechnicalScore" : 29.16,
      "totalFundamentalScore" : 34.04,
      "totalScore" : 63.20
    }
  },
  "attributes" : {
    "companyCode" : "PGEL",
    "companyName" : "PG Electroplast",
    "marketCap" : 17628.00,
    "peRatio" : 63.70,
    "description" : "PG Electroplast Limited (PGEL) is the flagship company of PG Group. While the PG Group had started its journey in 1977, PG Electroplast was formally set up in 2003 and is a leading, diversified Indian Electronic Manufacturing Service provider. It specializes in Original Design Manufacturing (ODM), Original Equipment Manufacturing (OEM) and Plastic Injection Molding, catering to 50+ leading Indian and Global brands.[1]"
  },
  "technicalHistory" : [ {
    "date" : "2025-02-12",
    "price" : 828.80,
    "dma50" : 814.80,
    "dma100" : null,
    "dma200" : 617.19,
    "volume" : 2107654.00
  }, {
    "date" : "2025-02-13",
    "price" : 810.90,
    "dma50" : 814.64,
    "dma100" : null,
    "dma200" : 619.12,
    "volume" : 879677.00
  }, {
    "date" : "2025-02-14",
    "price" : 759.90,
    "dma50" : 812.50,
    "dma100" : null,
    "dma200" : 620.52,
    "volume" : 1603714.00
  }, {
    "date" : "2025-02-17",
    "price" : 783.00,
    "dma50" : 811.34,
    "dma100" : null,
    "dma200" : 622.13,
    "volume" : 1719907.00
  }, {
    "date" : "2025-02-18",
    "price" : 742.50,
    "dma50" : 808.64,
    "dma100" : null,
    "dma200" : 623.33,
    "volume" : 1692763.00
  }, {
    "date" : "2025-02-19",
    "price" : 807.00,
    "dma50" : 808.58,
    "dma100" : null,
    "dma200" : 625.16,
    "volume" : 2389986.00
  }, {
    "date" : "2025-02-20",
    "price" : 827.45,
    "dma50" : 809.32,
    "dma100" : null,
    "dma200" : 627.17,
    "volume" : 1420842.00
  }, {
    "date" : "2025-02-21",
    "price" : 826.55,
    "dma50" : 809.99,
    "dma100" : null,
    "dma200" : 629.16,
    "volume" : 992549.00
  }, {
    "date" : "2025-02-24",
    "price" : 809.25,
    "dma50" : 809.96,
    "dma100" : null,
    "dma200" : 630.95,
    "volume" : 1052036.00
  }, {
    "date" : "2025-02-25",
    "price" : 814.90,
    "dma50" : 810.16,
    "dma100" : null,
    "dma200" : 632.78,
    "volume" : 884122.00
  }, {
    "date" : "2025-02-27",
    "price" : 794.85,
    "dma50" : 809.56,
    "dma100" : null,
    "dma200" : 634.39,
    "volume" : 656241.00
  }, {
    "date" : "2025-02-28",
    "price" : 794.80,
    "dma50" : 808.98,
    "dma100" : null,
    "dma200" : 635.99,
    "volume" : 3068985.00
  }, {
    "date" : "2025-03-03",
    "price" : 806.45,
    "dma50" : 808.88,
    "dma100" : null,
    "dma200" : 637.68,
    "volume" : 2090891.00
  }, {
    "date" : "2025-03-04",
    "price" : 841.15,
    "dma50" : 810.14,
    "dma100" : null,
    "dma200" : 639.71,
    "volume" : 1675822.00
  }, {
    "date" : "2025-03-05",
    "price" : 847.30,
    "dma50" : 811.60,
    "dma100" : null,
    "dma200" : 641.77,
    "volume" : 1989043.00
  }, {
    "date" : "2025-03-06",
    "price" : 870.85,
    "dma50" : 813.92,
    "dma100" : null,
    "dma200" : 644.05,
    "volume" : 2270751.00
  }, {
    "date" : "2025-03-07",
    "price" : 877.05,
    "dma50" : 816.40,
    "dma100" : null,
    "dma200" : 646.37,
    "volume" : 1518426.00
  }, {
    "date" : "2025-03-10",
    "price" : 899.05,
    "dma50" : 819.64,
    "dma100" : null,
    "dma200" : 648.88,
    "volume" : 2054662.00
  }, {
    "date" : "2025-03-11",
    "price" : 892.45,
    "dma50" : 822.50,
    "dma100" : null,
    "dma200" : 651.31,
    "volume" : 1509249.00
  }, {
    "date" : "2025-03-12",
    "price" : 854.50,
    "dma50" : 823.75,
    "dma100" : null,
    "dma200" : 653.33,
    "volume" : 1100324.00
  }, {
    "date" : "2025-03-13",
    "price" : 835.00,
    "dma50" : 824.19,
    "dma100" : null,
    "dma200" : 655.14,
    "volume" : 1217685.00
  }, {
    "date" : "2025-03-17",
    "price" : 835.30,
    "dma50" : 824.63,
    "dma100" : null,
    "dma200" : 656.93,
    "volume" : 804611.00
  }, {
    "date" : "2025-03-18",
    "price" : 888.35,
    "dma50" : 827.13,
    "dma100" : null,
    "dma200" : 659.23,
    "volume" : 1347658.00
  }, {
    "date" : "2025-03-19",
    "price" : 893.15,
    "dma50" : 829.72,
    "dma100" : null,
    "dma200" : 661.56,
    "volume" : 902795.00
  }, {
    "date" : "2025-03-20",
    "price" : 915.25,
    "dma50" : 833.07,
    "dma100" : null,
    "dma200" : 664.09,
    "volume" : 2195638.00
  }, {
    "date" : "2025-03-21",
    "price" : 946.20,
    "dma50" : 837.51,
    "dma100" : null,
    "dma200" : 666.89,
    "volume" : 4156494.00
  }, {
    "date" : "2025-03-24",
    "price" : 945.00,
    "dma50" : 841.72,
    "dma100" : null,
    "dma200" : 669.66,
    "volume" : 1208158.00
  }, {
    "date" : "2025-03-25",
    "price" : 883.75,
    "dma50" : 843.37,
    "dma100" : null,
    "dma200" : 671.79,
    "volume" : 1729557.00
  }, {
    "date" : "2025-03-26",
    "price" : 870.15,
    "dma50" : 844.42,
    "dma100" : null,
    "dma200" : 673.76,
    "volume" : 1402701.00
  }, {
    "date" : "2025-03-27",
    "price" : 927.05,
    "dma50" : 847.66,
    "dma100" : null,
    "dma200" : 676.28,
    "volume" : 3789910.00
  }, {
    "date" : "2025-03-28",
    "price" : 916.60,
    "dma50" : 850.36,
    "dma100" : null,
    "dma200" : 678.67,
    "volume" : 1891140.00
  }, {
    "date" : "2025-04-01",
    "price" : 901.60,
    "dma50" : 852.37,
    "dma100" : null,
    "dma200" : 680.89,
    "volume" : 1291399.00
  }, {
    "date" : "2025-04-02",
    "price" : 916.60,
    "dma50" : 854.89,
    "dma100" : null,
    "dma200" : 683.24,
    "volume" : 854041.00
  }, {
    "date" : "2025-04-03",
    "price" : 936.90,
    "dma50" : 858.11,
    "dma100" : null,
    "dma200" : 685.76,
    "volume" : 2100567.00
  }, {
    "date" : "2025-04-04",
    "price" : 871.65,
    "dma50" : 858.64,
    "dma100" : null,
    "dma200" : 687.61,
    "volume" : 2539948.00
  }, {
    "date" : "2025-04-07",
    "price" : 813.00,
    "dma50" : 856.85,
    "dma100" : null,
    "dma200" : 688.86,
    "volume" : 2560273.00
  }, {
    "date" : "2025-04-08",
    "price" : 865.00,
    "dma50" : 857.17,
    "dma100" : null,
    "dma200" : 690.61,
    "volume" : 4223005.00
  }, {
    "date" : "2025-04-09",
    "price" : 851.40,
    "dma50" : 856.94,
    "dma100" : null,
    "dma200" : 692.21,
    "volume" : 847415.00
  }, {
    "date" : "2025-04-11",
    "price" : 917.80,
    "dma50" : 859.33,
    "dma100" : null,
    "dma200" : 694.46,
    "volume" : 3263165.00
  }, {
    "date" : "2025-04-15",
    "price" : 956.00,
    "dma50" : 863.12,
    "dma100" : null,
    "dma200" : 697.06,
    "volume" : 2019057.00
  }, {
    "date" : "2025-04-16",
    "price" : 960.85,
    "dma50" : 866.95,
    "dma100" : null,
    "dma200" : 699.68,
    "volume" : 903711.00
  }, {
    "date" : "2025-04-17",
    "price" : 948.45,
    "dma50" : 870.15,
    "dma100" : null,
    "dma200" : 702.16,
    "volume" : 954022.00
  }, {
    "date" : "2025-04-21",
    "price" : 934.65,
    "dma50" : 872.68,
    "dma100" : null,
    "dma200" : 704.47,
    "volume" : 1007909.00
  }, {
    "date" : "2025-04-22",
    "price" : 968.45,
    "dma50" : 876.43,
    "dma100" : null,
    "dma200" : 707.10,
    "volume" : 2078122.00
  }, {
    "date" : "2025-04-23",
    "price" : 956.10,
    "dma50" : 879.56,
    "dma100" : null,
    "dma200" : 709.58,
    "volume" : 2137447.00
  }, {
    "date" : "2025-04-24",
    "price" : 927.10,
    "dma50" : 881.42,
    "dma100" : null,
    "dma200" : 711.74,
    "volume" : 1073642.00
  }, {
    "date" : "2025-04-25",
    "price" : 871.15,
    "dma50" : 881.02,
    "dma100" : null,
    "dma200" : 713.33,
    "volume" : 2309947.00
  }, {
    "date" : "2025-04-28",
    "price" : 884.80,
    "dma50" : 881.17,
    "dma100" : null,
    "dma200" : 715.03,
    "volume" : 1783359.00
  }, {
    "date" : "2025-04-29",
    "price" : 866.40,
    "dma50" : 880.59,
    "dma100" : null,
    "dma200" : 716.54,
    "volume" : 942833.00
  }, {
    "date" : "2025-04-30",
    "price" : 844.30,
    "dma50" : 879.17,
    "dma100" : null,
    "dma200" : 717.81,
    "volume" : 2116845.00
  }, {
    "date" : "2025-05-02",
    "price" : 827.90,
    "dma50" : 877.16,
    "dma100" : null,
    "dma200" : 718.91,
    "volume" : 1693587.00
  }, {
    "date" : "2025-05-05",
    "price" : 821.75,
    "dma50" : 874.98,
    "dma100" : null,
    "dma200" : 719.93,
    "volume" : 1181478.00
  }, {
    "date" : "2025-05-06",
    "price" : 794.70,
    "dma50" : 871.83,
    "dma100" : null,
    "dma200" : 720.67,
    "volume" : 1484962.00
  }, {
    "date" : "2025-05-07",
    "price" : 845.70,
    "dma50" : 870.81,
    "dma100" : null,
    "dma200" : 721.92,
    "volume" : 2946452.00
  }, {
    "date" : "2025-05-08",
    "price" : 829.60,
    "dma50" : 869.19,
    "dma100" : null,
    "dma200" : 722.99,
    "volume" : 1253949.00
  }, {
    "date" : "2025-05-09",
    "price" : 798.45,
    "dma50" : 866.42,
    "dma100" : null,
    "dma200" : 723.74,
    "volume" : 2040504.00
  }, {
    "date" : "2025-05-12",
    "price" : 881.45,
    "dma50" : 867.01,
    "dma100" : null,
    "dma200" : 725.31,
    "volume" : 3726706.00
  }, {
    "date" : "2025-05-13",
    "price" : 846.90,
    "dma50" : 866.22,
    "dma100" : null,
    "dma200" : 726.52,
    "volume" : 3183544.00
  }, {
    "date" : "2025-05-14",
    "price" : 833.00,
    "dma50" : 864.92,
    "dma100" : null,
    "dma200" : 727.58,
    "volume" : 2225320.00
  }, {
    "date" : "2025-05-15",
    "price" : 809.35,
    "dma50" : 862.74,
    "dma100" : null,
    "dma200" : 728.39,
    "volume" : 2158001.00
  }, {
    "date" : "2025-05-16",
    "price" : 804.05,
    "dma50" : 860.44,
    "dma100" : null,
    "dma200" : 729.15,
    "volume" : 1983389.00
  }, {
    "date" : "2025-05-19",
    "price" : 787.45,
    "dma50" : 857.57,
    "dma100" : null,
    "dma200" : 729.73,
    "volume" : 1586436.00
  }, {
    "date" : "2025-05-20",
    "price" : 822.25,
    "dma50" : 856.19,
    "dma100" : null,
    "dma200" : 730.65,
    "volume" : 3468538.00
  }, {
    "date" : "2025-05-21",
    "price" : 792.60,
    "dma50" : 853.70,
    "dma100" : null,
    "dma200" : 731.26,
    "volume" : 2638016.00
  }, {
    "date" : "2025-05-22",
    "price" : 756.10,
    "dma50" : 849.87,
    "dma100" : null,
    "dma200" : 731.51,
    "volume" : 2648022.00
  }, {
    "date" : "2025-05-23",
    "price" : 774.40,
    "dma50" : 846.91,
    "dma100" : null,
    "dma200" : 731.94,
    "volume" : 3783360.00
  }, {
    "date" : "2025-05-26",
    "price" : 771.55,
    "dma50" : 843.95,
    "dma100" : null,
    "dma200" : 732.33,
    "volume" : 2254459.00
  }, {
    "date" : "2025-05-27",
    "price" : 765.20,
    "dma50" : 840.87,
    "dma100" : null,
    "dma200" : 732.66,
    "volume" : 29620470.00
  }, {
    "date" : "2025-05-28",
    "price" : 779.90,
    "dma50" : 838.47,
    "dma100" : null,
    "dma200" : 733.13,
    "volume" : 5389190.00
  }, {
    "date" : "2025-05-29",
    "price" : 770.45,
    "dma50" : 835.81,
    "dma100" : null,
    "dma200" : 733.50,
    "volume" : 2136048.00
  }, {
    "date" : "2025-05-30",
    "price" : 771.45,
    "dma50" : 833.28,
    "dma100" : null,
    "dma200" : 733.88,
    "volume" : 1460143.00
  }, {
    "date" : "2025-06-02",
    "price" : 790.25,
    "dma50" : 831.60,
    "dma100" : null,
    "dma200" : 734.44,
    "volume" : 1966747.00
  }, {
    "date" : "2025-06-03",
    "price" : 764.65,
    "dma50" : 828.97,
    "dma100" : null,
    "dma200" : 734.74,
    "volume" : 2140447.00
  }, {
    "date" : "2025-06-04",
    "price" : 759.55,
    "dma50" : 826.25,
    "dma100" : null,
    "dma200" : 734.99,
    "volume" : 1424233.00
  }, {
    "date" : "2025-06-05",
    "price" : 778.40,
    "dma50" : 824.37,
    "dma100" : null,
    "dma200" : 735.42,
    "volume" : 1783775.00
  }, {
    "date" : "2025-06-06",
    "price" : 772.55,
    "dma50" : 822.34,
    "dma100" : null,
    "dma200" : 735.79,
    "volume" : 887439.00
  }, {
    "date" : "2025-06-09",
    "price" : 769.25,
    "dma50" : 820.26,
    "dma100" : null,
    "dma200" : 736.12,
    "volume" : 1204713.00
  }, {
    "date" : "2025-06-10",
    "price" : 763.25,
    "dma50" : 818.02,
    "dma100" : null,
    "dma200" : 736.39,
    "volume" : 1295608.00
  }, {
    "date" : "2025-06-11",
    "price" : 764.80,
    "dma50" : 815.93,
    "dma100" : null,
    "dma200" : 736.67,
    "volume" : 1412836.00
  }, {
    "date" : "2025-06-12",
    "price" : 757.65,
    "dma50" : 813.65,
    "dma100" : null,
    "dma200" : 736.88,
    "volume" : 798339.00
  }, {
    "date" : "2025-06-13",
    "price" : 751.55,
    "dma50" : 811.21,
    "dma100" : null,
    "dma200" : 737.03,
    "volume" : 1240641.00
  }, {
    "date" : "2025-06-16",
    "price" : 761.80,
    "dma50" : 809.28,
    "dma100" : null,
    "dma200" : 737.27,
    "volume" : 927630.00
  }, {
    "date" : "2025-06-17",
    "price" : 765.20,
    "dma50" : 807.55,
    "dma100" : null,
    "dma200" : 737.55,
    "volume" : 1292790.00
  }, {
    "date" : "2025-06-18",
    "price" : 763.05,
    "dma50" : 805.80,
    "dma100" : null,
    "dma200" : 737.80,
    "volume" : 928998.00
  }, {
    "date" : "2025-06-19",
    "price" : 746.35,
    "dma50" : 803.47,
    "dma100" : null,
    "dma200" : 737.89,
    "volume" : 1686338.00
  }, {
    "date" : "2025-06-20",
    "price" : 739.40,
    "dma50" : 800.96,
    "dma100" : null,
    "dma200" : 737.91,
    "volume" : 1002879.00
  }, {
    "date" : "2025-06-23",
    "price" : 735.30,
    "dma50" : 798.38,
    "dma100" : null,
    "dma200" : 737.88,
    "volume" : 1466489.00
  }, {
    "date" : "2025-06-24",
    "price" : 764.45,
    "dma50" : 797.05,
    "dma100" : null,
    "dma200" : 738.14,
    "volume" : 2579248.00
  }, {
    "date" : "2025-06-25",
    "price" : 762.70,
    "dma50" : 795.71,
    "dma100" : null,
    "dma200" : 738.39,
    "volume" : 1507861.00
  }, {
    "date" : "2025-06-26",
    "price" : 753.35,
    "dma50" : 794.04,
    "dma100" : null,
    "dma200" : 738.54,
    "volume" : 1089158.00
  }, {
    "date" : "2025-06-27",
    "price" : 760.90,
    "dma50" : 792.74,
    "dma100" : null,
    "dma200" : 738.76,
    "volume" : 4134554.00
  }, {
    "date" : "2025-06-30",
    "price" : 754.65,
    "dma50" : 791.25,
    "dma100" : null,
    "dma200" : 738.92,
    "volume" : 2994349.00
  }, {
    "date" : "2025-07-01",
    "price" : 723.00,
    "dma50" : 788.57,
    "dma100" : null,
    "dma200" : 738.76,
    "volume" : 3756172.00
  }, {
    "date" : "2025-07-02",
    "price" : 745.95,
    "dma50" : 786.90,
    "dma100" : null,
    "dma200" : 738.83,
    "volume" : 3873318.00
  }, {
    "date" : "2025-07-03",
    "price" : 762.25,
    "dma50" : 785.94,
    "dma100" : null,
    "dma200" : 739.06,
    "volume" : 3027102.00
  }, {
    "date" : "2025-07-04",
    "price" : 754.50,
    "dma50" : 784.70,
    "dma100" : null,
    "dma200" : 739.22,
    "volume" : 1338460.00
  }, {
    "date" : "2025-07-07",
    "price" : 759.15,
    "dma50" : 783.70,
    "dma100" : null,
    "dma200" : 739.42,
    "volume" : 1284027.00
  }, {
    "date" : "2025-07-08",
    "price" : 740.50,
    "dma50" : 782.01,
    "dma100" : null,
    "dma200" : 739.43,
    "volume" : 1348661.00
  }, {
    "date" : "2025-07-09",
    "price" : 788.75,
    "dma50" : 782.27,
    "dma100" : null,
    "dma200" : 739.92,
    "volume" : 7329176.00
  }, {
    "date" : "2025-07-10",
    "price" : 773.35,
    "dma50" : 781.92,
    "dma100" : null,
    "dma200" : 740.25,
    "volume" : 1998333.00
  }, {
    "date" : "2025-07-11",
    "price" : 767.70,
    "dma50" : 781.36,
    "dma100" : 823.86,
    "dma200" : 740.52,
    "volume" : 1104035.00
  }, {
    "date" : "2025-07-14",
    "price" : 783.65,
    "dma50" : 781.45,
    "dma100" : 823.59,
    "dma200" : 740.95,
    "volume" : 1754831.00
  }, {
    "date" : "2025-07-15",
    "price" : 808.90,
    "dma50" : 782.53,
    "dma100" : 824.08,
    "dma200" : 741.63,
    "volume" : 5367117.00
  }, {
    "date" : "2025-07-16",
    "price" : 828.00,
    "dma50" : 784.31,
    "dma100" : 824.53,
    "dma200" : 742.49,
    "volume" : 4381184.00
  }, {
    "date" : "2025-07-17",
    "price" : 826.05,
    "dma50" : 785.95,
    "dma100" : 825.37,
    "dma200" : 743.32,
    "volume" : 1533370.00
  }, {
    "date" : "2025-07-18",
    "price" : 809.05,
    "dma50" : 786.86,
    "dma100" : 825.39,
    "dma200" : 743.97,
    "volume" : 1512479.00
  }, {
    "date" : "2025-07-21",
    "price" : 806.95,
    "dma50" : 787.64,
    "dma100" : 825.18,
    "dma200" : 744.60,
    "volume" : 1039864.00
  }, {
    "date" : "2025-07-22",
    "price" : 788.90,
    "dma50" : 787.69,
    "dma100" : 824.80,
    "dma200" : 745.04,
    "volume" : 1083011.00
  }, {
    "date" : "2025-07-23",
    "price" : 791.15,
    "dma50" : 787.83,
    "dma100" : 824.62,
    "dma200" : 745.50,
    "volume" : 1483077.00
  }, {
    "date" : "2025-07-24",
    "price" : 801.25,
    "dma50" : 788.35,
    "dma100" : 824.49,
    "dma200" : 746.05,
    "volume" : 1894124.00
  }, {
    "date" : "2025-07-25",
    "price" : 800.70,
    "dma50" : 788.84,
    "dma100" : 824.55,
    "dma200" : 746.60,
    "volume" : 2010875.00
  }, {
    "date" : "2025-07-28",
    "price" : 789.35,
    "dma50" : 788.86,
    "dma100" : 824.49,
    "dma200" : 747.02,
    "volume" : 1841722.00
  }, {
    "date" : "2025-07-29",
    "price" : 806.95,
    "dma50" : 789.57,
    "dma100" : 824.50,
    "dma200" : 747.62,
    "volume" : 1451499.00
  }, {
    "date" : "2025-07-30",
    "price" : 805.40,
    "dma50" : 790.19,
    "dma100" : 824.14,
    "dma200" : 748.19,
    "volume" : 1073075.00
  }, {
    "date" : "2025-07-31",
    "price" : 811.65,
    "dma50" : 791.03,
    "dma100" : 823.78,
    "dma200" : 748.83,
    "volume" : 2349927.00
  }, {
    "date" : "2025-08-01",
    "price" : 778.65,
    "dma50" : 790.55,
    "dma100" : 822.86,
    "dma200" : 749.12,
    "volume" : 2138890.00
  }, {
    "date" : "2025-08-04",
    "price" : 789.30,
    "dma50" : 790.50,
    "dma100" : 821.98,
    "dma200" : 749.52,
    "volume" : 1569249.00
  }, {
    "date" : "2025-08-05",
    "price" : 790.90,
    "dma50" : 790.51,
    "dma100" : 820.90,
    "dma200" : 749.93,
    "volume" : 1018344.00
  }, {
    "date" : "2025-08-06",
    "price" : 751.95,
    "dma50" : 789.00,
    "dma100" : 819.50,
    "dma200" : 749.95,
    "volume" : 3350641.00
  }, {
    "date" : "2025-08-07",
    "price" : 736.85,
    "dma50" : 786.95,
    "dma100" : 818.32,
    "dma200" : 749.82,
    "volume" : 2569015.00
  }, {
    "date" : "2025-08-08",
    "price" : 588.80,
    "dma50" : 779.18,
    "dma100" : 815.86,
    "dma200" : 748.22,
    "volume" : 22905794.00
  }, {
    "date" : "2025-08-11",
    "price" : 506.00,
    "dma50" : 768.47,
    "dma100" : 812.56,
    "dma200" : 745.81,
    "volume" : 54948100.00
  }, {
    "date" : "2025-08-12",
    "price" : 515.20,
    "dma50" : 758.54,
    "dma100" : 808.83,
    "dma200" : 743.52,
    "volume" : 19349337.00
  }, {
    "date" : "2025-08-13",
    "price" : 486.10,
    "dma50" : 747.86,
    "dma100" : 804.76,
    "dma200" : 740.96,
    "volume" : 7685036.00
  }, {
    "date" : "2025-08-14",
    "price" : 489.65,
    "dma50" : 737.73,
    "dma100" : 800.51,
    "dma200" : 738.45,
    "volume" : 7034641.00
  }, {
    "date" : "2025-08-18",
    "price" : 528.60,
    "dma50" : 729.53,
    "dma100" : 796.33,
    "dma200" : 736.37,
    "volume" : 26709549.00
  }, {
    "date" : "2025-08-19",
    "price" : 540.30,
    "dma50" : 722.11,
    "dma100" : 792.28,
    "dma200" : 734.42,
    "volume" : 6707009.00
  }, {
    "date" : "2025-08-20",
    "price" : 536.60,
    "dma50" : 714.83,
    "dma100" : 788.81,
    "dma200" : 732.45,
    "volume" : 18010269.00
  }, {
    "date" : "2025-08-21",
    "price" : 559.15,
    "dma50" : 708.73,
    "dma100" : 785.70,
    "dma200" : 730.72,
    "volume" : 8230299.00
  }, {
    "date" : "2025-08-22",
    "price" : 563.70,
    "dma50" : 703.04,
    "dma100" : 782.07,
    "dma200" : 729.06,
    "volume" : 6845227.00
  }, {
    "date" : "2025-08-25",
    "price" : 584.00,
    "dma50" : 698.37,
    "dma100" : 778.74,
    "dma200" : 727.62,
    "volume" : 6244060.00
  }, {
    "date" : "2025-08-26",
    "price" : 557.25,
    "dma50" : 692.84,
    "dma100" : 775.30,
    "dma200" : 725.92,
    "volume" : 8544587.00
  }, {
    "date" : "2025-08-28",
    "price" : 541.25,
    "dma50" : 686.89,
    "dma100" : 771.55,
    "dma200" : 724.08,
    "volume" : 4797420.00
  }, {
    "date" : "2025-08-29",
    "price" : 533.10,
    "dma50" : 680.86,
    "dma100" : 767.51,
    "dma200" : 722.18,
    "volume" : 2784690.00
  }, {
    "date" : "2025-09-01",
    "price" : 554.95,
    "dma50" : 675.92,
    "dma100" : 764.34,
    "dma200" : 720.52,
    "volume" : 7430025.00
  }, {
    "date" : "2025-09-02",
    "price" : 560.30,
    "dma50" : 671.39,
    "dma100" : 761.81,
    "dma200" : 718.93,
    "volume" : 7753390.00
  }, {
    "date" : "2025-09-03",
    "price" : 553.20,
    "dma50" : 666.76,
    "dma100" : 758.70,
    "dma200" : 717.28,
    "volume" : 3349041.00
  }, {
    "date" : "2025-09-04",
    "price" : 555.00,
    "dma50" : 662.37,
    "dma100" : 755.73,
    "dma200" : 715.66,
    "volume" : 10318442.00
  }, {
    "date" : "2025-09-05",
    "price" : 554.15,
    "dma50" : 658.13,
    "dma100" : 752.10,
    "dma200" : 714.06,
    "volume" : 3270353.00
  }, {
    "date" : "2025-09-08",
    "price" : 551.75,
    "dma50" : 653.96,
    "dma100" : 748.05,
    "dma200" : 712.44,
    "volume" : 2041527.00
  }, {
    "date" : "2025-09-09",
    "price" : 566.25,
    "dma50" : 650.52,
    "dma100" : 744.11,
    "dma200" : 710.99,
    "volume" : 3773069.00
  }, {
    "date" : "2025-09-10",
    "price" : 572.30,
    "dma50" : 647.45,
    "dma100" : 740.35,
    "dma200" : 709.61,
    "volume" : 2340316.00
  }, {
    "date" : "2025-09-11",
    "price" : 570.05,
    "dma50" : 644.41,
    "dma100" : 736.70,
    "dma200" : 708.22,
    "volume" : 4085291.00
  }, {
    "date" : "2025-09-12",
    "price" : 569.90,
    "dma50" : 641.49,
    "dma100" : 732.71,
    "dma200" : 706.84,
    "volume" : 2825546.00
  }, {
    "date" : "2025-09-15",
    "price" : 573.20,
    "dma50" : 638.81,
    "dma100" : 728.88,
    "dma200" : 705.51,
    "volume" : 1590483.00
  }, {
    "date" : "2025-09-16",
    "price" : 569.90,
    "dma50" : 636.11,
    "dma100" : 725.31,
    "dma200" : 704.16,
    "volume" : 1578852.00
  }, {
    "date" : "2025-09-17",
    "price" : 569.05,
    "dma50" : 633.48,
    "dma100" : 722.29,
    "dma200" : 702.82,
    "volume" : 1698845.00
  }, {
    "date" : "2025-09-18",
    "price" : 567.40,
    "dma50" : 630.89,
    "dma100" : 719.12,
    "dma200" : 701.47,
    "volume" : 1035626.00
  }, {
    "date" : "2025-09-19",
    "price" : 571.15,
    "dma50" : 628.55,
    "dma100" : 716.17,
    "dma200" : 700.17,
    "volume" : 2720028.00
  }, {
    "date" : "2025-09-22",
    "price" : 561.00,
    "dma50" : 625.90,
    "dma100" : 713.33,
    "dma200" : 698.79,
    "volume" : 1969687.00
  }, {
    "date" : "2025-09-23",
    "price" : 558.20,
    "dma50" : 623.24,
    "dma100" : 710.64,
    "dma200" : 697.39,
    "volume" : 1286257.00
  }, {
    "date" : "2025-09-24",
    "price" : 544.30,
    "dma50" : 620.15,
    "dma100" : 707.86,
    "dma200" : 695.87,
    "volume" : 1708100.00
  }, {
    "date" : "2025-09-25",
    "price" : 539.75,
    "dma50" : 617.00,
    "dma100" : 705.31,
    "dma200" : 694.31,
    "volume" : 1263710.00
  }, {
    "date" : "2025-09-26",
    "price" : 514.65,
    "dma50" : 612.98,
    "dma100" : 702.00,
    "dma200" : 692.53,
    "volume" : 4334107.00
  }, {
    "date" : "2025-09-29",
    "price" : 504.70,
    "dma50" : 608.74,
    "dma100" : 698.75,
    "dma200" : 690.66,
    "volume" : 7286487.00
  }, {
    "date" : "2025-09-30",
    "price" : 502.30,
    "dma50" : 604.56,
    "dma100" : 695.79,
    "dma200" : 688.78,
    "volume" : 2133036.00
  }, {
    "date" : "2025-10-01",
    "price" : 510.85,
    "dma50" : 600.89,
    "dma100" : 692.08,
    "dma200" : 687.01,
    "volume" : 1451732.00
  }, {
    "date" : "2025-10-03",
    "price" : 514.15,
    "dma50" : 597.49,
    "dma100" : 688.76,
    "dma200" : 685.29,
    "volume" : 1860374.00
  }, {
    "date" : "2025-10-06",
    "price" : 517.20,
    "dma50" : 594.34,
    "dma100" : 685.60,
    "dma200" : 683.62,
    "volume" : 2141959.00
  }, {
    "date" : "2025-10-07",
    "price" : 521.25,
    "dma50" : 591.47,
    "dma100" : 682.72,
    "dma200" : 682.00,
    "volume" : 3466481.00
  }, {
    "date" : "2025-10-08",
    "price" : 514.70,
    "dma50" : 588.46,
    "dma100" : 679.82,
    "dma200" : 680.34,
    "volume" : 2126651.00
  }, {
    "date" : "2025-10-09",
    "price" : 553.15,
    "dma50" : 587.08,
    "dma100" : 677.48,
    "dma200" : 679.07,
    "volume" : 19981094.00
  }, {
    "date" : "2025-10-10",
    "price" : 585.95,
    "dma50" : 587.03,
    "dma100" : 675.12,
    "dma200" : 678.15,
    "volume" : 14653163.00
  }, {
    "date" : "2025-10-13",
    "price" : 583.75,
    "dma50" : 586.90,
    "dma100" : 673.03,
    "dma200" : 677.21,
    "volume" : 5130512.00
  }, {
    "date" : "2025-10-14",
    "price" : 569.05,
    "dma50" : 586.20,
    "dma100" : 671.16,
    "dma200" : 676.13,
    "volume" : 3631212.00
  }, {
    "date" : "2025-10-15",
    "price" : 571.30,
    "dma50" : 585.62,
    "dma100" : 669.13,
    "dma200" : 675.09,
    "volume" : 2711165.00
  }, {
    "date" : "2025-10-16",
    "price" : 568.85,
    "dma50" : 584.96,
    "dma100" : 667.10,
    "dma200" : 674.03,
    "volume" : 1775795.00
  }, {
    "date" : "2025-10-17",
    "price" : 588.25,
    "dma50" : 585.09,
    "dma100" : 665.33,
    "dma200" : 673.18,
    "volume" : 5341911.00
  }, {
    "date" : "2025-10-20",
    "price" : 584.00,
    "dma50" : 585.05,
    "dma100" : 663.37,
    "dma200" : 672.29,
    "volume" : 2899208.00
  }, {
    "date" : "2025-10-21",
    "price" : 583.20,
    "dma50" : 584.97,
    "dma100" : 661.50,
    "dma200" : 671.40,
    "volume" : 603820.00
  }, {
    "date" : "2025-10-23",
    "price" : 575.75,
    "dma50" : 584.61,
    "dma100" : 659.54,
    "dma200" : 670.45,
    "volume" : 1208848.00
  }, {
    "date" : "2025-10-24",
    "price" : 575.95,
    "dma50" : 584.27,
    "dma100" : 657.40,
    "dma200" : 669.51,
    "volume" : 881805.00
  }, {
    "date" : "2025-10-27",
    "price" : 571.95,
    "dma50" : 583.79,
    "dma100" : 655.47,
    "dma200" : 668.54,
    "volume" : 990106.00
  }, {
    "date" : "2025-10-28",
    "price" : 565.30,
    "dma50" : 583.06,
    "dma100" : 653.53,
    "dma200" : 667.51,
    "volume" : 1120659.00
  }, {
    "date" : "2025-10-29",
    "price" : 574.60,
    "dma50" : 582.73,
    "dma100" : 651.49,
    "dma200" : 666.59,
    "volume" : 1306967.00
  }, {
    "date" : "2025-10-30",
    "price" : 573.80,
    "dma50" : 582.38,
    "dma100" : 649.51,
    "dma200" : 665.67,
    "volume" : 633365.00
  }, {
    "date" : "2025-10-31",
    "price" : 570.95,
    "dma50" : 581.93,
    "dma100" : 647.52,
    "dma200" : 664.72,
    "volume" : 1270554.00
  }, {
    "date" : "2025-11-03",
    "price" : 575.95,
    "dma50" : 581.70,
    "dma100" : 645.65,
    "dma200" : 663.84,
    "volume" : 789940.00
  }, {
    "date" : "2025-11-04",
    "price" : 568.75,
    "dma50" : 581.19,
    "dma100" : 643.69,
    "dma200" : 662.89,
    "volume" : 1041022.00
  }, {
    "date" : "2025-11-06",
    "price" : 550.10,
    "dma50" : 579.97,
    "dma100" : 641.61,
    "dma200" : 661.77,
    "volume" : 1651402.00
  }, {
    "date" : "2025-11-07",
    "price" : 528.30,
    "dma50" : 577.95,
    "dma100" : 639.38,
    "dma200" : 660.44,
    "volume" : 5497034.00
  }, {
    "date" : "2025-11-10",
    "price" : 532.30,
    "dma50" : 576.16,
    "dma100" : 637.09,
    "dma200" : 659.17,
    "volume" : 1294338.00
  }, {
    "date" : "2025-11-11",
    "price" : 529.20,
    "dma50" : 574.31,
    "dma100" : 634.73,
    "dma200" : 657.88,
    "volume" : 1332482.00
  }, {
    "date" : "2025-11-12",
    "price" : 528.00,
    "dma50" : 572.50,
    "dma100" : 632.38,
    "dma200" : 656.58,
    "volume" : 2083808.00
  }, {
    "date" : "2025-11-13",
    "price" : 559.45,
    "dma50" : 571.99,
    "dma100" : 630.51,
    "dma200" : 655.62,
    "volume" : 12782723.00
  }, {
    "date" : "2025-11-14",
    "price" : 578.10,
    "dma50" : 572.23,
    "dma100" : 628.89,
    "dma200" : 654.85,
    "volume" : 16474036.00
  }, {
    "date" : "2025-11-17",
    "price" : 580.35,
    "dma50" : 572.54,
    "dma100" : 627.34,
    "dma200" : 654.10,
    "volume" : 4562430.00
  }, {
    "date" : "2025-11-18",
    "price" : 582.90,
    "dma50" : 572.95,
    "dma100" : 625.53,
    "dma200" : 653.40,
    "volume" : 3487738.00
  }, {
    "date" : "2025-11-19",
    "price" : 579.80,
    "dma50" : 573.22,
    "dma100" : 623.70,
    "dma200" : 652.66,
    "volume" : 1932972.00
  }, {
    "date" : "2025-11-20",
    "price" : 590.55,
    "dma50" : 573.90,
    "dma100" : 622.07,
    "dma200" : 652.05,
    "volume" : 3274463.00
  }, {
    "date" : "2025-11-21",
    "price" : 591.40,
    "dma50" : 574.59,
    "dma100" : 620.38,
    "dma200" : 651.44,
    "volume" : 7152761.00
  }, {
    "date" : "2025-11-24",
    "price" : 573.90,
    "dma50" : 574.56,
    "dma100" : 618.57,
    "dma200" : 650.67,
    "volume" : 2638857.00
  }, {
    "date" : "2025-11-25",
    "price" : 570.35,
    "dma50" : 574.39,
    "dma100" : 617.04,
    "dma200" : 649.87,
    "volume" : 1315192.00
  }, {
    "date" : "2025-11-26",
    "price" : 604.20,
    "dma50" : 575.56,
    "dma100" : 615.62,
    "dma200" : 649.42,
    "volume" : 5492147.00
  }, {
    "date" : "2025-11-27",
    "price" : 585.50,
    "dma50" : 575.95,
    "dma100" : 613.86,
    "dma200" : 648.78,
    "volume" : 1969054.00
  }, {
    "date" : "2025-11-28",
    "price" : 590.90,
    "dma50" : 576.54,
    "dma100" : 612.22,
    "dma200" : 648.20,
    "volume" : 2199829.00
  }, {
    "date" : "2025-12-01",
    "price" : 592.50,
    "dma50" : 577.16,
    "dma100" : 610.55,
    "dma200" : 647.65,
    "volume" : 1013263.00
  }, {
    "date" : "2025-12-02",
    "price" : 587.20,
    "dma50" : 577.56,
    "dma100" : 609.02,
    "dma200" : 647.05,
    "volume" : 1326270.00
  }, {
    "date" : "2025-12-03",
    "price" : 572.10,
    "dma50" : 577.34,
    "dma100" : 606.86,
    "dma200" : 646.30,
    "volume" : 1641057.00
  }, {
    "date" : "2025-12-04",
    "price" : 579.05,
    "dma50" : 577.41,
    "dma100" : 604.91,
    "dma200" : 645.63,
    "volume" : 2294875.00
  }, {
    "date" : "2025-12-05",
    "price" : 553.90,
    "dma50" : 576.49,
    "dma100" : 602.77,
    "dma200" : 644.72,
    "volume" : 2483945.00
  }, {
    "date" : "2025-12-08",
    "price" : 529.60,
    "dma50" : 574.65,
    "dma100" : 600.23,
    "dma200" : 643.58,
    "volume" : 4794321.00
  }, {
    "date" : "2025-12-09",
    "price" : 556.45,
    "dma50" : 573.94,
    "dma100" : 597.71,
    "dma200" : 642.71,
    "volume" : 9878536.00
  }, {
    "date" : "2025-12-10",
    "price" : 540.15,
    "dma50" : 572.61,
    "dma100" : 594.83,
    "dma200" : 641.69,
    "volume" : 3382851.00
  }, {
    "date" : "2025-12-11",
    "price" : 548.20,
    "dma50" : 571.65,
    "dma100" : 592.05,
    "dma200" : 640.76,
    "volume" : 2322291.00
  }, {
    "date" : "2025-12-12",
    "price" : 567.10,
    "dma50" : 571.48,
    "dma100" : 589.63,
    "dma200" : 640.02,
    "volume" : 4186518.00
  }, {
    "date" : "2025-12-15",
    "price" : 564.75,
    "dma50" : 571.21,
    "dma100" : 587.21,
    "dma200" : 639.28,
    "volume" : 1926700.00
  }, {
    "date" : "2025-12-16",
    "price" : 570.95,
    "dma50" : 571.20,
    "dma100" : 585.03,
    "dma200" : 638.60,
    "volume" : 2767546.00
  }, {
    "date" : "2025-12-17",
    "price" : 563.75,
    "dma50" : 570.91,
    "dma100" : 582.76,
    "dma200" : 637.85,
    "volume" : 1519721.00
  }, {
    "date" : "2025-12-18",
    "price" : 566.35,
    "dma50" : 570.73,
    "dma100" : 580.41,
    "dma200" : 637.14,
    "volume" : 1145392.00
  }, {
    "date" : "2025-12-19",
    "price" : 582.00,
    "dma50" : 571.17,
    "dma100" : 578.22,
    "dma200" : 636.59,
    "volume" : 1584117.00
  }, {
    "date" : "2025-12-22",
    "price" : 579.55,
    "dma50" : 571.50,
    "dma100" : 576.12,
    "dma200" : 636.02,
    "volume" : 1157451.00
  }, {
    "date" : "2025-12-23",
    "price" : 576.00,
    "dma50" : 571.68,
    "dma100" : 573.81,
    "dma200" : 635.43,
    "volume" : 959404.00
  }, {
    "date" : "2025-12-24",
    "price" : 581.60,
    "dma50" : 572.07,
    "dma100" : 571.58,
    "dma200" : 634.89,
    "volume" : 1865771.00
  }, {
    "date" : "2025-12-26",
    "price" : 581.05,
    "dma50" : 572.42,
    "dma100" : 569.27,
    "dma200" : 634.36,
    "volume" : 1628651.00
  }, {
    "date" : "2025-12-29",
    "price" : 574.05,
    "dma50" : 572.48,
    "dma100" : 567.22,
    "dma200" : 633.76,
    "volume" : 1265237.00
  }, {
    "date" : "2025-12-30",
    "price" : 562.05,
    "dma50" : 572.07,
    "dma100" : 564.95,
    "dma200" : 633.04,
    "volume" : 3368150.00
  }, {
    "date" : "2025-12-31",
    "price" : 575.30,
    "dma50" : 572.20,
    "dma100" : 562.80,
    "dma200" : 632.47,
    "volume" : 2142944.00
  }, {
    "date" : "2026-01-01",
    "price" : 578.95,
    "dma50" : 572.46,
    "dma100" : 561.07,
    "dma200" : 631.93,
    "volume" : 614947.00
  }, {
    "date" : "2026-01-02",
    "price" : 602.70,
    "dma50" : 573.65,
    "dma100" : 559.72,
    "dma200" : 631.64,
    "volume" : 5048526.00
  }, {
    "date" : "2026-01-05",
    "price" : 630.60,
    "dma50" : 575.88,
    "dma100" : 560.14,
    "dma200" : 631.63,
    "volume" : 9004550.00
  }, {
    "date" : "2026-01-06",
    "price" : 626.60,
    "dma50" : 577.87,
    "dma100" : 561.35,
    "dma200" : 631.58,
    "volume" : 2125670.00
  }, {
    "date" : "2026-01-07",
    "price" : 622.40,
    "dma50" : 579.62,
    "dma100" : 562.42,
    "dma200" : 631.49,
    "volume" : 1221899.00
  }, {
    "date" : "2026-01-08",
    "price" : 608.40,
    "dma50" : 580.75,
    "dma100" : 563.64,
    "dma200" : 631.26,
    "volume" : 1266734.00
  }, {
    "date" : "2026-01-09",
    "price" : 595.70,
    "dma50" : 581.33,
    "dma100" : 564.70,
    "dma200" : 630.91,
    "volume" : 1268832.00
  }, {
    "date" : "2026-01-12",
    "price" : 595.55,
    "dma50" : 581.89,
    "dma100" : 565.37,
    "dma200" : 630.56,
    "volume" : 2332940.00
  }, {
    "date" : "2026-01-13",
    "price" : 591.70,
    "dma50" : 582.28,
    "dma100" : 565.89,
    "dma200" : 630.17,
    "volume" : 1385292.00
  }, {
    "date" : "2026-01-14",
    "price" : 587.30,
    "dma50" : 582.47,
    "dma100" : 566.39,
    "dma200" : 629.74,
    "volume" : 1170707.00
  }, {
    "date" : "2026-01-16",
    "price" : 585.75,
    "dma50" : 582.60,
    "dma100" : 566.66,
    "dma200" : 629.31,
    "volume" : 1693847.00
  }, {
    "date" : "2026-01-19",
    "price" : 575.45,
    "dma50" : 582.32,
    "dma100" : 566.78,
    "dma200" : 628.77,
    "volume" : 1370847.00
  }, {
    "date" : "2026-01-20",
    "price" : 551.40,
    "dma50" : 581.11,
    "dma100" : 566.45,
    "dma200" : 628.00,
    "volume" : 2377483.00
  }, {
    "date" : "2026-01-21",
    "price" : 533.00,
    "dma50" : 579.22,
    "dma100" : 566.21,
    "dma200" : 627.05,
    "volume" : 3098119.00
  }, {
    "date" : "2026-01-22",
    "price" : 530.40,
    "dma50" : 577.31,
    "dma100" : 566.10,
    "dma200" : 626.09,
    "volume" : 1729626.00
  }, {
    "date" : "2026-01-23",
    "price" : 510.35,
    "dma50" : 574.68,
    "dma100" : 565.87,
    "dma200" : 624.94,
    "volume" : 2089260.00
  }, {
    "date" : "2026-01-27",
    "price" : 518.55,
    "dma50" : 572.48,
    "dma100" : 565.51,
    "dma200" : 623.88,
    "volume" : 2425834.00
  }, {
    "date" : "2026-01-28",
    "price" : 540.05,
    "dma50" : 571.21,
    "dma100" : 565.31,
    "dma200" : 623.05,
    "volume" : 1529927.00
  }, {
    "date" : "2026-01-29",
    "price" : 528.80,
    "dma50" : 569.55,
    "dma100" : 565.06,
    "dma200" : 622.11,
    "volume" : 2391669.00
  }, {
    "date" : "2026-01-30",
    "price" : 547.70,
    "dma50" : 568.69,
    "dma100" : 564.99,
    "dma200" : 621.37,
    "volume" : 4782501.00
  }, {
    "date" : "2026-02-01",
    "price" : 541.50,
    "dma50" : 567.62,
    "dma100" : 564.86,
    "dma200" : 620.58,
    "volume" : 1320103.00
  }, {
    "date" : "2026-02-02",
    "price" : 562.80,
    "dma50" : 567.43,
    "dma100" : 564.97,
    "dma200" : 620.00,
    "volume" : 3726078.00
  }, {
    "date" : "2026-02-03",
    "price" : 562.10,
    "dma50" : 567.22,
    "dma100" : 564.93,
    "dma200" : 619.42,
    "volume" : 14003737.00
  }, {
    "date" : "2026-02-04",
    "price" : 591.35,
    "dma50" : 568.17,
    "dma100" : 565.12,
    "dma200" : 619.14,
    "volume" : 4966089.00
  }, {
    "date" : "2026-02-05",
    "price" : 584.95,
    "dma50" : 568.83,
    "dma100" : 565.27,
    "dma200" : 618.80,
    "volume" : 1392442.00
  }, {
    "date" : "2026-02-06",
    "price" : 584.90,
    "dma50" : 569.46,
    "dma100" : 565.42,
    "dma200" : 618.47,
    "volume" : 2330158.00
  }, {
    "date" : "2026-02-09",
    "price" : 593.15,
    "dma50" : 570.39,
    "dma100" : 565.62,
    "dma200" : 618.22,
    "volume" : 3244545.00
  }, {
    "date" : "2026-02-10",
    "price" : 601.80,
    "dma50" : 571.62,
    "dma100" : 565.94,
    "dma200" : 618.05,
    "volume" : 3507682.00
  }, {
    "date" : "2026-02-11",
    "price" : 617.75,
    "dma50" : 573.43,
    "dma100" : 566.43,
    "dma200" : 618.05,
    "volume" : 2824464.00
  } ],
  "latestTechnicalAttributes" : {
    "date" : "2026-02-11",
    "price" : 617.75,
    "dma50" : 573.43,
    "dma100" : 566.43,
    "dma200" : 618.05,
    "volume" : 2824464.00
  },
  "quarterlyResults" : [ {
    "date" : "2011-06-30",
    "sales" : 48.95,
    "salesGrowthYoY" : null,
    "grossProfitMargin" : 14.63,
    "grossProfit" : 7.16,
    "operatingProfitMargin" : 3.17,
    "operatingProfit" : 1.55,
    "netProfitMargin" : -2.64,
    "netProfit" : -1.29
  }, {
    "date" : "2011-09-30",
    "sales" : 68.41,
    "salesGrowthYoY" : null,
    "grossProfitMargin" : 13.24,
    "grossProfit" : 9.06,
    "operatingProfitMargin" : 3.42,
    "operatingProfit" : 2.34,
    "netProfitMargin" : -1.83,
    "netProfit" : -1.25
  }, {
    "date" : "2011-12-31",
    "sales" : 39.03,
    "salesGrowthYoY" : null,
    "grossProfitMargin" : 13.40,
    "grossProfit" : 5.23,
    "operatingProfitMargin" : -2.08,
    "operatingProfit" : -0.81,
    "netProfitMargin" : -10.94,
    "netProfit" : -4.27
  }, {
    "date" : "2012-03-31",
    "sales" : 65.40,
    "salesGrowthYoY" : null,
    "grossProfitMargin" : 12.14,
    "grossProfit" : 7.94,
    "operatingProfitMargin" : 0.34,
    "operatingProfit" : 0.22,
    "netProfitMargin" : -1.47,
    "netProfit" : -0.96
  }, {
    "date" : "2012-06-30",
    "sales" : 78.02,
    "salesGrowthYoY" : 59.39,
    "grossProfitMargin" : 10.47,
    "grossProfit" : 8.17,
    "operatingProfitMargin" : 0.44,
    "operatingProfit" : 0.34,
    "netProfitMargin" : 0.33,
    "netProfit" : 0.26
  }, {
    "date" : "2012-09-30",
    "sales" : 93.96,
    "salesGrowthYoY" : 37.35,
    "grossProfitMargin" : 10.03,
    "grossProfit" : 9.42,
    "operatingProfitMargin" : 0.72,
    "operatingProfit" : 0.68,
    "netProfitMargin" : -1.94,
    "netProfit" : -1.82
  }, {
    "date" : "2012-12-31",
    "sales" : 57.86,
    "salesGrowthYoY" : 48.24,
    "grossProfitMargin" : 14.05,
    "grossProfit" : 8.13,
    "operatingProfitMargin" : 1.30,
    "operatingProfit" : 0.75,
    "netProfitMargin" : -5.06,
    "netProfit" : -2.93
  }, {
    "date" : "2013-03-31",
    "sales" : 72.79,
    "salesGrowthYoY" : 11.30,
    "grossProfitMargin" : 19.23,
    "grossProfit" : 14.00,
    "operatingProfitMargin" : 4.77,
    "operatingProfit" : 3.47,
    "netProfitMargin" : -0.34,
    "netProfit" : -0.25
  }, {
    "date" : "2013-06-30",
    "sales" : 57.17,
    "salesGrowthYoY" : -26.72,
    "grossProfitMargin" : 20.76,
    "grossProfit" : 11.87,
    "operatingProfitMargin" : 3.27,
    "operatingProfit" : 1.87,
    "netProfitMargin" : -3.59,
    "netProfit" : -2.05
  }, {
    "date" : "2013-09-30",
    "sales" : 47.95,
    "salesGrowthYoY" : -48.97,
    "grossProfitMargin" : 18.52,
    "grossProfit" : 8.88,
    "operatingProfitMargin" : 0.06,
    "operatingProfit" : 0.03,
    "netProfitMargin" : -7.34,
    "netProfit" : -3.52
  }, {
    "date" : "2013-12-31",
    "sales" : 46.54,
    "salesGrowthYoY" : -19.56,
    "grossProfitMargin" : 15.00,
    "grossProfit" : 6.98,
    "operatingProfitMargin" : -4.13,
    "operatingProfit" : -1.92,
    "netProfitMargin" : -14.03,
    "netProfit" : -6.53
  }, {
    "date" : "2014-03-31",
    "sales" : 66.47,
    "salesGrowthYoY" : -8.68,
    "grossProfitMargin" : 8.74,
    "grossProfit" : 5.81,
    "operatingProfitMargin" : -4.45,
    "operatingProfit" : -2.96,
    "netProfitMargin" : -11.84,
    "netProfit" : -7.87
  }, {
    "date" : "2014-06-30",
    "sales" : 63.35,
    "salesGrowthYoY" : 10.81,
    "grossProfitMargin" : 21.69,
    "grossProfit" : 13.74,
    "operatingProfitMargin" : 5.67,
    "operatingProfit" : 3.59,
    "netProfitMargin" : -1.74,
    "netProfit" : -1.10
  }, {
    "date" : "2014-09-30",
    "sales" : 54.91,
    "salesGrowthYoY" : 14.52,
    "grossProfitMargin" : 24.06,
    "grossProfit" : 13.21,
    "operatingProfitMargin" : 4.50,
    "operatingProfit" : 2.47,
    "netProfitMargin" : -5.24,
    "netProfit" : -2.88
  }, {
    "date" : "2014-12-31",
    "sales" : 47.12,
    "salesGrowthYoY" : 1.25,
    "grossProfitMargin" : 18.85,
    "grossProfit" : 8.88,
    "operatingProfitMargin" : -1.87,
    "operatingProfit" : -0.88,
    "netProfitMargin" : -12.39,
    "netProfit" : -5.84
  }, {
    "date" : "2015-03-31",
    "sales" : 73.35,
    "salesGrowthYoY" : 10.35,
    "grossProfitMargin" : 25.97,
    "grossProfit" : 19.05,
    "operatingProfitMargin" : 9.16,
    "operatingProfit" : 6.72,
    "netProfitMargin" : 7.35,
    "netProfit" : 5.39
  }, {
    "date" : "2015-06-30",
    "sales" : 61.53,
    "salesGrowthYoY" : -2.87,
    "grossProfitMargin" : 25.42,
    "grossProfit" : 15.64,
    "operatingProfitMargin" : 6.91,
    "operatingProfit" : 4.25,
    "netProfitMargin" : 0.46,
    "netProfit" : 0.28
  }, {
    "date" : "2015-09-30",
    "sales" : 52.18,
    "salesGrowthYoY" : -4.97,
    "grossProfitMargin" : 27.92,
    "grossProfit" : 14.57,
    "operatingProfitMargin" : 5.50,
    "operatingProfit" : 2.87,
    "netProfitMargin" : -2.40,
    "netProfit" : -1.25
  }, {
    "date" : "2015-12-31",
    "sales" : 51.29,
    "salesGrowthYoY" : 8.85,
    "grossProfitMargin" : 23.92,
    "grossProfit" : 12.27,
    "operatingProfitMargin" : 2.40,
    "operatingProfit" : 1.23,
    "netProfitMargin" : -6.10,
    "netProfit" : -3.13
  }, {
    "date" : "2016-03-31",
    "sales" : 95.26,
    "salesGrowthYoY" : 29.87,
    "grossProfitMargin" : 27.77,
    "grossProfit" : 26.45,
    "operatingProfitMargin" : 10.43,
    "operatingProfit" : 9.94,
    "netProfitMargin" : 6.48,
    "netProfit" : 6.17
  }, {
    "date" : "2016-06-30",
    "sales" : 99.00,
    "salesGrowthYoY" : 60.90,
    "grossProfitMargin" : 22.76,
    "grossProfit" : 22.53,
    "operatingProfitMargin" : 5.36,
    "operatingProfit" : 5.31,
    "netProfitMargin" : 1.20,
    "netProfit" : 1.19
  }, {
    "date" : "2016-09-30",
    "sales" : 75.52,
    "salesGrowthYoY" : 44.73,
    "grossProfitMargin" : 25.64,
    "grossProfit" : 19.36,
    "operatingProfitMargin" : 5.39,
    "operatingProfit" : 4.07,
    "netProfitMargin" : 0.00,
    "netProfit" : 0.00
  }, {
    "date" : "2016-12-31",
    "sales" : 71.72,
    "salesGrowthYoY" : 39.83,
    "grossProfitMargin" : 26.27,
    "grossProfit" : 18.84,
    "operatingProfitMargin" : 6.12,
    "operatingProfit" : 4.39,
    "netProfitMargin" : 0.40,
    "netProfit" : 0.29
  }, {
    "date" : "2017-03-31",
    "sales" : 120.12,
    "salesGrowthYoY" : 26.10,
    "grossProfitMargin" : 20.45,
    "grossProfit" : 24.56,
    "operatingProfitMargin" : 5.74,
    "operatingProfit" : 6.89,
    "netProfitMargin" : 1.57,
    "netProfit" : 1.89
  }, {
    "date" : "2017-06-30",
    "sales" : 111.44,
    "salesGrowthYoY" : 12.57,
    "grossProfitMargin" : 22.76,
    "grossProfit" : 25.36,
    "operatingProfitMargin" : 6.73,
    "operatingProfit" : 7.50,
    "netProfitMargin" : 1.93,
    "netProfit" : 2.15
  }, {
    "date" : "2017-09-30",
    "sales" : 90.30,
    "salesGrowthYoY" : 19.57,
    "grossProfitMargin" : 23.32,
    "grossProfit" : 21.06,
    "operatingProfitMargin" : 8.22,
    "operatingProfit" : 7.42,
    "netProfitMargin" : 2.24,
    "netProfit" : 2.02
  }, {
    "date" : "2017-12-31",
    "sales" : 81.39,
    "salesGrowthYoY" : 13.48,
    "grossProfitMargin" : 24.98,
    "grossProfit" : 20.33,
    "operatingProfitMargin" : 5.59,
    "operatingProfit" : 4.55,
    "netProfitMargin" : 0.59,
    "netProfit" : 0.48
  }, {
    "date" : "2018-03-31",
    "sales" : 116.69,
    "salesGrowthYoY" : -2.86,
    "grossProfitMargin" : 20.52,
    "grossProfit" : 23.94,
    "operatingProfitMargin" : 4.70,
    "operatingProfit" : 5.48,
    "netProfitMargin" : 2.43,
    "netProfit" : 2.84
  }, {
    "date" : "2018-06-30",
    "sales" : 116.50,
    "salesGrowthYoY" : 4.54,
    "grossProfitMargin" : 23.05,
    "grossProfit" : 26.85,
    "operatingProfitMargin" : 6.61,
    "operatingProfit" : 7.70,
    "netProfitMargin" : 2.36,
    "netProfit" : 2.75
  }, {
    "date" : "2018-09-30",
    "sales" : 114.94,
    "salesGrowthYoY" : 27.29,
    "grossProfitMargin" : 21.33,
    "grossProfit" : 24.52,
    "operatingProfitMargin" : 4.89,
    "operatingProfit" : 5.62,
    "netProfitMargin" : 1.03,
    "netProfit" : 1.18
  }, {
    "date" : "2018-12-31",
    "sales" : 107.00,
    "salesGrowthYoY" : 31.47,
    "grossProfitMargin" : 21.33,
    "grossProfit" : 22.82,
    "operatingProfitMargin" : 4.73,
    "operatingProfit" : 5.06,
    "netProfitMargin" : -0.32,
    "netProfit" : -0.34
  }, {
    "date" : "2019-03-31",
    "sales" : 169.92,
    "salesGrowthYoY" : 45.62,
    "grossProfitMargin" : 20.62,
    "grossProfit" : 35.04,
    "operatingProfitMargin" : 7.23,
    "operatingProfit" : 12.29,
    "netProfitMargin" : 3.73,
    "netProfit" : 6.34
  }, {
    "date" : "2019-06-30",
    "sales" : 172.80,
    "salesGrowthYoY" : 48.33,
    "grossProfitMargin" : 19.12,
    "grossProfit" : 33.04,
    "operatingProfitMargin" : 6.33,
    "operatingProfit" : 10.94,
    "netProfitMargin" : 2.42,
    "netProfit" : 4.18
  }, {
    "date" : "2019-09-30",
    "sales" : 144.33,
    "salesGrowthYoY" : 25.57,
    "grossProfitMargin" : 22.01,
    "grossProfit" : 31.77,
    "operatingProfitMargin" : 5.79,
    "operatingProfit" : 8.36,
    "netProfitMargin" : 0.52,
    "netProfit" : 0.75
  }, {
    "date" : "2019-12-31",
    "sales" : 140.03,
    "salesGrowthYoY" : 30.87,
    "grossProfitMargin" : 21.94,
    "grossProfit" : 30.72,
    "operatingProfitMargin" : 5.09,
    "operatingProfit" : 7.13,
    "netProfitMargin" : 0.44,
    "netProfit" : 0.62
  }, {
    "date" : "2020-03-31",
    "sales" : 182.25,
    "salesGrowthYoY" : 7.26,
    "grossProfitMargin" : 22.03,
    "grossProfit" : 40.15,
    "operatingProfitMargin" : 7.16,
    "operatingProfit" : 13.05,
    "netProfitMargin" : -2.74,
    "netProfit" : -4.99
  }, {
    "date" : "2020-06-30",
    "sales" : 36.85,
    "salesGrowthYoY" : -78.67,
    "grossProfitMargin" : 21.79,
    "grossProfit" : 8.03,
    "operatingProfitMargin" : -7.73,
    "operatingProfit" : -2.85,
    "netProfitMargin" : -23.20,
    "netProfit" : -8.55
  }, {
    "date" : "2020-09-30",
    "sales" : 152.82,
    "salesGrowthYoY" : 5.88,
    "grossProfitMargin" : 23.86,
    "grossProfit" : 36.46,
    "operatingProfitMargin" : 8.47,
    "operatingProfit" : 12.94,
    "netProfitMargin" : 2.00,
    "netProfit" : 3.06
  }, {
    "date" : "2020-12-31",
    "sales" : 183.97,
    "salesGrowthYoY" : 31.38,
    "grossProfitMargin" : 22.78,
    "grossProfit" : 41.91,
    "operatingProfitMargin" : 8.34,
    "operatingProfit" : 15.34,
    "netProfitMargin" : 3.41,
    "netProfit" : 6.27
  }, {
    "date" : "2021-03-31",
    "sales" : 329.57,
    "salesGrowthYoY" : 80.83,
    "grossProfitMargin" : 18.29,
    "grossProfit" : 60.28,
    "operatingProfitMargin" : 7.38,
    "operatingProfit" : 24.32,
    "netProfitMargin" : 3.45,
    "netProfit" : 11.37
  }, {
    "date" : "2021-06-30",
    "sales" : 137.48,
    "salesGrowthYoY" : 273.08,
    "grossProfitMargin" : 22.31,
    "grossProfit" : 30.67,
    "operatingProfitMargin" : 6.73,
    "operatingProfit" : 9.25,
    "netProfitMargin" : 0.52,
    "netProfit" : 0.71
  }, {
    "date" : "2021-09-30",
    "sales" : 199.31,
    "salesGrowthYoY" : 30.42,
    "grossProfitMargin" : 21.63,
    "grossProfit" : 43.11,
    "operatingProfitMargin" : 6.68,
    "operatingProfit" : 13.31,
    "netProfitMargin" : 2.25,
    "netProfit" : 4.48
  }, {
    "date" : "2021-12-31",
    "sales" : 267.57,
    "salesGrowthYoY" : 45.44,
    "grossProfitMargin" : 18.12,
    "grossProfit" : 48.48,
    "operatingProfitMargin" : 5.88,
    "operatingProfit" : 15.73,
    "netProfitMargin" : 2.15,
    "netProfit" : 5.75
  }, {
    "date" : "2022-03-31",
    "sales" : 431.50,
    "salesGrowthYoY" : 30.93,
    "grossProfitMargin" : 18.20,
    "grossProfit" : 78.53,
    "operatingProfitMargin" : 8.85,
    "operatingProfit" : 38.19,
    "netProfitMargin" : 5.06,
    "netProfit" : 21.83
  }, {
    "date" : "2022-06-30",
    "sales" : 413.07,
    "salesGrowthYoY" : 200.46,
    "grossProfitMargin" : 13.28,
    "grossProfit" : 54.86,
    "operatingProfitMargin" : 4.53,
    "operatingProfit" : 18.71,
    "netProfitMargin" : 2.04,
    "netProfit" : 8.43
  }, {
    "date" : "2022-09-30",
    "sales" : 338.33,
    "salesGrowthYoY" : 69.75,
    "grossProfitMargin" : 19.87,
    "grossProfit" : 67.23,
    "operatingProfitMargin" : 9.47,
    "operatingProfit" : 32.04,
    "netProfitMargin" : 5.18,
    "netProfit" : 17.53
  }, {
    "date" : "2022-12-31",
    "sales" : 282.10,
    "salesGrowthYoY" : 5.43,
    "grossProfitMargin" : 19.01,
    "grossProfit" : 53.63,
    "operatingProfitMargin" : 7.70,
    "operatingProfit" : 21.72,
    "netProfitMargin" : 3.40,
    "netProfit" : 9.59
  }, {
    "date" : "2023-03-31",
    "sales" : 296.10,
    "salesGrowthYoY" : -31.38,
    "grossProfitMargin" : 18.82,
    "grossProfit" : 55.73,
    "operatingProfitMargin" : 6.62,
    "operatingProfit" : 19.60,
    "netProfitMargin" : 2.93,
    "netProfit" : 8.68
  }, {
    "date" : "2023-06-30",
    "sales" : 307.10,
    "salesGrowthYoY" : -25.65,
    "grossProfitMargin" : 19.92,
    "grossProfit" : 61.17,
    "operatingProfitMargin" : 8.37,
    "operatingProfit" : 25.70,
    "netProfitMargin" : 4.01,
    "netProfit" : 12.31
  }, {
    "date" : "2023-09-30",
    "sales" : 391.80,
    "salesGrowthYoY" : 15.80,
    "grossProfitMargin" : 18.98,
    "grossProfit" : 74.36,
    "operatingProfitMargin" : 8.49,
    "operatingProfit" : 33.26,
    "netProfitMargin" : 5.03,
    "netProfit" : 19.71
  }, {
    "date" : "2023-12-31",
    "sales" : 339.27,
    "salesGrowthYoY" : 20.27,
    "grossProfitMargin" : 20.88,
    "grossProfit" : 70.84,
    "operatingProfitMargin" : 8.99,
    "operatingProfit" : 30.50,
    "netProfitMargin" : 6.39,
    "netProfit" : 21.68
  }, {
    "date" : "2024-03-31",
    "sales" : 379.55,
    "salesGrowthYoY" : 28.18,
    "grossProfitMargin" : 20.39,
    "grossProfit" : 77.39,
    "operatingProfitMargin" : 8.21,
    "operatingProfit" : 31.16,
    "netProfitMargin" : 6.42,
    "netProfit" : 24.37
  }, {
    "date" : "2024-06-30",
    "sales" : 391.22,
    "salesGrowthYoY" : 27.39,
    "grossProfitMargin" : 18.43,
    "grossProfit" : 72.10,
    "operatingProfitMargin" : 7.19,
    "operatingProfit" : 28.13,
    "netProfitMargin" : 4.70,
    "netProfit" : 18.39
  }, {
    "date" : "2024-09-30",
    "sales" : 383.13,
    "salesGrowthYoY" : -2.21,
    "grossProfitMargin" : 20.17,
    "grossProfit" : 77.28,
    "operatingProfitMargin" : 7.74,
    "operatingProfit" : 29.65,
    "netProfitMargin" : 5.11,
    "netProfit" : 19.58
  }, {
    "date" : "2024-12-31",
    "sales" : 362.08,
    "salesGrowthYoY" : 6.72,
    "grossProfitMargin" : 20.92,
    "grossProfit" : 75.75,
    "operatingProfitMargin" : 8.32,
    "operatingProfit" : 30.13,
    "netProfitMargin" : 6.61,
    "netProfit" : 23.93
  }, {
    "date" : "2025-03-31",
    "sales" : 350.33,
    "salesGrowthYoY" : -7.70,
    "grossProfitMargin" : 18.10,
    "grossProfit" : 63.41,
    "operatingProfitMargin" : 3.78,
    "operatingProfit" : 13.24,
    "netProfitMargin" : 6.51,
    "netProfit" : 22.81
  }, {
    "date" : "2025-06-30",
    "sales" : 334.65,
    "salesGrowthYoY" : -14.46,
    "grossProfitMargin" : 22.64,
    "grossProfit" : 75.76,
    "operatingProfitMargin" : 9.49,
    "operatingProfit" : 31.76,
    "netProfitMargin" : 9.52,
    "netProfit" : 31.86
  }, {
    "date" : "2025-09-30",
    "sales" : 376.27,
    "salesGrowthYoY" : -1.79,
    "grossProfitMargin" : 24.36,
    "grossProfit" : 91.66,
    "operatingProfitMargin" : 10.46,
    "operatingProfit" : 39.36,
    "netProfitMargin" : 10.28,
    "netProfit" : 38.68
  }, {
    "date" : "2025-12-31",
    "sales" : 367.49,
    "salesGrowthYoY" : 1.49,
    "grossProfitMargin" : 24.38,
    "grossProfit" : 89.59,
    "operatingProfitMargin" : 9.15,
    "operatingProfit" : 33.63,
    "netProfitMargin" : 8.59,
    "netProfit" : 31.57
  } ],
  "latestQuarterlyResult" : {
    "date" : "2025-12-31",
    "sales" : 367.49,
    "salesGrowthYoY" : 1.49,
    "grossProfitMargin" : 24.38,
    "grossProfit" : 89.59,
    "operatingProfitMargin" : 9.15,
    "operatingProfit" : 33.63,
    "netProfitMargin" : 8.59,
    "netProfit" : 31.57
  },
  "companyScore" : {
    "priceHigherThanDma50" : 5.00,
    "priceHigherThanDma100" : 5.00,
    "priceHigherThanDma200" : 0.00,
    "dma50HigherThanDma100" : 5.00,
    "dma50HigherThanDma200" : 0.00,
    "dma100HigherThanDma200" : 0.00,
    "pricePercentageAboveDma50" : 4.61,
    "pricePercentageAboveDma100" : 4.55,
    "pricePercentageAboveDma200" : 5.00,
    "weeklyVolumeHigherThanYearlyVolume" : 0.00,
    "salesGrowthPercentile" : 5.82,
    "operatingProfitMarginPercentile" : 18.56,
    "netProfitMarginPercentile" : 9.66,
    "totalTechnicalScore" : 29.16,
    "totalFundamentalScore" : 34.04,
    "totalScore" : 63.20
  }
}