{
  "metadata" : {
    "screenerCompanyId" : "2470",
    "companyCode" : "PHOENIXLTD",
    "companyName" : "Phoenix Mills",
    "screenerCompanyLink" : "https://www.screener.in/company/PHOENIXLTD/consolidated/",
    "screenerTechnicalHistoryLink" : "https://www.screener.in/api/company/2470/chart/?q=Price-DMA50-DMA200-Volume&days=365",
    "screenerQuarterlyResultsLink" : "https://www.screener.in/api/company/2470/chart/?q=GPM-OPM-NPM-Quarter+Sales&days=10000",
    "attributes" : {
      "companyCode" : "PHOENIXLTD",
      "companyName" : "Phoenix Mills",
      "marketCap" : 66170.00,
      "peRatio" : 61.80,
      "description" : "Phoenix Mills Ltd is engaged in the operation & management of malls, construction of commercial & residential property and hotel business in India. Its core businesses include Retail, Office, Hotel and Asset Management.[1]"
    },
    "companyScore" : {
      "priceHigherThanDma50" : 5.00,
      "priceHigherThanDma100" : 5.00,
      "priceHigherThanDma200" : 5.00,
      "dma50HigherThanDma100" : 5.00,
      "dma50HigherThanDma200" : 5.00,
      "dma100HigherThanDma200" : 5.00,
      "pricePercentageAboveDma50" : 4.66,
      "pricePercentageAboveDma100" : 4.36,
      "pricePercentageAboveDma200" : 4.34,
      "weeklyVolumeHigherThanYearlyVolume" : 0.00,
      "salesGrowthPercentile" : 13.42,
      "operatingProfitMarginPercentile" : 11.48,
      "netProfitMarginPercentile" : 9.40,
      "totalTechnicalScore" : 43.37,
      "totalFundamentalScore" : 34.29,
      "totalScore" : 77.66
    }
  },
  "attributes" : {
    "companyCode" : "PHOENIXLTD",
    "companyName" : "Phoenix Mills",
    "marketCap" : 66170.00,
    "peRatio" : 61.80,
    "description" : "Phoenix Mills Ltd is engaged in the operation & management of malls, construction of commercial & residential property and hotel business in India. Its core businesses include Retail, Office, Hotel and Asset Management.[1]"
  },
  "technicalHistory" : [ {
    "date" : "2024-12-30",
    "price" : 1669.25,
    "dma50" : 1680.95,
    "dma100" : null,
    "dma200" : 1593.91,
    "volume" : 1053659.00
  }, {
    "date" : "2024-12-31",
    "price" : 1634.00,
    "dma50" : 1679.11,
    "dma100" : null,
    "dma200" : 1594.31,
    "volume" : 470259.00
  }, {
    "date" : "2025-01-01",
    "price" : 1588.95,
    "dma50" : 1675.57,
    "dma100" : null,
    "dma200" : 1594.26,
    "volume" : 337072.00
  }, {
    "date" : "2025-01-02",
    "price" : 1602.65,
    "dma50" : 1672.71,
    "dma100" : null,
    "dma200" : 1594.34,
    "volume" : 720838.00
  }, {
    "date" : "2025-01-03",
    "price" : 1574.40,
    "dma50" : 1668.86,
    "dma100" : null,
    "dma200" : 1594.14,
    "volume" : 283784.00
  }, {
    "date" : "2025-01-06",
    "price" : 1547.60,
    "dma50" : 1664.10,
    "dma100" : null,
    "dma200" : 1593.68,
    "volume" : 466446.00
  }, {
    "date" : "2025-01-07",
    "price" : 1573.20,
    "dma50" : 1660.54,
    "dma100" : null,
    "dma200" : 1593.47,
    "volume" : 426149.00
  }, {
    "date" : "2025-01-08",
    "price" : 1692.25,
    "dma50" : 1661.78,
    "dma100" : null,
    "dma200" : 1594.46,
    "volume" : 2822089.00
  }, {
    "date" : "2025-01-09",
    "price" : 1637.95,
    "dma50" : 1660.85,
    "dma100" : null,
    "dma200" : 1594.89,
    "volume" : 2005881.00
  }, {
    "date" : "2025-01-10",
    "price" : 1660.10,
    "dma50" : 1660.82,
    "dma100" : null,
    "dma200" : 1595.54,
    "volume" : 1390285.00
  }, {
    "date" : "2025-01-13",
    "price" : 1529.30,
    "dma50" : 1655.66,
    "dma100" : null,
    "dma200" : 1594.88,
    "volume" : 1795257.00
  }, {
    "date" : "2025-01-14",
    "price" : 1570.70,
    "dma50" : 1652.33,
    "dma100" : null,
    "dma200" : 1594.64,
    "volume" : 979177.00
  }, {
    "date" : "2025-01-15",
    "price" : 1656.90,
    "dma50" : 1652.51,
    "dma100" : null,
    "dma200" : 1595.26,
    "volume" : 2455065.00
  }, {
    "date" : "2025-01-16",
    "price" : 1658.30,
    "dma50" : 1652.73,
    "dma100" : null,
    "dma200" : 1595.89,
    "volume" : 382611.00
  }, {
    "date" : "2025-01-17",
    "price" : 1643.60,
    "dma50" : 1652.38,
    "dma100" : null,
    "dma200" : 1596.36,
    "volume" : 326180.00
  }, {
    "date" : "2025-01-20",
    "price" : 1608.40,
    "dma50" : 1650.65,
    "dma100" : null,
    "dma200" : 1596.48,
    "volume" : 223959.00
  }, {
    "date" : "2025-01-21",
    "price" : 1520.00,
    "dma50" : 1645.53,
    "dma100" : null,
    "dma200" : 1595.72,
    "volume" : 624448.00
  }, {
    "date" : "2025-01-22",
    "price" : 1457.85,
    "dma50" : 1638.17,
    "dma100" : null,
    "dma200" : 1594.35,
    "volume" : 796956.00
  }, {
    "date" : "2025-01-23",
    "price" : 1527.95,
    "dma50" : 1633.85,
    "dma100" : null,
    "dma200" : 1593.69,
    "volume" : 660219.00
  }, {
    "date" : "2025-01-24",
    "price" : 1516.80,
    "dma50" : 1629.26,
    "dma100" : null,
    "dma200" : 1592.92,
    "volume" : 585853.00
  }, {
    "date" : "2025-01-27",
    "price" : 1483.95,
    "dma50" : 1623.56,
    "dma100" : null,
    "dma200" : 1591.84,
    "volume" : 734280.00
  }, {
    "date" : "2025-01-28",
    "price" : 1514.30,
    "dma50" : 1619.27,
    "dma100" : null,
    "dma200" : 1591.07,
    "volume" : 960500.00
  }, {
    "date" : "2025-01-29",
    "price" : 1556.95,
    "dma50" : 1616.83,
    "dma100" : null,
    "dma200" : 1590.73,
    "volume" : 173529.00
  }, {
    "date" : "2025-01-30",
    "price" : 1599.15,
    "dma50" : 1616.14,
    "dma100" : null,
    "dma200" : 1590.81,
    "volume" : 459535.00
  }, {
    "date" : "2025-01-31",
    "price" : 1641.80,
    "dma50" : 1617.14,
    "dma100" : null,
    "dma200" : 1591.32,
    "volume" : 935226.00
  }, {
    "date" : "2025-02-01",
    "price" : 1764.40,
    "dma50" : 1622.92,
    "dma100" : null,
    "dma200" : 1593.04,
    "volume" : 848567.00
  }, {
    "date" : "2025-02-03",
    "price" : 1822.10,
    "dma50" : 1630.73,
    "dma100" : null,
    "dma200" : 1595.32,
    "volume" : 1419707.00
  }, {
    "date" : "2025-02-04",
    "price" : 1784.20,
    "dma50" : 1636.75,
    "dma100" : null,
    "dma200" : 1597.20,
    "volume" : 567681.00
  }, {
    "date" : "2025-02-05",
    "price" : 1700.00,
    "dma50" : 1639.23,
    "dma100" : null,
    "dma200" : 1598.22,
    "volume" : 510248.00
  }, {
    "date" : "2025-02-06",
    "price" : 1615.60,
    "dma50" : 1638.30,
    "dma100" : null,
    "dma200" : 1598.39,
    "volume" : 704453.00
  }, {
    "date" : "2025-02-07",
    "price" : 1643.75,
    "dma50" : 1638.51,
    "dma100" : null,
    "dma200" : 1598.85,
    "volume" : 707453.00
  }, {
    "date" : "2025-02-10",
    "price" : 1622.15,
    "dma50" : 1637.87,
    "dma100" : null,
    "dma200" : 1599.08,
    "volume" : 697991.00
  }, {
    "date" : "2025-02-11",
    "price" : 1576.80,
    "dma50" : 1635.48,
    "dma100" : null,
    "dma200" : 1598.86,
    "volume" : 690672.00
  }, {
    "date" : "2025-02-12",
    "price" : 1600.05,
    "dma50" : 1634.09,
    "dma100" : null,
    "dma200" : 1598.87,
    "volume" : 545178.00
  }, {
    "date" : "2025-02-13",
    "price" : 1600.15,
    "dma50" : 1632.76,
    "dma100" : null,
    "dma200" : 1598.88,
    "volume" : 417953.00
  }, {
    "date" : "2025-02-14",
    "price" : 1569.60,
    "dma50" : 1630.28,
    "dma100" : null,
    "dma200" : 1598.59,
    "volume" : 667113.00
  }, {
    "date" : "2025-02-17",
    "price" : 1545.05,
    "dma50" : 1626.94,
    "dma100" : null,
    "dma200" : 1598.06,
    "volume" : 1068646.00
  }, {
    "date" : "2025-02-18",
    "price" : 1600.15,
    "dma50" : 1625.89,
    "dma100" : null,
    "dma200" : 1598.08,
    "volume" : 1077605.00
  }, {
    "date" : "2025-02-19",
    "price" : 1554.30,
    "dma50" : 1623.08,
    "dma100" : null,
    "dma200" : 1597.64,
    "volume" : 581973.00
  }, {
    "date" : "2025-02-20",
    "price" : 1597.70,
    "dma50" : 1622.08,
    "dma100" : null,
    "dma200" : 1597.64,
    "volume" : 309326.00
  }, {
    "date" : "2025-02-21",
    "price" : 1587.40,
    "dma50" : 1620.72,
    "dma100" : null,
    "dma200" : 1597.54,
    "volume" : 555295.00
  }, {
    "date" : "2025-02-24",
    "price" : 1573.35,
    "dma50" : 1618.87,
    "dma100" : null,
    "dma200" : 1597.30,
    "volume" : 450340.00
  }, {
    "date" : "2025-02-25",
    "price" : 1562.45,
    "dma50" : 1616.65,
    "dma100" : null,
    "dma200" : 1596.95,
    "volume" : 794892.00
  }, {
    "date" : "2025-02-27",
    "price" : 1511.85,
    "dma50" : 1612.54,
    "dma100" : null,
    "dma200" : 1596.11,
    "volume" : 1319524.00
  }, {
    "date" : "2025-02-28",
    "price" : 1548.10,
    "dma50" : 1610.02,
    "dma100" : null,
    "dma200" : 1595.63,
    "volume" : 1179018.00
  }, {
    "date" : "2025-03-03",
    "price" : 1548.45,
    "dma50" : 1607.60,
    "dma100" : null,
    "dma200" : 1595.16,
    "volume" : 491090.00
  }, {
    "date" : "2025-03-04",
    "price" : 1551.90,
    "dma50" : 1605.42,
    "dma100" : null,
    "dma200" : 1594.73,
    "volume" : 608478.00
  }, {
    "date" : "2025-03-05",
    "price" : 1578.55,
    "dma50" : 1604.36,
    "dma100" : null,
    "dma200" : 1594.57,
    "volume" : 649468.00
  }, {
    "date" : "2025-03-06",
    "price" : 1575.65,
    "dma50" : 1603.24,
    "dma100" : null,
    "dma200" : 1594.38,
    "volume" : 431998.00
  }, {
    "date" : "2025-03-07",
    "price" : 1560.15,
    "dma50" : 1601.55,
    "dma100" : null,
    "dma200" : 1594.04,
    "volume" : 520875.00
  }, {
    "date" : "2025-03-10",
    "price" : 1551.70,
    "dma50" : 1599.59,
    "dma100" : null,
    "dma200" : 1593.62,
    "volume" : 1127227.00
  }, {
    "date" : "2025-03-11",
    "price" : 1656.85,
    "dma50" : 1601.84,
    "dma100" : null,
    "dma200" : 1594.25,
    "volume" : 1156817.00
  }, {
    "date" : "2025-03-12",
    "price" : 1601.50,
    "dma50" : 1601.83,
    "dma100" : null,
    "dma200" : 1594.32,
    "volume" : 339250.00
  }, {
    "date" : "2025-03-13",
    "price" : 1564.50,
    "dma50" : 1600.36,
    "dma100" : null,
    "dma200" : 1594.02,
    "volume" : 596653.00
  }, {
    "date" : "2025-03-17",
    "price" : 1560.35,
    "dma50" : 1598.79,
    "dma100" : null,
    "dma200" : 1593.69,
    "volume" : 556647.00
  }, {
    "date" : "2025-03-18",
    "price" : 1607.05,
    "dma50" : 1599.12,
    "dma100" : null,
    "dma200" : 1593.82,
    "volume" : 299064.00
  }, {
    "date" : "2025-03-19",
    "price" : 1555.65,
    "dma50" : 1597.41,
    "dma100" : null,
    "dma200" : 1593.44,
    "volume" : 2690279.00
  }, {
    "date" : "2025-03-20",
    "price" : 1624.00,
    "dma50" : 1598.45,
    "dma100" : null,
    "dma200" : 1593.74,
    "volume" : 1075890.00
  }, {
    "date" : "2025-03-21",
    "price" : 1666.15,
    "dma50" : 1601.11,
    "dma100" : null,
    "dma200" : 1594.46,
    "volume" : 1275029.00
  }, {
    "date" : "2025-03-24",
    "price" : 1681.65,
    "dma50" : 1604.27,
    "dma100" : null,
    "dma200" : 1595.33,
    "volume" : 452308.00
  }, {
    "date" : "2025-03-25",
    "price" : 1657.30,
    "dma50" : 1606.35,
    "dma100" : null,
    "dma200" : 1595.95,
    "volume" : 445291.00
  }, {
    "date" : "2025-03-26",
    "price" : 1641.55,
    "dma50" : 1607.73,
    "dma100" : null,
    "dma200" : 1596.40,
    "volume" : 395062.00
  }, {
    "date" : "2025-03-27",
    "price" : 1660.70,
    "dma50" : 1609.81,
    "dma100" : null,
    "dma200" : 1597.04,
    "volume" : 676968.00
  }, {
    "date" : "2025-03-28",
    "price" : 1643.30,
    "dma50" : 1611.12,
    "dma100" : null,
    "dma200" : 1597.50,
    "volume" : 487615.00
  }, {
    "date" : "2025-04-01",
    "price" : 1601.10,
    "dma50" : 1610.73,
    "dma100" : null,
    "dma200" : 1597.54,
    "volume" : 237481.00
  }, {
    "date" : "2025-04-02",
    "price" : 1647.05,
    "dma50" : 1612.15,
    "dma100" : null,
    "dma200" : 1598.03,
    "volume" : 801881.00
  }, {
    "date" : "2025-04-03",
    "price" : 1630.90,
    "dma50" : 1612.89,
    "dma100" : null,
    "dma200" : 1598.36,
    "volume" : 292948.00
  }, {
    "date" : "2025-04-04",
    "price" : 1580.30,
    "dma50" : 1611.61,
    "dma100" : null,
    "dma200" : 1598.18,
    "volume" : 786002.00
  }, {
    "date" : "2025-04-07",
    "price" : 1548.30,
    "dma50" : 1609.13,
    "dma100" : null,
    "dma200" : 1597.68,
    "volume" : 1352733.00
  }, {
    "date" : "2025-04-08",
    "price" : 1572.35,
    "dma50" : 1607.68,
    "dma100" : null,
    "dma200" : 1597.43,
    "volume" : 1119556.00
  }, {
    "date" : "2025-04-09",
    "price" : 1495.80,
    "dma50" : 1603.30,
    "dma100" : null,
    "dma200" : 1596.42,
    "volume" : 2176615.00
  }, {
    "date" : "2025-04-11",
    "price" : 1478.00,
    "dma50" : 1598.38,
    "dma100" : null,
    "dma200" : 1595.24,
    "volume" : 856872.00
  }, {
    "date" : "2025-04-15",
    "price" : 1548.30,
    "dma50" : 1596.42,
    "dma100" : null,
    "dma200" : 1594.77,
    "volume" : 423631.00
  }, {
    "date" : "2025-04-16",
    "price" : 1598.70,
    "dma50" : 1596.51,
    "dma100" : null,
    "dma200" : 1594.81,
    "volume" : 331186.00
  }, {
    "date" : "2025-04-17",
    "price" : 1614.70,
    "dma50" : 1597.22,
    "dma100" : null,
    "dma200" : 1595.01,
    "volume" : 234888.00
  }, {
    "date" : "2025-04-21",
    "price" : 1609.40,
    "dma50" : 1597.70,
    "dma100" : null,
    "dma200" : 1595.15,
    "volume" : 405155.00
  }, {
    "date" : "2025-04-22",
    "price" : 1682.30,
    "dma50" : 1601.02,
    "dma100" : null,
    "dma200" : 1596.02,
    "volume" : 734690.00
  }, {
    "date" : "2025-04-23",
    "price" : 1674.00,
    "dma50" : 1603.88,
    "dma100" : null,
    "dma200" : 1596.80,
    "volume" : 766883.00
  }, {
    "date" : "2025-04-24",
    "price" : 1669.40,
    "dma50" : 1606.45,
    "dma100" : null,
    "dma200" : 1597.52,
    "volume" : 456470.00
  }, {
    "date" : "2025-04-25",
    "price" : 1629.00,
    "dma50" : 1607.33,
    "dma100" : null,
    "dma200" : 1597.83,
    "volume" : 856613.00
  }, {
    "date" : "2025-04-28",
    "price" : 1634.80,
    "dma50" : 1608.41,
    "dma100" : null,
    "dma200" : 1598.20,
    "volume" : 179175.00
  }, {
    "date" : "2025-04-29",
    "price" : 1632.40,
    "dma50" : 1609.35,
    "dma100" : null,
    "dma200" : 1598.54,
    "volume" : 320994.00
  }, {
    "date" : "2025-04-30",
    "price" : 1664.50,
    "dma50" : 1611.51,
    "dma100" : null,
    "dma200" : 1599.20,
    "volume" : 656038.00
  }, {
    "date" : "2025-05-02",
    "price" : 1537.30,
    "dma50" : 1608.60,
    "dma100" : null,
    "dma200" : 1598.58,
    "volume" : 2884539.00
  }, {
    "date" : "2025-05-05",
    "price" : 1555.40,
    "dma50" : 1606.52,
    "dma100" : null,
    "dma200" : 1598.15,
    "volume" : 820827.00
  }, {
    "date" : "2025-05-06",
    "price" : 1498.20,
    "dma50" : 1602.27,
    "dma100" : null,
    "dma200" : 1597.16,
    "volume" : 357190.00
  }, {
    "date" : "2025-05-07",
    "price" : 1526.60,
    "dma50" : 1599.30,
    "dma100" : null,
    "dma200" : 1596.45,
    "volume" : 1172926.00
  }, {
    "date" : "2025-05-08",
    "price" : 1497.20,
    "dma50" : 1595.30,
    "dma100" : null,
    "dma200" : 1595.47,
    "volume" : 581874.00
  }, {
    "date" : "2025-05-09",
    "price" : 1478.90,
    "dma50" : 1590.73,
    "dma100" : null,
    "dma200" : 1594.31,
    "volume" : 753075.00
  }, {
    "date" : "2025-05-12",
    "price" : 1523.80,
    "dma50" : 1588.11,
    "dma100" : null,
    "dma200" : 1593.61,
    "volume" : 798634.00
  }, {
    "date" : "2025-05-13",
    "price" : 1538.50,
    "dma50" : 1586.16,
    "dma100" : null,
    "dma200" : 1593.06,
    "volume" : 648377.00
  }, {
    "date" : "2025-05-14",
    "price" : 1540.50,
    "dma50" : 1584.37,
    "dma100" : null,
    "dma200" : 1592.53,
    "volume" : 358204.00
  }, {
    "date" : "2025-05-15",
    "price" : 1555.10,
    "dma50" : 1583.22,
    "dma100" : null,
    "dma200" : 1592.16,
    "volume" : 502149.00
  }, {
    "date" : "2025-05-16",
    "price" : 1550.90,
    "dma50" : 1581.96,
    "dma100" : null,
    "dma200" : 1591.75,
    "volume" : 488801.00
  }, {
    "date" : "2025-05-19",
    "price" : 1606.50,
    "dma50" : 1582.92,
    "dma100" : null,
    "dma200" : 1591.90,
    "volume" : 584175.00
  }, {
    "date" : "2025-05-20",
    "price" : 1579.40,
    "dma50" : 1582.78,
    "dma100" : null,
    "dma200" : 1591.77,
    "volume" : 797261.00
  }, {
    "date" : "2025-05-21",
    "price" : 1617.80,
    "dma50" : 1584.15,
    "dma100" : null,
    "dma200" : 1592.03,
    "volume" : 967195.00
  }, {
    "date" : "2025-05-22",
    "price" : 1592.90,
    "dma50" : 1584.50,
    "dma100" : null,
    "dma200" : 1592.04,
    "volume" : 656315.00
  }, {
    "date" : "2025-05-23",
    "price" : 1598.50,
    "dma50" : 1585.05,
    "dma100" : null,
    "dma200" : 1592.11,
    "volume" : 245568.00
  }, {
    "date" : "2025-05-26",
    "price" : 1596.90,
    "dma50" : 1585.51,
    "dma100" : null,
    "dma200" : 1592.15,
    "volume" : 504523.00
  }, {
    "date" : "2025-05-27",
    "price" : 1613.70,
    "dma50" : 1586.62,
    "dma100" : 1593.83,
    "dma200" : 1592.37,
    "volume" : 317985.00
  }, {
    "date" : "2025-05-28",
    "price" : 1590.10,
    "dma50" : 1586.75,
    "dma100" : 1593.39,
    "dma200" : 1592.34,
    "volume" : 401141.00
  }, {
    "date" : "2025-05-29",
    "price" : 1578.50,
    "dma50" : 1586.43,
    "dma100" : 1593.28,
    "dma200" : 1592.21,
    "volume" : 577265.00
  }, {
    "date" : "2025-05-30",
    "price" : 1537.10,
    "dma50" : 1584.49,
    "dma100" : 1592.63,
    "dma200" : 1591.66,
    "volume" : 1492326.00
  }, {
    "date" : "2025-06-02",
    "price" : 1581.50,
    "dma50" : 1584.38,
    "dma100" : 1592.70,
    "dma200" : 1591.56,
    "volume" : 893968.00
  }, {
    "date" : "2025-06-03",
    "price" : 1616.60,
    "dma50" : 1585.64,
    "dma100" : 1593.39,
    "dma200" : 1591.81,
    "volume" : 569342.00
  }, {
    "date" : "2025-06-04",
    "price" : 1588.40,
    "dma50" : 1585.75,
    "dma100" : 1593.54,
    "dma200" : 1591.77,
    "volume" : 523804.00
  }, {
    "date" : "2025-06-05",
    "price" : 1561.80,
    "dma50" : 1584.81,
    "dma100" : 1592.23,
    "dma200" : 1591.47,
    "volume" : 402755.00
  }, {
    "date" : "2025-06-06",
    "price" : 1598.10,
    "dma50" : 1585.33,
    "dma100" : 1591.84,
    "dma200" : 1591.54,
    "volume" : 1424689.00
  }, {
    "date" : "2025-06-09",
    "price" : 1615.80,
    "dma50" : 1586.53,
    "dma100" : 1591.39,
    "dma200" : 1591.78,
    "volume" : 4290409.00
  }, {
    "date" : "2025-06-10",
    "price" : 1627.10,
    "dma50" : 1588.12,
    "dma100" : 1592.37,
    "dma200" : 1592.13,
    "volume" : 1758813.00
  }, {
    "date" : "2025-06-11",
    "price" : 1650.00,
    "dma50" : 1590.54,
    "dma100" : 1593.16,
    "dma200" : 1592.71,
    "volume" : 1429253.00
  }, {
    "date" : "2025-06-12",
    "price" : 1605.10,
    "dma50" : 1591.11,
    "dma100" : 1592.65,
    "dma200" : 1592.83,
    "volume" : 693072.00
  }, {
    "date" : "2025-06-13",
    "price" : 1595.90,
    "dma50" : 1591.30,
    "dma100" : 1592.02,
    "dma200" : 1592.86,
    "volume" : 310612.00
  }, {
    "date" : "2025-06-16",
    "price" : 1616.60,
    "dma50" : 1592.29,
    "dma100" : 1591.75,
    "dma200" : 1593.10,
    "volume" : 482481.00
  }, {
    "date" : "2025-06-17",
    "price" : 1613.50,
    "dma50" : 1593.13,
    "dma100" : 1591.80,
    "dma200" : 1593.30,
    "volume" : 513277.00
  }, {
    "date" : "2025-06-18",
    "price" : 1605.60,
    "dma50" : 1593.62,
    "dma100" : 1592.66,
    "dma200" : 1593.42,
    "volume" : 443669.00
  }, {
    "date" : "2025-06-19",
    "price" : 1566.30,
    "dma50" : 1592.54,
    "dma100" : 1593.74,
    "dma200" : 1593.15,
    "volume" : 516136.00
  }, {
    "date" : "2025-06-20",
    "price" : 1616.10,
    "dma50" : 1593.47,
    "dma100" : 1594.63,
    "dma200" : 1593.38,
    "volume" : 852717.00
  }, {
    "date" : "2025-06-23",
    "price" : 1621.40,
    "dma50" : 1594.56,
    "dma100" : 1595.67,
    "dma200" : 1593.66,
    "volume" : 860199.00
  }, {
    "date" : "2025-06-24",
    "price" : 1601.80,
    "dma50" : 1594.85,
    "dma100" : 1596.85,
    "dma200" : 1593.74,
    "volume" : 693340.00
  }, {
    "date" : "2025-06-25",
    "price" : 1619.30,
    "dma50" : 1595.81,
    "dma100" : 1597.90,
    "dma200" : 1594.00,
    "volume" : 1041507.00
  }, {
    "date" : "2025-06-26",
    "price" : 1627.40,
    "dma50" : 1597.04,
    "dma100" : 1598.60,
    "dma200" : 1594.33,
    "volume" : 375276.00
  }, {
    "date" : "2025-06-27",
    "price" : 1570.60,
    "dma50" : 1596.01,
    "dma100" : 1598.32,
    "dma200" : 1594.09,
    "volume" : 939607.00
  }, {
    "date" : "2025-06-30",
    "price" : 1561.70,
    "dma50" : 1594.66,
    "dma100" : 1597.52,
    "dma200" : 1593.77,
    "volume" : 624133.00
  }, {
    "date" : "2025-07-01",
    "price" : 1546.30,
    "dma50" : 1592.77,
    "dma100" : 1595.34,
    "dma200" : 1593.30,
    "volume" : 462321.00
  }, {
    "date" : "2025-07-02",
    "price" : 1495.00,
    "dma50" : 1588.93,
    "dma100" : 1592.07,
    "dma200" : 1592.32,
    "volume" : 2529193.00
  }, {
    "date" : "2025-07-03",
    "price" : 1512.50,
    "dma50" : 1585.93,
    "dma100" : 1589.35,
    "dma200" : 1591.53,
    "volume" : 1429929.00
  }, {
    "date" : "2025-07-04",
    "price" : 1542.20,
    "dma50" : 1584.22,
    "dma100" : 1587.77,
    "dma200" : 1591.04,
    "volume" : 440502.00
  }, {
    "date" : "2025-07-07",
    "price" : 1549.50,
    "dma50" : 1582.86,
    "dma100" : 1587.11,
    "dma200" : 1590.62,
    "volume" : 479072.00
  }, {
    "date" : "2025-07-08",
    "price" : 1574.70,
    "dma50" : 1582.54,
    "dma100" : 1586.42,
    "dma200" : 1590.46,
    "volume" : 840218.00
  }, {
    "date" : "2025-07-09",
    "price" : 1518.70,
    "dma50" : 1580.03,
    "dma100" : 1585.38,
    "dma200" : 1589.75,
    "volume" : 1599725.00
  }, {
    "date" : "2025-07-10",
    "price" : 1509.60,
    "dma50" : 1577.27,
    "dma100" : 1584.71,
    "dma200" : 1588.95,
    "volume" : 1247060.00
  }, {
    "date" : "2025-07-11",
    "price" : 1488.90,
    "dma50" : 1573.81,
    "dma100" : 1583.60,
    "dma200" : 1587.96,
    "volume" : 345826.00
  }, {
    "date" : "2025-07-14",
    "price" : 1510.90,
    "dma50" : 1571.34,
    "dma100" : 1582.71,
    "dma200" : 1587.19,
    "volume" : 498551.00
  }, {
    "date" : "2025-07-15",
    "price" : 1491.60,
    "dma50" : 1568.21,
    "dma100" : 1581.93,
    "dma200" : 1586.24,
    "volume" : 431964.00
  }, {
    "date" : "2025-07-16",
    "price" : 1480.90,
    "dma50" : 1564.79,
    "dma100" : 1581.29,
    "dma200" : 1585.19,
    "volume" : 1537078.00
  }, {
    "date" : "2025-07-17",
    "price" : 1502.40,
    "dma50" : 1562.34,
    "dma100" : 1580.31,
    "dma200" : 1584.37,
    "volume" : 1817452.00
  }, {
    "date" : "2025-07-18",
    "price" : 1486.40,
    "dma50" : 1559.36,
    "dma100" : 1579.63,
    "dma200" : 1583.39,
    "volume" : 273296.00
  }, {
    "date" : "2025-07-21",
    "price" : 1493.70,
    "dma50" : 1556.79,
    "dma100" : 1578.59,
    "dma200" : 1582.50,
    "volume" : 474314.00
  }, {
    "date" : "2025-07-22",
    "price" : 1473.60,
    "dma50" : 1553.53,
    "dma100" : 1577.45,
    "dma200" : 1581.42,
    "volume" : 1007307.00
  }, {
    "date" : "2025-07-23",
    "price" : 1453.70,
    "dma50" : 1549.61,
    "dma100" : 1576.26,
    "dma200" : 1580.15,
    "volume" : 1454957.00
  }, {
    "date" : "2025-07-24",
    "price" : 1448.10,
    "dma50" : 1545.63,
    "dma100" : 1575.11,
    "dma200" : 1578.83,
    "volume" : 482979.00
  }, {
    "date" : "2025-07-25",
    "price" : 1525.90,
    "dma50" : 1544.86,
    "dma100" : 1575.25,
    "dma200" : 1578.30,
    "volume" : 5876390.00
  }, {
    "date" : "2025-07-28",
    "price" : 1508.80,
    "dma50" : 1543.44,
    "dma100" : 1574.86,
    "dma200" : 1577.61,
    "volume" : 845910.00
  }, {
    "date" : "2025-07-29",
    "price" : 1508.30,
    "dma50" : 1542.07,
    "dma100" : 1574.46,
    "dma200" : 1576.92,
    "volume" : 699373.00
  }, {
    "date" : "2025-07-30",
    "price" : 1501.80,
    "dma50" : 1540.49,
    "dma100" : 1573.96,
    "dma200" : 1576.18,
    "volume" : 363464.00
  }, {
    "date" : "2025-07-31",
    "price" : 1484.00,
    "dma50" : 1538.27,
    "dma100" : 1573.01,
    "dma200" : 1575.26,
    "volume" : 490950.00
  }, {
    "date" : "2025-08-01",
    "price" : 1452.20,
    "dma50" : 1534.90,
    "dma100" : 1571.78,
    "dma200" : 1574.03,
    "volume" : 302846.00
  }, {
    "date" : "2025-08-04",
    "price" : 1474.20,
    "dma50" : 1532.52,
    "dma100" : 1570.92,
    "dma200" : 1573.04,
    "volume" : 335050.00
  }, {
    "date" : "2025-08-05",
    "price" : 1476.10,
    "dma50" : 1530.30,
    "dma100" : 1570.16,
    "dma200" : 1572.08,
    "volume" : 190528.00
  }, {
    "date" : "2025-08-06",
    "price" : 1448.20,
    "dma50" : 1527.08,
    "dma100" : 1568.08,
    "dma200" : 1570.84,
    "volume" : 441777.00
  }, {
    "date" : "2025-08-07",
    "price" : 1456.80,
    "dma50" : 1524.33,
    "dma100" : 1566.63,
    "dma200" : 1569.71,
    "volume" : 566306.00
  }, {
    "date" : "2025-08-08",
    "price" : 1417.30,
    "dma50" : 1520.13,
    "dma100" : 1565.16,
    "dma200" : 1568.19,
    "volume" : 560083.00
  }, {
    "date" : "2025-08-11",
    "price" : 1437.30,
    "dma50" : 1516.88,
    "dma100" : 1563.93,
    "dma200" : 1566.89,
    "volume" : 928680.00
  }, {
    "date" : "2025-08-12",
    "price" : 1439.20,
    "dma50" : 1513.84,
    "dma100" : 1562.25,
    "dma200" : 1565.62,
    "volume" : 515646.00
  }, {
    "date" : "2025-08-13",
    "price" : 1436.90,
    "dma50" : 1510.82,
    "dma100" : 1561.06,
    "dma200" : 1564.34,
    "volume" : 375817.00
  }, {
    "date" : "2025-08-14",
    "price" : 1430.00,
    "dma50" : 1507.65,
    "dma100" : 1559.12,
    "dma200" : 1563.00,
    "volume" : 276985.00
  }, {
    "date" : "2025-08-18",
    "price" : 1489.60,
    "dma50" : 1506.94,
    "dma100" : 1557.36,
    "dma200" : 1562.27,
    "volume" : 820384.00
  }, {
    "date" : "2025-08-19",
    "price" : 1503.30,
    "dma50" : 1506.80,
    "dma100" : 1555.57,
    "dma200" : 1561.68,
    "volume" : 660822.00
  }, {
    "date" : "2025-08-20",
    "price" : 1563.50,
    "dma50" : 1509.02,
    "dma100" : 1554.63,
    "dma200" : 1561.70,
    "volume" : 1099865.00
  }, {
    "date" : "2025-08-21",
    "price" : 1575.50,
    "dma50" : 1511.63,
    "dma100" : 1553.97,
    "dma200" : 1561.84,
    "volume" : 694425.00
  }, {
    "date" : "2025-08-22",
    "price" : 1578.00,
    "dma50" : 1514.23,
    "dma100" : 1553.15,
    "dma200" : 1562.00,
    "volume" : 957522.00
  }, {
    "date" : "2025-08-25",
    "price" : 1587.90,
    "dma50" : 1517.12,
    "dma100" : 1552.59,
    "dma200" : 1562.26,
    "volume" : 528189.00
  }, {
    "date" : "2025-08-26",
    "price" : 1559.50,
    "dma50" : 1518.78,
    "dma100" : 1552.18,
    "dma200" : 1562.23,
    "volume" : 1035223.00
  }, {
    "date" : "2025-08-28",
    "price" : 1509.70,
    "dma50" : 1518.43,
    "dma100" : 1550.80,
    "dma200" : 1561.71,
    "volume" : 443177.00
  }, {
    "date" : "2025-08-29",
    "price" : 1503.20,
    "dma50" : 1517.83,
    "dma100" : 1549.53,
    "dma200" : 1561.13,
    "volume" : 1279865.00
  }, {
    "date" : "2025-09-01",
    "price" : 1517.10,
    "dma50" : 1517.80,
    "dma100" : 1548.89,
    "dma200" : 1560.69,
    "volume" : 365468.00
  }, {
    "date" : "2025-09-02",
    "price" : 1565.70,
    "dma50" : 1519.68,
    "dma100" : 1549.07,
    "dma200" : 1560.74,
    "volume" : 1884334.00
  }, {
    "date" : "2025-09-03",
    "price" : 1512.40,
    "dma50" : 1519.39,
    "dma100" : 1548.47,
    "dma200" : 1560.26,
    "volume" : 1205386.00
  }, {
    "date" : "2025-09-04",
    "price" : 1501.10,
    "dma50" : 1518.68,
    "dma100" : 1548.52,
    "dma200" : 1559.67,
    "volume" : 2002612.00
  }, {
    "date" : "2025-09-05",
    "price" : 1518.10,
    "dma50" : 1518.65,
    "dma100" : 1548.92,
    "dma200" : 1559.25,
    "volume" : 903400.00
  }, {
    "date" : "2025-09-08",
    "price" : 1529.70,
    "dma50" : 1519.09,
    "dma100" : 1548.74,
    "dma200" : 1558.96,
    "volume" : 772879.00
  }, {
    "date" : "2025-09-09",
    "price" : 1555.50,
    "dma50" : 1520.51,
    "dma100" : 1548.30,
    "dma200" : 1558.93,
    "volume" : 1051883.00
  }, {
    "date" : "2025-09-10",
    "price" : 1561.20,
    "dma50" : 1522.11,
    "dma100" : 1547.77,
    "dma200" : 1558.95,
    "volume" : 616313.00
  }, {
    "date" : "2025-09-11",
    "price" : 1552.00,
    "dma50" : 1523.28,
    "dma100" : 1547.20,
    "dma200" : 1558.88,
    "volume" : 239976.00
  }, {
    "date" : "2025-09-12",
    "price" : 1560.10,
    "dma50" : 1524.73,
    "dma100" : 1545.97,
    "dma200" : 1558.89,
    "volume" : 249147.00
  }, {
    "date" : "2025-09-15",
    "price" : 1587.60,
    "dma50" : 1527.19,
    "dma100" : 1545.11,
    "dma200" : 1559.18,
    "volume" : 424074.00
  }, {
    "date" : "2025-09-16",
    "price" : 1616.00,
    "dma50" : 1530.67,
    "dma100" : 1544.58,
    "dma200" : 1559.74,
    "volume" : 555371.00
  }, {
    "date" : "2025-09-17",
    "price" : 1613.70,
    "dma50" : 1533.93,
    "dma100" : 1544.42,
    "dma200" : 1560.28,
    "volume" : 453219.00
  }, {
    "date" : "2025-09-18",
    "price" : 1626.20,
    "dma50" : 1537.55,
    "dma100" : 1544.34,
    "dma200" : 1560.94,
    "volume" : 650777.00
  }, {
    "date" : "2025-09-19",
    "price" : 1629.80,
    "dma50" : 1541.17,
    "dma100" : 1544.31,
    "dma200" : 1561.62,
    "volume" : 728118.00
  }, {
    "date" : "2025-09-22",
    "price" : 1638.30,
    "dma50" : 1544.98,
    "dma100" : 1544.05,
    "dma200" : 1562.38,
    "volume" : 615396.00
  }, {
    "date" : "2025-09-23",
    "price" : 1626.50,
    "dma50" : 1548.17,
    "dma100" : 1544.94,
    "dma200" : 1563.02,
    "volume" : 472370.00
  }, {
    "date" : "2025-09-24",
    "price" : 1577.70,
    "dma50" : 1549.33,
    "dma100" : 1545.16,
    "dma200" : 1563.17,
    "volume" : 702295.00
  }, {
    "date" : "2025-09-25",
    "price" : 1562.70,
    "dma50" : 1549.86,
    "dma100" : 1545.81,
    "dma200" : 1563.16,
    "volume" : 287361.00
  }, {
    "date" : "2025-09-26",
    "price" : 1540.40,
    "dma50" : 1549.48,
    "dma100" : 1545.95,
    "dma200" : 1562.94,
    "volume" : 486589.00
  }, {
    "date" : "2025-09-29",
    "price" : 1548.80,
    "dma50" : 1549.46,
    "dma100" : 1546.46,
    "dma200" : 1562.80,
    "volume" : 538375.00
  }, {
    "date" : "2025-09-30",
    "price" : 1555.50,
    "dma50" : 1549.69,
    "dma100" : 1547.23,
    "dma200" : 1562.72,
    "volume" : 435587.00
  }, {
    "date" : "2025-10-01",
    "price" : 1563.80,
    "dma50" : 1550.25,
    "dma100" : 1547.63,
    "dma200" : 1562.73,
    "volume" : 403915.00
  }, {
    "date" : "2025-10-03",
    "price" : 1562.50,
    "dma50" : 1550.73,
    "dma100" : 1547.87,
    "dma200" : 1562.73,
    "volume" : 587903.00
  }, {
    "date" : "2025-10-06",
    "price" : 1594.40,
    "dma50" : 1552.44,
    "dma100" : 1548.41,
    "dma200" : 1563.05,
    "volume" : 391146.00
  }, {
    "date" : "2025-10-07",
    "price" : 1611.80,
    "dma50" : 1554.77,
    "dma100" : 1548.97,
    "dma200" : 1563.53,
    "volume" : 522706.00
  }, {
    "date" : "2025-10-08",
    "price" : 1592.30,
    "dma50" : 1556.24,
    "dma100" : 1549.39,
    "dma200" : 1563.82,
    "volume" : 434640.00
  }, {
    "date" : "2025-10-09",
    "price" : 1593.80,
    "dma50" : 1557.71,
    "dma100" : 1549.26,
    "dma200" : 1564.12,
    "volume" : 278956.00
  }, {
    "date" : "2025-10-10",
    "price" : 1597.80,
    "dma50" : 1559.29,
    "dma100" : 1549.45,
    "dma200" : 1564.45,
    "volume" : 278884.00
  }, {
    "date" : "2025-10-13",
    "price" : 1622.90,
    "dma50" : 1561.78,
    "dma100" : 1549.50,
    "dma200" : 1565.03,
    "volume" : 811128.00
  }, {
    "date" : "2025-10-14",
    "price" : 1625.80,
    "dma50" : 1564.29,
    "dma100" : 1549.83,
    "dma200" : 1565.64,
    "volume" : 884321.00
  }, {
    "date" : "2025-10-15",
    "price" : 1676.30,
    "dma50" : 1568.68,
    "dma100" : 1550.60,
    "dma200" : 1566.74,
    "volume" : 1374910.00
  }, {
    "date" : "2025-10-16",
    "price" : 1694.90,
    "dma50" : 1573.63,
    "dma100" : 1551.58,
    "dma200" : 1568.01,
    "volume" : 1452253.00
  }, {
    "date" : "2025-10-17",
    "price" : 1687.80,
    "dma50" : 1578.11,
    "dma100" : 1552.32,
    "dma200" : 1569.21,
    "volume" : 475475.00
  }, {
    "date" : "2025-10-20",
    "price" : 1656.30,
    "dma50" : 1581.18,
    "dma100" : 1552.99,
    "dma200" : 1570.07,
    "volume" : 333992.00
  }, {
    "date" : "2025-10-21",
    "price" : 1651.80,
    "dma50" : 1583.95,
    "dma100" : 1553.72,
    "dma200" : 1570.89,
    "volume" : 36557.00
  }, {
    "date" : "2025-10-23",
    "price" : 1691.20,
    "dma50" : 1588.15,
    "dma100" : 1555.26,
    "dma200" : 1572.08,
    "volume" : 849561.00
  }, {
    "date" : "2025-10-24",
    "price" : 1680.70,
    "dma50" : 1591.78,
    "dma100" : 1556.25,
    "dma200" : 1573.16,
    "volume" : 426993.00
  }, {
    "date" : "2025-10-27",
    "price" : 1711.10,
    "dma50" : 1596.46,
    "dma100" : 1557.20,
    "dma200" : 1574.54,
    "volume" : 564632.00
  }, {
    "date" : "2025-10-28",
    "price" : 1702.00,
    "dma50" : 1600.60,
    "dma100" : 1558.33,
    "dma200" : 1575.80,
    "volume" : 313702.00
  }, {
    "date" : "2025-10-29",
    "price" : 1707.90,
    "dma50" : 1604.81,
    "dma100" : 1559.79,
    "dma200" : 1577.12,
    "volume" : 474806.00
  }, {
    "date" : "2025-10-30",
    "price" : 1703.50,
    "dma50" : 1608.68,
    "dma100" : 1560.85,
    "dma200" : 1578.38,
    "volume" : 241036.00
  }, {
    "date" : "2025-10-31",
    "price" : 1682.60,
    "dma50" : 1611.58,
    "dma100" : 1561.52,
    "dma200" : 1579.41,
    "volume" : 759811.00
  }, {
    "date" : "2025-11-03",
    "price" : 1746.50,
    "dma50" : 1616.87,
    "dma100" : 1562.71,
    "dma200" : 1581.08,
    "volume" : 2292488.00
  }, {
    "date" : "2025-11-04",
    "price" : 1767.70,
    "dma50" : 1622.78,
    "dma100" : 1563.89,
    "dma200" : 1582.93,
    "volume" : 959951.00
  }, {
    "date" : "2025-11-06",
    "price" : 1744.80,
    "dma50" : 1627.57,
    "dma100" : 1565.28,
    "dma200" : 1584.54,
    "volume" : 488731.00
  }, {
    "date" : "2025-11-07",
    "price" : 1773.30,
    "dma50" : 1633.28,
    "dma100" : 1567.06,
    "dma200" : 1586.42,
    "volume" : 693587.00
  }, {
    "date" : "2025-11-10",
    "price" : 1760.90,
    "dma50" : 1638.29,
    "dma100" : 1568.50,
    "dma200" : 1588.16,
    "volume" : 181112.00
  }, {
    "date" : "2025-11-11",
    "price" : 1736.70,
    "dma50" : 1642.15,
    "dma100" : 1569.73,
    "dma200" : 1589.64,
    "volume" : 518333.00
  }, {
    "date" : "2025-11-12",
    "price" : 1732.20,
    "dma50" : 1645.68,
    "dma100" : 1571.00,
    "dma200" : 1591.05,
    "volume" : 240655.00
  }, {
    "date" : "2025-11-13",
    "price" : 1714.80,
    "dma50" : 1648.39,
    "dma100" : 1572.48,
    "dma200" : 1592.29,
    "volume" : 535757.00
  }, {
    "date" : "2025-11-14",
    "price" : 1736.40,
    "dma50" : 1651.84,
    "dma100" : 1573.69,
    "dma200" : 1593.72,
    "volume" : 300517.00
  }, {
    "date" : "2025-11-17",
    "price" : 1745.60,
    "dma50" : 1655.52,
    "dma100" : 1574.93,
    "dma200" : 1595.23,
    "volume" : 198804.00
  }, {
    "date" : "2025-11-18",
    "price" : 1724.10,
    "dma50" : 1658.21,
    "dma100" : 1576.15,
    "dma200" : 1596.51,
    "volume" : 291663.00
  }, {
    "date" : "2025-11-19",
    "price" : 1715.10,
    "dma50" : 1660.44,
    "dma100" : 1577.11,
    "dma200" : 1597.69,
    "volume" : 244623.00
  }, {
    "date" : "2025-11-20",
    "price" : 1715.70,
    "dma50" : 1662.60,
    "dma100" : 1577.99,
    "dma200" : 1598.87,
    "volume" : 335555.00
  }, {
    "date" : "2025-11-21",
    "price" : 1698.00,
    "dma50" : 1663.99,
    "dma100" : 1579.27,
    "dma200" : 1599.85,
    "volume" : 412568.00
  }, {
    "date" : "2025-11-24",
    "price" : 1677.90,
    "dma50" : 1664.54,
    "dma100" : 1580.43,
    "dma200" : 1600.63,
    "volume" : 1129713.00
  }, {
    "date" : "2025-11-25",
    "price" : 1731.70,
    "dma50" : 1667.17,
    "dma100" : 1582.28,
    "dma200" : 1601.93,
    "volume" : 1060665.00
  }, {
    "date" : "2025-11-26",
    "price" : 1751.70,
    "dma50" : 1670.49,
    "dma100" : 1584.85,
    "dma200" : 1603.43,
    "volume" : 451808.00
  }, {
    "date" : "2025-11-27",
    "price" : 1741.00,
    "dma50" : 1673.25,
    "dma100" : 1587.14,
    "dma200" : 1604.79,
    "volume" : 154583.00
  }, {
    "date" : "2025-11-28",
    "price" : 1736.80,
    "dma50" : 1675.74,
    "dma100" : 1589.08,
    "dma200" : 1606.11,
    "volume" : 290472.00
  }, {
    "date" : "2025-12-01",
    "price" : 1729.90,
    "dma50" : 1677.87,
    "dma100" : 1590.89,
    "dma200" : 1607.34,
    "volume" : 250598.00
  }, {
    "date" : "2025-12-02",
    "price" : 1731.20,
    "dma50" : 1679.96,
    "dma100" : 1592.45,
    "dma200" : 1608.57,
    "volume" : 327497.00
  }, {
    "date" : "2025-12-03",
    "price" : 1721.20,
    "dma50" : 1681.58,
    "dma100" : 1594.48,
    "dma200" : 1609.69,
    "volume" : 183616.00
  }, {
    "date" : "2025-12-04",
    "price" : 1734.10,
    "dma50" : 1683.64,
    "dma100" : 1596.72,
    "dma200" : 1610.93,
    "volume" : 232936.00
  }, {
    "date" : "2025-12-05",
    "price" : 1725.10,
    "dma50" : 1685.26,
    "dma100" : 1599.08,
    "dma200" : 1612.07,
    "volume" : 358527.00
  }, {
    "date" : "2025-12-08",
    "price" : 1721.10,
    "dma50" : 1686.67,
    "dma100" : 1601.18,
    "dma200" : 1613.15,
    "volume" : 629677.00
  }, {
    "date" : "2025-12-09",
    "price" : 1739.20,
    "dma50" : 1688.73,
    "dma100" : 1603.66,
    "dma200" : 1614.41,
    "volume" : 526524.00
  }, {
    "date" : "2025-12-10",
    "price" : 1737.80,
    "dma50" : 1690.65,
    "dma100" : 1606.23,
    "dma200" : 1615.63,
    "volume" : 604341.00
  }, {
    "date" : "2025-12-11",
    "price" : 1743.80,
    "dma50" : 1692.74,
    "dma100" : 1608.64,
    "dma200" : 1616.91,
    "volume" : 234952.00
  }, {
    "date" : "2025-12-12",
    "price" : 1770.90,
    "dma50" : 1695.80,
    "dma100" : 1611.49,
    "dma200" : 1618.44,
    "volume" : 580089.00
  }, {
    "date" : "2025-12-15",
    "price" : 1789.40,
    "dma50" : 1699.47,
    "dma100" : 1614.45,
    "dma200" : 1620.14,
    "volume" : 790511.00
  }, {
    "date" : "2025-12-16",
    "price" : 1781.00,
    "dma50" : 1702.67,
    "dma100" : 1617.52,
    "dma200" : 1621.74,
    "volume" : 463160.00
  }, {
    "date" : "2025-12-17",
    "price" : 1781.50,
    "dma50" : 1705.76,
    "dma100" : 1620.80,
    "dma200" : 1623.33,
    "volume" : 920375.00
  }, {
    "date" : "2025-12-18",
    "price" : 1798.00,
    "dma50" : 1709.38,
    "dma100" : 1624.30,
    "dma200" : 1625.07,
    "volume" : 394252.00
  }, {
    "date" : "2025-12-19",
    "price" : 1831.30,
    "dma50" : 1714.16,
    "dma100" : 1627.35,
    "dma200" : 1627.12,
    "volume" : 479672.00
  }, {
    "date" : "2025-12-22",
    "price" : 1847.00,
    "dma50" : 1719.37,
    "dma100" : 1630.73,
    "dma200" : 1629.31,
    "volume" : 400860.00
  }, {
    "date" : "2025-12-23",
    "price" : 1842.40,
    "dma50" : 1724.19,
    "dma100" : 1634.07,
    "dma200" : 1631.43,
    "volume" : 317411.00
  }, {
    "date" : "2025-12-24",
    "price" : 1853.40,
    "dma50" : 1729.26,
    "dma100" : 1637.59,
    "dma200" : 1633.64,
    "volume" : 299558.00
  }, {
    "date" : "2025-12-26",
    "price" : 1850.40,
    "dma50" : 1734.01,
    "dma100" : 1641.25,
    "dma200" : 1635.80,
    "volume" : 103688.00
  } ],
  "latestTechnicalAttributes" : {
    "date" : "2025-12-26",
    "price" : 1850.40,
    "dma50" : 1734.01,
    "dma100" : 1641.25,
    "dma200" : 1635.80,
    "volume" : 103688.00
  },
  "quarterlyResults" : [ {
    "date" : "2005-03-31",
    "sales" : 6.56,
    "salesGrowthYoY" : null,
    "grossProfitMargin" : 97.26,
    "grossProfit" : 6.38,
    "operatingProfitMargin" : 22.41,
    "operatingProfit" : 1.47,
    "netProfitMargin" : 23.17,
    "netProfit" : 1.52
  }, {
    "date" : "2005-06-30",
    "sales" : 13.74,
    "salesGrowthYoY" : null,
    "grossProfitMargin" : 98.76,
    "grossProfit" : 13.57,
    "operatingProfitMargin" : 57.57,
    "operatingProfit" : 7.91,
    "netProfitMargin" : 47.53,
    "netProfit" : 6.53
  }, {
    "date" : "2005-09-30",
    "sales" : 12.45,
    "salesGrowthYoY" : null,
    "grossProfitMargin" : 98.96,
    "grossProfit" : 12.32,
    "operatingProfitMargin" : 65.06,
    "operatingProfit" : 8.10,
    "netProfitMargin" : 55.66,
    "netProfit" : 6.93
  }, {
    "date" : "2005-12-31",
    "sales" : 14.48,
    "salesGrowthYoY" : null,
    "grossProfitMargin" : 98.55,
    "grossProfit" : 14.27,
    "operatingProfitMargin" : 53.52,
    "operatingProfit" : 7.75,
    "netProfitMargin" : 46.55,
    "netProfit" : 6.74
  }, {
    "date" : "2006-03-31",
    "sales" : 14.44,
    "salesGrowthYoY" : 120.12,
    "grossProfitMargin" : 99.17,
    "grossProfit" : 14.32,
    "operatingProfitMargin" : 41.27,
    "operatingProfit" : 5.96,
    "netProfitMargin" : 17.45,
    "netProfit" : 2.52
  }, {
    "date" : "2006-06-30",
    "sales" : 11.99,
    "salesGrowthYoY" : -12.74,
    "grossProfitMargin" : 98.25,
    "grossProfit" : 11.78,
    "operatingProfitMargin" : 70.98,
    "operatingProfit" : 8.51,
    "netProfitMargin" : 56.96,
    "netProfit" : 6.83
  }, {
    "date" : "2006-09-30",
    "sales" : 12.96,
    "salesGrowthYoY" : 4.10,
    "grossProfitMargin" : 98.92,
    "grossProfit" : 12.82,
    "operatingProfitMargin" : 69.98,
    "operatingProfit" : 9.07,
    "netProfitMargin" : 56.79,
    "netProfit" : 7.36
  }, {
    "date" : "2006-12-31",
    "sales" : 13.12,
    "salesGrowthYoY" : -9.39,
    "grossProfitMargin" : 97.94,
    "grossProfit" : 12.85,
    "operatingProfitMargin" : 69.97,
    "operatingProfit" : 9.18,
    "netProfitMargin" : 350.99,
    "netProfit" : 46.05
  }, {
    "date" : "2007-03-31",
    "sales" : 14.77,
    "salesGrowthYoY" : 2.29,
    "grossProfitMargin" : 98.98,
    "grossProfit" : 14.62,
    "operatingProfitMargin" : 45.90,
    "operatingProfit" : 6.78,
    "netProfitMargin" : 18.48,
    "netProfit" : 2.73
  }, {
    "date" : "2007-06-30",
    "sales" : 13.48,
    "salesGrowthYoY" : 12.43,
    "grossProfitMargin" : 98.52,
    "grossProfit" : 13.28,
    "operatingProfitMargin" : 66.47,
    "operatingProfit" : 8.96,
    "netProfitMargin" : 54.15,
    "netProfit" : 7.30
  }, {
    "date" : "2007-09-30",
    "sales" : 17.06,
    "salesGrowthYoY" : 31.64,
    "grossProfitMargin" : 99.18,
    "grossProfit" : 16.92,
    "operatingProfitMargin" : 73.39,
    "operatingProfit" : 12.52,
    "netProfitMargin" : 45.37,
    "netProfit" : 7.74
  }, {
    "date" : "2007-12-31",
    "sales" : 20.73,
    "salesGrowthYoY" : 58.00,
    "grossProfitMargin" : 99.04,
    "grossProfit" : 20.53,
    "operatingProfitMargin" : 71.92,
    "operatingProfit" : 14.91,
    "netProfitMargin" : 82.78,
    "netProfit" : 17.16
  }, {
    "date" : "2008-03-31",
    "sales" : 148.63,
    "salesGrowthYoY" : 906.30,
    "grossProfitMargin" : 99.89,
    "grossProfit" : 148.47,
    "operatingProfitMargin" : 93.33,
    "operatingProfit" : 138.72,
    "netProfitMargin" : 91.81,
    "netProfit" : 136.46
  }, {
    "date" : "2008-06-30",
    "sales" : 20.71,
    "salesGrowthYoY" : 53.64,
    "grossProfitMargin" : 99.18,
    "grossProfit" : 20.54,
    "operatingProfitMargin" : 75.13,
    "operatingProfit" : 15.56,
    "netProfitMargin" : 53.26,
    "netProfit" : 11.03
  }, {
    "date" : "2008-09-30",
    "sales" : 25.33,
    "salesGrowthYoY" : 48.48,
    "grossProfitMargin" : 99.41,
    "grossProfit" : 25.18,
    "operatingProfitMargin" : 70.98,
    "operatingProfit" : 17.98,
    "netProfitMargin" : 152.66,
    "netProfit" : 38.67
  }, {
    "date" : "2008-12-31",
    "sales" : 22.97,
    "salesGrowthYoY" : 10.81,
    "grossProfitMargin" : 99.22,
    "grossProfit" : 22.79,
    "operatingProfitMargin" : 67.57,
    "operatingProfit" : 15.52,
    "netProfitMargin" : 64.21,
    "netProfit" : 14.75
  }, {
    "date" : "2009-03-31",
    "sales" : 21.15,
    "salesGrowthYoY" : -85.77,
    "grossProfitMargin" : 99.53,
    "grossProfit" : 21.05,
    "operatingProfitMargin" : 52.72,
    "operatingProfit" : 11.15,
    "netProfitMargin" : 65.11,
    "netProfit" : 13.77
  }, {
    "date" : "2009-06-30",
    "sales" : 24.79,
    "salesGrowthYoY" : 19.70,
    "grossProfitMargin" : 99.39,
    "grossProfit" : 24.64,
    "operatingProfitMargin" : 76.16,
    "operatingProfit" : 18.88,
    "netProfitMargin" : 61.84,
    "netProfit" : 15.33
  }, {
    "date" : "2009-09-30",
    "sales" : 26.39,
    "salesGrowthYoY" : 4.18,
    "grossProfitMargin" : 99.47,
    "grossProfit" : 26.25,
    "operatingProfitMargin" : 68.89,
    "operatingProfit" : 18.18,
    "netProfitMargin" : 66.46,
    "netProfit" : 17.54
  }, {
    "date" : "2009-12-31",
    "sales" : 30.18,
    "salesGrowthYoY" : 31.39,
    "grossProfitMargin" : 99.44,
    "grossProfit" : 30.01,
    "operatingProfitMargin" : 58.68,
    "operatingProfit" : 17.71,
    "netProfitMargin" : 33.76,
    "netProfit" : 10.19
  }, {
    "date" : "2010-03-31",
    "sales" : 34.41,
    "salesGrowthYoY" : 62.70,
    "grossProfitMargin" : 99.59,
    "grossProfit" : 34.27,
    "operatingProfitMargin" : 57.66,
    "operatingProfit" : 19.84,
    "netProfitMargin" : 48.91,
    "netProfit" : 16.83
  }, {
    "date" : "2010-06-30",
    "sales" : 40.43,
    "salesGrowthYoY" : 63.09,
    "grossProfitMargin" : 99.55,
    "grossProfit" : 40.25,
    "operatingProfitMargin" : 72.62,
    "operatingProfit" : 29.36,
    "netProfitMargin" : 45.16,
    "netProfit" : 18.26
  }, {
    "date" : "2010-09-30",
    "sales" : 44.34,
    "salesGrowthYoY" : 68.02,
    "grossProfitMargin" : 99.62,
    "grossProfit" : 44.17,
    "operatingProfitMargin" : 71.56,
    "operatingProfit" : 31.73,
    "netProfitMargin" : 49.89,
    "netProfit" : 22.12
  }, {
    "date" : "2010-12-31",
    "sales" : 45.07,
    "salesGrowthYoY" : 49.34,
    "grossProfitMargin" : 99.45,
    "grossProfit" : 44.82,
    "operatingProfitMargin" : 72.62,
    "operatingProfit" : 32.73,
    "netProfitMargin" : 52.74,
    "netProfit" : 23.77
  }, {
    "date" : "2011-03-31",
    "sales" : 46.68,
    "salesGrowthYoY" : 35.66,
    "grossProfitMargin" : 99.29,
    "grossProfit" : 46.35,
    "operatingProfitMargin" : 67.52,
    "operatingProfit" : 31.52,
    "netProfitMargin" : 58.91,
    "netProfit" : 27.50
  }, {
    "date" : "2011-06-30",
    "sales" : 53.52,
    "salesGrowthYoY" : 32.38,
    "grossProfitMargin" : 86.45,
    "grossProfit" : 46.27,
    "operatingProfitMargin" : 61.77,
    "operatingProfit" : 33.06,
    "netProfitMargin" : 50.88,
    "netProfit" : 27.23
  }, {
    "date" : "2011-09-30",
    "sales" : 53.85,
    "salesGrowthYoY" : 21.45,
    "grossProfitMargin" : 100.00,
    "grossProfit" : 53.85,
    "operatingProfitMargin" : 61.93,
    "operatingProfit" : 33.35,
    "netProfitMargin" : 44.36,
    "netProfit" : 23.89
  }, {
    "date" : "2011-12-31",
    "sales" : 57.72,
    "salesGrowthYoY" : 28.07,
    "grossProfitMargin" : 87.47,
    "grossProfit" : 50.49,
    "operatingProfitMargin" : 64.66,
    "operatingProfit" : 37.32,
    "netProfitMargin" : 46.60,
    "netProfit" : 26.90
  }, {
    "date" : "2012-03-31",
    "sales" : 60.02,
    "salesGrowthYoY" : 28.58,
    "grossProfitMargin" : 88.05,
    "grossProfit" : 52.85,
    "operatingProfitMargin" : 60.51,
    "operatingProfit" : 36.32,
    "netProfitMargin" : 45.52,
    "netProfit" : 27.32
  }, {
    "date" : "2012-06-30",
    "sales" : 62.60,
    "salesGrowthYoY" : 16.97,
    "grossProfitMargin" : 100.00,
    "grossProfit" : 62.60,
    "operatingProfitMargin" : 62.99,
    "operatingProfit" : 39.43,
    "netProfitMargin" : 48.88,
    "netProfit" : 30.60
  }, {
    "date" : "2012-09-30",
    "sales" : 66.45,
    "salesGrowthYoY" : 23.40,
    "grossProfitMargin" : 85.99,
    "grossProfit" : 57.14,
    "operatingProfitMargin" : 65.97,
    "operatingProfit" : 43.84,
    "netProfitMargin" : 49.71,
    "netProfit" : 33.03
  }, {
    "date" : "2012-12-31",
    "sales" : 69.34,
    "salesGrowthYoY" : 20.13,
    "grossProfitMargin" : 100.00,
    "grossProfit" : 69.34,
    "operatingProfitMargin" : 68.34,
    "operatingProfit" : 47.39,
    "netProfitMargin" : 49.24,
    "netProfit" : 34.14
  }, {
    "date" : "2013-03-31",
    "sales" : 72.21,
    "salesGrowthYoY" : 20.31,
    "grossProfitMargin" : 86.64,
    "grossProfit" : 62.56,
    "operatingProfitMargin" : 66.33,
    "operatingProfit" : 47.90,
    "netProfitMargin" : 50.02,
    "netProfit" : 36.12
  }, {
    "date" : "2013-06-30",
    "sales" : 69.82,
    "salesGrowthYoY" : 11.53,
    "grossProfitMargin" : 89.22,
    "grossProfit" : 62.29,
    "operatingProfitMargin" : 68.00,
    "operatingProfit" : 47.48,
    "netProfitMargin" : 59.91,
    "netProfit" : 41.83
  }, {
    "date" : "2013-09-30",
    "sales" : 70.72,
    "salesGrowthYoY" : 6.43,
    "grossProfitMargin" : 87.06,
    "grossProfit" : 61.57,
    "operatingProfitMargin" : 67.66,
    "operatingProfit" : 47.85,
    "netProfitMargin" : 51.65,
    "netProfit" : 36.53
  }, {
    "date" : "2013-12-31",
    "sales" : 75.59,
    "salesGrowthYoY" : 9.01,
    "grossProfitMargin" : 88.36,
    "grossProfit" : 66.79,
    "operatingProfitMargin" : 65.80,
    "operatingProfit" : 49.74,
    "netProfitMargin" : 50.03,
    "netProfit" : 37.82
  }, {
    "date" : "2014-03-31",
    "sales" : 78.68,
    "salesGrowthYoY" : 8.96,
    "grossProfitMargin" : 89.98,
    "grossProfit" : 70.80,
    "operatingProfitMargin" : 61.02,
    "operatingProfit" : 48.01,
    "netProfitMargin" : 46.23,
    "netProfit" : 36.37
  }, {
    "date" : "2014-06-30",
    "sales" : 75.61,
    "salesGrowthYoY" : 8.29,
    "grossProfitMargin" : 86.44,
    "grossProfit" : 65.36,
    "operatingProfitMargin" : 65.88,
    "operatingProfit" : 49.81,
    "netProfitMargin" : 46.57,
    "netProfit" : 35.21
  }, {
    "date" : "2014-09-30",
    "sales" : 77.89,
    "salesGrowthYoY" : 10.14,
    "grossProfitMargin" : 87.47,
    "grossProfit" : 68.13,
    "operatingProfitMargin" : 64.67,
    "operatingProfit" : 50.37,
    "netProfitMargin" : 46.86,
    "netProfit" : 36.50
  }, {
    "date" : "2014-12-31",
    "sales" : 81.16,
    "salesGrowthYoY" : 7.37,
    "grossProfitMargin" : 88.39,
    "grossProfit" : 71.74,
    "operatingProfitMargin" : 63.47,
    "operatingProfit" : 51.51,
    "netProfitMargin" : 46.91,
    "netProfit" : 38.07
  }, {
    "date" : "2015-03-31",
    "sales" : 80.79,
    "salesGrowthYoY" : 2.68,
    "grossProfitMargin" : 90.16,
    "grossProfit" : 72.84,
    "operatingProfitMargin" : 63.65,
    "operatingProfit" : 51.42,
    "netProfitMargin" : 28.00,
    "netProfit" : 22.62
  }, {
    "date" : "2015-06-30",
    "sales" : 86.29,
    "salesGrowthYoY" : 14.13,
    "grossProfitMargin" : 87.66,
    "grossProfit" : 75.64,
    "operatingProfitMargin" : 69.02,
    "operatingProfit" : 59.56,
    "netProfitMargin" : 51.67,
    "netProfit" : 44.59
  }, {
    "date" : "2015-09-30",
    "sales" : 86.89,
    "salesGrowthYoY" : 11.55,
    "grossProfitMargin" : 87.20,
    "grossProfit" : 75.77,
    "operatingProfitMargin" : 67.20,
    "operatingProfit" : 58.39,
    "netProfitMargin" : 50.66,
    "netProfit" : 44.02
  }, {
    "date" : "2015-12-31",
    "sales" : 91.15,
    "salesGrowthYoY" : 12.31,
    "grossProfitMargin" : 88.21,
    "grossProfit" : 80.40,
    "operatingProfitMargin" : 66.13,
    "operatingProfit" : 60.28,
    "netProfitMargin" : 49.92,
    "netProfit" : 45.50
  }, {
    "date" : "2016-03-31",
    "sales" : 91.47,
    "salesGrowthYoY" : 13.22,
    "grossProfitMargin" : 90.27,
    "grossProfit" : 82.57,
    "operatingProfitMargin" : 66.13,
    "operatingProfit" : 60.49,
    "netProfitMargin" : 29.99,
    "netProfit" : 27.43
  }, {
    "date" : "2016-06-30",
    "sales" : 91.17,
    "salesGrowthYoY" : 5.66,
    "grossProfitMargin" : 88.70,
    "grossProfit" : 80.87,
    "operatingProfitMargin" : 68.78,
    "operatingProfit" : 62.71,
    "netProfitMargin" : 49.22,
    "netProfit" : 44.87
  }, {
    "date" : "2016-09-30",
    "sales" : 92.87,
    "salesGrowthYoY" : 6.88,
    "grossProfitMargin" : 89.02,
    "grossProfit" : 82.67,
    "operatingProfitMargin" : 68.96,
    "operatingProfit" : 64.04,
    "netProfitMargin" : 49.77,
    "netProfit" : 46.22
  }, {
    "date" : "2016-12-31",
    "sales" : 99.96,
    "salesGrowthYoY" : 9.67,
    "grossProfitMargin" : 89.60,
    "grossProfit" : 89.56,
    "operatingProfitMargin" : 66.82,
    "operatingProfit" : 66.79,
    "netProfitMargin" : 40.69,
    "netProfit" : 40.67
  }, {
    "date" : "2017-03-31",
    "sales" : 91.92,
    "salesGrowthYoY" : 0.49,
    "grossProfitMargin" : 88.65,
    "grossProfit" : 81.49,
    "operatingProfitMargin" : 65.56,
    "operatingProfit" : 60.26,
    "netProfitMargin" : 40.02,
    "netProfit" : 36.79
  }, {
    "date" : "2017-06-30",
    "sales" : 98.16,
    "salesGrowthYoY" : 7.67,
    "grossProfitMargin" : 87.98,
    "grossProfit" : 86.36,
    "operatingProfitMargin" : 65.21,
    "operatingProfit" : 64.01,
    "netProfitMargin" : 31.77,
    "netProfit" : 31.19
  }, {
    "date" : "2017-09-30",
    "sales" : 94.47,
    "salesGrowthYoY" : 1.72,
    "grossProfitMargin" : 88.74,
    "grossProfit" : 83.83,
    "operatingProfitMargin" : 65.49,
    "operatingProfit" : 61.87,
    "netProfitMargin" : 66.76,
    "netProfit" : 63.07
  }, {
    "date" : "2017-12-31",
    "sales" : 100.14,
    "salesGrowthYoY" : 0.18,
    "grossProfitMargin" : 89.83,
    "grossProfit" : 89.96,
    "operatingProfitMargin" : 61.85,
    "operatingProfit" : 61.94,
    "netProfitMargin" : 29.13,
    "netProfit" : 29.17
  }, {
    "date" : "2018-03-31",
    "sales" : 104.44,
    "salesGrowthYoY" : 13.62,
    "grossProfitMargin" : 89.98,
    "grossProfit" : 93.98,
    "operatingProfitMargin" : 61.64,
    "operatingProfit" : 64.38,
    "netProfitMargin" : 30.07,
    "netProfit" : 31.41
  }, {
    "date" : "2018-06-30",
    "sales" : 109.23,
    "salesGrowthYoY" : 11.28,
    "grossProfitMargin" : 88.67,
    "grossProfit" : 96.85,
    "operatingProfitMargin" : 63.00,
    "operatingProfit" : 68.81,
    "netProfitMargin" : 31.74,
    "netProfit" : 34.67
  }, {
    "date" : "2018-09-30",
    "sales" : 108.59,
    "salesGrowthYoY" : 14.95,
    "grossProfitMargin" : 89.48,
    "grossProfit" : 97.17,
    "operatingProfitMargin" : 62.05,
    "operatingProfit" : 67.38,
    "netProfitMargin" : 64.90,
    "netProfit" : 70.47
  }, {
    "date" : "2018-12-31",
    "sales" : 112.14,
    "salesGrowthYoY" : 11.98,
    "grossProfitMargin" : 89.77,
    "grossProfit" : 100.67,
    "operatingProfitMargin" : 59.10,
    "operatingProfit" : 66.27,
    "netProfitMargin" : 27.44,
    "netProfit" : 30.77
  }, {
    "date" : "2019-03-31",
    "sales" : 110.38,
    "salesGrowthYoY" : 5.69,
    "grossProfitMargin" : 91.16,
    "grossProfit" : 100.62,
    "operatingProfitMargin" : 59.93,
    "operatingProfit" : 66.15,
    "netProfitMargin" : 33.68,
    "netProfit" : 37.18
  }, {
    "date" : "2019-06-30",
    "sales" : 113.28,
    "salesGrowthYoY" : 3.71,
    "grossProfitMargin" : 89.02,
    "grossProfit" : 100.84,
    "operatingProfitMargin" : 61.84,
    "operatingProfit" : 70.05,
    "netProfitMargin" : 31.45,
    "netProfit" : 35.63
  }, {
    "date" : "2019-09-30",
    "sales" : 113.07,
    "salesGrowthYoY" : 4.13,
    "grossProfitMargin" : 89.73,
    "grossProfit" : 101.46,
    "operatingProfitMargin" : 58.80,
    "operatingProfit" : 66.49,
    "netProfitMargin" : 52.91,
    "netProfit" : 59.83
  }, {
    "date" : "2019-12-31",
    "sales" : 119.86,
    "salesGrowthYoY" : 6.88,
    "grossProfitMargin" : 90.54,
    "grossProfit" : 108.52,
    "operatingProfitMargin" : 55.31,
    "operatingProfit" : 66.29,
    "netProfitMargin" : 27.62,
    "netProfit" : 33.11
  }, {
    "date" : "2020-03-31",
    "sales" : 98.22,
    "salesGrowthYoY" : -11.02,
    "grossProfitMargin" : 91.37,
    "grossProfit" : 89.74,
    "operatingProfitMargin" : 57.36,
    "operatingProfit" : 56.34,
    "netProfitMargin" : 20.50,
    "netProfit" : 20.14
  }, {
    "date" : "2020-06-30",
    "sales" : 40.16,
    "salesGrowthYoY" : -64.55,
    "grossProfitMargin" : 96.04,
    "grossProfit" : 38.57,
    "operatingProfitMargin" : 66.93,
    "operatingProfit" : 26.88,
    "netProfitMargin" : 1.92,
    "netProfit" : 0.77
  }, {
    "date" : "2020-09-30",
    "sales" : 44.90,
    "salesGrowthYoY" : -60.29,
    "grossProfitMargin" : 91.56,
    "grossProfit" : 41.11,
    "operatingProfitMargin" : 45.55,
    "operatingProfit" : 20.45,
    "netProfitMargin" : 1.58,
    "netProfit" : 0.71
  }, {
    "date" : "2020-12-31",
    "sales" : 76.45,
    "salesGrowthYoY" : -36.22,
    "grossProfitMargin" : 96.70,
    "grossProfit" : 73.93,
    "operatingProfitMargin" : 60.35,
    "operatingProfit" : 46.14,
    "netProfitMargin" : 369.82,
    "netProfit" : 282.73
  }, {
    "date" : "2021-03-31",
    "sales" : 83.52,
    "salesGrowthYoY" : -14.97,
    "grossProfitMargin" : 92.35,
    "grossProfit" : 77.13,
    "operatingProfitMargin" : 35.91,
    "operatingProfit" : 29.99,
    "netProfitMargin" : 9.57,
    "netProfit" : 7.99
  }, {
    "date" : "2021-06-30",
    "sales" : 39.29,
    "salesGrowthYoY" : -2.17,
    "grossProfitMargin" : 93.05,
    "grossProfit" : 36.56,
    "operatingProfitMargin" : 40.90,
    "operatingProfit" : 16.07,
    "netProfitMargin" : 72.84,
    "netProfit" : 28.62
  }, {
    "date" : "2021-09-30",
    "sales" : 57.49,
    "salesGrowthYoY" : 28.04,
    "grossProfitMargin" : 96.85,
    "grossProfit" : 55.68,
    "operatingProfitMargin" : 44.98,
    "operatingProfit" : 25.86,
    "netProfitMargin" : 26.74,
    "netProfit" : 15.37
  }, {
    "date" : "2021-12-31",
    "sales" : 85.86,
    "salesGrowthYoY" : 12.31,
    "grossProfitMargin" : 96.77,
    "grossProfit" : 83.09,
    "operatingProfitMargin" : 66.98,
    "operatingProfit" : 57.51,
    "netProfitMargin" : 48.57,
    "netProfit" : 41.70
  }, {
    "date" : "2022-03-31",
    "sales" : 102.95,
    "salesGrowthYoY" : 23.26,
    "grossProfitMargin" : 97.80,
    "grossProfit" : 100.69,
    "operatingProfitMargin" : 62.91,
    "operatingProfit" : 64.77,
    "netProfitMargin" : 55.85,
    "netProfit" : 57.50
  }, {
    "date" : "2022-06-30",
    "sales" : 112.22,
    "salesGrowthYoY" : 185.62,
    "grossProfitMargin" : 97.02,
    "grossProfit" : 108.88,
    "operatingProfitMargin" : 65.61,
    "operatingProfit" : 73.63,
    "netProfitMargin" : 74.16,
    "netProfit" : 83.22
  }, {
    "date" : "2022-09-30",
    "sales" : 117.87,
    "salesGrowthYoY" : 105.03,
    "grossProfitMargin" : 96.85,
    "grossProfit" : 114.16,
    "operatingProfitMargin" : 67.97,
    "operatingProfit" : 80.12,
    "netProfitMargin" : 43.85,
    "netProfit" : 51.69
  }, {
    "date" : "2022-12-31",
    "sales" : 123.88,
    "salesGrowthYoY" : 44.28,
    "grossProfitMargin" : 97.30,
    "grossProfit" : 120.54,
    "operatingProfitMargin" : 69.80,
    "operatingProfit" : 86.47,
    "netProfitMargin" : 43.86,
    "netProfit" : 54.33
  }, {
    "date" : "2023-03-31",
    "sales" : 122.54,
    "salesGrowthYoY" : 19.03,
    "grossProfitMargin" : 97.67,
    "grossProfit" : 119.68,
    "operatingProfitMargin" : 65.38,
    "operatingProfit" : 80.12,
    "netProfitMargin" : 47.60,
    "netProfit" : 58.33
  }, {
    "date" : "2023-06-30",
    "sales" : 117.87,
    "salesGrowthYoY" : 5.03,
    "grossProfitMargin" : 96.14,
    "grossProfit" : 113.32,
    "operatingProfitMargin" : 69.73,
    "operatingProfit" : 82.19,
    "netProfitMargin" : 43.42,
    "netProfit" : 51.18
  }, {
    "date" : "2023-09-30",
    "sales" : 112.40,
    "salesGrowthYoY" : -4.64,
    "grossProfitMargin" : 96.65,
    "grossProfit" : 108.63,
    "operatingProfitMargin" : 65.36,
    "operatingProfit" : 73.46,
    "netProfitMargin" : 112.05,
    "netProfit" : 125.94
  }, {
    "date" : "2023-12-31",
    "sales" : 119.84,
    "salesGrowthYoY" : -3.26,
    "grossProfitMargin" : 97.20,
    "grossProfit" : 116.48,
    "operatingProfitMargin" : 64.60,
    "operatingProfit" : 77.42,
    "netProfitMargin" : 41.91,
    "netProfit" : 50.22
  }, {
    "date" : "2024-03-31",
    "sales" : 115.60,
    "salesGrowthYoY" : -5.66,
    "grossProfitMargin" : 97.47,
    "grossProfit" : 112.68,
    "operatingProfitMargin" : 68.15,
    "operatingProfit" : 78.78,
    "netProfitMargin" : 45.74,
    "netProfit" : 52.88
  }, {
    "date" : "2024-06-30",
    "sales" : 118.23,
    "salesGrowthYoY" : 0.31,
    "grossProfitMargin" : 97.06,
    "grossProfit" : 114.75,
    "operatingProfitMargin" : 65.15,
    "operatingProfit" : 77.03,
    "netProfitMargin" : 44.75,
    "netProfit" : 52.91
  }, {
    "date" : "2024-09-30",
    "sales" : 115.58,
    "salesGrowthYoY" : 2.83,
    "grossProfitMargin" : 96.06,
    "grossProfit" : 111.03,
    "operatingProfitMargin" : 62.50,
    "operatingProfit" : 72.24,
    "netProfitMargin" : 115.87,
    "netProfit" : 133.92
  }, {
    "date" : "2024-12-31",
    "sales" : 127.46,
    "salesGrowthYoY" : 6.36,
    "grossProfitMargin" : 96.71,
    "grossProfit" : 123.27,
    "operatingProfitMargin" : 63.69,
    "operatingProfit" : 81.18,
    "netProfitMargin" : 43.79,
    "netProfit" : 55.81
  }, {
    "date" : "2025-03-31",
    "sales" : 124.86,
    "salesGrowthYoY" : 8.01,
    "grossProfitMargin" : 94.05,
    "grossProfit" : 117.43,
    "operatingProfitMargin" : 55.82,
    "operatingProfit" : 69.70,
    "netProfitMargin" : 46.90,
    "netProfit" : 58.56
  }, {
    "date" : "2025-06-30",
    "sales" : 125.53,
    "salesGrowthYoY" : 6.17,
    "grossProfitMargin" : 97.27,
    "grossProfit" : 122.10,
    "operatingProfitMargin" : 65.00,
    "operatingProfit" : 81.59,
    "netProfitMargin" : 32.44,
    "netProfit" : 40.72
  }, {
    "date" : "2025-09-30",
    "sales" : 137.33,
    "salesGrowthYoY" : 18.82,
    "grossProfitMargin" : 96.31,
    "grossProfit" : 132.26,
    "operatingProfitMargin" : 63.11,
    "operatingProfit" : 86.67,
    "netProfitMargin" : 94.20,
    "netProfit" : 129.36
  } ],
  "latestQuarterlyResult" : {
    "date" : "2025-09-30",
    "sales" : 137.33,
    "salesGrowthYoY" : 18.82,
    "grossProfitMargin" : 96.31,
    "grossProfit" : 132.26,
    "operatingProfitMargin" : 63.11,
    "operatingProfit" : 86.67,
    "netProfitMargin" : 94.20,
    "netProfit" : 129.36
  },
  "companyScore" : {
    "priceHigherThanDma50" : 5.00,
    "priceHigherThanDma100" : 5.00,
    "priceHigherThanDma200" : 5.00,
    "dma50HigherThanDma100" : 5.00,
    "dma50HigherThanDma200" : 5.00,
    "dma100HigherThanDma200" : 5.00,
    "pricePercentageAboveDma50" : 4.66,
    "pricePercentageAboveDma100" : 4.36,
    "pricePercentageAboveDma200" : 4.34,
    "weeklyVolumeHigherThanYearlyVolume" : 0.00,
    "salesGrowthPercentile" : 13.42,
    "operatingProfitMarginPercentile" : 11.48,
    "netProfitMarginPercentile" : 9.40,
    "totalTechnicalScore" : 43.37,
    "totalFundamentalScore" : 34.29,
    "totalScore" : 77.66
  }
}