{
  "metadata" : {
    "screenerCompanyId" : "2497",
    "companyCode" : "PNBGILTS",
    "companyName" : "PNB Gilts",
    "screenerCompanyLink" : "https://www.screener.in/company/PNBGILTS/",
    "screenerTechnicalHistoryLink" : "https://www.screener.in/api/company/2497/chart/?q=Price-DMA50-DMA200-Volume&days=365",
    "screenerQuarterlyResultsLink" : "https://www.screener.in/api/company/2497/chart/?q=GPM-OPM-NPM-Quarter+Sales&days=10000",
    "attributes" : {
      "companyCode" : "PNBGILTS",
      "companyName" : "PNB Gilts",
      "marketCap" : 1454.00,
      "peRatio" : 6.00,
      "description" : "The Co’s primary activities include supporting government borrowing program via underwriting of government securities issuances and trading in a gamut of fixed income instruments such as Government securities, Treasury Bills, State Development Loans, Corporate Bonds, Interest Rate Swaps and various money market instruments such as Certificates of Deposits, Commercial Papers etc.[1]"
    },
    "companyScore" : {
      "priceHigherThanDma50" : 0.00,
      "priceHigherThanDma100" : 0.00,
      "priceHigherThanDma200" : 0.00,
      "dma50HigherThanDma100" : 0.00,
      "dma50HigherThanDma200" : 0.00,
      "dma100HigherThanDma200" : 0.00,
      "pricePercentageAboveDma50" : 5.07,
      "pricePercentageAboveDma100" : 5.39,
      "pricePercentageAboveDma200" : 5.57,
      "weeklyVolumeHigherThanYearlyVolume" : 0.00,
      "salesGrowthPercentile" : 10.00,
      "operatingProfitMarginPercentile" : 18.74,
      "netProfitMarginPercentile" : 8.94,
      "totalTechnicalScore" : 16.03,
      "totalFundamentalScore" : 37.68,
      "totalScore" : 53.71
    }
  },
  "attributes" : {
    "companyCode" : "PNBGILTS",
    "companyName" : "PNB Gilts",
    "marketCap" : 1454.00,
    "peRatio" : 6.00,
    "description" : "The Co’s primary activities include supporting government borrowing program via underwriting of government securities issuances and trading in a gamut of fixed income instruments such as Government securities, Treasury Bills, State Development Loans, Corporate Bonds, Interest Rate Swaps and various money market instruments such as Certificates of Deposits, Commercial Papers etc.[1]"
  },
  "technicalHistory" : [ {
    "date" : "2025-02-05",
    "price" : 103.04,
    "dma50" : 106.89,
    "dma100" : null,
    "dma200" : 111.67,
    "volume" : 283572.00
  }, {
    "date" : "2025-02-06",
    "price" : 102.17,
    "dma50" : 106.70,
    "dma100" : null,
    "dma200" : 111.58,
    "volume" : 219723.00
  }, {
    "date" : "2025-02-07",
    "price" : 103.16,
    "dma50" : 106.56,
    "dma100" : null,
    "dma200" : 111.49,
    "volume" : 592180.00
  }, {
    "date" : "2025-02-10",
    "price" : 97.85,
    "dma50" : 106.22,
    "dma100" : null,
    "dma200" : 111.36,
    "volume" : 436655.00
  }, {
    "date" : "2025-02-11",
    "price" : 96.29,
    "dma50" : 105.83,
    "dma100" : null,
    "dma200" : 111.21,
    "volume" : 536603.00
  }, {
    "date" : "2025-02-12",
    "price" : 91.82,
    "dma50" : 105.28,
    "dma100" : null,
    "dma200" : 111.02,
    "volume" : 898692.00
  }, {
    "date" : "2025-02-13",
    "price" : 94.56,
    "dma50" : 104.86,
    "dma100" : null,
    "dma200" : 110.85,
    "volume" : 424572.00
  }, {
    "date" : "2025-02-14",
    "price" : 89.95,
    "dma50" : 104.28,
    "dma100" : null,
    "dma200" : 110.64,
    "volume" : 407104.00
  }, {
    "date" : "2025-02-17",
    "price" : 86.87,
    "dma50" : 103.60,
    "dma100" : null,
    "dma200" : 110.41,
    "volume" : 624054.00
  }, {
    "date" : "2025-02-18",
    "price" : 83.12,
    "dma50" : 102.79,
    "dma100" : null,
    "dma200" : 110.14,
    "volume" : 475979.00
  }, {
    "date" : "2025-02-19",
    "price" : 86.38,
    "dma50" : 102.15,
    "dma100" : null,
    "dma200" : 109.90,
    "volume" : 418043.00
  }, {
    "date" : "2025-02-20",
    "price" : 88.77,
    "dma50" : 101.62,
    "dma100" : null,
    "dma200" : 109.69,
    "volume" : 384635.00
  }, {
    "date" : "2025-02-21",
    "price" : 85.90,
    "dma50" : 101.01,
    "dma100" : null,
    "dma200" : 109.45,
    "volume" : 429982.00
  }, {
    "date" : "2025-02-24",
    "price" : 85.88,
    "dma50" : 100.41,
    "dma100" : null,
    "dma200" : 109.22,
    "volume" : 380867.00
  }, {
    "date" : "2025-02-25",
    "price" : 84.16,
    "dma50" : 99.78,
    "dma100" : null,
    "dma200" : 108.97,
    "volume" : 215472.00
  }, {
    "date" : "2025-02-27",
    "price" : 82.40,
    "dma50" : 99.10,
    "dma100" : null,
    "dma200" : 108.70,
    "volume" : 355392.00
  }, {
    "date" : "2025-02-28",
    "price" : 79.49,
    "dma50" : 98.33,
    "dma100" : null,
    "dma200" : 108.41,
    "volume" : 542413.00
  }, {
    "date" : "2025-03-03",
    "price" : 79.93,
    "dma50" : 97.60,
    "dma100" : null,
    "dma200" : 108.13,
    "volume" : 754628.00
  }, {
    "date" : "2025-03-04",
    "price" : 79.38,
    "dma50" : 96.89,
    "dma100" : null,
    "dma200" : 107.84,
    "volume" : 367942.00
  }, {
    "date" : "2025-03-05",
    "price" : 82.10,
    "dma50" : 96.31,
    "dma100" : null,
    "dma200" : 107.59,
    "volume" : 486747.00
  }, {
    "date" : "2025-03-06",
    "price" : 82.40,
    "dma50" : 95.76,
    "dma100" : null,
    "dma200" : 107.34,
    "volume" : 373658.00
  }, {
    "date" : "2025-03-07",
    "price" : 81.28,
    "dma50" : 95.20,
    "dma100" : null,
    "dma200" : 107.08,
    "volume" : 505762.00
  }, {
    "date" : "2025-03-10",
    "price" : 75.46,
    "dma50" : 94.42,
    "dma100" : null,
    "dma200" : 106.76,
    "volume" : 1060587.00
  }, {
    "date" : "2025-03-11",
    "price" : 76.15,
    "dma50" : 93.71,
    "dma100" : null,
    "dma200" : 106.46,
    "volume" : 580644.00
  }, {
    "date" : "2025-03-12",
    "price" : 75.44,
    "dma50" : 92.99,
    "dma100" : null,
    "dma200" : 106.15,
    "volume" : 382366.00
  }, {
    "date" : "2025-03-13",
    "price" : 75.24,
    "dma50" : 92.29,
    "dma100" : null,
    "dma200" : 105.84,
    "volume" : 347438.00
  }, {
    "date" : "2025-03-17",
    "price" : 74.56,
    "dma50" : 91.60,
    "dma100" : null,
    "dma200" : 105.53,
    "volume" : 355913.00
  }, {
    "date" : "2025-03-18",
    "price" : 76.41,
    "dma50" : 91.00,
    "dma100" : null,
    "dma200" : 105.24,
    "volume" : 583713.00
  }, {
    "date" : "2025-03-19",
    "price" : 78.84,
    "dma50" : 90.53,
    "dma100" : null,
    "dma200" : 104.98,
    "volume" : 870100.00
  }, {
    "date" : "2025-03-20",
    "price" : 79.69,
    "dma50" : 90.10,
    "dma100" : null,
    "dma200" : 104.73,
    "volume" : 526055.00
  }, {
    "date" : "2025-03-21",
    "price" : 81.14,
    "dma50" : 89.75,
    "dma100" : null,
    "dma200" : 104.49,
    "volume" : 672571.00
  }, {
    "date" : "2025-03-24",
    "price" : 84.13,
    "dma50" : 89.53,
    "dma100" : null,
    "dma200" : 104.29,
    "volume" : 713361.00
  }, {
    "date" : "2025-03-25",
    "price" : 81.32,
    "dma50" : 89.21,
    "dma100" : null,
    "dma200" : 104.06,
    "volume" : 493885.00
  }, {
    "date" : "2025-03-26",
    "price" : 82.06,
    "dma50" : 88.93,
    "dma100" : null,
    "dma200" : 103.84,
    "volume" : 658185.00
  }, {
    "date" : "2025-03-27",
    "price" : 80.97,
    "dma50" : 88.61,
    "dma100" : null,
    "dma200" : 103.61,
    "volume" : 554989.00
  }, {
    "date" : "2025-03-28",
    "price" : 80.49,
    "dma50" : 88.30,
    "dma100" : null,
    "dma200" : 103.38,
    "volume" : 544193.00
  }, {
    "date" : "2025-04-01",
    "price" : 84.41,
    "dma50" : 88.14,
    "dma100" : null,
    "dma200" : 103.20,
    "volume" : 568142.00
  }, {
    "date" : "2025-04-02",
    "price" : 90.07,
    "dma50" : 88.22,
    "dma100" : null,
    "dma200" : 103.06,
    "volume" : 2092898.00
  }, {
    "date" : "2025-04-03",
    "price" : 93.14,
    "dma50" : 88.41,
    "dma100" : null,
    "dma200" : 102.97,
    "volume" : 930465.00
  }, {
    "date" : "2025-04-04",
    "price" : 90.12,
    "dma50" : 88.48,
    "dma100" : null,
    "dma200" : 102.84,
    "volume" : 522543.00
  }, {
    "date" : "2025-04-07",
    "price" : 87.39,
    "dma50" : 88.44,
    "dma100" : null,
    "dma200" : 102.68,
    "volume" : 769238.00
  }, {
    "date" : "2025-04-08",
    "price" : 91.11,
    "dma50" : 88.54,
    "dma100" : null,
    "dma200" : 102.57,
    "volume" : 457613.00
  }, {
    "date" : "2025-04-09",
    "price" : 90.79,
    "dma50" : 88.63,
    "dma100" : null,
    "dma200" : 102.45,
    "volume" : 652301.00
  }, {
    "date" : "2025-04-11",
    "price" : 90.27,
    "dma50" : 88.69,
    "dma100" : null,
    "dma200" : 102.33,
    "volume" : 419885.00
  }, {
    "date" : "2025-04-15",
    "price" : 92.02,
    "dma50" : 88.82,
    "dma100" : null,
    "dma200" : 102.23,
    "volume" : 437311.00
  }, {
    "date" : "2025-04-16",
    "price" : 92.55,
    "dma50" : 88.97,
    "dma100" : null,
    "dma200" : 102.13,
    "volume" : 368293.00
  }, {
    "date" : "2025-04-17",
    "price" : 94.21,
    "dma50" : 89.18,
    "dma100" : null,
    "dma200" : 102.05,
    "volume" : 436753.00
  }, {
    "date" : "2025-04-21",
    "price" : 97.09,
    "dma50" : 89.49,
    "dma100" : null,
    "dma200" : 102.00,
    "volume" : 584227.00
  }, {
    "date" : "2025-04-22",
    "price" : 100.18,
    "dma50" : 89.91,
    "dma100" : null,
    "dma200" : 101.99,
    "volume" : 863348.00
  }, {
    "date" : "2025-04-23",
    "price" : 99.14,
    "dma50" : 90.27,
    "dma100" : null,
    "dma200" : 101.96,
    "volume" : 726755.00
  }, {
    "date" : "2025-04-24",
    "price" : 99.70,
    "dma50" : 90.64,
    "dma100" : null,
    "dma200" : 101.94,
    "volume" : 640403.00
  }, {
    "date" : "2025-04-25",
    "price" : 95.12,
    "dma50" : 90.81,
    "dma100" : null,
    "dma200" : 101.87,
    "volume" : 786588.00
  }, {
    "date" : "2025-04-28",
    "price" : 96.28,
    "dma50" : 91.03,
    "dma100" : null,
    "dma200" : 101.81,
    "volume" : 467450.00
  }, {
    "date" : "2025-04-29",
    "price" : 95.84,
    "dma50" : 91.22,
    "dma100" : null,
    "dma200" : 101.75,
    "volume" : 526219.00
  }, {
    "date" : "2025-04-30",
    "price" : 98.33,
    "dma50" : 91.50,
    "dma100" : null,
    "dma200" : 101.72,
    "volume" : 1026225.00
  }, {
    "date" : "2025-05-02",
    "price" : 101.03,
    "dma50" : 91.87,
    "dma100" : null,
    "dma200" : 101.71,
    "volume" : 1860691.00
  }, {
    "date" : "2025-05-05",
    "price" : 96.57,
    "dma50" : 92.05,
    "dma100" : null,
    "dma200" : 101.66,
    "volume" : 1855038.00
  }, {
    "date" : "2025-05-06",
    "price" : 89.72,
    "dma50" : 91.96,
    "dma100" : null,
    "dma200" : 101.54,
    "volume" : 868765.00
  }, {
    "date" : "2025-05-07",
    "price" : 91.87,
    "dma50" : 91.96,
    "dma100" : null,
    "dma200" : 101.45,
    "volume" : 690182.00
  }, {
    "date" : "2025-05-08",
    "price" : 91.19,
    "dma50" : 91.93,
    "dma100" : null,
    "dma200" : 101.34,
    "volume" : 523001.00
  }, {
    "date" : "2025-05-09",
    "price" : 88.40,
    "dma50" : 91.79,
    "dma100" : null,
    "dma200" : 101.21,
    "volume" : 536005.00
  }, {
    "date" : "2025-05-12",
    "price" : 93.63,
    "dma50" : 91.86,
    "dma100" : null,
    "dma200" : 101.14,
    "volume" : 479362.00
  }, {
    "date" : "2025-05-13",
    "price" : 94.24,
    "dma50" : 91.96,
    "dma100" : null,
    "dma200" : 101.07,
    "volume" : 491441.00
  }, {
    "date" : "2025-05-14",
    "price" : 97.50,
    "dma50" : 92.17,
    "dma100" : null,
    "dma200" : 101.03,
    "volume" : 835730.00
  }, {
    "date" : "2025-05-15",
    "price" : 96.86,
    "dma50" : 92.36,
    "dma100" : null,
    "dma200" : 100.99,
    "volume" : 305393.00
  }, {
    "date" : "2025-05-16",
    "price" : 97.89,
    "dma50" : 92.57,
    "dma100" : null,
    "dma200" : 100.96,
    "volume" : 317776.00
  }, {
    "date" : "2025-05-19",
    "price" : 98.95,
    "dma50" : 92.82,
    "dma100" : null,
    "dma200" : 100.94,
    "volume" : 635592.00
  }, {
    "date" : "2025-05-20",
    "price" : 96.66,
    "dma50" : 92.97,
    "dma100" : null,
    "dma200" : 100.90,
    "volume" : 281766.00
  }, {
    "date" : "2025-05-21",
    "price" : 97.52,
    "dma50" : 93.15,
    "dma100" : null,
    "dma200" : 100.87,
    "volume" : 252393.00
  }, {
    "date" : "2025-05-22",
    "price" : 97.64,
    "dma50" : 93.33,
    "dma100" : null,
    "dma200" : 100.83,
    "volume" : 389289.00
  }, {
    "date" : "2025-05-23",
    "price" : 98.06,
    "dma50" : 93.51,
    "dma100" : null,
    "dma200" : 100.81,
    "volume" : 391274.00
  }, {
    "date" : "2025-05-26",
    "price" : 98.11,
    "dma50" : 93.69,
    "dma100" : null,
    "dma200" : 100.78,
    "volume" : 415828.00
  }, {
    "date" : "2025-05-27",
    "price" : 97.82,
    "dma50" : 93.86,
    "dma100" : null,
    "dma200" : 100.75,
    "volume" : 305353.00
  }, {
    "date" : "2025-05-28",
    "price" : 97.52,
    "dma50" : 94.00,
    "dma100" : null,
    "dma200" : 100.72,
    "volume" : 187091.00
  }, {
    "date" : "2025-05-29",
    "price" : 96.99,
    "dma50" : 94.12,
    "dma100" : null,
    "dma200" : 100.68,
    "volume" : 168062.00
  }, {
    "date" : "2025-05-30",
    "price" : 97.95,
    "dma50" : 94.27,
    "dma100" : null,
    "dma200" : 100.65,
    "volume" : 602908.00
  }, {
    "date" : "2025-06-02",
    "price" : 101.13,
    "dma50" : 94.54,
    "dma100" : null,
    "dma200" : 100.66,
    "volume" : 1091609.00
  }, {
    "date" : "2025-06-03",
    "price" : 100.34,
    "dma50" : 94.76,
    "dma100" : null,
    "dma200" : 100.66,
    "volume" : 385785.00
  }, {
    "date" : "2025-06-04",
    "price" : 103.06,
    "dma50" : 95.09,
    "dma100" : null,
    "dma200" : 100.68,
    "volume" : 1381239.00
  }, {
    "date" : "2025-06-05",
    "price" : 102.16,
    "dma50" : 95.37,
    "dma100" : null,
    "dma200" : 100.69,
    "volume" : 492909.00
  }, {
    "date" : "2025-06-06",
    "price" : 101.54,
    "dma50" : 95.61,
    "dma100" : null,
    "dma200" : 100.70,
    "volume" : 1090188.00
  }, {
    "date" : "2025-06-09",
    "price" : 101.27,
    "dma50" : 95.83,
    "dma100" : null,
    "dma200" : 100.71,
    "volume" : 742826.00
  }, {
    "date" : "2025-06-10",
    "price" : 98.80,
    "dma50" : 95.95,
    "dma100" : null,
    "dma200" : 100.69,
    "volume" : 743802.00
  }, {
    "date" : "2025-06-11",
    "price" : 99.63,
    "dma50" : 96.09,
    "dma100" : null,
    "dma200" : 100.68,
    "volume" : 578024.00
  }, {
    "date" : "2025-06-12",
    "price" : 96.42,
    "dma50" : 96.10,
    "dma100" : null,
    "dma200" : 100.64,
    "volume" : 595413.00
  }, {
    "date" : "2025-06-13",
    "price" : 94.87,
    "dma50" : 96.06,
    "dma100" : null,
    "dma200" : 100.58,
    "volume" : 488736.00
  }, {
    "date" : "2025-06-16",
    "price" : 96.13,
    "dma50" : 96.06,
    "dma100" : null,
    "dma200" : 100.53,
    "volume" : 464552.00
  }, {
    "date" : "2025-06-17",
    "price" : 96.74,
    "dma50" : 96.09,
    "dma100" : null,
    "dma200" : 100.50,
    "volume" : 855241.00
  }, {
    "date" : "2025-06-18",
    "price" : 98.27,
    "dma50" : 96.17,
    "dma100" : null,
    "dma200" : 100.47,
    "volume" : 733525.00
  }, {
    "date" : "2025-06-19",
    "price" : 93.28,
    "dma50" : 96.06,
    "dma100" : null,
    "dma200" : 100.40,
    "volume" : 773884.00
  }, {
    "date" : "2025-06-20",
    "price" : 93.96,
    "dma50" : 95.98,
    "dma100" : null,
    "dma200" : 100.34,
    "volume" : 684841.00
  }, {
    "date" : "2025-06-23",
    "price" : 93.98,
    "dma50" : 95.90,
    "dma100" : null,
    "dma200" : 100.28,
    "volume" : 656884.00
  }, {
    "date" : "2025-06-24",
    "price" : 97.35,
    "dma50" : 95.95,
    "dma100" : null,
    "dma200" : 100.25,
    "volume" : 657629.00
  }, {
    "date" : "2025-06-25",
    "price" : 100.93,
    "dma50" : 96.15,
    "dma100" : null,
    "dma200" : 100.25,
    "volume" : 976492.00
  }, {
    "date" : "2025-06-26",
    "price" : 98.97,
    "dma50" : 96.26,
    "dma100" : null,
    "dma200" : 100.24,
    "volume" : 524176.00
  }, {
    "date" : "2025-06-27",
    "price" : 98.59,
    "dma50" : 96.35,
    "dma100" : null,
    "dma200" : 100.22,
    "volume" : 764296.00
  }, {
    "date" : "2025-06-30",
    "price" : 99.50,
    "dma50" : 96.47,
    "dma100" : null,
    "dma200" : 100.22,
    "volume" : 487798.00
  }, {
    "date" : "2025-07-01",
    "price" : 100.30,
    "dma50" : 96.62,
    "dma100" : null,
    "dma200" : 100.22,
    "volume" : 584775.00
  }, {
    "date" : "2025-07-02",
    "price" : 98.28,
    "dma50" : 96.69,
    "dma100" : null,
    "dma200" : 100.20,
    "volume" : 641082.00
  }, {
    "date" : "2025-07-03",
    "price" : 97.34,
    "dma50" : 96.72,
    "dma100" : null,
    "dma200" : 100.17,
    "volume" : 428217.00
  }, {
    "date" : "2025-07-04",
    "price" : 97.48,
    "dma50" : 96.75,
    "dma100" : 92.00,
    "dma200" : 100.14,
    "volume" : 790278.00
  }, {
    "date" : "2025-07-07",
    "price" : 97.83,
    "dma50" : 96.79,
    "dma100" : 91.96,
    "dma200" : 100.12,
    "volume" : 569345.00
  }, {
    "date" : "2025-07-08",
    "price" : 96.54,
    "dma50" : 96.78,
    "dma100" : 91.89,
    "dma200" : 100.08,
    "volume" : 1177618.00
  }, {
    "date" : "2025-07-09",
    "price" : 95.98,
    "dma50" : 96.75,
    "dma100" : 91.87,
    "dma200" : 100.04,
    "volume" : 388878.00
  }, {
    "date" : "2025-07-10",
    "price" : 96.20,
    "dma50" : 96.73,
    "dma100" : 91.87,
    "dma200" : 100.01,
    "volume" : 548094.00
  }, {
    "date" : "2025-07-11",
    "price" : 94.84,
    "dma50" : 96.65,
    "dma100" : 91.90,
    "dma200" : 99.95,
    "volume" : 795276.00
  }, {
    "date" : "2025-07-14",
    "price" : 96.96,
    "dma50" : 96.66,
    "dma100" : 91.92,
    "dma200" : 99.92,
    "volume" : 529193.00
  }, {
    "date" : "2025-07-15",
    "price" : 99.51,
    "dma50" : 96.78,
    "dma100" : 92.02,
    "dma200" : 99.92,
    "volume" : 989865.00
  }, {
    "date" : "2025-07-16",
    "price" : 101.05,
    "dma50" : 96.94,
    "dma100" : 92.16,
    "dma200" : 99.93,
    "volume" : 983414.00
  }, {
    "date" : "2025-07-17",
    "price" : 100.57,
    "dma50" : 97.09,
    "dma100" : 92.34,
    "dma200" : 99.94,
    "volume" : 438302.00
  }, {
    "date" : "2025-07-18",
    "price" : 98.82,
    "dma50" : 97.15,
    "dma100" : 92.46,
    "dma200" : 99.93,
    "volume" : 364561.00
  }, {
    "date" : "2025-07-21",
    "price" : 100.19,
    "dma50" : 97.27,
    "dma100" : 92.58,
    "dma200" : 99.93,
    "volume" : 480154.00
  }, {
    "date" : "2025-07-22",
    "price" : 98.84,
    "dma50" : 97.33,
    "dma100" : 92.70,
    "dma200" : 99.92,
    "volume" : 598290.00
  }, {
    "date" : "2025-07-23",
    "price" : 106.98,
    "dma50" : 97.71,
    "dma100" : 92.92,
    "dma200" : 99.99,
    "volume" : 11598642.00
  }, {
    "date" : "2025-07-24",
    "price" : 115.42,
    "dma50" : 98.41,
    "dma100" : 93.23,
    "dma200" : 100.14,
    "volume" : 23452654.00
  }, {
    "date" : "2025-07-25",
    "price" : 108.50,
    "dma50" : 98.80,
    "dma100" : 93.49,
    "dma200" : 100.23,
    "volume" : 3192445.00
  }, {
    "date" : "2025-07-28",
    "price" : 105.23,
    "dma50" : 99.05,
    "dma100" : 93.75,
    "dma200" : 100.28,
    "volume" : 2028600.00
  }, {
    "date" : "2025-07-29",
    "price" : 110.37,
    "dma50" : 99.50,
    "dma100" : 94.05,
    "dma200" : 100.38,
    "volume" : 4530874.00
  }, {
    "date" : "2025-07-30",
    "price" : 108.20,
    "dma50" : 99.84,
    "dma100" : 94.34,
    "dma200" : 100.45,
    "volume" : 1255536.00
  }, {
    "date" : "2025-07-31",
    "price" : 107.19,
    "dma50" : 100.13,
    "dma100" : 94.59,
    "dma200" : 100.52,
    "volume" : 1349937.00
  }, {
    "date" : "2025-08-01",
    "price" : 104.15,
    "dma50" : 100.29,
    "dma100" : 94.81,
    "dma200" : 100.56,
    "volume" : 1141301.00
  }, {
    "date" : "2025-08-04",
    "price" : 107.45,
    "dma50" : 100.57,
    "dma100" : 95.07,
    "dma200" : 100.63,
    "volume" : 1483039.00
  }, {
    "date" : "2025-08-05",
    "price" : 106.29,
    "dma50" : 100.79,
    "dma100" : 95.38,
    "dma200" : 100.68,
    "volume" : 983475.00
  }, {
    "date" : "2025-08-06",
    "price" : 104.88,
    "dma50" : 100.95,
    "dma100" : 95.66,
    "dma200" : 100.72,
    "volume" : 1213761.00
  }, {
    "date" : "2025-08-07",
    "price" : 103.59,
    "dma50" : 101.05,
    "dma100" : 95.95,
    "dma200" : 100.75,
    "volume" : 1322808.00
  }, {
    "date" : "2025-08-08",
    "price" : 101.04,
    "dma50" : 101.05,
    "dma100" : 96.20,
    "dma200" : 100.75,
    "volume" : 677363.00
  }, {
    "date" : "2025-08-11",
    "price" : 102.30,
    "dma50" : 101.10,
    "dma100" : 96.48,
    "dma200" : 100.77,
    "volume" : 728809.00
  }, {
    "date" : "2025-08-12",
    "price" : 101.40,
    "dma50" : 101.11,
    "dma100" : 96.73,
    "dma200" : 100.78,
    "volume" : 487326.00
  }, {
    "date" : "2025-08-13",
    "price" : 103.04,
    "dma50" : 101.19,
    "dma100" : 96.97,
    "dma200" : 100.80,
    "volume" : 809928.00
  }, {
    "date" : "2025-08-14",
    "price" : 104.32,
    "dma50" : 101.31,
    "dma100" : 97.22,
    "dma200" : 100.83,
    "volume" : 1529232.00
  }, {
    "date" : "2025-08-18",
    "price" : 104.83,
    "dma50" : 101.45,
    "dma100" : 97.46,
    "dma200" : 100.87,
    "volume" : 882681.00
  }, {
    "date" : "2025-08-19",
    "price" : 107.76,
    "dma50" : 101.70,
    "dma100" : 97.69,
    "dma200" : 100.94,
    "volume" : 1004064.00
  }, {
    "date" : "2025-08-20",
    "price" : 107.24,
    "dma50" : 101.92,
    "dma100" : 97.95,
    "dma200" : 101.00,
    "volume" : 859886.00
  }, {
    "date" : "2025-08-21",
    "price" : 105.61,
    "dma50" : 102.06,
    "dma100" : 98.19,
    "dma200" : 101.05,
    "volume" : 580268.00
  }, {
    "date" : "2025-08-22",
    "price" : 104.56,
    "dma50" : 102.16,
    "dma100" : 98.42,
    "dma200" : 101.09,
    "volume" : 440575.00
  }, {
    "date" : "2025-08-25",
    "price" : 103.36,
    "dma50" : 102.21,
    "dma100" : 98.65,
    "dma200" : 101.11,
    "volume" : 442175.00
  }, {
    "date" : "2025-08-26",
    "price" : 101.84,
    "dma50" : 102.19,
    "dma100" : 98.83,
    "dma200" : 101.12,
    "volume" : 513032.00
  }, {
    "date" : "2025-08-28",
    "price" : 99.25,
    "dma50" : 102.08,
    "dma100" : 98.92,
    "dma200" : 101.10,
    "volume" : 875531.00
  }, {
    "date" : "2025-08-29",
    "price" : 96.37,
    "dma50" : 101.85,
    "dma100" : 98.95,
    "dma200" : 101.05,
    "volume" : 968312.00
  }, {
    "date" : "2025-09-01",
    "price" : 97.59,
    "dma50" : 101.68,
    "dma100" : 99.03,
    "dma200" : 101.02,
    "volume" : 417266.00
  }, {
    "date" : "2025-09-02",
    "price" : 98.01,
    "dma50" : 101.54,
    "dma100" : 99.13,
    "dma200" : 100.99,
    "volume" : 691014.00
  }, {
    "date" : "2025-09-03",
    "price" : 99.01,
    "dma50" : 101.44,
    "dma100" : 99.21,
    "dma200" : 100.97,
    "volume" : 359036.00
  }, {
    "date" : "2025-09-04",
    "price" : 98.33,
    "dma50" : 101.32,
    "dma100" : 99.29,
    "dma200" : 100.94,
    "volume" : 647641.00
  }, {
    "date" : "2025-09-05",
    "price" : 97.68,
    "dma50" : 101.18,
    "dma100" : 99.36,
    "dma200" : 100.91,
    "volume" : 336008.00
  }, {
    "date" : "2025-09-08",
    "price" : 100.48,
    "dma50" : 101.15,
    "dma100" : 99.44,
    "dma200" : 100.90,
    "volume" : 702697.00
  }, {
    "date" : "2025-09-09",
    "price" : 99.04,
    "dma50" : 101.07,
    "dma100" : 99.51,
    "dma200" : 100.88,
    "volume" : 524861.00
  }, {
    "date" : "2025-09-10",
    "price" : 99.85,
    "dma50" : 101.02,
    "dma100" : 99.57,
    "dma200" : 100.87,
    "volume" : 636055.00
  }, {
    "date" : "2025-09-11",
    "price" : 100.16,
    "dma50" : 100.99,
    "dma100" : 99.60,
    "dma200" : 100.87,
    "volume" : 327847.00
  }, {
    "date" : "2025-09-12",
    "price" : 98.84,
    "dma50" : 100.90,
    "dma100" : 99.58,
    "dma200" : 100.85,
    "volume" : 389018.00
  }, {
    "date" : "2025-09-15",
    "price" : 101.21,
    "dma50" : 100.91,
    "dma100" : 99.60,
    "dma200" : 100.85,
    "volume" : 770155.00
  }, {
    "date" : "2025-09-16",
    "price" : 100.97,
    "dma50" : 100.92,
    "dma100" : 99.62,
    "dma200" : 100.85,
    "volume" : 349338.00
  }, {
    "date" : "2025-09-17",
    "price" : 101.95,
    "dma50" : 100.96,
    "dma100" : 99.69,
    "dma200" : 100.86,
    "volume" : 371238.00
  }, {
    "date" : "2025-09-18",
    "price" : 102.24,
    "dma50" : 101.01,
    "dma100" : 99.74,
    "dma200" : 100.88,
    "volume" : 355056.00
  }, {
    "date" : "2025-09-19",
    "price" : 103.98,
    "dma50" : 101.12,
    "dma100" : 99.83,
    "dma200" : 100.91,
    "volume" : 1229909.00
  }, {
    "date" : "2025-09-22",
    "price" : 102.38,
    "dma50" : 101.17,
    "dma100" : 99.87,
    "dma200" : 100.92,
    "volume" : 455573.00
  }, {
    "date" : "2025-09-23",
    "price" : 102.18,
    "dma50" : 101.21,
    "dma100" : 99.88,
    "dma200" : 100.93,
    "volume" : 434753.00
  }, {
    "date" : "2025-09-24",
    "price" : 100.28,
    "dma50" : 101.18,
    "dma100" : 99.92,
    "dma200" : 100.93,
    "volume" : 482560.00
  }, {
    "date" : "2025-09-25",
    "price" : 98.50,
    "dma50" : 101.07,
    "dma100" : 100.00,
    "dma200" : 100.90,
    "volume" : 328878.00
  }, {
    "date" : "2025-09-26",
    "price" : 96.27,
    "dma50" : 100.88,
    "dma100" : 100.05,
    "dma200" : 100.86,
    "volume" : 501698.00
  }, {
    "date" : "2025-09-29",
    "price" : 97.18,
    "dma50" : 100.74,
    "dma100" : 100.11,
    "dma200" : 100.82,
    "volume" : 334411.00
  }, {
    "date" : "2025-09-30",
    "price" : 96.20,
    "dma50" : 100.56,
    "dma100" : 100.18,
    "dma200" : 100.78,
    "volume" : 640877.00
  }, {
    "date" : "2025-10-01",
    "price" : 100.10,
    "dma50" : 100.54,
    "dma100" : 100.25,
    "dma200" : 100.77,
    "volume" : 1220876.00
  }, {
    "date" : "2025-10-03",
    "price" : 99.87,
    "dma50" : 100.51,
    "dma100" : 100.31,
    "dma200" : 100.76,
    "volume" : 479148.00
  }, {
    "date" : "2025-10-06",
    "price" : 98.50,
    "dma50" : 100.44,
    "dma100" : 100.32,
    "dma200" : 100.74,
    "volume" : 387891.00
  }, {
    "date" : "2025-10-07",
    "price" : 97.80,
    "dma50" : 100.33,
    "dma100" : 100.33,
    "dma200" : 100.71,
    "volume" : 266997.00
  }, {
    "date" : "2025-10-08",
    "price" : 96.85,
    "dma50" : 100.20,
    "dma100" : 100.31,
    "dma200" : 100.67,
    "volume" : 256947.00
  }, {
    "date" : "2025-10-09",
    "price" : 96.86,
    "dma50" : 100.06,
    "dma100" : 100.29,
    "dma200" : 100.63,
    "volume" : 245719.00
  }, {
    "date" : "2025-10-10",
    "price" : 97.86,
    "dma50" : 99.98,
    "dma100" : 100.31,
    "dma200" : 100.60,
    "volume" : 389694.00
  }, {
    "date" : "2025-10-13",
    "price" : 97.25,
    "dma50" : 99.87,
    "dma100" : 100.30,
    "dma200" : 100.57,
    "volume" : 461843.00
  }, {
    "date" : "2025-10-14",
    "price" : 95.78,
    "dma50" : 99.71,
    "dma100" : 100.28,
    "dma200" : 100.52,
    "volume" : 472556.00
  }, {
    "date" : "2025-10-15",
    "price" : 96.62,
    "dma50" : 99.59,
    "dma100" : 100.27,
    "dma200" : 100.48,
    "volume" : 368936.00
  }, {
    "date" : "2025-10-16",
    "price" : 97.68,
    "dma50" : 99.51,
    "dma100" : 100.27,
    "dma200" : 100.46,
    "volume" : 487978.00
  }, {
    "date" : "2025-10-17",
    "price" : 90.20,
    "dma50" : 99.15,
    "dma100" : 100.19,
    "dma200" : 100.35,
    "volume" : 2120007.00
  }, {
    "date" : "2025-10-20",
    "price" : 92.13,
    "dma50" : 98.87,
    "dma100" : 100.14,
    "dma200" : 100.27,
    "volume" : 622691.00
  }, {
    "date" : "2025-10-21",
    "price" : 93.10,
    "dma50" : 98.65,
    "dma100" : 100.10,
    "dma200" : 100.20,
    "volume" : 177297.00
  }, {
    "date" : "2025-10-23",
    "price" : 91.40,
    "dma50" : 98.36,
    "dma100" : 100.03,
    "dma200" : 100.11,
    "volume" : 463968.00
  }, {
    "date" : "2025-10-24",
    "price" : 90.02,
    "dma50" : 98.04,
    "dma100" : 99.92,
    "dma200" : 100.01,
    "volume" : 456348.00
  }, {
    "date" : "2025-10-27",
    "price" : 88.69,
    "dma50" : 97.67,
    "dma100" : 99.80,
    "dma200" : 99.90,
    "volume" : 384208.00
  }, {
    "date" : "2025-10-28",
    "price" : 91.39,
    "dma50" : 97.42,
    "dma100" : 99.69,
    "dma200" : 99.82,
    "volume" : 1393566.00
  }, {
    "date" : "2025-10-29",
    "price" : 93.14,
    "dma50" : 97.26,
    "dma100" : 99.60,
    "dma200" : 99.75,
    "volume" : 435135.00
  }, {
    "date" : "2025-10-30",
    "price" : 91.69,
    "dma50" : 97.04,
    "dma100" : 99.50,
    "dma200" : 99.67,
    "volume" : 295892.00
  }, {
    "date" : "2025-10-31",
    "price" : 91.99,
    "dma50" : 96.84,
    "dma100" : 99.41,
    "dma200" : 99.59,
    "volume" : 234182.00
  }, {
    "date" : "2025-11-03",
    "price" : 90.76,
    "dma50" : 96.60,
    "dma100" : 99.33,
    "dma200" : 99.50,
    "volume" : 274366.00
  }, {
    "date" : "2025-11-04",
    "price" : 90.53,
    "dma50" : 96.36,
    "dma100" : 99.23,
    "dma200" : 99.42,
    "volume" : 135776.00
  }, {
    "date" : "2025-11-06",
    "price" : 88.82,
    "dma50" : 96.07,
    "dma100" : 99.16,
    "dma200" : 99.31,
    "volume" : 265609.00
  }, {
    "date" : "2025-11-07",
    "price" : 88.04,
    "dma50" : 95.75,
    "dma100" : 99.09,
    "dma200" : 99.20,
    "volume" : 395324.00
  }, {
    "date" : "2025-11-10",
    "price" : 87.80,
    "dma50" : 95.44,
    "dma100" : 99.01,
    "dma200" : 99.08,
    "volume" : 144043.00
  }, {
    "date" : "2025-11-11",
    "price" : 87.10,
    "dma50" : 95.11,
    "dma100" : 98.91,
    "dma200" : 98.97,
    "volume" : 141588.00
  }, {
    "date" : "2025-11-12",
    "price" : 86.97,
    "dma50" : 94.79,
    "dma100" : 98.80,
    "dma200" : 98.85,
    "volume" : 315834.00
  }, {
    "date" : "2025-11-13",
    "price" : 87.66,
    "dma50" : 94.51,
    "dma100" : 98.74,
    "dma200" : 98.73,
    "volume" : 210043.00
  }, {
    "date" : "2025-11-14",
    "price" : 87.23,
    "dma50" : 94.23,
    "dma100" : 98.67,
    "dma200" : 98.62,
    "volume" : 260544.00
  }, {
    "date" : "2025-11-17",
    "price" : 87.64,
    "dma50" : 93.97,
    "dma100" : 98.61,
    "dma200" : 98.51,
    "volume" : 177697.00
  }, {
    "date" : "2025-11-18",
    "price" : 86.74,
    "dma50" : 93.69,
    "dma100" : 98.50,
    "dma200" : 98.39,
    "volume" : 255776.00
  }, {
    "date" : "2025-11-19",
    "price" : 86.76,
    "dma50" : 93.42,
    "dma100" : 98.36,
    "dma200" : 98.28,
    "volume" : 176418.00
  }, {
    "date" : "2025-11-20",
    "price" : 85.92,
    "dma50" : 93.12,
    "dma100" : 98.23,
    "dma200" : 98.15,
    "volume" : 174753.00
  }, {
    "date" : "2025-11-21",
    "price" : 84.90,
    "dma50" : 92.80,
    "dma100" : 98.10,
    "dma200" : 98.02,
    "volume" : 240611.00
  }, {
    "date" : "2025-11-24",
    "price" : 84.66,
    "dma50" : 92.48,
    "dma100" : 97.95,
    "dma200" : 97.89,
    "volume" : 132012.00
  }, {
    "date" : "2025-11-25",
    "price" : 84.78,
    "dma50" : 92.18,
    "dma100" : 97.79,
    "dma200" : 97.76,
    "volume" : 199939.00
  }, {
    "date" : "2025-11-26",
    "price" : 85.99,
    "dma50" : 91.94,
    "dma100" : 97.67,
    "dma200" : 97.64,
    "volume" : 238266.00
  }, {
    "date" : "2025-11-27",
    "price" : 84.66,
    "dma50" : 91.65,
    "dma100" : 97.54,
    "dma200" : 97.51,
    "volume" : 249418.00
  }, {
    "date" : "2025-11-28",
    "price" : 83.80,
    "dma50" : 91.34,
    "dma100" : 97.41,
    "dma200" : 97.38,
    "volume" : 285983.00
  }, {
    "date" : "2025-12-01",
    "price" : 84.43,
    "dma50" : 91.07,
    "dma100" : 97.27,
    "dma200" : 97.25,
    "volume" : 148460.00
  }, {
    "date" : "2025-12-02",
    "price" : 84.91,
    "dma50" : 90.83,
    "dma100" : 97.15,
    "dma200" : 97.13,
    "volume" : 210768.00
  }, {
    "date" : "2025-12-03",
    "price" : 83.14,
    "dma50" : 90.53,
    "dma100" : 97.03,
    "dma200" : 96.99,
    "volume" : 181422.00
  }, {
    "date" : "2025-12-04",
    "price" : 85.50,
    "dma50" : 90.33,
    "dma100" : 96.92,
    "dma200" : 96.87,
    "volume" : 425976.00
  }, {
    "date" : "2025-12-05",
    "price" : 84.13,
    "dma50" : 90.09,
    "dma100" : 96.81,
    "dma200" : 96.74,
    "volume" : 293423.00
  }, {
    "date" : "2025-12-08",
    "price" : 80.67,
    "dma50" : 89.72,
    "dma100" : 96.65,
    "dma200" : 96.59,
    "volume" : 410248.00
  }, {
    "date" : "2025-12-09",
    "price" : 81.17,
    "dma50" : 89.38,
    "dma100" : 96.47,
    "dma200" : 96.43,
    "volume" : 600169.00
  }, {
    "date" : "2025-12-10",
    "price" : 79.24,
    "dma50" : 88.99,
    "dma100" : 96.25,
    "dma200" : 96.26,
    "volume" : 336693.00
  }, {
    "date" : "2025-12-11",
    "price" : 79.34,
    "dma50" : 88.61,
    "dma100" : 96.04,
    "dma200" : 96.09,
    "volume" : 346313.00
  }, {
    "date" : "2025-12-12",
    "price" : 79.49,
    "dma50" : 88.25,
    "dma100" : 95.84,
    "dma200" : 95.93,
    "volume" : 181845.00
  }, {
    "date" : "2025-12-15",
    "price" : 79.62,
    "dma50" : 87.91,
    "dma100" : 95.64,
    "dma200" : 95.76,
    "volume" : 144916.00
  }, {
    "date" : "2025-12-16",
    "price" : 80.11,
    "dma50" : 87.61,
    "dma100" : 95.45,
    "dma200" : 95.61,
    "volume" : 219224.00
  }, {
    "date" : "2025-12-17",
    "price" : 78.64,
    "dma50" : 87.25,
    "dma100" : 95.17,
    "dma200" : 95.44,
    "volume" : 196232.00
  }, {
    "date" : "2025-12-18",
    "price" : 78.29,
    "dma50" : 86.90,
    "dma100" : 94.79,
    "dma200" : 95.27,
    "volume" : 124244.00
  }, {
    "date" : "2025-12-19",
    "price" : 77.96,
    "dma50" : 86.55,
    "dma100" : 94.49,
    "dma200" : 95.10,
    "volume" : 250711.00
  }, {
    "date" : "2025-12-22",
    "price" : 80.35,
    "dma50" : 86.31,
    "dma100" : 94.24,
    "dma200" : 94.95,
    "volume" : 345718.00
  }, {
    "date" : "2025-12-23",
    "price" : 80.13,
    "dma50" : 86.07,
    "dma100" : 93.94,
    "dma200" : 94.80,
    "volume" : 236232.00
  }, {
    "date" : "2025-12-24",
    "price" : 82.05,
    "dma50" : 85.91,
    "dma100" : 93.68,
    "dma200" : 94.68,
    "volume" : 530608.00
  }, {
    "date" : "2025-12-26",
    "price" : 81.39,
    "dma50" : 85.73,
    "dma100" : 93.42,
    "dma200" : 94.54,
    "volume" : 98026.00
  }, {
    "date" : "2025-12-29",
    "price" : 80.52,
    "dma50" : 85.53,
    "dma100" : 93.18,
    "dma200" : 94.40,
    "volume" : 182054.00
  }, {
    "date" : "2025-12-30",
    "price" : 79.22,
    "dma50" : 85.28,
    "dma100" : 92.90,
    "dma200" : 94.25,
    "volume" : 270520.00
  }, {
    "date" : "2025-12-31",
    "price" : 81.03,
    "dma50" : 85.11,
    "dma100" : 92.65,
    "dma200" : 94.12,
    "volume" : 629766.00
  }, {
    "date" : "2026-01-01",
    "price" : 81.17,
    "dma50" : 84.96,
    "dma100" : 92.41,
    "dma200" : 93.99,
    "volume" : 191795.00
  }, {
    "date" : "2026-01-02",
    "price" : 83.38,
    "dma50" : 84.90,
    "dma100" : 92.21,
    "dma200" : 93.89,
    "volume" : 570796.00
  }, {
    "date" : "2026-01-05",
    "price" : 82.88,
    "dma50" : 84.82,
    "dma100" : 92.03,
    "dma200" : 93.78,
    "volume" : 264113.00
  }, {
    "date" : "2026-01-06",
    "price" : 82.61,
    "dma50" : 84.73,
    "dma100" : 91.83,
    "dma200" : 93.67,
    "volume" : 285712.00
  }, {
    "date" : "2026-01-07",
    "price" : 82.96,
    "dma50" : 84.66,
    "dma100" : 91.65,
    "dma200" : 93.56,
    "volume" : 128388.00
  }, {
    "date" : "2026-01-08",
    "price" : 80.57,
    "dma50" : 84.50,
    "dma100" : 91.42,
    "dma200" : 93.43,
    "volume" : 499574.00
  }, {
    "date" : "2026-01-09",
    "price" : 78.72,
    "dma50" : 84.27,
    "dma100" : 91.16,
    "dma200" : 93.28,
    "volume" : 313308.00
  }, {
    "date" : "2026-01-12",
    "price" : 77.22,
    "dma50" : 84.00,
    "dma100" : 90.89,
    "dma200" : 93.12,
    "volume" : 364331.00
  }, {
    "date" : "2026-01-13",
    "price" : 79.94,
    "dma50" : 83.84,
    "dma100" : 90.61,
    "dma200" : 92.99,
    "volume" : 712107.00
  }, {
    "date" : "2026-01-14",
    "price" : 79.99,
    "dma50" : 83.69,
    "dma100" : 90.34,
    "dma200" : 92.86,
    "volume" : 263564.00
  }, {
    "date" : "2026-01-16",
    "price" : 80.74,
    "dma50" : 83.57,
    "dma100" : 90.09,
    "dma200" : 92.74,
    "volume" : 258307.00
  }, {
    "date" : "2026-01-19",
    "price" : 83.45,
    "dma50" : 83.57,
    "dma100" : 89.88,
    "dma200" : 92.65,
    "volume" : 11054047.00
  }, {
    "date" : "2026-01-20",
    "price" : 79.82,
    "dma50" : 83.42,
    "dma100" : 89.64,
    "dma200" : 92.52,
    "volume" : 1179926.00
  }, {
    "date" : "2026-01-21",
    "price" : 80.78,
    "dma50" : 83.32,
    "dma100" : 89.43,
    "dma200" : 92.41,
    "volume" : 747759.00
  }, {
    "date" : "2026-01-22",
    "price" : 80.18,
    "dma50" : 83.19,
    "dma100" : 89.24,
    "dma200" : 92.28,
    "volume" : 341673.00
  }, {
    "date" : "2026-01-23",
    "price" : 77.10,
    "dma50" : 82.95,
    "dma100" : 89.05,
    "dma200" : 92.13,
    "volume" : 587279.00
  }, {
    "date" : "2026-01-27",
    "price" : 78.72,
    "dma50" : 82.79,
    "dma100" : 88.86,
    "dma200" : 92.00,
    "volume" : 3027211.00
  }, {
    "date" : "2026-01-28",
    "price" : 79.41,
    "dma50" : 82.66,
    "dma100" : 88.67,
    "dma200" : 91.87,
    "volume" : 472981.00
  }, {
    "date" : "2026-01-29",
    "price" : 78.34,
    "dma50" : 82.49,
    "dma100" : 88.47,
    "dma200" : 91.74,
    "volume" : 299015.00
  }, {
    "date" : "2026-01-30",
    "price" : 79.14,
    "dma50" : 82.36,
    "dma100" : 88.28,
    "dma200" : 91.61,
    "volume" : 357489.00
  }, {
    "date" : "2026-02-01",
    "price" : 79.04,
    "dma50" : 82.23,
    "dma100" : 88.09,
    "dma200" : 91.49,
    "volume" : 1316617.00
  }, {
    "date" : "2026-02-02",
    "price" : 77.59,
    "dma50" : 82.04,
    "dma100" : 87.86,
    "dma200" : 91.35,
    "volume" : 357797.00
  }, {
    "date" : "2026-02-03",
    "price" : 78.95,
    "dma50" : 81.92,
    "dma100" : 87.66,
    "dma200" : 91.23,
    "volume" : 356548.00
  }, {
    "date" : "2026-02-04",
    "price" : 80.72,
    "dma50" : 81.88,
    "dma100" : 87.47,
    "dma200" : 91.12,
    "volume" : 565683.00
  } ],
  "latestTechnicalAttributes" : {
    "date" : "2026-02-04",
    "price" : 80.72,
    "dma50" : 81.88,
    "dma100" : 87.47,
    "dma200" : 91.12,
    "volume" : 565683.00
  },
  "quarterlyResults" : [ {
    "date" : "2005-03-31",
    "sales" : 22.30,
    "salesGrowthYoY" : null,
    "grossProfitMargin" : 100.00,
    "grossProfit" : 22.30,
    "operatingProfitMargin" : 91.39,
    "operatingProfit" : 20.38,
    "netProfitMargin" : 15.92,
    "netProfit" : 3.55
  }, {
    "date" : "2005-06-30",
    "sales" : 33.40,
    "salesGrowthYoY" : null,
    "grossProfitMargin" : 100.00,
    "grossProfit" : 33.40,
    "operatingProfitMargin" : 94.49,
    "operatingProfit" : 31.56,
    "netProfitMargin" : 49.49,
    "netProfit" : 16.53
  }, {
    "date" : "2005-09-30",
    "sales" : 29.20,
    "salesGrowthYoY" : null,
    "grossProfitMargin" : 100.00,
    "grossProfit" : 29.20,
    "operatingProfitMargin" : 94.93,
    "operatingProfit" : 27.72,
    "netProfitMargin" : 37.98,
    "netProfit" : 11.09
  }, {
    "date" : "2005-12-31",
    "sales" : 28.37,
    "salesGrowthYoY" : null,
    "grossProfitMargin" : 100.00,
    "grossProfit" : 28.37,
    "operatingProfitMargin" : 95.42,
    "operatingProfit" : 27.07,
    "netProfitMargin" : 42.72,
    "netProfit" : 12.12
  }, {
    "date" : "2006-03-31",
    "sales" : 12.81,
    "salesGrowthYoY" : -42.56,
    "grossProfitMargin" : 100.00,
    "grossProfit" : 12.81,
    "operatingProfitMargin" : 89.07,
    "operatingProfit" : 11.41,
    "netProfitMargin" : -78.84,
    "netProfit" : -10.10
  }, {
    "date" : "2006-06-30",
    "sales" : 6.34,
    "salesGrowthYoY" : -81.02,
    "grossProfitMargin" : 100.00,
    "grossProfit" : 6.34,
    "operatingProfitMargin" : 77.60,
    "operatingProfit" : 4.92,
    "netProfitMargin" : -244.48,
    "netProfit" : -15.50
  }, {
    "date" : "2006-09-30",
    "sales" : 57.40,
    "salesGrowthYoY" : 96.58,
    "grossProfitMargin" : 100.00,
    "grossProfit" : 57.40,
    "operatingProfitMargin" : 97.67,
    "operatingProfit" : 56.06,
    "netProfitMargin" : 51.99,
    "netProfit" : 29.84
  }, {
    "date" : "2006-12-31",
    "sales" : 40.78,
    "salesGrowthYoY" : 43.74,
    "grossProfitMargin" : 100.00,
    "grossProfit" : 40.78,
    "operatingProfitMargin" : 96.42,
    "operatingProfit" : 39.32,
    "netProfitMargin" : 29.08,
    "netProfit" : 11.86
  }, {
    "date" : "2007-03-31",
    "sales" : 17.66,
    "salesGrowthYoY" : 37.86,
    "grossProfitMargin" : 100.00,
    "grossProfit" : 17.66,
    "operatingProfitMargin" : 91.34,
    "operatingProfit" : 16.13,
    "netProfitMargin" : -57.93,
    "netProfit" : -10.23
  }, {
    "date" : "2007-06-30",
    "sales" : 40.33,
    "salesGrowthYoY" : 536.12,
    "grossProfitMargin" : 100.00,
    "grossProfit" : 40.33,
    "operatingProfitMargin" : 96.23,
    "operatingProfit" : 38.81,
    "netProfitMargin" : 35.41,
    "netProfit" : 14.28
  }, {
    "date" : "2007-09-30",
    "sales" : 40.03,
    "salesGrowthYoY" : -30.26,
    "grossProfitMargin" : 100.00,
    "grossProfit" : 40.03,
    "operatingProfitMargin" : 95.95,
    "operatingProfit" : 38.41,
    "netProfitMargin" : 42.39,
    "netProfit" : 16.97
  }, {
    "date" : "2007-12-31",
    "sales" : 57.53,
    "salesGrowthYoY" : 41.07,
    "grossProfitMargin" : 100.00,
    "grossProfit" : 57.53,
    "operatingProfitMargin" : 97.72,
    "operatingProfit" : 56.22,
    "netProfitMargin" : 34.61,
    "netProfit" : 19.91
  }, {
    "date" : "2008-03-31",
    "sales" : 32.76,
    "salesGrowthYoY" : 85.50,
    "grossProfitMargin" : 100.00,
    "grossProfit" : 32.76,
    "operatingProfitMargin" : 94.57,
    "operatingProfit" : 30.98,
    "netProfitMargin" : -18.35,
    "netProfit" : -6.01
  }, {
    "date" : "2008-06-30",
    "sales" : -23.04,
    "salesGrowthYoY" : -157.13,
    "grossProfitMargin" : 0.00,
    "grossProfit" : -0.00,
    "operatingProfitMargin" : 0.00,
    "operatingProfit" : -0.00,
    "netProfitMargin" : 0.00,
    "netProfit" : -0.00
  }, {
    "date" : "2008-09-30",
    "sales" : 1.64,
    "salesGrowthYoY" : -95.90,
    "grossProfitMargin" : 100.00,
    "grossProfit" : 1.64,
    "operatingProfitMargin" : 13.41,
    "operatingProfit" : 0.22,
    "netProfitMargin" : -485.37,
    "netProfit" : -7.96
  }, {
    "date" : "2008-12-31",
    "sales" : 195.94,
    "salesGrowthYoY" : 240.59,
    "grossProfitMargin" : 100.00,
    "grossProfit" : 195.94,
    "operatingProfitMargin" : 99.12,
    "operatingProfit" : 194.22,
    "netProfitMargin" : 71.46,
    "netProfit" : 140.02
  }, {
    "date" : "2009-03-31",
    "sales" : -62.07,
    "salesGrowthYoY" : -289.47,
    "grossProfitMargin" : 0.00,
    "grossProfit" : -0.00,
    "operatingProfitMargin" : 0.00,
    "operatingProfit" : -0.00,
    "netProfitMargin" : 0.00,
    "netProfit" : -0.00
  }, {
    "date" : "2009-06-30",
    "sales" : 61.08,
    "salesGrowthYoY" : -365.10,
    "grossProfitMargin" : 100.00,
    "grossProfit" : 61.08,
    "operatingProfitMargin" : 97.31,
    "operatingProfit" : 59.44,
    "netProfitMargin" : 54.21,
    "netProfit" : 33.11
  }, {
    "date" : "2009-09-30",
    "sales" : -5.20,
    "salesGrowthYoY" : -417.07,
    "grossProfitMargin" : 0.00,
    "grossProfit" : -0.00,
    "operatingProfitMargin" : 0.00,
    "operatingProfit" : -0.00,
    "netProfitMargin" : 0.00,
    "netProfit" : -0.00
  }, {
    "date" : "2009-12-31",
    "sales" : 21.23,
    "salesGrowthYoY" : -89.17,
    "grossProfitMargin" : 100.00,
    "grossProfit" : 21.23,
    "operatingProfitMargin" : 90.91,
    "operatingProfit" : 19.30,
    "netProfitMargin" : 33.54,
    "netProfit" : 7.12
  }, {
    "date" : "2010-03-31",
    "sales" : 24.62,
    "salesGrowthYoY" : -139.66,
    "grossProfitMargin" : 100.00,
    "grossProfit" : 24.62,
    "operatingProfitMargin" : 93.58,
    "operatingProfit" : 23.04,
    "netProfitMargin" : 36.43,
    "netProfit" : 8.97
  }, {
    "date" : "2010-06-30",
    "sales" : 29.91,
    "salesGrowthYoY" : -51.03,
    "grossProfitMargin" : 100.00,
    "grossProfit" : 29.91,
    "operatingProfitMargin" : 94.55,
    "operatingProfit" : 28.28,
    "netProfitMargin" : 43.10,
    "netProfit" : 12.89
  }, {
    "date" : "2010-09-30",
    "sales" : 14.53,
    "salesGrowthYoY" : -379.42,
    "grossProfitMargin" : 100.00,
    "grossProfit" : 14.53,
    "operatingProfitMargin" : 88.85,
    "operatingProfit" : 12.91,
    "netProfitMargin" : 5.37,
    "netProfit" : 0.78
  }, {
    "date" : "2010-12-31",
    "sales" : 34.73,
    "salesGrowthYoY" : 63.59,
    "grossProfitMargin" : 100.00,
    "grossProfit" : 34.73,
    "operatingProfitMargin" : 95.11,
    "operatingProfit" : 33.03,
    "netProfitMargin" : 26.78,
    "netProfit" : 9.30
  }, {
    "date" : "2011-03-31",
    "sales" : 24.05,
    "salesGrowthYoY" : -2.32,
    "grossProfitMargin" : 100.00,
    "grossProfit" : 24.05,
    "operatingProfitMargin" : 92.77,
    "operatingProfit" : 22.31,
    "netProfitMargin" : 31.68,
    "netProfit" : 7.62
  }, {
    "date" : "2011-06-30",
    "sales" : 17.77,
    "salesGrowthYoY" : -40.59,
    "grossProfitMargin" : 100.00,
    "grossProfit" : 17.77,
    "operatingProfitMargin" : 89.42,
    "operatingProfit" : 15.89,
    "netProfitMargin" : -25.44,
    "netProfit" : -4.52
  }, {
    "date" : "2011-09-30",
    "sales" : 36.80,
    "salesGrowthYoY" : 153.27,
    "grossProfitMargin" : 100.00,
    "grossProfit" : 36.80,
    "operatingProfitMargin" : 93.89,
    "operatingProfit" : 34.55,
    "netProfitMargin" : 15.46,
    "netProfit" : 5.69
  }, {
    "date" : "2011-12-31",
    "sales" : 40.63,
    "salesGrowthYoY" : 16.99,
    "grossProfitMargin" : 100.00,
    "grossProfit" : 40.63,
    "operatingProfitMargin" : 94.44,
    "operatingProfit" : 38.37,
    "netProfitMargin" : 10.24,
    "netProfit" : 4.16
  }, {
    "date" : "2012-03-31",
    "sales" : 70.10,
    "salesGrowthYoY" : 191.48,
    "grossProfitMargin" : 100.00,
    "grossProfit" : 70.10,
    "operatingProfitMargin" : 96.15,
    "operatingProfit" : 67.40,
    "netProfitMargin" : 22.43,
    "netProfit" : 15.72
  }, {
    "date" : "2012-06-30",
    "sales" : 62.84,
    "salesGrowthYoY" : 253.63,
    "grossProfitMargin" : 100.00,
    "grossProfit" : 62.84,
    "operatingProfitMargin" : 96.26,
    "operatingProfit" : 60.49,
    "netProfitMargin" : 27.31,
    "netProfit" : 17.16
  }, {
    "date" : "2012-09-30",
    "sales" : 77.10,
    "salesGrowthYoY" : 109.51,
    "grossProfitMargin" : 100.00,
    "grossProfit" : 77.10,
    "operatingProfitMargin" : 96.74,
    "operatingProfit" : 74.59,
    "netProfitMargin" : 17.92,
    "netProfit" : 13.82
  }, {
    "date" : "2012-12-31",
    "sales" : 77.39,
    "salesGrowthYoY" : 90.48,
    "grossProfitMargin" : 100.00,
    "grossProfit" : 77.39,
    "operatingProfitMargin" : 97.04,
    "operatingProfit" : 75.10,
    "netProfitMargin" : 20.11,
    "netProfit" : 15.56
  }, {
    "date" : "2013-03-31",
    "sales" : 71.33,
    "salesGrowthYoY" : 1.75,
    "grossProfitMargin" : 100.00,
    "grossProfit" : 71.33,
    "operatingProfitMargin" : 95.26,
    "operatingProfit" : 67.95,
    "netProfitMargin" : 20.61,
    "netProfit" : 14.70
  }, {
    "date" : "2013-06-30",
    "sales" : 113.42,
    "salesGrowthYoY" : 80.49,
    "grossProfitMargin" : 100.00,
    "grossProfit" : 113.42,
    "operatingProfitMargin" : 96.94,
    "operatingProfit" : 109.95,
    "netProfitMargin" : 32.06,
    "netProfit" : 36.36
  }, {
    "date" : "2013-09-30",
    "sales" : 70.05,
    "salesGrowthYoY" : -9.14,
    "grossProfitMargin" : 100.00,
    "grossProfit" : 70.05,
    "operatingProfitMargin" : 95.96,
    "operatingProfit" : 67.22,
    "netProfitMargin" : 0.60,
    "netProfit" : 0.42
  }, {
    "date" : "2013-12-31",
    "sales" : 84.89,
    "salesGrowthYoY" : 9.69,
    "grossProfitMargin" : 100.00,
    "grossProfit" : 84.89,
    "operatingProfitMargin" : 96.89,
    "operatingProfit" : 82.25,
    "netProfitMargin" : 18.67,
    "netProfit" : 15.85
  }, {
    "date" : "2014-03-31",
    "sales" : 77.84,
    "salesGrowthYoY" : 9.13,
    "grossProfitMargin" : 100.00,
    "grossProfit" : 77.84,
    "operatingProfitMargin" : 95.66,
    "operatingProfit" : 74.46,
    "netProfitMargin" : 11.24,
    "netProfit" : 8.75
  }, {
    "date" : "2014-06-30",
    "sales" : 104.34,
    "salesGrowthYoY" : -8.01,
    "grossProfitMargin" : 100.00,
    "grossProfit" : 104.34,
    "operatingProfitMargin" : 96.60,
    "operatingProfit" : 100.79,
    "netProfitMargin" : 25.60,
    "netProfit" : 26.71
  }, {
    "date" : "2014-09-30",
    "sales" : 87.73,
    "salesGrowthYoY" : 25.24,
    "grossProfitMargin" : 100.00,
    "grossProfit" : 87.73,
    "operatingProfitMargin" : 96.39,
    "operatingProfit" : 84.56,
    "netProfitMargin" : 12.96,
    "netProfit" : 11.37
  }, {
    "date" : "2014-12-31",
    "sales" : 122.69,
    "salesGrowthYoY" : 44.53,
    "grossProfitMargin" : 100.00,
    "grossProfit" : 122.69,
    "operatingProfitMargin" : 97.44,
    "operatingProfit" : 119.55,
    "netProfitMargin" : 29.91,
    "netProfit" : 36.70
  }, {
    "date" : "2015-03-31",
    "sales" : 95.04,
    "salesGrowthYoY" : 22.10,
    "grossProfitMargin" : 100.00,
    "grossProfit" : 95.04,
    "operatingProfitMargin" : 93.51,
    "operatingProfit" : 88.87,
    "netProfitMargin" : 14.19,
    "netProfit" : 13.49
  }, {
    "date" : "2015-06-30",
    "sales" : 70.89,
    "salesGrowthYoY" : -32.06,
    "grossProfitMargin" : 100.00,
    "grossProfit" : 70.89,
    "operatingProfitMargin" : 95.08,
    "operatingProfit" : 67.40,
    "netProfitMargin" : -4.57,
    "netProfit" : -3.24
  }, {
    "date" : "2015-09-30",
    "sales" : 103.34,
    "salesGrowthYoY" : 17.79,
    "grossProfitMargin" : 100.00,
    "grossProfit" : 103.34,
    "operatingProfitMargin" : 96.82,
    "operatingProfit" : 100.05,
    "netProfitMargin" : 23.98,
    "netProfit" : 24.78
  }, {
    "date" : "2015-12-31",
    "sales" : 90.18,
    "salesGrowthYoY" : -26.50,
    "grossProfitMargin" : 100.00,
    "grossProfit" : 90.18,
    "operatingProfitMargin" : 96.30,
    "operatingProfit" : 86.84,
    "netProfitMargin" : 10.33,
    "netProfit" : 9.32
  }, {
    "date" : "2016-03-31",
    "sales" : 78.75,
    "salesGrowthYoY" : -17.14,
    "grossProfitMargin" : 100.00,
    "grossProfit" : 78.75,
    "operatingProfitMargin" : 92.72,
    "operatingProfit" : 73.02,
    "netProfitMargin" : 4.61,
    "netProfit" : 3.63
  }, {
    "date" : "2016-06-30",
    "sales" : 97.98,
    "salesGrowthYoY" : 38.21,
    "grossProfitMargin" : 100.00,
    "grossProfit" : 97.98,
    "operatingProfitMargin" : 95.96,
    "operatingProfit" : 94.02,
    "netProfitMargin" : 19.77,
    "netProfit" : 19.37
  }, {
    "date" : "2016-09-30",
    "sales" : 175.38,
    "salesGrowthYoY" : 69.71,
    "grossProfitMargin" : 100.00,
    "grossProfit" : 175.38,
    "operatingProfitMargin" : 97.63,
    "operatingProfit" : 171.22,
    "netProfitMargin" : 39.99,
    "netProfit" : 70.13
  }, {
    "date" : "2016-12-31",
    "sales" : 166.27,
    "salesGrowthYoY" : 84.38,
    "grossProfitMargin" : 100.00,
    "grossProfit" : 166.27,
    "operatingProfitMargin" : 97.31,
    "operatingProfit" : 161.80,
    "netProfitMargin" : 39.63,
    "netProfit" : 65.89
  }, {
    "date" : "2017-03-31",
    "sales" : 60.69,
    "salesGrowthYoY" : -22.93,
    "grossProfitMargin" : 100.00,
    "grossProfit" : 60.69,
    "operatingProfitMargin" : 91.14,
    "operatingProfit" : 55.31,
    "netProfitMargin" : 19.41,
    "netProfit" : 11.78
  }, {
    "date" : "2017-06-30",
    "sales" : 118.56,
    "salesGrowthYoY" : 21.00,
    "grossProfitMargin" : 100.00,
    "grossProfit" : 118.56,
    "operatingProfitMargin" : 94.68,
    "operatingProfit" : 112.25,
    "netProfitMargin" : 18.90,
    "netProfit" : 22.41
  }, {
    "date" : "2017-09-30",
    "sales" : 102.46,
    "salesGrowthYoY" : -41.58,
    "grossProfitMargin" : 100.00,
    "grossProfit" : 102.46,
    "operatingProfitMargin" : 97.71,
    "operatingProfit" : 100.11,
    "netProfitMargin" : 6.30,
    "netProfit" : 6.45
  }, {
    "date" : "2017-12-31",
    "sales" : 34.02,
    "salesGrowthYoY" : -79.54,
    "grossProfitMargin" : 100.00,
    "grossProfit" : 34.02,
    "operatingProfitMargin" : 89.83,
    "operatingProfit" : 30.56,
    "netProfitMargin" : -105.97,
    "netProfit" : -36.05
  }, {
    "date" : "2018-03-31",
    "sales" : 101.19,
    "salesGrowthYoY" : 66.73,
    "grossProfitMargin" : 100.00,
    "grossProfit" : 101.19,
    "operatingProfitMargin" : 87.51,
    "operatingProfit" : 88.55,
    "netProfitMargin" : 6.42,
    "netProfit" : 6.50
  }, {
    "date" : "2018-06-30",
    "sales" : 99.87,
    "salesGrowthYoY" : -15.76,
    "grossProfitMargin" : 100.00,
    "grossProfit" : 99.87,
    "operatingProfitMargin" : 36.81,
    "operatingProfit" : 36.76,
    "netProfitMargin" : -44.31,
    "netProfit" : -44.25
  }, {
    "date" : "2018-09-30",
    "sales" : 120.04,
    "salesGrowthYoY" : 17.16,
    "grossProfitMargin" : 100.00,
    "grossProfit" : 120.04,
    "operatingProfitMargin" : 95.40,
    "operatingProfit" : 114.52,
    "netProfitMargin" : 9.22,
    "netProfit" : 11.07
  }, {
    "date" : "2018-12-31",
    "sales" : 201.95,
    "salesGrowthYoY" : 493.62,
    "grossProfitMargin" : 100.00,
    "grossProfit" : 201.95,
    "operatingProfitMargin" : 97.74,
    "operatingProfit" : 197.39,
    "netProfitMargin" : 46.19,
    "netProfit" : 93.28
  }, {
    "date" : "2019-03-31",
    "sales" : 146.19,
    "salesGrowthYoY" : 44.47,
    "grossProfitMargin" : 100.00,
    "grossProfit" : 146.19,
    "operatingProfitMargin" : 94.08,
    "operatingProfit" : 137.54,
    "netProfitMargin" : -5.27,
    "netProfit" : -7.70
  }, {
    "date" : "2019-06-30",
    "sales" : 193.54,
    "salesGrowthYoY" : 93.79,
    "grossProfitMargin" : 100.00,
    "grossProfit" : 193.54,
    "operatingProfitMargin" : 97.01,
    "operatingProfit" : 187.75,
    "netProfitMargin" : 23.33,
    "netProfit" : 45.15
  }, {
    "date" : "2019-09-30",
    "sales" : 190.47,
    "salesGrowthYoY" : 58.67,
    "grossProfitMargin" : 100.00,
    "grossProfit" : 190.47,
    "operatingProfitMargin" : 96.34,
    "operatingProfit" : 183.50,
    "netProfitMargin" : 27.08,
    "netProfit" : 51.58
  }, {
    "date" : "2019-12-31",
    "sales" : 216.67,
    "salesGrowthYoY" : 7.29,
    "grossProfitMargin" : 100.00,
    "grossProfit" : 216.67,
    "operatingProfitMargin" : 96.96,
    "operatingProfit" : 210.08,
    "netProfitMargin" : 25.06,
    "netProfit" : 54.30
  }, {
    "date" : "2020-03-31",
    "sales" : 276.07,
    "salesGrowthYoY" : 88.84,
    "grossProfitMargin" : 100.00,
    "grossProfit" : 276.07,
    "operatingProfitMargin" : 95.83,
    "operatingProfit" : 264.56,
    "netProfitMargin" : 35.86,
    "netProfit" : 99.00
  }, {
    "date" : "2020-06-30",
    "sales" : 491.45,
    "salesGrowthYoY" : 153.93,
    "grossProfitMargin" : 100.00,
    "grossProfit" : 491.45,
    "operatingProfitMargin" : 98.48,
    "operatingProfit" : 483.98,
    "netProfitMargin" : 57.87,
    "netProfit" : 284.40
  }, {
    "date" : "2020-09-30",
    "sales" : 218.48,
    "salesGrowthYoY" : 14.71,
    "grossProfitMargin" : 100.00,
    "grossProfit" : 218.48,
    "operatingProfitMargin" : 62.69,
    "operatingProfit" : 136.97,
    "netProfitMargin" : 7.69,
    "netProfit" : 16.80
  }, {
    "date" : "2020-12-31",
    "sales" : 322.99,
    "salesGrowthYoY" : 49.07,
    "grossProfitMargin" : 100.00,
    "grossProfit" : 322.99,
    "operatingProfitMargin" : 97.39,
    "operatingProfit" : 314.56,
    "netProfitMargin" : 51.73,
    "netProfit" : 167.08
  }, {
    "date" : "2021-03-31",
    "sales" : 184.06,
    "salesGrowthYoY" : -33.33,
    "grossProfitMargin" : 100.00,
    "grossProfit" : 184.06,
    "operatingProfitMargin" : 45.63,
    "operatingProfit" : 83.99,
    "netProfitMargin" : -12.99,
    "netProfit" : -23.91
  }, {
    "date" : "2021-06-30",
    "sales" : 214.69,
    "salesGrowthYoY" : -56.31,
    "grossProfitMargin" : 100.00,
    "grossProfit" : 214.69,
    "operatingProfitMargin" : 79.51,
    "operatingProfit" : 170.70,
    "netProfitMargin" : 21.84,
    "netProfit" : 46.89
  }, {
    "date" : "2021-09-30",
    "sales" : 270.63,
    "salesGrowthYoY" : 23.87,
    "grossProfitMargin" : 100.00,
    "grossProfit" : 270.63,
    "operatingProfitMargin" : 84.98,
    "operatingProfit" : 229.98,
    "netProfitMargin" : 25.90,
    "netProfit" : 70.09
  }, {
    "date" : "2021-12-31",
    "sales" : 262.49,
    "salesGrowthYoY" : -18.73,
    "grossProfitMargin" : 100.00,
    "grossProfit" : 262.49,
    "operatingProfitMargin" : 45.47,
    "operatingProfit" : 119.35,
    "netProfitMargin" : -2.32,
    "netProfit" : -6.09
  }, {
    "date" : "2022-03-31",
    "sales" : 241.91,
    "salesGrowthYoY" : 31.43,
    "grossProfitMargin" : 100.00,
    "grossProfit" : 241.91,
    "operatingProfitMargin" : 79.74,
    "operatingProfit" : 192.90,
    "netProfitMargin" : 20.29,
    "netProfit" : 49.08
  }, {
    "date" : "2022-06-30",
    "sales" : 283.41,
    "salesGrowthYoY" : 32.01,
    "grossProfitMargin" : 100.00,
    "grossProfit" : 283.41,
    "operatingProfitMargin" : 25.18,
    "operatingProfit" : 71.36,
    "netProfitMargin" : -31.36,
    "netProfit" : -88.88
  }, {
    "date" : "2022-09-30",
    "sales" : 339.48,
    "salesGrowthYoY" : 25.44,
    "grossProfitMargin" : 100.00,
    "grossProfit" : 339.48,
    "operatingProfitMargin" : 75.02,
    "operatingProfit" : 254.68,
    "netProfitMargin" : -0.09,
    "netProfit" : -0.31
  }, {
    "date" : "2022-12-31",
    "sales" : 296.54,
    "salesGrowthYoY" : 12.97,
    "grossProfitMargin" : 100.00,
    "grossProfit" : 296.54,
    "operatingProfitMargin" : 88.76,
    "operatingProfit" : 263.21,
    "netProfitMargin" : 2.05,
    "netProfit" : 6.08
  }, {
    "date" : "2023-03-31",
    "sales" : 310.33,
    "salesGrowthYoY" : 28.28,
    "grossProfitMargin" : 100.00,
    "grossProfit" : 310.33,
    "operatingProfitMargin" : 94.06,
    "operatingProfit" : 291.90,
    "netProfitMargin" : 2.66,
    "netProfit" : 8.25
  }, {
    "date" : "2023-06-30",
    "sales" : 442.93,
    "salesGrowthYoY" : 56.29,
    "grossProfitMargin" : 100.00,
    "grossProfit" : 442.93,
    "operatingProfitMargin" : 97.02,
    "operatingProfit" : 429.73,
    "netProfitMargin" : 13.07,
    "netProfit" : 57.89
  }, {
    "date" : "2023-09-30",
    "sales" : 346.81,
    "salesGrowthYoY" : 2.16,
    "grossProfitMargin" : 100.00,
    "grossProfit" : 346.81,
    "operatingProfitMargin" : 80.65,
    "operatingProfit" : 279.70,
    "netProfitMargin" : -11.85,
    "netProfit" : -41.10
  }, {
    "date" : "2023-12-31",
    "sales" : 384.99,
    "salesGrowthYoY" : 29.83,
    "grossProfitMargin" : 100.00,
    "grossProfit" : 384.99,
    "operatingProfitMargin" : 91.24,
    "operatingProfit" : 351.26,
    "netProfitMargin" : -4.45,
    "netProfit" : -17.13
  }, {
    "date" : "2024-03-31",
    "sales" : 473.88,
    "salesGrowthYoY" : 52.70,
    "grossProfitMargin" : 100.00,
    "grossProfit" : 473.88,
    "operatingProfitMargin" : 97.24,
    "operatingProfit" : 460.80,
    "netProfitMargin" : 14.36,
    "netProfit" : 68.05
  }, {
    "date" : "2024-06-30",
    "sales" : 440.28,
    "salesGrowthYoY" : -0.60,
    "grossProfitMargin" : 100.00,
    "grossProfit" : 440.28,
    "operatingProfitMargin" : 96.80,
    "operatingProfit" : 426.19,
    "netProfitMargin" : 12.14,
    "netProfit" : 53.45
  }, {
    "date" : "2024-09-30",
    "sales" : 500.76,
    "salesGrowthYoY" : 44.39,
    "grossProfitMargin" : 100.00,
    "grossProfit" : 500.76,
    "operatingProfitMargin" : 97.50,
    "operatingProfit" : 488.24,
    "netProfitMargin" : 22.79,
    "netProfit" : 114.12
  }, {
    "date" : "2024-12-31",
    "sales" : 362.36,
    "salesGrowthYoY" : -5.88,
    "grossProfitMargin" : 100.00,
    "grossProfit" : 362.36,
    "operatingProfitMargin" : 83.66,
    "operatingProfit" : 303.15,
    "netProfitMargin" : -2.94,
    "netProfit" : -10.65
  }, {
    "date" : "2025-03-31",
    "sales" : 418.77,
    "salesGrowthYoY" : -11.63,
    "grossProfitMargin" : 100.00,
    "grossProfit" : 418.77,
    "operatingProfitMargin" : 97.12,
    "operatingProfit" : 406.71,
    "netProfitMargin" : 17.88,
    "netProfit" : 74.88
  }, {
    "date" : "2025-06-30",
    "sales" : 563.27,
    "salesGrowthYoY" : 27.93,
    "grossProfitMargin" : 100.00,
    "grossProfit" : 563.27,
    "operatingProfitMargin" : 95.47,
    "operatingProfit" : 537.75,
    "netProfitMargin" : 28.41,
    "netProfit" : 160.03
  }, {
    "date" : "2025-09-30",
    "sales" : 443.41,
    "salesGrowthYoY" : -11.45,
    "grossProfitMargin" : 100.00,
    "grossProfit" : 443.41,
    "operatingProfitMargin" : 65.81,
    "operatingProfit" : 291.81,
    "netProfitMargin" : -10.30,
    "netProfit" : -45.67
  }, {
    "date" : "2025-12-31",
    "sales" : 424.67,
    "salesGrowthYoY" : 17.20,
    "grossProfitMargin" : 100.00,
    "grossProfit" : 424.67,
    "operatingProfitMargin" : 92.89,
    "operatingProfit" : 394.48,
    "netProfitMargin" : 12.52,
    "netProfit" : 53.17
  } ],
  "latestQuarterlyResult" : {
    "date" : "2025-12-31",
    "sales" : 424.67,
    "salesGrowthYoY" : 17.20,
    "grossProfitMargin" : 100.00,
    "grossProfit" : 424.67,
    "operatingProfitMargin" : 92.89,
    "operatingProfit" : 394.48,
    "netProfitMargin" : 12.52,
    "netProfit" : 53.17
  },
  "companyScore" : {
    "priceHigherThanDma50" : 0.00,
    "priceHigherThanDma100" : 0.00,
    "priceHigherThanDma200" : 0.00,
    "dma50HigherThanDma100" : 0.00,
    "dma50HigherThanDma200" : 0.00,
    "dma100HigherThanDma200" : 0.00,
    "pricePercentageAboveDma50" : 5.07,
    "pricePercentageAboveDma100" : 5.39,
    "pricePercentageAboveDma200" : 5.57,
    "weeklyVolumeHigherThanYearlyVolume" : 0.00,
    "salesGrowthPercentile" : 10.00,
    "operatingProfitMarginPercentile" : 18.74,
    "netProfitMarginPercentile" : 8.94,
    "totalTechnicalScore" : 16.03,
    "totalFundamentalScore" : 37.68,
    "totalScore" : 53.71
  }
}