{
  "metadata" : {
    "screenerCompanyId" : "2517",
    "companyCode" : "POCL",
    "companyName" : "Pondy Oxides",
    "screenerCompanyLink" : "https://www.screener.in/company/POCL/",
    "screenerTechnicalHistoryLink" : "https://www.screener.in/api/company/2517/chart/?q=Price-DMA50-DMA200-Volume&days=365",
    "screenerQuarterlyResultsLink" : "https://www.screener.in/api/company/2517/chart/?q=GPM-OPM-NPM-Quarter+Sales&days=10000",
    "attributes" : {
      "companyCode" : "POCL",
      "companyName" : "Pondy Oxides",
      "marketCap" : 4435.00,
      "peRatio" : 46.10,
      "description" : "Incorporated in 1995, Pondy Oxides and Chemicals Ltd manufactures Lead Metal and Alloys and other Non-ferrous metals[1]"
    },
    "companyScore" : {
      "priceHigherThanDma50" : 5.00,
      "priceHigherThanDma100" : 5.00,
      "priceHigherThanDma200" : 5.00,
      "dma50HigherThanDma100" : 5.00,
      "dma50HigherThanDma200" : 5.00,
      "dma100HigherThanDma200" : 5.00,
      "pricePercentageAboveDma50" : 4.53,
      "pricePercentageAboveDma100" : 4.29,
      "pricePercentageAboveDma200" : 3.45,
      "weeklyVolumeHigherThanYearlyVolume" : 0.00,
      "salesGrowthPercentile" : 8.35,
      "operatingProfitMarginPercentile" : 19.04,
      "netProfitMarginPercentile" : 9.94,
      "totalTechnicalScore" : 42.27,
      "totalFundamentalScore" : 37.33,
      "totalScore" : 79.60
    }
  },
  "attributes" : {
    "companyCode" : "POCL",
    "companyName" : "Pondy Oxides",
    "marketCap" : 4435.00,
    "peRatio" : 46.10,
    "description" : "Incorporated in 1995, Pondy Oxides and Chemicals Ltd manufactures Lead Metal and Alloys and other Non-ferrous metals[1]"
  },
  "technicalHistory" : [ {
    "date" : "2025-01-01",
    "price" : 885.35,
    "dma50" : 902.21,
    "dma100" : null,
    "dma200" : 724.48,
    "volume" : 84031.00
  }, {
    "date" : "2025-01-02",
    "price" : 886.85,
    "dma50" : 901.60,
    "dma100" : null,
    "dma200" : 726.10,
    "volume" : 64644.00
  }, {
    "date" : "2025-01-03",
    "price" : 894.40,
    "dma50" : 901.32,
    "dma100" : null,
    "dma200" : 727.77,
    "volume" : 91117.00
  }, {
    "date" : "2025-01-06",
    "price" : 850.55,
    "dma50" : 899.33,
    "dma100" : null,
    "dma200" : 729.00,
    "volume" : 112893.00
  }, {
    "date" : "2025-01-07",
    "price" : 868.25,
    "dma50" : 898.11,
    "dma100" : null,
    "dma200" : 730.38,
    "volume" : 50100.00
  }, {
    "date" : "2025-01-08",
    "price" : 853.55,
    "dma50" : 896.36,
    "dma100" : null,
    "dma200" : 731.61,
    "volume" : 67707.00
  }, {
    "date" : "2025-01-09",
    "price" : 830.05,
    "dma50" : 893.76,
    "dma100" : null,
    "dma200" : 732.59,
    "volume" : 65016.00
  }, {
    "date" : "2025-01-10",
    "price" : 788.55,
    "dma50" : 889.64,
    "dma100" : null,
    "dma200" : 733.14,
    "volume" : 93093.00
  }, {
    "date" : "2025-01-13",
    "price" : 749.15,
    "dma50" : 884.13,
    "dma100" : null,
    "dma200" : 733.30,
    "volume" : 72177.00
  }, {
    "date" : "2025-01-14",
    "price" : 769.15,
    "dma50" : 879.62,
    "dma100" : null,
    "dma200" : 733.66,
    "volume" : 171105.00
  }, {
    "date" : "2025-01-15",
    "price" : 769.00,
    "dma50" : 875.28,
    "dma100" : null,
    "dma200" : 734.01,
    "volume" : 134383.00
  }, {
    "date" : "2025-01-16",
    "price" : 792.10,
    "dma50" : 872.02,
    "dma100" : null,
    "dma200" : 734.59,
    "volume" : 43459.00
  }, {
    "date" : "2025-01-17",
    "price" : 805.30,
    "dma50" : 869.40,
    "dma100" : null,
    "dma200" : 735.29,
    "volume" : 51706.00
  }, {
    "date" : "2025-01-20",
    "price" : 815.85,
    "dma50" : 867.30,
    "dma100" : null,
    "dma200" : 736.09,
    "volume" : 31719.00
  }, {
    "date" : "2025-01-21",
    "price" : 775.90,
    "dma50" : 863.72,
    "dma100" : null,
    "dma200" : 736.49,
    "volume" : 36529.00
  }, {
    "date" : "2025-01-22",
    "price" : 737.10,
    "dma50" : 858.75,
    "dma100" : null,
    "dma200" : 736.50,
    "volume" : 65788.00
  }, {
    "date" : "2025-01-23",
    "price" : 750.55,
    "dma50" : 854.51,
    "dma100" : null,
    "dma200" : 736.64,
    "volume" : 221023.00
  }, {
    "date" : "2025-01-24",
    "price" : 713.05,
    "dma50" : 848.96,
    "dma100" : null,
    "dma200" : 736.40,
    "volume" : 87709.00
  }, {
    "date" : "2025-01-27",
    "price" : 677.40,
    "dma50" : 842.23,
    "dma100" : null,
    "dma200" : 735.81,
    "volume" : 87026.00
  }, {
    "date" : "2025-01-28",
    "price" : 648.30,
    "dma50" : 834.63,
    "dma100" : null,
    "dma200" : 734.94,
    "volume" : 146187.00
  }, {
    "date" : "2025-01-29",
    "price" : 680.70,
    "dma50" : 828.59,
    "dma100" : null,
    "dma200" : 734.40,
    "volume" : 86125.00
  }, {
    "date" : "2025-01-30",
    "price" : 655.70,
    "dma50" : 821.81,
    "dma100" : null,
    "dma200" : 733.62,
    "volume" : 213577.00
  }, {
    "date" : "2025-01-31",
    "price" : 688.45,
    "dma50" : 816.58,
    "dma100" : null,
    "dma200" : 733.17,
    "volume" : 123951.00
  }, {
    "date" : "2025-02-01",
    "price" : 722.85,
    "dma50" : 812.91,
    "dma100" : null,
    "dma200" : 733.07,
    "volume" : 58949.00
  }, {
    "date" : "2025-02-03",
    "price" : 688.45,
    "dma50" : 808.03,
    "dma100" : null,
    "dma200" : 732.62,
    "volume" : 77081.00
  }, {
    "date" : "2025-02-04",
    "price" : 722.85,
    "dma50" : 804.69,
    "dma100" : null,
    "dma200" : 732.53,
    "volume" : 40034.00
  }, {
    "date" : "2025-02-05",
    "price" : 758.95,
    "dma50" : 802.89,
    "dma100" : null,
    "dma200" : 732.79,
    "volume" : 52629.00
  }, {
    "date" : "2025-02-06",
    "price" : 790.05,
    "dma50" : 802.39,
    "dma100" : null,
    "dma200" : 733.36,
    "volume" : 186324.00
  }, {
    "date" : "2025-02-07",
    "price" : 755.65,
    "dma50" : 800.56,
    "dma100" : null,
    "dma200" : 733.58,
    "volume" : 38959.00
  }, {
    "date" : "2025-02-10",
    "price" : 717.60,
    "dma50" : 797.30,
    "dma100" : null,
    "dma200" : 733.42,
    "volume" : 57005.00
  }, {
    "date" : "2025-02-11",
    "price" : 669.15,
    "dma50" : 792.28,
    "dma100" : null,
    "dma200" : 732.78,
    "volume" : 110423.00
  }, {
    "date" : "2025-02-12",
    "price" : 688.70,
    "dma50" : 788.22,
    "dma100" : null,
    "dma200" : 732.34,
    "volume" : 111914.00
  }, {
    "date" : "2025-02-13",
    "price" : 700.95,
    "dma50" : 784.79,
    "dma100" : null,
    "dma200" : 732.03,
    "volume" : 110020.00
  }, {
    "date" : "2025-02-14",
    "price" : 663.95,
    "dma50" : 780.05,
    "dma100" : null,
    "dma200" : 731.35,
    "volume" : 126021.00
  }, {
    "date" : "2025-02-17",
    "price" : 664.50,
    "dma50" : 775.52,
    "dma100" : null,
    "dma200" : 730.69,
    "volume" : 92427.00
  }, {
    "date" : "2025-02-18",
    "price" : 634.30,
    "dma50" : 769.98,
    "dma100" : null,
    "dma200" : 729.73,
    "volume" : 72789.00
  }, {
    "date" : "2025-02-19",
    "price" : 672.35,
    "dma50" : 766.16,
    "dma100" : null,
    "dma200" : 729.16,
    "volume" : 63223.00
  }, {
    "date" : "2025-02-20",
    "price" : 685.45,
    "dma50" : 762.99,
    "dma100" : null,
    "dma200" : 728.72,
    "volume" : 50392.00
  }, {
    "date" : "2025-02-21",
    "price" : 688.20,
    "dma50" : 760.06,
    "dma100" : null,
    "dma200" : 728.32,
    "volume" : 58002.00
  }, {
    "date" : "2025-02-24",
    "price" : 665.95,
    "dma50" : 756.37,
    "dma100" : null,
    "dma200" : 727.70,
    "volume" : 42178.00
  }, {
    "date" : "2025-02-25",
    "price" : 633.35,
    "dma50" : 751.54,
    "dma100" : null,
    "dma200" : 726.76,
    "volume" : 78416.00
  }, {
    "date" : "2025-02-27",
    "price" : 605.45,
    "dma50" : 745.81,
    "dma100" : null,
    "dma200" : 725.55,
    "volume" : 102853.00
  }, {
    "date" : "2025-02-28",
    "price" : 575.95,
    "dma50" : 739.15,
    "dma100" : null,
    "dma200" : 724.07,
    "volume" : 130474.00
  }, {
    "date" : "2025-03-03",
    "price" : 555.55,
    "dma50" : 731.95,
    "dma100" : null,
    "dma200" : 722.39,
    "volume" : 156927.00
  }, {
    "date" : "2025-03-04",
    "price" : 559.55,
    "dma50" : 725.19,
    "dma100" : null,
    "dma200" : 720.77,
    "volume" : 110773.00
  }, {
    "date" : "2025-03-05",
    "price" : 569.40,
    "dma50" : 719.08,
    "dma100" : null,
    "dma200" : 719.26,
    "volume" : 95861.00
  }, {
    "date" : "2025-03-06",
    "price" : 587.10,
    "dma50" : 713.91,
    "dma100" : null,
    "dma200" : 717.95,
    "volume" : 96230.00
  }, {
    "date" : "2025-03-07",
    "price" : 575.95,
    "dma50" : 708.50,
    "dma100" : null,
    "dma200" : 716.53,
    "volume" : 106055.00
  }, {
    "date" : "2025-03-10",
    "price" : 532.10,
    "dma50" : 701.58,
    "dma100" : null,
    "dma200" : 714.70,
    "volume" : 181225.00
  }, {
    "date" : "2025-03-11",
    "price" : 520.30,
    "dma50" : 694.47,
    "dma100" : null,
    "dma200" : 712.77,
    "volume" : 226585.00
  }, {
    "date" : "2025-03-12",
    "price" : 516.75,
    "dma50" : 687.50,
    "dma100" : null,
    "dma200" : 710.81,
    "volume" : 141946.00
  }, {
    "date" : "2025-03-13",
    "price" : 499.20,
    "dma50" : 680.12,
    "dma100" : null,
    "dma200" : 708.71,
    "volume" : 104104.00
  }, {
    "date" : "2025-03-17",
    "price" : 495.30,
    "dma50" : 672.87,
    "dma100" : null,
    "dma200" : 706.59,
    "volume" : 165175.00
  }, {
    "date" : "2025-03-18",
    "price" : 508.70,
    "dma50" : 666.43,
    "dma100" : null,
    "dma200" : 704.62,
    "volume" : 464017.00
  }, {
    "date" : "2025-03-19",
    "price" : 559.55,
    "dma50" : 662.24,
    "dma100" : null,
    "dma200" : 703.17,
    "volume" : 224762.00
  }, {
    "date" : "2025-03-20",
    "price" : 561.50,
    "dma50" : 658.29,
    "dma100" : null,
    "dma200" : 701.76,
    "volume" : 377259.00
  }, {
    "date" : "2025-03-21",
    "price" : 591.25,
    "dma50" : 655.66,
    "dma100" : null,
    "dma200" : 700.66,
    "volume" : 386506.00
  }, {
    "date" : "2025-03-24",
    "price" : 617.95,
    "dma50" : 654.18,
    "dma100" : null,
    "dma200" : 699.84,
    "volume" : 296843.00
  }, {
    "date" : "2025-03-25",
    "price" : 614.05,
    "dma50" : 652.61,
    "dma100" : null,
    "dma200" : 698.99,
    "volume" : 223340.00
  }, {
    "date" : "2025-03-26",
    "price" : 640.65,
    "dma50" : 652.14,
    "dma100" : null,
    "dma200" : 698.41,
    "volume" : 320692.00
  }, {
    "date" : "2025-03-27",
    "price" : 633.25,
    "dma50" : 651.40,
    "dma100" : null,
    "dma200" : 697.76,
    "volume" : 164307.00
  }, {
    "date" : "2025-03-28",
    "price" : 640.00,
    "dma50" : 650.95,
    "dma100" : null,
    "dma200" : 697.18,
    "volume" : 132320.00
  }, {
    "date" : "2025-04-01",
    "price" : 648.10,
    "dma50" : 650.84,
    "dma100" : null,
    "dma200" : 696.70,
    "volume" : 119579.00
  }, {
    "date" : "2025-04-02",
    "price" : 647.55,
    "dma50" : 650.71,
    "dma100" : null,
    "dma200" : 696.21,
    "volume" : 128694.00
  }, {
    "date" : "2025-04-03",
    "price" : 655.40,
    "dma50" : 650.89,
    "dma100" : null,
    "dma200" : 695.80,
    "volume" : 111206.00
  }, {
    "date" : "2025-04-04",
    "price" : 617.50,
    "dma50" : 649.58,
    "dma100" : null,
    "dma200" : 695.02,
    "volume" : 159714.00
  }, {
    "date" : "2025-04-07",
    "price" : 551.90,
    "dma50" : 645.75,
    "dma100" : null,
    "dma200" : 693.60,
    "volume" : 371967.00
  }, {
    "date" : "2025-04-08",
    "price" : 564.35,
    "dma50" : 642.56,
    "dma100" : null,
    "dma200" : 692.31,
    "volume" : 143924.00
  }, {
    "date" : "2025-04-09",
    "price" : 543.00,
    "dma50" : 638.66,
    "dma100" : null,
    "dma200" : 690.83,
    "volume" : 95502.00
  }, {
    "date" : "2025-04-11",
    "price" : 606.85,
    "dma50" : 637.41,
    "dma100" : null,
    "dma200" : 689.99,
    "volume" : 316636.00
  }, {
    "date" : "2025-04-15",
    "price" : 728.20,
    "dma50" : 640.97,
    "dma100" : null,
    "dma200" : 690.37,
    "volume" : 836777.00
  }, {
    "date" : "2025-04-16",
    "price" : 757.25,
    "dma50" : 645.53,
    "dma100" : null,
    "dma200" : 691.04,
    "volume" : 974778.00
  }, {
    "date" : "2025-04-17",
    "price" : 771.80,
    "dma50" : 650.48,
    "dma100" : null,
    "dma200" : 691.84,
    "volume" : 482994.00
  }, {
    "date" : "2025-04-21",
    "price" : 802.35,
    "dma50" : 656.44,
    "dma100" : null,
    "dma200" : 692.94,
    "volume" : 290966.00
  }, {
    "date" : "2025-04-22",
    "price" : 805.15,
    "dma50" : 662.27,
    "dma100" : null,
    "dma200" : 694.06,
    "volume" : 197916.00
  }, {
    "date" : "2025-04-23",
    "price" : 800.65,
    "dma50" : 667.70,
    "dma100" : null,
    "dma200" : 695.12,
    "volume" : 221572.00
  }, {
    "date" : "2025-04-24",
    "price" : 780.10,
    "dma50" : 672.10,
    "dma100" : null,
    "dma200" : 695.96,
    "volume" : 122684.00
  }, {
    "date" : "2025-04-25",
    "price" : 740.50,
    "dma50" : 674.79,
    "dma100" : null,
    "dma200" : 696.40,
    "volume" : 350992.00
  }, {
    "date" : "2025-04-28",
    "price" : 778.60,
    "dma50" : 678.86,
    "dma100" : null,
    "dma200" : 697.22,
    "volume" : 251906.00
  }, {
    "date" : "2025-04-29",
    "price" : 786.60,
    "dma50" : 683.08,
    "dma100" : null,
    "dma200" : 698.11,
    "volume" : 121128.00
  }, {
    "date" : "2025-04-30",
    "price" : 763.70,
    "dma50" : 686.24,
    "dma100" : null,
    "dma200" : 698.76,
    "volume" : 168934.00
  }, {
    "date" : "2025-05-02",
    "price" : 791.25,
    "dma50" : 690.36,
    "dma100" : null,
    "dma200" : 699.68,
    "volume" : 388600.00
  }, {
    "date" : "2025-05-05",
    "price" : 804.10,
    "dma50" : 694.82,
    "dma100" : null,
    "dma200" : 700.72,
    "volume" : 267972.00
  }, {
    "date" : "2025-05-06",
    "price" : 757.60,
    "dma50" : 697.28,
    "dma100" : null,
    "dma200" : 701.29,
    "volume" : 419552.00
  }, {
    "date" : "2025-05-07",
    "price" : 748.20,
    "dma50" : 699.28,
    "dma100" : null,
    "dma200" : 701.76,
    "volume" : 207878.00
  }, {
    "date" : "2025-05-08",
    "price" : 729.30,
    "dma50" : 700.46,
    "dma100" : null,
    "dma200" : 702.03,
    "volume" : 155022.00
  }, {
    "date" : "2025-05-09",
    "price" : 712.40,
    "dma50" : 700.93,
    "dma100" : null,
    "dma200" : 702.13,
    "volume" : 142422.00
  }, {
    "date" : "2025-05-12",
    "price" : 778.55,
    "dma50" : 703.97,
    "dma100" : null,
    "dma200" : 702.89,
    "volume" : 296741.00
  }, {
    "date" : "2025-05-13",
    "price" : 802.60,
    "dma50" : 707.84,
    "dma100" : null,
    "dma200" : 703.89,
    "volume" : 340838.00
  }, {
    "date" : "2025-05-14",
    "price" : 801.35,
    "dma50" : 711.51,
    "dma100" : null,
    "dma200" : 704.86,
    "volume" : 171421.00
  }, {
    "date" : "2025-05-15",
    "price" : 811.50,
    "dma50" : 715.43,
    "dma100" : null,
    "dma200" : 705.92,
    "volume" : 367460.00
  }, {
    "date" : "2025-05-16",
    "price" : 846.25,
    "dma50" : 720.56,
    "dma100" : null,
    "dma200" : 707.31,
    "volume" : 656900.00
  }, {
    "date" : "2025-05-19",
    "price" : 861.20,
    "dma50" : 726.07,
    "dma100" : null,
    "dma200" : 708.84,
    "volume" : 926607.00
  }, {
    "date" : "2025-05-20",
    "price" : 811.25,
    "dma50" : 729.41,
    "dma100" : null,
    "dma200" : 709.86,
    "volume" : 398058.00
  }, {
    "date" : "2025-05-21",
    "price" : 801.50,
    "dma50" : 732.24,
    "dma100" : null,
    "dma200" : 710.78,
    "volume" : 222736.00
  }, {
    "date" : "2025-05-22",
    "price" : 796.40,
    "dma50" : 734.76,
    "dma100" : null,
    "dma200" : 711.63,
    "volume" : 97241.00
  }, {
    "date" : "2025-05-23",
    "price" : 751.80,
    "dma50" : 735.42,
    "dma100" : null,
    "dma200" : 712.03,
    "volume" : 886596.00
  }, {
    "date" : "2025-05-26",
    "price" : 793.15,
    "dma50" : 737.69,
    "dma100" : null,
    "dma200" : 712.83,
    "volume" : 315034.00
  }, {
    "date" : "2025-05-27",
    "price" : 777.85,
    "dma50" : 739.26,
    "dma100" : null,
    "dma200" : 713.48,
    "volume" : 160489.00
  }, {
    "date" : "2025-05-28",
    "price" : 755.90,
    "dma50" : 739.92,
    "dma100" : null,
    "dma200" : 713.90,
    "volume" : 212652.00
  }, {
    "date" : "2025-05-29",
    "price" : 761.30,
    "dma50" : 740.75,
    "dma100" : 705.26,
    "dma200" : 714.37,
    "volume" : 99217.00
  }, {
    "date" : "2025-05-30",
    "price" : 748.65,
    "dma50" : 741.06,
    "dma100" : 703.87,
    "dma200" : 714.72,
    "volume" : 97985.00
  }, {
    "date" : "2025-06-02",
    "price" : 776.45,
    "dma50" : 742.45,
    "dma100" : 702.69,
    "dma200" : 715.33,
    "volume" : 183910.00
  }, {
    "date" : "2025-06-03",
    "price" : 757.70,
    "dma50" : 743.05,
    "dma100" : 701.77,
    "dma200" : 715.75,
    "volume" : 91006.00
  }, {
    "date" : "2025-06-04",
    "price" : 755.65,
    "dma50" : 743.54,
    "dma100" : 700.64,
    "dma200" : 716.15,
    "volume" : 66671.00
  }, {
    "date" : "2025-06-05",
    "price" : 745.05,
    "dma50" : 743.60,
    "dma100" : 699.56,
    "dma200" : 716.44,
    "volume" : 82545.00
  }, {
    "date" : "2025-06-06",
    "price" : 759.00,
    "dma50" : 744.21,
    "dma100" : 698.84,
    "dma200" : 716.86,
    "volume" : 101834.00
  }, {
    "date" : "2025-06-09",
    "price" : 767.30,
    "dma50" : 745.11,
    "dma100" : 698.63,
    "dma200" : 717.36,
    "volume" : 100568.00
  }, {
    "date" : "2025-06-10",
    "price" : 773.10,
    "dma50" : 746.21,
    "dma100" : 698.87,
    "dma200" : 717.92,
    "volume" : 66662.00
  }, {
    "date" : "2025-06-11",
    "price" : 774.50,
    "dma50" : 747.32,
    "dma100" : 698.93,
    "dma200" : 718.48,
    "volume" : 157427.00
  }, {
    "date" : "2025-06-12",
    "price" : 763.15,
    "dma50" : 747.94,
    "dma100" : 698.87,
    "dma200" : 718.92,
    "volume" : 71161.00
  }, {
    "date" : "2025-06-13",
    "price" : 752.25,
    "dma50" : 748.11,
    "dma100" : 698.47,
    "dma200" : 719.26,
    "volume" : 98434.00
  }, {
    "date" : "2025-06-16",
    "price" : 752.30,
    "dma50" : 748.27,
    "dma100" : 697.94,
    "dma200" : 719.58,
    "volume" : 60788.00
  }, {
    "date" : "2025-06-17",
    "price" : 737.80,
    "dma50" : 747.86,
    "dma100" : 697.16,
    "dma200" : 719.77,
    "volume" : 72180.00
  }, {
    "date" : "2025-06-18",
    "price" : 705.60,
    "dma50" : 746.21,
    "dma100" : 696.45,
    "dma200" : 719.62,
    "volume" : 162494.00
  }, {
    "date" : "2025-06-19",
    "price" : 704.05,
    "dma50" : 744.55,
    "dma100" : 696.12,
    "dma200" : 719.47,
    "volume" : 128607.00
  }, {
    "date" : "2025-06-20",
    "price" : 704.55,
    "dma50" : 742.98,
    "dma100" : 695.66,
    "dma200" : 719.32,
    "volume" : 64082.00
  }, {
    "date" : "2025-06-23",
    "price" : 701.75,
    "dma50" : 741.37,
    "dma100" : 695.55,
    "dma200" : 719.15,
    "volume" : 98084.00
  }, {
    "date" : "2025-06-24",
    "price" : 731.00,
    "dma50" : 740.96,
    "dma100" : 696.09,
    "dma200" : 719.26,
    "volume" : 146195.00
  }, {
    "date" : "2025-06-25",
    "price" : 762.50,
    "dma50" : 741.80,
    "dma100" : 697.23,
    "dma200" : 719.69,
    "volume" : 141606.00
  }, {
    "date" : "2025-06-26",
    "price" : 802.85,
    "dma50" : 744.20,
    "dma100" : 698.45,
    "dma200" : 720.52,
    "volume" : 1117943.00
  }, {
    "date" : "2025-06-27",
    "price" : 848.25,
    "dma50" : 748.28,
    "dma100" : 700.38,
    "dma200" : 721.79,
    "volume" : 1201675.00
  }, {
    "date" : "2025-06-30",
    "price" : 871.00,
    "dma50" : 753.09,
    "dma100" : 702.20,
    "dma200" : 723.28,
    "volume" : 347647.00
  }, {
    "date" : "2025-07-01",
    "price" : 851.05,
    "dma50" : 756.93,
    "dma100" : 703.48,
    "dma200" : 724.55,
    "volume" : 182904.00
  }, {
    "date" : "2025-07-02",
    "price" : 897.85,
    "dma50" : 762.46,
    "dma100" : 705.58,
    "dma200" : 726.27,
    "volume" : 767763.00
  }, {
    "date" : "2025-07-03",
    "price" : 894.75,
    "dma50" : 767.65,
    "dma100" : 707.30,
    "dma200" : 727.95,
    "volume" : 305138.00
  }, {
    "date" : "2025-07-04",
    "price" : 933.15,
    "dma50" : 774.14,
    "dma100" : 709.04,
    "dma200" : 729.99,
    "volume" : 959606.00
  }, {
    "date" : "2025-07-07",
    "price" : 916.60,
    "dma50" : 779.72,
    "dma100" : 710.30,
    "dma200" : 731.85,
    "volume" : 377819.00
  }, {
    "date" : "2025-07-08",
    "price" : 955.65,
    "dma50" : 786.62,
    "dma100" : 712.30,
    "dma200" : 734.08,
    "volume" : 894280.00
  }, {
    "date" : "2025-07-09",
    "price" : 933.75,
    "dma50" : 792.39,
    "dma100" : 714.47,
    "dma200" : 736.06,
    "volume" : 329721.00
  }, {
    "date" : "2025-07-10",
    "price" : 928.10,
    "dma50" : 797.71,
    "dma100" : 717.06,
    "dma200" : 737.97,
    "volume" : 129824.00
  }, {
    "date" : "2025-07-11",
    "price" : 970.10,
    "dma50" : 804.47,
    "dma100" : 719.87,
    "dma200" : 740.28,
    "volume" : 528618.00
  }, {
    "date" : "2025-07-14",
    "price" : 969.40,
    "dma50" : 810.94,
    "dma100" : 722.55,
    "dma200" : 742.56,
    "volume" : 325429.00
  }, {
    "date" : "2025-07-15",
    "price" : 959.20,
    "dma50" : 816.76,
    "dma100" : 725.51,
    "dma200" : 744.72,
    "volume" : 320555.00
  }, {
    "date" : "2025-07-16",
    "price" : 973.20,
    "dma50" : 822.89,
    "dma100" : 728.59,
    "dma200" : 746.99,
    "volume" : 173422.00
  }, {
    "date" : "2025-07-17",
    "price" : 988.80,
    "dma50" : 829.40,
    "dma100" : 732.14,
    "dma200" : 749.40,
    "volume" : 267138.00
  }, {
    "date" : "2025-07-18",
    "price" : 995.80,
    "dma50" : 835.92,
    "dma100" : 735.37,
    "dma200" : 751.85,
    "volume" : 346393.00
  }, {
    "date" : "2025-07-21",
    "price" : 948.55,
    "dma50" : 840.34,
    "dma100" : 738.00,
    "dma200" : 753.81,
    "volume" : 338887.00
  }, {
    "date" : "2025-07-22",
    "price" : 959.60,
    "dma50" : 845.02,
    "dma100" : 740.72,
    "dma200" : 755.85,
    "volume" : 164429.00
  }, {
    "date" : "2025-07-23",
    "price" : 948.50,
    "dma50" : 849.08,
    "dma100" : 743.54,
    "dma200" : 757.77,
    "volume" : 321250.00
  }, {
    "date" : "2025-07-24",
    "price" : 1095.30,
    "dma50" : 858.73,
    "dma100" : 748.16,
    "dma200" : 761.13,
    "volume" : 3843873.00
  }, {
    "date" : "2025-07-25",
    "price" : 1097.95,
    "dma50" : 868.11,
    "dma100" : 753.09,
    "dma200" : 764.48,
    "volume" : 1821545.00
  }, {
    "date" : "2025-07-28",
    "price" : 1131.65,
    "dma50" : 878.45,
    "dma100" : 758.64,
    "dma200" : 768.13,
    "volume" : 1469123.00
  }, {
    "date" : "2025-07-29",
    "price" : 1169.25,
    "dma50" : 889.85,
    "dma100" : 764.78,
    "dma200" : 772.13,
    "volume" : 842200.00
  }, {
    "date" : "2025-07-30",
    "price" : 1192.10,
    "dma50" : 901.70,
    "dma100" : 771.11,
    "dma200" : 776.30,
    "volume" : 835957.00
  }, {
    "date" : "2025-07-31",
    "price" : 1187.85,
    "dma50" : 912.93,
    "dma100" : 777.29,
    "dma200" : 780.40,
    "volume" : 686954.00
  }, {
    "date" : "2025-08-01",
    "price" : 1170.80,
    "dma50" : 923.04,
    "dma100" : 783.13,
    "dma200" : 784.28,
    "volume" : 256662.00
  }, {
    "date" : "2025-08-04",
    "price" : 1140.40,
    "dma50" : 931.56,
    "dma100" : 788.77,
    "dma200" : 787.83,
    "volume" : 306537.00
  }, {
    "date" : "2025-08-05",
    "price" : 1116.80,
    "dma50" : 938.83,
    "dma100" : 794.62,
    "dma200" : 791.10,
    "volume" : 165468.00
  }, {
    "date" : "2025-08-06",
    "price" : 1106.40,
    "dma50" : 945.40,
    "dma100" : 800.48,
    "dma200" : 794.24,
    "volume" : 387791.00
  }, {
    "date" : "2025-08-07",
    "price" : 1103.00,
    "dma50" : 951.58,
    "dma100" : 806.34,
    "dma200" : 797.31,
    "volume" : 202660.00
  }, {
    "date" : "2025-08-08",
    "price" : 1073.50,
    "dma50" : 956.36,
    "dma100" : 812.09,
    "dma200" : 800.06,
    "volume" : 130617.00
  }, {
    "date" : "2025-08-11",
    "price" : 1120.40,
    "dma50" : 962.79,
    "dma100" : 818.34,
    "dma200" : 803.25,
    "volume" : 398174.00
  }, {
    "date" : "2025-08-12",
    "price" : 1099.50,
    "dma50" : 968.15,
    "dma100" : 824.25,
    "dma200" : 806.19,
    "volume" : 261108.00
  }, {
    "date" : "2025-08-13",
    "price" : 1120.20,
    "dma50" : 974.12,
    "dma100" : 829.85,
    "dma200" : 809.32,
    "volume" : 271455.00
  }, {
    "date" : "2025-08-14",
    "price" : 1046.10,
    "dma50" : 976.94,
    "dma100" : 834.70,
    "dma200" : 811.67,
    "volume" : 826399.00
  }, {
    "date" : "2025-08-18",
    "price" : 1038.20,
    "dma50" : 979.34,
    "dma100" : 839.17,
    "dma200" : 813.93,
    "volume" : 265504.00
  }, {
    "date" : "2025-08-19",
    "price" : 1059.80,
    "dma50" : 982.50,
    "dma100" : 843.59,
    "dma200" : 816.37,
    "volume" : 171262.00
  }, {
    "date" : "2025-08-20",
    "price" : 1054.80,
    "dma50" : 985.33,
    "dma100" : 847.99,
    "dma200" : 818.75,
    "volume" : 158293.00
  }, {
    "date" : "2025-08-21",
    "price" : 1111.30,
    "dma50" : 990.27,
    "dma100" : 852.70,
    "dma200" : 821.66,
    "volume" : 1276107.00
  }, {
    "date" : "2025-08-22",
    "price" : 1094.20,
    "dma50" : 994.35,
    "dma100" : 857.31,
    "dma200" : 824.37,
    "volume" : 274159.00
  }, {
    "date" : "2025-08-25",
    "price" : 1156.10,
    "dma50" : 1000.69,
    "dma100" : 862.47,
    "dma200" : 827.67,
    "volume" : 930237.00
  }, {
    "date" : "2025-08-26",
    "price" : 1088.40,
    "dma50" : 1004.13,
    "dma100" : 866.87,
    "dma200" : 830.26,
    "volume" : 450109.00
  }, {
    "date" : "2025-08-28",
    "price" : 1086.90,
    "dma50" : 1007.38,
    "dma100" : 871.27,
    "dma200" : 832.82,
    "volume" : 256178.00
  }, {
    "date" : "2025-08-29",
    "price" : 1050.00,
    "dma50" : 1009.05,
    "dma100" : 875.21,
    "dma200" : 834.98,
    "volume" : 180230.00
  }, {
    "date" : "2025-09-01",
    "price" : 1072.20,
    "dma50" : 1011.52,
    "dma100" : 879.76,
    "dma200" : 837.34,
    "volume" : 142944.00
  }, {
    "date" : "2025-09-02",
    "price" : 1081.70,
    "dma50" : 1014.28,
    "dma100" : 885.06,
    "dma200" : 839.77,
    "volume" : 174258.00
  }, {
    "date" : "2025-09-03",
    "price" : 1165.50,
    "dma50" : 1020.21,
    "dma100" : 891.07,
    "dma200" : 843.01,
    "volume" : 709805.00
  }, {
    "date" : "2025-09-04",
    "price" : 1139.50,
    "dma50" : 1024.88,
    "dma100" : 897.03,
    "dma200" : 845.96,
    "volume" : 335228.00
  }, {
    "date" : "2025-09-05",
    "price" : 1257.40,
    "dma50" : 1034.00,
    "dma100" : 903.54,
    "dma200" : 850.06,
    "volume" : 2494623.00
  }, {
    "date" : "2025-09-08",
    "price" : 1281.10,
    "dma50" : 1043.69,
    "dma100" : 909.07,
    "dma200" : 854.35,
    "volume" : 1407433.00
  }, {
    "date" : "2025-09-09",
    "price" : 1222.50,
    "dma50" : 1050.71,
    "dma100" : 913.72,
    "dma200" : 858.01,
    "volume" : 491681.00
  }, {
    "date" : "2025-09-10",
    "price" : 1221.80,
    "dma50" : 1057.41,
    "dma100" : 918.22,
    "dma200" : 861.63,
    "volume" : 333721.00
  }, {
    "date" : "2025-09-11",
    "price" : 1284.80,
    "dma50" : 1066.33,
    "dma100" : 923.05,
    "dma200" : 865.84,
    "volume" : 818938.00
  }, {
    "date" : "2025-09-12",
    "price" : 1263.60,
    "dma50" : 1074.07,
    "dma100" : 927.63,
    "dma200" : 869.80,
    "volume" : 453075.00
  }, {
    "date" : "2025-09-15",
    "price" : 1229.20,
    "dma50" : 1080.15,
    "dma100" : 931.92,
    "dma200" : 873.37,
    "volume" : 242580.00
  }, {
    "date" : "2025-09-16",
    "price" : 1301.30,
    "dma50" : 1088.82,
    "dma100" : 937.13,
    "dma200" : 877.63,
    "volume" : 708116.00
  }, {
    "date" : "2025-09-17",
    "price" : 1301.90,
    "dma50" : 1097.18,
    "dma100" : 942.74,
    "dma200" : 881.85,
    "volume" : 600343.00
  }, {
    "date" : "2025-09-18",
    "price" : 1280.90,
    "dma50" : 1104.38,
    "dma100" : 947.77,
    "dma200" : 885.82,
    "volume" : 386070.00
  }, {
    "date" : "2025-09-19",
    "price" : 1325.40,
    "dma50" : 1113.05,
    "dma100" : 953.15,
    "dma200" : 890.20,
    "volume" : 438062.00
  }, {
    "date" : "2025-09-22",
    "price" : 1312.10,
    "dma50" : 1120.86,
    "dma100" : 958.64,
    "dma200" : 894.40,
    "volume" : 396469.00
  }, {
    "date" : "2025-09-23",
    "price" : 1291.30,
    "dma50" : 1127.54,
    "dma100" : 963.64,
    "dma200" : 898.34,
    "volume" : 262333.00
  }, {
    "date" : "2025-09-24",
    "price" : 1220.90,
    "dma50" : 1131.20,
    "dma100" : 967.81,
    "dma200" : 901.55,
    "volume" : 417402.00
  }, {
    "date" : "2025-09-25",
    "price" : 1209.80,
    "dma50" : 1134.29,
    "dma100" : 972.33,
    "dma200" : 904.62,
    "volume" : 405640.00
  }, {
    "date" : "2025-09-26",
    "price" : 1166.40,
    "dma50" : 1135.54,
    "dma100" : 976.51,
    "dma200" : 907.23,
    "volume" : 408505.00
  }, {
    "date" : "2025-09-29",
    "price" : 1160.30,
    "dma50" : 1136.52,
    "dma100" : 980.82,
    "dma200" : 909.74,
    "volume" : 361108.00
  }, {
    "date" : "2025-09-30",
    "price" : 1144.20,
    "dma50" : 1136.82,
    "dma100" : 985.14,
    "dma200" : 912.08,
    "volume" : 208963.00
  }, {
    "date" : "2025-10-01",
    "price" : 1172.00,
    "dma50" : 1138.20,
    "dma100" : 989.07,
    "dma200" : 914.66,
    "volume" : 191795.00
  }, {
    "date" : "2025-10-03",
    "price" : 1244.60,
    "dma50" : 1142.37,
    "dma100" : 993.49,
    "dma200" : 917.95,
    "volume" : 567847.00
  }, {
    "date" : "2025-10-06",
    "price" : 1240.20,
    "dma50" : 1146.21,
    "dma100" : 997.88,
    "dma200" : 921.15,
    "volume" : 308651.00
  }, {
    "date" : "2025-10-07",
    "price" : 1245.30,
    "dma50" : 1150.09,
    "dma100" : 1002.22,
    "dma200" : 924.38,
    "volume" : 190032.00
  }, {
    "date" : "2025-10-08",
    "price" : 1282.10,
    "dma50" : 1155.27,
    "dma100" : 1006.58,
    "dma200" : 927.94,
    "volume" : 1809235.00
  }, {
    "date" : "2025-10-09",
    "price" : 1317.70,
    "dma50" : 1161.64,
    "dma100" : 1011.14,
    "dma200" : 931.82,
    "volume" : 390886.00
  }, {
    "date" : "2025-10-10",
    "price" : 1306.60,
    "dma50" : 1167.32,
    "dma100" : 1016.10,
    "dma200" : 935.54,
    "volume" : 434355.00
  }, {
    "date" : "2025-10-13",
    "price" : 1334.20,
    "dma50" : 1173.87,
    "dma100" : 1021.42,
    "dma200" : 939.51,
    "volume" : 497956.00
  }, {
    "date" : "2025-10-14",
    "price" : 1303.00,
    "dma50" : 1178.93,
    "dma100" : 1026.49,
    "dma200" : 943.13,
    "volume" : 615300.00
  }, {
    "date" : "2025-10-15",
    "price" : 1371.90,
    "dma50" : 1186.50,
    "dma100" : 1032.69,
    "dma200" : 947.39,
    "volume" : 715758.00
  }, {
    "date" : "2025-10-16",
    "price" : 1368.00,
    "dma50" : 1193.62,
    "dma100" : 1038.44,
    "dma200" : 951.58,
    "volume" : 403564.00
  }, {
    "date" : "2025-10-17",
    "price" : 1373.80,
    "dma50" : 1200.68,
    "dma100" : 1044.40,
    "dma200" : 955.78,
    "volume" : 5695627.00
  }, {
    "date" : "2025-10-20",
    "price" : 1444.40,
    "dma50" : 1210.24,
    "dma100" : 1051.28,
    "dma200" : 960.64,
    "volume" : 1894877.00
  }, {
    "date" : "2025-10-21",
    "price" : 1450.00,
    "dma50" : 1219.64,
    "dma100" : 1058.17,
    "dma200" : 965.51,
    "volume" : 230628.00
  }, {
    "date" : "2025-10-23",
    "price" : 1373.50,
    "dma50" : 1225.68,
    "dma100" : 1064.42,
    "dma200" : 969.57,
    "volume" : 1048704.00
  }, {
    "date" : "2025-10-24",
    "price" : 1372.90,
    "dma50" : 1231.45,
    "dma100" : 1070.38,
    "dma200" : 973.59,
    "volume" : 621083.00
  }, {
    "date" : "2025-10-27",
    "price" : 1366.80,
    "dma50" : 1236.76,
    "dma100" : 1076.47,
    "dma200" : 977.50,
    "volume" : 310902.00
  }, {
    "date" : "2025-10-28",
    "price" : 1404.40,
    "dma50" : 1243.33,
    "dma100" : 1082.96,
    "dma200" : 981.75,
    "volume" : 1701016.00
  }, {
    "date" : "2025-10-29",
    "price" : 1445.60,
    "dma50" : 1251.26,
    "dma100" : 1089.97,
    "dma200" : 986.36,
    "volume" : 459988.00
  }, {
    "date" : "2025-10-30",
    "price" : 1399.00,
    "dma50" : 1257.06,
    "dma100" : 1096.37,
    "dma200" : 990.47,
    "volume" : 297808.00
  }, {
    "date" : "2025-10-31",
    "price" : 1370.90,
    "dma50" : 1261.52,
    "dma100" : 1102.40,
    "dma200" : 994.25,
    "volume" : 319562.00
  }, {
    "date" : "2025-11-03",
    "price" : 1356.50,
    "dma50" : 1265.25,
    "dma100" : 1108.24,
    "dma200" : 997.86,
    "volume" : 241731.00
  }, {
    "date" : "2025-11-04",
    "price" : 1312.10,
    "dma50" : 1267.08,
    "dma100" : 1113.61,
    "dma200" : 1000.98,
    "volume" : 408674.00
  }, {
    "date" : "2025-11-06",
    "price" : 1308.60,
    "dma50" : 1268.71,
    "dma100" : 1119.07,
    "dma200" : 1004.04,
    "volume" : 338184.00
  }, {
    "date" : "2025-11-07",
    "price" : 1297.50,
    "dma50" : 1269.84,
    "dma100" : 1124.52,
    "dma200" : 1006.96,
    "volume" : 235702.00
  }, {
    "date" : "2025-11-10",
    "price" : 1339.30,
    "dma50" : 1272.56,
    "dma100" : 1130.39,
    "dma200" : 1010.27,
    "volume" : 458817.00
  }, {
    "date" : "2025-11-11",
    "price" : 1378.50,
    "dma50" : 1276.72,
    "dma100" : 1136.80,
    "dma200" : 1013.94,
    "volume" : 443065.00
  }, {
    "date" : "2025-11-12",
    "price" : 1351.70,
    "dma50" : 1279.66,
    "dma100" : 1143.26,
    "dma200" : 1017.30,
    "volume" : 221124.00
  }, {
    "date" : "2025-11-13",
    "price" : 1397.10,
    "dma50" : 1284.26,
    "dma100" : 1150.19,
    "dma200" : 1021.08,
    "volume" : 414263.00
  }, {
    "date" : "2025-11-14",
    "price" : 1414.40,
    "dma50" : 1289.37,
    "dma100" : 1157.29,
    "dma200" : 1024.99,
    "volume" : 226858.00
  }, {
    "date" : "2025-11-17",
    "price" : 1400.30,
    "dma50" : 1293.72,
    "dma100" : 1164.27,
    "dma200" : 1028.72,
    "volume" : 227986.00
  }, {
    "date" : "2025-11-18",
    "price" : 1417.90,
    "dma50" : 1298.59,
    "dma100" : 1171.14,
    "dma200" : 1032.60,
    "volume" : 242178.00
  }, {
    "date" : "2025-11-19",
    "price" : 1388.60,
    "dma50" : 1302.12,
    "dma100" : 1177.40,
    "dma200" : 1036.14,
    "volume" : 190926.00
  }, {
    "date" : "2025-11-20",
    "price" : 1349.50,
    "dma50" : 1303.98,
    "dma100" : 1182.87,
    "dma200" : 1039.26,
    "volume" : 229936.00
  }, {
    "date" : "2025-11-21",
    "price" : 1344.20,
    "dma50" : 1305.55,
    "dma100" : 1187.83,
    "dma200" : 1042.29,
    "volume" : 197619.00
  }, {
    "date" : "2025-11-24",
    "price" : 1283.70,
    "dma50" : 1304.70,
    "dma100" : 1191.96,
    "dma200" : 1044.69,
    "volume" : 201347.00
  }, {
    "date" : "2025-11-25",
    "price" : 1309.20,
    "dma50" : 1304.87,
    "dma100" : 1196.54,
    "dma200" : 1047.32,
    "volume" : 237162.00
  }, {
    "date" : "2025-11-26",
    "price" : 1335.10,
    "dma50" : 1306.06,
    "dma100" : 1200.91,
    "dma200" : 1050.19,
    "volume" : 218180.00
  }, {
    "date" : "2025-11-27",
    "price" : 1302.30,
    "dma50" : 1305.91,
    "dma100" : 1204.98,
    "dma200" : 1052.70,
    "volume" : 170011.00
  }, {
    "date" : "2025-11-28",
    "price" : 1287.00,
    "dma50" : 1305.17,
    "dma100" : 1208.52,
    "dma200" : 1055.03,
    "volume" : 172089.00
  }, {
    "date" : "2025-12-01",
    "price" : 1291.70,
    "dma50" : 1304.64,
    "dma100" : 1212.27,
    "dma200" : 1057.38,
    "volume" : 210672.00
  }, {
    "date" : "2025-12-02",
    "price" : 1281.10,
    "dma50" : 1303.72,
    "dma100" : 1215.53,
    "dma200" : 1059.61,
    "volume" : 166237.00
  }, {
    "date" : "2025-12-03",
    "price" : 1246.20,
    "dma50" : 1301.46,
    "dma100" : 1218.65,
    "dma200" : 1061.47,
    "volume" : 148651.00
  }, {
    "date" : "2025-12-04",
    "price" : 1279.20,
    "dma50" : 1300.59,
    "dma100" : 1222.16,
    "dma200" : 1063.63,
    "volume" : 172927.00
  }, {
    "date" : "2025-12-05",
    "price" : 1300.30,
    "dma50" : 1300.58,
    "dma100" : 1225.47,
    "dma200" : 1065.99,
    "volume" : 246662.00
  }, {
    "date" : "2025-12-08",
    "price" : 1287.20,
    "dma50" : 1300.05,
    "dma100" : 1228.64,
    "dma200" : 1068.19,
    "volume" : 227686.00
  }, {
    "date" : "2025-12-09",
    "price" : 1314.20,
    "dma50" : 1300.61,
    "dma100" : 1232.19,
    "dma200" : 1070.64,
    "volume" : 255630.00
  }, {
    "date" : "2025-12-10",
    "price" : 1279.80,
    "dma50" : 1299.79,
    "dma100" : 1235.26,
    "dma200" : 1072.72,
    "volume" : 131005.00
  }, {
    "date" : "2025-12-11",
    "price" : 1276.40,
    "dma50" : 1298.87,
    "dma100" : 1238.14,
    "dma200" : 1074.74,
    "volume" : 103976.00
  }, {
    "date" : "2025-12-12",
    "price" : 1303.90,
    "dma50" : 1299.07,
    "dma100" : 1241.22,
    "dma200" : 1077.02,
    "volume" : 109963.00
  }, {
    "date" : "2025-12-15",
    "price" : 1301.80,
    "dma50" : 1299.18,
    "dma100" : 1244.75,
    "dma200" : 1079.26,
    "volume" : 129012.00
  }, {
    "date" : "2025-12-16",
    "price" : 1291.30,
    "dma50" : 1298.87,
    "dma100" : 1248.07,
    "dma200" : 1081.37,
    "volume" : 84395.00
  }, {
    "date" : "2025-12-17",
    "price" : 1268.10,
    "dma50" : 1297.66,
    "dma100" : 1251.26,
    "dma200" : 1083.23,
    "volume" : 105976.00
  }, {
    "date" : "2025-12-18",
    "price" : 1283.20,
    "dma50" : 1297.10,
    "dma100" : 1253.14,
    "dma200" : 1085.22,
    "volume" : 113258.00
  }, {
    "date" : "2025-12-19",
    "price" : 1301.80,
    "dma50" : 1297.28,
    "dma100" : 1255.18,
    "dma200" : 1087.37,
    "volume" : 98427.00
  }, {
    "date" : "2025-12-22",
    "price" : 1362.20,
    "dma50" : 1299.83,
    "dma100" : 1257.49,
    "dma200" : 1090.11,
    "volume" : 355801.00
  }, {
    "date" : "2025-12-23",
    "price" : 1387.80,
    "dma50" : 1303.28,
    "dma100" : 1259.67,
    "dma200" : 1093.07,
    "volume" : 281927.00
  }, {
    "date" : "2025-12-24",
    "price" : 1400.80,
    "dma50" : 1307.10,
    "dma100" : 1261.76,
    "dma200" : 1096.13,
    "volume" : 339597.00
  }, {
    "date" : "2025-12-26",
    "price" : 1451.50,
    "dma50" : 1312.76,
    "dma100" : 1264.39,
    "dma200" : 1099.67,
    "volume" : 514534.00
  }, {
    "date" : "2025-12-29",
    "price" : 1456.00,
    "dma50" : 1318.38,
    "dma100" : 1267.25,
    "dma200" : 1103.21,
    "volume" : 264690.00
  }, {
    "date" : "2025-12-30",
    "price" : 1454.40,
    "dma50" : 1323.71,
    "dma100" : 1270.39,
    "dma200" : 1106.71,
    "volume" : 144151.00
  }, {
    "date" : "2025-12-31",
    "price" : 1454.10,
    "dma50" : 1328.83,
    "dma100" : 1273.76,
    "dma200" : 1110.16,
    "volume" : 169340.00
  } ],
  "latestTechnicalAttributes" : {
    "date" : "2025-12-31",
    "price" : 1454.10,
    "dma50" : 1328.83,
    "dma100" : 1273.76,
    "dma200" : 1110.16,
    "volume" : 169340.00
  },
  "quarterlyResults" : [ {
    "date" : "2005-03-31",
    "sales" : 16.23,
    "salesGrowthYoY" : null,
    "grossProfitMargin" : 17.81,
    "grossProfit" : 2.89,
    "operatingProfitMargin" : 6.59,
    "operatingProfit" : 1.07,
    "netProfitMargin" : 2.46,
    "netProfit" : 0.40
  }, {
    "date" : "2005-06-30",
    "sales" : 19.19,
    "salesGrowthYoY" : null,
    "grossProfitMargin" : 22.09,
    "grossProfit" : 4.24,
    "operatingProfitMargin" : 6.72,
    "operatingProfit" : 1.29,
    "netProfitMargin" : 3.80,
    "netProfit" : 0.73
  }, {
    "date" : "2005-09-30",
    "sales" : 16.72,
    "salesGrowthYoY" : null,
    "grossProfitMargin" : 17.11,
    "grossProfit" : 2.86,
    "operatingProfitMargin" : 6.64,
    "operatingProfit" : 1.11,
    "netProfitMargin" : 3.59,
    "netProfit" : 0.60
  }, {
    "date" : "2005-12-31",
    "sales" : 18.34,
    "salesGrowthYoY" : null,
    "grossProfitMargin" : 20.23,
    "grossProfit" : 3.71,
    "operatingProfitMargin" : 3.49,
    "operatingProfit" : 0.64,
    "netProfitMargin" : 0.82,
    "netProfit" : 0.15
  }, {
    "date" : "2006-03-31",
    "sales" : 15.98,
    "salesGrowthYoY" : -1.54,
    "grossProfitMargin" : 18.90,
    "grossProfit" : 3.02,
    "operatingProfitMargin" : 4.57,
    "operatingProfit" : 0.73,
    "netProfitMargin" : 0.69,
    "netProfit" : 0.11
  }, {
    "date" : "2006-06-30",
    "sales" : 23.37,
    "salesGrowthYoY" : 21.78,
    "grossProfitMargin" : 15.19,
    "grossProfit" : 3.55,
    "operatingProfitMargin" : 6.89,
    "operatingProfit" : 1.61,
    "netProfitMargin" : 3.25,
    "netProfit" : 0.76
  }, {
    "date" : "2006-09-30",
    "sales" : 24.00,
    "salesGrowthYoY" : 43.54,
    "grossProfitMargin" : 24.00,
    "grossProfit" : 5.76,
    "operatingProfitMargin" : 5.00,
    "operatingProfit" : 1.20,
    "netProfitMargin" : 2.04,
    "netProfit" : 0.49
  }, {
    "date" : "2006-12-31",
    "sales" : 24.39,
    "salesGrowthYoY" : 32.99,
    "grossProfitMargin" : 7.79,
    "grossProfit" : 1.90,
    "operatingProfitMargin" : 4.14,
    "operatingProfit" : 1.01,
    "netProfitMargin" : 2.46,
    "netProfit" : 0.60
  }, {
    "date" : "2007-03-31",
    "sales" : 32.50,
    "salesGrowthYoY" : 103.38,
    "grossProfitMargin" : 19.05,
    "grossProfit" : 6.19,
    "operatingProfitMargin" : 8.34,
    "operatingProfit" : 2.71,
    "netProfitMargin" : 2.52,
    "netProfit" : 0.82
  }, {
    "date" : "2007-06-30",
    "sales" : 36.11,
    "salesGrowthYoY" : 54.51,
    "grossProfitMargin" : 13.38,
    "grossProfit" : 4.83,
    "operatingProfitMargin" : 6.18,
    "operatingProfit" : 2.23,
    "netProfitMargin" : 2.94,
    "netProfit" : 1.06
  }, {
    "date" : "2007-09-30",
    "sales" : 29.28,
    "salesGrowthYoY" : 22.00,
    "grossProfitMargin" : 25.82,
    "grossProfit" : 7.56,
    "operatingProfitMargin" : 9.29,
    "operatingProfit" : 2.72,
    "netProfitMargin" : 3.89,
    "netProfit" : 1.14
  }, {
    "date" : "2007-12-31",
    "sales" : 43.24,
    "salesGrowthYoY" : 77.29,
    "grossProfitMargin" : 28.75,
    "grossProfit" : 12.43,
    "operatingProfitMargin" : 5.94,
    "operatingProfit" : 2.57,
    "netProfitMargin" : 2.36,
    "netProfit" : 1.02
  }, {
    "date" : "2008-03-31",
    "sales" : 41.27,
    "salesGrowthYoY" : 26.98,
    "grossProfitMargin" : 13.33,
    "grossProfit" : 5.50,
    "operatingProfitMargin" : 7.49,
    "operatingProfit" : 3.09,
    "netProfitMargin" : 5.43,
    "netProfit" : 2.24
  }, {
    "date" : "2008-06-30",
    "sales" : 32.15,
    "salesGrowthYoY" : -10.97,
    "grossProfitMargin" : 13.41,
    "grossProfit" : 4.31,
    "operatingProfitMargin" : 5.44,
    "operatingProfit" : 1.75,
    "netProfitMargin" : 1.56,
    "netProfit" : 0.50
  }, {
    "date" : "2008-09-30",
    "sales" : 31.96,
    "salesGrowthYoY" : 9.15,
    "grossProfitMargin" : 15.49,
    "grossProfit" : 4.95,
    "operatingProfitMargin" : 1.16,
    "operatingProfit" : 0.37,
    "netProfitMargin" : 0.94,
    "netProfit" : 0.30
  }, {
    "date" : "2008-12-31",
    "sales" : 21.12,
    "salesGrowthYoY" : -51.16,
    "grossProfitMargin" : 16.86,
    "grossProfit" : 3.56,
    "operatingProfitMargin" : -1.52,
    "operatingProfit" : -0.32,
    "netProfitMargin" : -6.87,
    "netProfit" : -1.45
  }, {
    "date" : "2009-03-31",
    "sales" : 18.26,
    "salesGrowthYoY" : -55.75,
    "grossProfitMargin" : 25.25,
    "grossProfit" : 4.61,
    "operatingProfitMargin" : -6.19,
    "operatingProfit" : -1.13,
    "netProfitMargin" : -10.02,
    "netProfit" : -1.83
  }, {
    "date" : "2009-06-30",
    "sales" : 26.51,
    "salesGrowthYoY" : -17.54,
    "grossProfitMargin" : 20.41,
    "grossProfit" : 5.41,
    "operatingProfitMargin" : 7.13,
    "operatingProfit" : 1.89,
    "netProfitMargin" : 3.77,
    "netProfit" : 1.00
  }, {
    "date" : "2009-09-30",
    "sales" : 34.17,
    "salesGrowthYoY" : 6.91,
    "grossProfitMargin" : 23.12,
    "grossProfit" : 7.90,
    "operatingProfitMargin" : 7.64,
    "operatingProfit" : 2.61,
    "netProfitMargin" : 3.69,
    "netProfit" : 1.26
  }, {
    "date" : "2009-12-31",
    "sales" : 45.25,
    "salesGrowthYoY" : 114.25,
    "grossProfitMargin" : 19.78,
    "grossProfit" : 8.95,
    "operatingProfitMargin" : 8.57,
    "operatingProfit" : 3.88,
    "netProfitMargin" : 4.49,
    "netProfit" : 2.03
  }, {
    "date" : "2010-03-31",
    "sales" : 43.78,
    "salesGrowthYoY" : 139.76,
    "grossProfitMargin" : 25.24,
    "grossProfit" : 11.05,
    "operatingProfitMargin" : 10.05,
    "operatingProfit" : 4.40,
    "netProfitMargin" : 3.45,
    "netProfit" : 1.51
  }, {
    "date" : "2010-06-30",
    "sales" : 60.04,
    "salesGrowthYoY" : 126.48,
    "grossProfitMargin" : 13.17,
    "grossProfit" : 7.91,
    "operatingProfitMargin" : 5.13,
    "operatingProfit" : 3.08,
    "netProfitMargin" : 2.33,
    "netProfit" : 1.40
  }, {
    "date" : "2010-09-30",
    "sales" : 61.00,
    "salesGrowthYoY" : 78.52,
    "grossProfitMargin" : 15.16,
    "grossProfit" : 9.25,
    "operatingProfitMargin" : 5.80,
    "operatingProfit" : 3.54,
    "netProfitMargin" : 2.46,
    "netProfit" : 1.50
  }, {
    "date" : "2010-12-31",
    "sales" : 63.93,
    "salesGrowthYoY" : 41.28,
    "grossProfitMargin" : 14.44,
    "grossProfit" : 9.23,
    "operatingProfitMargin" : 4.76,
    "operatingProfit" : 3.04,
    "netProfitMargin" : 1.78,
    "netProfit" : 1.14
  }, {
    "date" : "2011-03-31",
    "sales" : 73.17,
    "salesGrowthYoY" : 67.13,
    "grossProfitMargin" : 19.31,
    "grossProfit" : 14.13,
    "operatingProfitMargin" : 5.74,
    "operatingProfit" : 4.20,
    "netProfitMargin" : 1.83,
    "netProfit" : 1.34
  }, {
    "date" : "2011-06-30",
    "sales" : 68.03,
    "salesGrowthYoY" : 13.31,
    "grossProfitMargin" : 11.92,
    "grossProfit" : 8.11,
    "operatingProfitMargin" : 5.12,
    "operatingProfit" : 3.48,
    "netProfitMargin" : 2.20,
    "netProfit" : 1.50
  }, {
    "date" : "2011-09-30",
    "sales" : 77.23,
    "salesGrowthYoY" : 26.61,
    "grossProfitMargin" : 14.00,
    "grossProfit" : 10.81,
    "operatingProfitMargin" : 4.17,
    "operatingProfit" : 3.22,
    "netProfitMargin" : 1.62,
    "netProfit" : 1.25
  }, {
    "date" : "2011-12-31",
    "sales" : 62.98,
    "salesGrowthYoY" : -1.49,
    "grossProfitMargin" : 12.34,
    "grossProfit" : 7.77,
    "operatingProfitMargin" : 2.89,
    "operatingProfit" : 1.82,
    "netProfitMargin" : 0.41,
    "netProfit" : 0.26
  }, {
    "date" : "2012-03-31",
    "sales" : 64.47,
    "salesGrowthYoY" : -11.89,
    "grossProfitMargin" : 19.70,
    "grossProfit" : 12.70,
    "operatingProfitMargin" : 0.23,
    "operatingProfit" : 0.15,
    "netProfitMargin" : -2.75,
    "netProfit" : -1.77
  }, {
    "date" : "2012-06-30",
    "sales" : 82.23,
    "salesGrowthYoY" : 20.87,
    "grossProfitMargin" : 16.04,
    "grossProfit" : 13.19,
    "operatingProfitMargin" : 4.11,
    "operatingProfit" : 3.38,
    "netProfitMargin" : 1.22,
    "netProfit" : 1.00
  }, {
    "date" : "2012-09-30",
    "sales" : 73.56,
    "salesGrowthYoY" : -4.75,
    "grossProfitMargin" : 14.29,
    "grossProfit" : 10.51,
    "operatingProfitMargin" : 3.40,
    "operatingProfit" : 2.50,
    "netProfitMargin" : 0.23,
    "netProfit" : 0.17
  }, {
    "date" : "2012-12-31",
    "sales" : 81.90,
    "salesGrowthYoY" : 30.04,
    "grossProfitMargin" : 16.14,
    "grossProfit" : 13.22,
    "operatingProfitMargin" : 2.43,
    "operatingProfit" : 1.99,
    "netProfitMargin" : -0.11,
    "netProfit" : -0.09
  }, {
    "date" : "2013-03-31",
    "sales" : 104.74,
    "salesGrowthYoY" : 62.46,
    "grossProfitMargin" : 6.30,
    "grossProfit" : 6.60,
    "operatingProfitMargin" : 1.68,
    "operatingProfit" : 1.76,
    "netProfitMargin" : 1.14,
    "netProfit" : 1.19
  }, {
    "date" : "2013-06-30",
    "sales" : 89.55,
    "salesGrowthYoY" : 8.90,
    "grossProfitMargin" : 10.23,
    "grossProfit" : 9.16,
    "operatingProfitMargin" : 1.52,
    "operatingProfit" : 1.36,
    "netProfitMargin" : 0.88,
    "netProfit" : 0.79
  }, {
    "date" : "2013-09-30",
    "sales" : 132.51,
    "salesGrowthYoY" : 80.14,
    "grossProfitMargin" : 9.13,
    "grossProfit" : 12.10,
    "operatingProfitMargin" : 3.49,
    "operatingProfit" : 4.62,
    "netProfitMargin" : 0.92,
    "netProfit" : 1.22
  }, {
    "date" : "2013-12-31",
    "sales" : 101.76,
    "salesGrowthYoY" : 24.25,
    "grossProfitMargin" : 11.37,
    "grossProfit" : 11.57,
    "operatingProfitMargin" : 4.26,
    "operatingProfit" : 4.33,
    "netProfitMargin" : 0.02,
    "netProfit" : 0.02
  }, {
    "date" : "2014-03-31",
    "sales" : 124.42,
    "salesGrowthYoY" : 18.79,
    "grossProfitMargin" : 14.51,
    "grossProfit" : 18.05,
    "operatingProfitMargin" : 2.50,
    "operatingProfit" : 3.11,
    "netProfitMargin" : 0.63,
    "netProfit" : 0.78
  }, {
    "date" : "2014-06-30",
    "sales" : 112.52,
    "salesGrowthYoY" : 25.65,
    "grossProfitMargin" : 11.47,
    "grossProfit" : 12.91,
    "operatingProfitMargin" : 4.10,
    "operatingProfit" : 4.61,
    "netProfitMargin" : 1.78,
    "netProfit" : 2.00
  }, {
    "date" : "2014-09-30",
    "sales" : 115.32,
    "salesGrowthYoY" : -12.97,
    "grossProfitMargin" : 8.60,
    "grossProfit" : 9.92,
    "operatingProfitMargin" : 3.42,
    "operatingProfit" : 3.94,
    "netProfitMargin" : 1.03,
    "netProfit" : 1.19
  }, {
    "date" : "2014-12-31",
    "sales" : 99.78,
    "salesGrowthYoY" : -1.95,
    "grossProfitMargin" : 10.81,
    "grossProfit" : 10.79,
    "operatingProfitMargin" : 5.42,
    "operatingProfit" : 5.41,
    "netProfitMargin" : 2.14,
    "netProfit" : 2.14
  }, {
    "date" : "2015-03-31",
    "sales" : 86.13,
    "salesGrowthYoY" : -30.77,
    "grossProfitMargin" : 7.81,
    "grossProfit" : 6.73,
    "operatingProfitMargin" : 5.94,
    "operatingProfit" : 5.12,
    "netProfitMargin" : 2.90,
    "netProfit" : 2.50
  }, {
    "date" : "2015-06-30",
    "sales" : 108.89,
    "salesGrowthYoY" : -3.23,
    "grossProfitMargin" : 9.64,
    "grossProfit" : 10.50,
    "operatingProfitMargin" : 5.91,
    "operatingProfit" : 6.44,
    "netProfitMargin" : 2.58,
    "netProfit" : 2.81
  }, {
    "date" : "2015-09-30",
    "sales" : 106.47,
    "salesGrowthYoY" : -7.67,
    "grossProfitMargin" : 10.87,
    "grossProfit" : 11.57,
    "operatingProfitMargin" : 5.64,
    "operatingProfit" : 6.00,
    "netProfitMargin" : 2.13,
    "netProfit" : 2.27
  }, {
    "date" : "2015-12-31",
    "sales" : 107.99,
    "salesGrowthYoY" : 8.23,
    "grossProfitMargin" : 9.69,
    "grossProfit" : 10.46,
    "operatingProfitMargin" : 5.35,
    "operatingProfit" : 5.78,
    "netProfitMargin" : 1.96,
    "netProfit" : 2.12
  }, {
    "date" : "2016-03-31",
    "sales" : 141.33,
    "salesGrowthYoY" : 64.09,
    "grossProfitMargin" : 10.08,
    "grossProfit" : 14.25,
    "operatingProfitMargin" : 5.79,
    "operatingProfit" : 8.18,
    "netProfitMargin" : 2.07,
    "netProfit" : 2.93
  }, {
    "date" : "2016-06-30",
    "sales" : 148.01,
    "salesGrowthYoY" : 35.93,
    "grossProfitMargin" : 8.55,
    "grossProfit" : 12.65,
    "operatingProfitMargin" : 4.66,
    "operatingProfit" : 6.90,
    "netProfitMargin" : 1.75,
    "netProfit" : 2.59
  }, {
    "date" : "2016-09-30",
    "sales" : 186.25,
    "salesGrowthYoY" : 74.93,
    "grossProfitMargin" : 10.46,
    "grossProfit" : 19.48,
    "operatingProfitMargin" : 6.07,
    "operatingProfit" : 11.31,
    "netProfitMargin" : 2.99,
    "netProfit" : 5.57
  }, {
    "date" : "2016-12-31",
    "sales" : 222.53,
    "salesGrowthYoY" : 106.07,
    "grossProfitMargin" : 9.11,
    "grossProfit" : 20.27,
    "operatingProfitMargin" : 5.64,
    "operatingProfit" : 12.55,
    "netProfitMargin" : 3.13,
    "netProfit" : 6.97
  }, {
    "date" : "2017-03-31",
    "sales" : 202.15,
    "salesGrowthYoY" : 43.03,
    "grossProfitMargin" : 15.59,
    "grossProfit" : 31.52,
    "operatingProfitMargin" : 11.31,
    "operatingProfit" : 22.86,
    "netProfitMargin" : 5.71,
    "netProfit" : 11.54
  }, {
    "date" : "2017-06-30",
    "sales" : 221.31,
    "salesGrowthYoY" : 49.52,
    "grossProfitMargin" : 8.82,
    "grossProfit" : 19.52,
    "operatingProfitMargin" : 5.38,
    "operatingProfit" : 11.91,
    "netProfitMargin" : 3.18,
    "netProfit" : 7.04
  }, {
    "date" : "2017-09-30",
    "sales" : 220.06,
    "salesGrowthYoY" : 18.15,
    "grossProfitMargin" : 9.93,
    "grossProfit" : 21.85,
    "operatingProfitMargin" : 6.08,
    "operatingProfit" : 13.38,
    "netProfitMargin" : 3.21,
    "netProfit" : 7.06
  }, {
    "date" : "2017-12-31",
    "sales" : 238.07,
    "salesGrowthYoY" : 6.98,
    "grossProfitMargin" : 10.96,
    "grossProfit" : 26.09,
    "operatingProfitMargin" : 6.49,
    "operatingProfit" : 15.45,
    "netProfitMargin" : 3.38,
    "netProfit" : 8.05
  }, {
    "date" : "2018-03-31",
    "sales" : 260.30,
    "salesGrowthYoY" : 28.77,
    "grossProfitMargin" : 10.07,
    "grossProfit" : 26.21,
    "operatingProfitMargin" : 6.29,
    "operatingProfit" : 16.37,
    "netProfitMargin" : 2.71,
    "netProfit" : 7.05
  }, {
    "date" : "2018-06-30",
    "sales" : 247.50,
    "salesGrowthYoY" : 11.83,
    "grossProfitMargin" : 10.48,
    "grossProfit" : 25.94,
    "operatingProfitMargin" : 6.27,
    "operatingProfit" : 15.52,
    "netProfitMargin" : 3.29,
    "netProfit" : 8.14
  }, {
    "date" : "2018-09-30",
    "sales" : 301.82,
    "salesGrowthYoY" : 37.15,
    "grossProfitMargin" : 11.38,
    "grossProfit" : 34.35,
    "operatingProfitMargin" : 7.11,
    "operatingProfit" : 21.46,
    "netProfitMargin" : 4.10,
    "netProfit" : 12.37
  }, {
    "date" : "2018-12-31",
    "sales" : 255.18,
    "salesGrowthYoY" : 7.19,
    "grossProfitMargin" : 13.85,
    "grossProfit" : 35.34,
    "operatingProfitMargin" : 7.88,
    "operatingProfit" : 20.11,
    "netProfitMargin" : 4.40,
    "netProfit" : 11.23
  }, {
    "date" : "2019-03-31",
    "sales" : 244.39,
    "salesGrowthYoY" : -6.11,
    "grossProfitMargin" : 8.53,
    "grossProfit" : 20.85,
    "operatingProfitMargin" : 2.96,
    "operatingProfit" : 7.23,
    "netProfitMargin" : 0.81,
    "netProfit" : 1.98
  }, {
    "date" : "2019-06-30",
    "sales" : 248.87,
    "salesGrowthYoY" : 0.55,
    "grossProfitMargin" : 5.86,
    "grossProfit" : 14.58,
    "operatingProfitMargin" : 1.44,
    "operatingProfit" : 3.58,
    "netProfitMargin" : 0.09,
    "netProfit" : 0.22
  }, {
    "date" : "2019-09-30",
    "sales" : 332.32,
    "salesGrowthYoY" : 10.11,
    "grossProfitMargin" : 5.87,
    "grossProfit" : 19.51,
    "operatingProfitMargin" : 1.98,
    "operatingProfit" : 6.58,
    "netProfitMargin" : 1.14,
    "netProfit" : 3.79
  }, {
    "date" : "2019-12-31",
    "sales" : 372.22,
    "salesGrowthYoY" : 45.87,
    "grossProfitMargin" : 7.90,
    "grossProfit" : 29.41,
    "operatingProfitMargin" : 3.52,
    "operatingProfit" : 13.10,
    "netProfitMargin" : 2.15,
    "netProfit" : 8.00
  }, {
    "date" : "2020-03-31",
    "sales" : 266.46,
    "salesGrowthYoY" : 9.03,
    "grossProfitMargin" : 10.32,
    "grossProfit" : 27.50,
    "operatingProfitMargin" : 4.58,
    "operatingProfit" : 12.20,
    "netProfitMargin" : 1.63,
    "netProfit" : 4.34
  }, {
    "date" : "2020-06-30",
    "sales" : 149.47,
    "salesGrowthYoY" : -39.94,
    "grossProfitMargin" : 8.54,
    "grossProfit" : 12.76,
    "operatingProfitMargin" : 3.18,
    "operatingProfit" : 4.75,
    "netProfitMargin" : 1.38,
    "netProfit" : 2.06
  }, {
    "date" : "2020-09-30",
    "sales" : 263.78,
    "salesGrowthYoY" : -20.62,
    "grossProfitMargin" : 6.40,
    "grossProfit" : 16.88,
    "operatingProfitMargin" : 1.68,
    "operatingProfit" : 4.43,
    "netProfitMargin" : 0.41,
    "netProfit" : 1.08
  }, {
    "date" : "2020-12-31",
    "sales" : 292.56,
    "salesGrowthYoY" : -21.40,
    "grossProfitMargin" : 6.63,
    "grossProfit" : 19.40,
    "operatingProfitMargin" : 2.59,
    "operatingProfit" : 7.58,
    "netProfitMargin" : 1.09,
    "netProfit" : 3.19
  }, {
    "date" : "2021-03-31",
    "sales" : 298.45,
    "salesGrowthYoY" : 12.01,
    "grossProfitMargin" : 7.68,
    "grossProfit" : 22.92,
    "operatingProfitMargin" : 2.21,
    "operatingProfit" : 6.60,
    "netProfitMargin" : 1.50,
    "netProfit" : 4.48
  }, {
    "date" : "2021-06-30",
    "sales" : 243.97,
    "salesGrowthYoY" : 63.22,
    "grossProfitMargin" : 12.60,
    "grossProfit" : 30.74,
    "operatingProfitMargin" : 5.97,
    "operatingProfit" : 14.57,
    "netProfitMargin" : 3.51,
    "netProfit" : 8.56
  }, {
    "date" : "2021-09-30",
    "sales" : 400.11,
    "salesGrowthYoY" : 51.68,
    "grossProfitMargin" : 11.54,
    "grossProfit" : 46.17,
    "operatingProfitMargin" : 6.15,
    "operatingProfit" : 24.61,
    "netProfitMargin" : 3.76,
    "netProfit" : 15.04
  }, {
    "date" : "2021-12-31",
    "sales" : 413.66,
    "salesGrowthYoY" : 41.39,
    "grossProfitMargin" : 11.82,
    "grossProfit" : 48.89,
    "operatingProfitMargin" : 5.76,
    "operatingProfit" : 23.83,
    "netProfitMargin" : 3.42,
    "netProfit" : 14.15
  }, {
    "date" : "2022-03-31",
    "sales" : 397.06,
    "salesGrowthYoY" : 33.04,
    "grossProfitMargin" : 8.46,
    "grossProfit" : 33.59,
    "operatingProfitMargin" : 3.56,
    "operatingProfit" : 14.14,
    "netProfitMargin" : 2.65,
    "netProfit" : 10.52
  }, {
    "date" : "2022-06-30",
    "sales" : 364.01,
    "salesGrowthYoY" : 49.20,
    "grossProfitMargin" : 11.03,
    "grossProfit" : 40.15,
    "operatingProfitMargin" : 4.87,
    "operatingProfit" : 17.73,
    "netProfitMargin" : 3.19,
    "netProfit" : 11.61
  }, {
    "date" : "2022-09-30",
    "sales" : 300.42,
    "salesGrowthYoY" : -24.92,
    "grossProfitMargin" : 13.17,
    "grossProfit" : 39.57,
    "operatingProfitMargin" : 5.83,
    "operatingProfit" : 17.51,
    "netProfitMargin" : 3.91,
    "netProfit" : 11.75
  }, {
    "date" : "2022-12-31",
    "sales" : 372.64,
    "salesGrowthYoY" : -9.92,
    "grossProfitMargin" : 11.48,
    "grossProfit" : 42.78,
    "operatingProfitMargin" : 5.16,
    "operatingProfit" : 19.23,
    "netProfitMargin" : 3.12,
    "netProfit" : 11.63
  }, {
    "date" : "2023-03-31",
    "sales" : 434.61,
    "salesGrowthYoY" : 9.46,
    "grossProfitMargin" : 11.61,
    "grossProfit" : 50.46,
    "operatingProfitMargin" : 5.51,
    "operatingProfit" : 23.95,
    "netProfitMargin" : 3.27,
    "netProfit" : 14.21
  }, {
    "date" : "2023-06-30",
    "sales" : 320.57,
    "salesGrowthYoY" : -11.93,
    "grossProfitMargin" : 10.37,
    "grossProfit" : 33.24,
    "operatingProfitMargin" : 4.08,
    "operatingProfit" : 13.08,
    "netProfitMargin" : 1.88,
    "netProfit" : 6.03
  }, {
    "date" : "2023-09-30",
    "sales" : 392.81,
    "salesGrowthYoY" : 30.75,
    "grossProfitMargin" : 10.96,
    "grossProfit" : 43.05,
    "operatingProfitMargin" : 4.18,
    "operatingProfit" : 16.42,
    "netProfitMargin" : 2.08,
    "netProfit" : 8.17
  }, {
    "date" : "2023-12-31",
    "sales" : 454.49,
    "salesGrowthYoY" : 21.96,
    "grossProfitMargin" : 11.53,
    "grossProfit" : 52.40,
    "operatingProfitMargin" : 5.58,
    "operatingProfit" : 25.36,
    "netProfitMargin" : 2.75,
    "netProfit" : 12.50
  }, {
    "date" : "2024-03-31",
    "sales" : 356.80,
    "salesGrowthYoY" : -17.90,
    "grossProfitMargin" : 11.80,
    "grossProfit" : 42.10,
    "operatingProfitMargin" : 5.22,
    "operatingProfit" : 18.62,
    "netProfitMargin" : 3.45,
    "netProfit" : 12.31
  }, {
    "date" : "2024-06-30",
    "sales" : 436.78,
    "salesGrowthYoY" : 36.25,
    "grossProfitMargin" : 10.52,
    "grossProfit" : 45.95,
    "operatingProfitMargin" : 5.18,
    "operatingProfit" : 22.63,
    "netProfitMargin" : 3.33,
    "netProfit" : 14.54
  }, {
    "date" : "2024-09-30",
    "sales" : 572.43,
    "salesGrowthYoY" : 45.73,
    "grossProfitMargin" : 9.53,
    "grossProfit" : 54.55,
    "operatingProfitMargin" : 5.06,
    "operatingProfit" : 28.96,
    "netProfitMargin" : 3.04,
    "netProfit" : 17.40
  }, {
    "date" : "2024-12-31",
    "sales" : 502.42,
    "salesGrowthYoY" : 10.55,
    "grossProfitMargin" : 10.28,
    "grossProfit" : 51.65,
    "operatingProfitMargin" : 5.02,
    "operatingProfit" : 25.22,
    "netProfitMargin" : 3.01,
    "netProfit" : 15.12
  }, {
    "date" : "2025-03-31",
    "sales" : 516.63,
    "salesGrowthYoY" : 44.80,
    "grossProfitMargin" : 11.02,
    "grossProfit" : 56.93,
    "operatingProfitMargin" : 5.24,
    "operatingProfit" : 27.07,
    "netProfitMargin" : 3.49,
    "netProfit" : 18.03
  }, {
    "date" : "2025-06-30",
    "sales" : 596.17,
    "salesGrowthYoY" : 36.49,
    "grossProfitMargin" : 11.72,
    "grossProfit" : 69.87,
    "operatingProfitMargin" : 6.93,
    "operatingProfit" : 41.31,
    "netProfitMargin" : 4.62,
    "netProfit" : 27.54
  }, {
    "date" : "2025-09-30",
    "sales" : 634.51,
    "salesGrowthYoY" : 10.84,
    "grossProfitMargin" : 14.41,
    "grossProfit" : 91.43,
    "operatingProfitMargin" : 8.43,
    "operatingProfit" : 53.49,
    "netProfitMargin" : 5.61,
    "netProfit" : 35.60
  } ],
  "latestQuarterlyResult" : {
    "date" : "2025-09-30",
    "sales" : 634.51,
    "salesGrowthYoY" : 10.84,
    "grossProfitMargin" : 14.41,
    "grossProfit" : 91.43,
    "operatingProfitMargin" : 8.43,
    "operatingProfit" : 53.49,
    "netProfitMargin" : 5.61,
    "netProfit" : 35.60
  },
  "companyScore" : {
    "priceHigherThanDma50" : 5.00,
    "priceHigherThanDma100" : 5.00,
    "priceHigherThanDma200" : 5.00,
    "dma50HigherThanDma100" : 5.00,
    "dma50HigherThanDma200" : 5.00,
    "dma100HigherThanDma200" : 5.00,
    "pricePercentageAboveDma50" : 4.53,
    "pricePercentageAboveDma100" : 4.29,
    "pricePercentageAboveDma200" : 3.45,
    "weeklyVolumeHigherThanYearlyVolume" : 0.00,
    "salesGrowthPercentile" : 8.35,
    "operatingProfitMarginPercentile" : 19.04,
    "netProfitMarginPercentile" : 9.94,
    "totalTechnicalScore" : 42.27,
    "totalFundamentalScore" : 37.33,
    "totalScore" : 79.60
  }
}