{
  "metadata" : {
    "screenerCompanyId" : "2545",
    "companyCode" : "PRECWIRE",
    "companyName" : "Prec. Wires (I)",
    "screenerCompanyLink" : "https://www.screener.in/company/PRECWIRE/",
    "screenerTechnicalHistoryLink" : "https://www.screener.in/api/company/2545/chart/?q=Price-DMA50-DMA200-Volume&days=365",
    "screenerQuarterlyResultsLink" : "https://www.screener.in/api/company/2545/chart/?q=GPM-OPM-NPM-Quarter+Sales&days=10000",
    "attributes" : {
      "companyCode" : "PRECWIRE",
      "companyName" : "Prec. Wires (I)",
      "marketCap" : 4182.00,
      "peRatio" : 37.60,
      "description" : "Precision Wires India Ltd is engaged in manufacturing Enamelled Round and Rectangular Copper Winding Wires, Continuously Transposed Conductor, and Paper / Mica / Nomex Insulated Copper Conductor. The Company primarily supplies to the OEM sector and to various industries like power, auto, consumer durables, transformers, construction etc. It is the largest producer of Winding Wires in South Asia. [1][2][3]"
    },
    "companyScore" : {
      "priceHigherThanDma50" : 5.00,
      "priceHigherThanDma100" : 5.00,
      "priceHigherThanDma200" : 5.00,
      "dma50HigherThanDma100" : 5.00,
      "dma50HigherThanDma200" : 5.00,
      "dma100HigherThanDma200" : 5.00,
      "pricePercentageAboveDma50" : 4.94,
      "pricePercentageAboveDma100" : 4.38,
      "pricePercentageAboveDma200" : 4.08,
      "weeklyVolumeHigherThanYearlyVolume" : 0.00,
      "salesGrowthPercentile" : 12.66,
      "operatingProfitMarginPercentile" : 14.93,
      "netProfitMarginPercentile" : 7.73,
      "totalTechnicalScore" : 43.40,
      "totalFundamentalScore" : 35.33,
      "totalScore" : 78.73
    }
  },
  "attributes" : {
    "companyCode" : "PRECWIRE",
    "companyName" : "Prec. Wires (I)",
    "marketCap" : 4182.00,
    "peRatio" : 37.60,
    "description" : "Precision Wires India Ltd is engaged in manufacturing Enamelled Round and Rectangular Copper Winding Wires, Continuously Transposed Conductor, and Paper / Mica / Nomex Insulated Copper Conductor. The Company primarily supplies to the OEM sector and to various industries like power, auto, consumer durables, transformers, construction etc. It is the largest producer of Winding Wires in South Asia. [1][2][3]"
  },
  "technicalHistory" : [ {
    "date" : "2024-12-23",
    "price" : 170.88,
    "dma50" : 185.17,
    "dma100" : null,
    "dma200" : 165.87,
    "volume" : 317510.00
  }, {
    "date" : "2024-12-24",
    "price" : 171.23,
    "dma50" : 184.62,
    "dma100" : null,
    "dma200" : 165.92,
    "volume" : 236055.00
  }, {
    "date" : "2024-12-26",
    "price" : 167.59,
    "dma50" : 183.95,
    "dma100" : null,
    "dma200" : 165.94,
    "volume" : 433500.00
  }, {
    "date" : "2024-12-27",
    "price" : 170.28,
    "dma50" : 183.42,
    "dma100" : null,
    "dma200" : 165.98,
    "volume" : 410458.00
  }, {
    "date" : "2024-12-30",
    "price" : 166.89,
    "dma50" : 182.77,
    "dma100" : null,
    "dma200" : 165.99,
    "volume" : 394885.00
  }, {
    "date" : "2024-12-31",
    "price" : 169.73,
    "dma50" : 182.26,
    "dma100" : null,
    "dma200" : 166.03,
    "volume" : 170159.00
  }, {
    "date" : "2025-01-01",
    "price" : 170.14,
    "dma50" : 181.78,
    "dma100" : null,
    "dma200" : 166.07,
    "volume" : 310243.00
  }, {
    "date" : "2025-01-02",
    "price" : 176.03,
    "dma50" : 181.56,
    "dma100" : null,
    "dma200" : 166.17,
    "volume" : 373971.00
  }, {
    "date" : "2025-01-03",
    "price" : 171.72,
    "dma50" : 181.17,
    "dma100" : null,
    "dma200" : 166.22,
    "volume" : 236816.00
  }, {
    "date" : "2025-01-06",
    "price" : 162.18,
    "dma50" : 180.43,
    "dma100" : null,
    "dma200" : 166.18,
    "volume" : 405012.00
  }, {
    "date" : "2025-01-07",
    "price" : 185.15,
    "dma50" : 180.61,
    "dma100" : null,
    "dma200" : 166.37,
    "volume" : 2320128.00
  }, {
    "date" : "2025-01-08",
    "price" : 169.10,
    "dma50" : 180.16,
    "dma100" : null,
    "dma200" : 166.40,
    "volume" : 1418684.00
  }, {
    "date" : "2025-01-09",
    "price" : 163.84,
    "dma50" : 179.52,
    "dma100" : null,
    "dma200" : 166.37,
    "volume" : 744953.00
  }, {
    "date" : "2025-01-10",
    "price" : 157.82,
    "dma50" : 178.67,
    "dma100" : null,
    "dma200" : 166.29,
    "volume" : 514921.00
  }, {
    "date" : "2025-01-13",
    "price" : 149.69,
    "dma50" : 177.53,
    "dma100" : null,
    "dma200" : 166.12,
    "volume" : 746031.00
  }, {
    "date" : "2025-01-14",
    "price" : 153.46,
    "dma50" : 176.59,
    "dma100" : null,
    "dma200" : 166.00,
    "volume" : 407330.00
  }, {
    "date" : "2025-01-15",
    "price" : 157.54,
    "dma50" : 175.84,
    "dma100" : null,
    "dma200" : 165.91,
    "volume" : 277299.00
  }, {
    "date" : "2025-01-16",
    "price" : 163.14,
    "dma50" : 175.34,
    "dma100" : null,
    "dma200" : 165.88,
    "volume" : 264438.00
  }, {
    "date" : "2025-01-17",
    "price" : 166.46,
    "dma50" : 174.99,
    "dma100" : null,
    "dma200" : 165.89,
    "volume" : 328750.00
  }, {
    "date" : "2025-01-20",
    "price" : 163.46,
    "dma50" : 174.54,
    "dma100" : null,
    "dma200" : 165.87,
    "volume" : 179918.00
  }, {
    "date" : "2025-01-21",
    "price" : 166.09,
    "dma50" : 174.21,
    "dma100" : null,
    "dma200" : 165.87,
    "volume" : 402514.00
  }, {
    "date" : "2025-01-22",
    "price" : 159.74,
    "dma50" : 173.64,
    "dma100" : null,
    "dma200" : 165.81,
    "volume" : 204271.00
  }, {
    "date" : "2025-01-23",
    "price" : 158.69,
    "dma50" : 173.06,
    "dma100" : null,
    "dma200" : 165.74,
    "volume" : 150451.00
  }, {
    "date" : "2025-01-24",
    "price" : 155.86,
    "dma50" : 172.38,
    "dma100" : null,
    "dma200" : 165.64,
    "volume" : 119203.00
  }, {
    "date" : "2025-01-27",
    "price" : 149.90,
    "dma50" : 171.50,
    "dma100" : null,
    "dma200" : 165.48,
    "volume" : 296633.00
  }, {
    "date" : "2025-01-28",
    "price" : 156.93,
    "dma50" : 170.93,
    "dma100" : null,
    "dma200" : 165.40,
    "volume" : 520368.00
  }, {
    "date" : "2025-01-29",
    "price" : 161.83,
    "dma50" : 170.57,
    "dma100" : null,
    "dma200" : 165.36,
    "volume" : 203368.00
  }, {
    "date" : "2025-01-30",
    "price" : 158.09,
    "dma50" : 170.08,
    "dma100" : null,
    "dma200" : 165.29,
    "volume" : 131779.00
  }, {
    "date" : "2025-01-31",
    "price" : 159.20,
    "dma50" : 169.66,
    "dma100" : null,
    "dma200" : 165.23,
    "volume" : 197863.00
  }, {
    "date" : "2025-02-01",
    "price" : 161.43,
    "dma50" : 169.33,
    "dma100" : null,
    "dma200" : 165.19,
    "volume" : 116264.00
  }, {
    "date" : "2025-02-03",
    "price" : 156.58,
    "dma50" : 168.83,
    "dma100" : null,
    "dma200" : 165.10,
    "volume" : 83214.00
  }, {
    "date" : "2025-02-04",
    "price" : 160.16,
    "dma50" : 168.49,
    "dma100" : null,
    "dma200" : 165.06,
    "volume" : 97262.00
  }, {
    "date" : "2025-02-05",
    "price" : 158.33,
    "dma50" : 168.09,
    "dma100" : null,
    "dma200" : 164.99,
    "volume" : 152613.00
  }, {
    "date" : "2025-02-06",
    "price" : 156.87,
    "dma50" : 167.65,
    "dma100" : null,
    "dma200" : 164.91,
    "volume" : 116156.00
  }, {
    "date" : "2025-02-07",
    "price" : 156.50,
    "dma50" : 167.22,
    "dma100" : null,
    "dma200" : 164.82,
    "volume" : 86047.00
  }, {
    "date" : "2025-02-10",
    "price" : 151.68,
    "dma50" : 166.61,
    "dma100" : null,
    "dma200" : 164.69,
    "volume" : 93751.00
  }, {
    "date" : "2025-02-11",
    "price" : 145.82,
    "dma50" : 165.79,
    "dma100" : null,
    "dma200" : 164.51,
    "volume" : 156657.00
  }, {
    "date" : "2025-02-12",
    "price" : 144.77,
    "dma50" : 164.97,
    "dma100" : null,
    "dma200" : 164.31,
    "volume" : 232424.00
  }, {
    "date" : "2025-02-13",
    "price" : 145.72,
    "dma50" : 164.21,
    "dma100" : null,
    "dma200" : 164.12,
    "volume" : 130243.00
  }, {
    "date" : "2025-02-14",
    "price" : 143.11,
    "dma50" : 163.39,
    "dma100" : null,
    "dma200" : 163.92,
    "volume" : 206712.00
  }, {
    "date" : "2025-02-17",
    "price" : 137.38,
    "dma50" : 162.37,
    "dma100" : null,
    "dma200" : 163.65,
    "volume" : 268267.00
  }, {
    "date" : "2025-02-18",
    "price" : 138.30,
    "dma50" : 161.42,
    "dma100" : null,
    "dma200" : 163.40,
    "volume" : 304375.00
  }, {
    "date" : "2025-02-19",
    "price" : 146.57,
    "dma50" : 160.84,
    "dma100" : null,
    "dma200" : 163.23,
    "volume" : 230947.00
  }, {
    "date" : "2025-02-20",
    "price" : 142.71,
    "dma50" : 160.13,
    "dma100" : null,
    "dma200" : 163.03,
    "volume" : 191675.00
  }, {
    "date" : "2025-02-21",
    "price" : 144.38,
    "dma50" : 159.51,
    "dma100" : null,
    "dma200" : 162.84,
    "volume" : 129809.00
  }, {
    "date" : "2025-02-24",
    "price" : 140.00,
    "dma50" : 158.75,
    "dma100" : null,
    "dma200" : 162.61,
    "volume" : 198691.00
  }, {
    "date" : "2025-02-25",
    "price" : 137.89,
    "dma50" : 157.93,
    "dma100" : null,
    "dma200" : 162.37,
    "volume" : 374552.00
  }, {
    "date" : "2025-02-27",
    "price" : 134.93,
    "dma50" : 157.03,
    "dma100" : null,
    "dma200" : 162.10,
    "volume" : 189683.00
  }, {
    "date" : "2025-02-28",
    "price" : 136.41,
    "dma50" : 156.22,
    "dma100" : null,
    "dma200" : 161.84,
    "volume" : 232379.00
  }, {
    "date" : "2025-03-03",
    "price" : 132.36,
    "dma50" : 155.28,
    "dma100" : null,
    "dma200" : 161.55,
    "volume" : 339768.00
  }, {
    "date" : "2025-03-04",
    "price" : 133.22,
    "dma50" : 154.42,
    "dma100" : null,
    "dma200" : 161.26,
    "volume" : 176006.00
  }, {
    "date" : "2025-03-05",
    "price" : 144.66,
    "dma50" : 154.03,
    "dma100" : null,
    "dma200" : 161.10,
    "volume" : 315308.00
  }, {
    "date" : "2025-03-06",
    "price" : 146.77,
    "dma50" : 153.75,
    "dma100" : null,
    "dma200" : 160.96,
    "volume" : 121243.00
  }, {
    "date" : "2025-03-07",
    "price" : 148.26,
    "dma50" : 153.53,
    "dma100" : null,
    "dma200" : 160.83,
    "volume" : 127864.00
  }, {
    "date" : "2025-03-10",
    "price" : 139.73,
    "dma50" : 152.99,
    "dma100" : null,
    "dma200" : 160.62,
    "volume" : 230050.00
  }, {
    "date" : "2025-03-11",
    "price" : 138.05,
    "dma50" : 152.41,
    "dma100" : null,
    "dma200" : 160.40,
    "volume" : 122762.00
  }, {
    "date" : "2025-03-12",
    "price" : 133.63,
    "dma50" : 151.67,
    "dma100" : null,
    "dma200" : 160.13,
    "volume" : 211227.00
  }, {
    "date" : "2025-03-13",
    "price" : 130.97,
    "dma50" : 150.86,
    "dma100" : null,
    "dma200" : 159.84,
    "volume" : 285729.00
  }, {
    "date" : "2025-03-17",
    "price" : 134.27,
    "dma50" : 150.21,
    "dma100" : null,
    "dma200" : 159.59,
    "volume" : 476230.00
  }, {
    "date" : "2025-03-18",
    "price" : 134.25,
    "dma50" : 149.58,
    "dma100" : null,
    "dma200" : 159.33,
    "volume" : 342249.00
  }, {
    "date" : "2025-03-19",
    "price" : 138.09,
    "dma50" : 149.13,
    "dma100" : null,
    "dma200" : 159.12,
    "volume" : 357195.00
  }, {
    "date" : "2025-03-20",
    "price" : 137.16,
    "dma50" : 148.66,
    "dma100" : null,
    "dma200" : 158.90,
    "volume" : 290290.00
  }, {
    "date" : "2025-03-21",
    "price" : 140.41,
    "dma50" : 148.34,
    "dma100" : null,
    "dma200" : 158.72,
    "volume" : 456167.00
  }, {
    "date" : "2025-03-24",
    "price" : 142.20,
    "dma50" : 148.10,
    "dma100" : null,
    "dma200" : 158.55,
    "volume" : 488978.00
  }, {
    "date" : "2025-03-25",
    "price" : 137.07,
    "dma50" : 147.67,
    "dma100" : null,
    "dma200" : 158.34,
    "volume" : 319404.00
  }, {
    "date" : "2025-03-26",
    "price" : 132.87,
    "dma50" : 147.09,
    "dma100" : null,
    "dma200" : 158.09,
    "volume" : 289973.00
  }, {
    "date" : "2025-03-27",
    "price" : 135.23,
    "dma50" : 146.62,
    "dma100" : null,
    "dma200" : 157.86,
    "volume" : 333042.00
  }, {
    "date" : "2025-03-28",
    "price" : 132.14,
    "dma50" : 146.05,
    "dma100" : null,
    "dma200" : 157.60,
    "volume" : 231356.00
  }, {
    "date" : "2025-04-01",
    "price" : 133.69,
    "dma50" : 145.57,
    "dma100" : null,
    "dma200" : 157.37,
    "volume" : 103909.00
  }, {
    "date" : "2025-04-02",
    "price" : 136.37,
    "dma50" : 145.21,
    "dma100" : null,
    "dma200" : 157.16,
    "volume" : 136975.00
  }, {
    "date" : "2025-04-03",
    "price" : 136.86,
    "dma50" : 144.88,
    "dma100" : null,
    "dma200" : 156.96,
    "volume" : 88513.00
  }, {
    "date" : "2025-04-04",
    "price" : 134.61,
    "dma50" : 144.48,
    "dma100" : null,
    "dma200" : 156.73,
    "volume" : 234898.00
  }, {
    "date" : "2025-04-07",
    "price" : 129.57,
    "dma50" : 143.89,
    "dma100" : null,
    "dma200" : 156.46,
    "volume" : 314696.00
  }, {
    "date" : "2025-04-08",
    "price" : 127.05,
    "dma50" : 143.23,
    "dma100" : null,
    "dma200" : 156.17,
    "volume" : 893411.00
  }, {
    "date" : "2025-04-09",
    "price" : 128.60,
    "dma50" : 142.66,
    "dma100" : null,
    "dma200" : 155.90,
    "volume" : 140669.00
  }, {
    "date" : "2025-04-11",
    "price" : 130.67,
    "dma50" : 142.19,
    "dma100" : null,
    "dma200" : 155.64,
    "volume" : 118371.00
  }, {
    "date" : "2025-04-15",
    "price" : 135.12,
    "dma50" : 141.91,
    "dma100" : null,
    "dma200" : 155.44,
    "volume" : 113839.00
  }, {
    "date" : "2025-04-16",
    "price" : 137.92,
    "dma50" : 141.75,
    "dma100" : null,
    "dma200" : 155.27,
    "volume" : 255401.00
  }, {
    "date" : "2025-04-17",
    "price" : 142.09,
    "dma50" : 141.77,
    "dma100" : null,
    "dma200" : 155.13,
    "volume" : 241499.00
  }, {
    "date" : "2025-04-21",
    "price" : 143.41,
    "dma50" : 141.83,
    "dma100" : null,
    "dma200" : 155.02,
    "volume" : 118726.00
  }, {
    "date" : "2025-04-22",
    "price" : 144.65,
    "dma50" : 141.94,
    "dma100" : null,
    "dma200" : 154.92,
    "volume" : 188940.00
  }, {
    "date" : "2025-04-23",
    "price" : 143.86,
    "dma50" : 142.02,
    "dma100" : null,
    "dma200" : 154.81,
    "volume" : 178891.00
  }, {
    "date" : "2025-04-24",
    "price" : 142.93,
    "dma50" : 142.05,
    "dma100" : null,
    "dma200" : 154.69,
    "volume" : 184175.00
  }, {
    "date" : "2025-04-25",
    "price" : 136.41,
    "dma50" : 141.83,
    "dma100" : null,
    "dma200" : 154.51,
    "volume" : 247016.00
  }, {
    "date" : "2025-04-28",
    "price" : 137.12,
    "dma50" : 141.65,
    "dma100" : null,
    "dma200" : 154.33,
    "volume" : 167714.00
  }, {
    "date" : "2025-04-29",
    "price" : 135.70,
    "dma50" : 141.41,
    "dma100" : null,
    "dma200" : 154.15,
    "volume" : 142759.00
  }, {
    "date" : "2025-04-30",
    "price" : 135.13,
    "dma50" : 141.17,
    "dma100" : null,
    "dma200" : 153.96,
    "volume" : 149421.00
  }, {
    "date" : "2025-05-02",
    "price" : 135.96,
    "dma50" : 140.96,
    "dma100" : null,
    "dma200" : 153.78,
    "volume" : 414336.00
  }, {
    "date" : "2025-05-05",
    "price" : 136.93,
    "dma50" : 140.81,
    "dma100" : null,
    "dma200" : 153.61,
    "volume" : 157249.00
  }, {
    "date" : "2025-05-06",
    "price" : 137.63,
    "dma50" : 140.68,
    "dma100" : null,
    "dma200" : 153.45,
    "volume" : 197194.00
  }, {
    "date" : "2025-05-07",
    "price" : 138.41,
    "dma50" : 140.59,
    "dma100" : null,
    "dma200" : 153.30,
    "volume" : 260873.00
  }, {
    "date" : "2025-05-08",
    "price" : 137.40,
    "dma50" : 140.47,
    "dma100" : null,
    "dma200" : 153.14,
    "volume" : 88140.00
  }, {
    "date" : "2025-05-09",
    "price" : 131.90,
    "dma50" : 140.13,
    "dma100" : null,
    "dma200" : 152.93,
    "volume" : 289119.00
  }, {
    "date" : "2025-05-12",
    "price" : 141.76,
    "dma50" : 140.19,
    "dma100" : null,
    "dma200" : 152.82,
    "volume" : 194596.00
  }, {
    "date" : "2025-05-13",
    "price" : 145.08,
    "dma50" : 140.39,
    "dma100" : null,
    "dma200" : 152.74,
    "volume" : 181147.00
  }, {
    "date" : "2025-05-14",
    "price" : 154.38,
    "dma50" : 140.93,
    "dma100" : null,
    "dma200" : 152.76,
    "volume" : 759012.00
  }, {
    "date" : "2025-05-15",
    "price" : 161.56,
    "dma50" : 141.74,
    "dma100" : null,
    "dma200" : 152.85,
    "volume" : 560509.00
  }, {
    "date" : "2025-05-16",
    "price" : 165.83,
    "dma50" : 142.69,
    "dma100" : null,
    "dma200" : 152.98,
    "volume" : 535713.00
  }, {
    "date" : "2025-05-19",
    "price" : 182.69,
    "dma50" : 144.26,
    "dma100" : null,
    "dma200" : 153.27,
    "volume" : 4346160.00
  }, {
    "date" : "2025-05-20",
    "price" : 178.67,
    "dma50" : 145.61,
    "dma100" : null,
    "dma200" : 153.53,
    "volume" : 501347.00
  }, {
    "date" : "2025-05-21",
    "price" : 172.74,
    "dma50" : 146.67,
    "dma100" : 148.45,
    "dma200" : 153.72,
    "volume" : 376034.00
  }, {
    "date" : "2025-05-22",
    "price" : 180.35,
    "dma50" : 147.99,
    "dma100" : 148.54,
    "dma200" : 153.98,
    "volume" : 569953.00
  }, {
    "date" : "2025-05-23",
    "price" : 179.77,
    "dma50" : 149.24,
    "dma100" : 148.67,
    "dma200" : 154.24,
    "volume" : 224905.00
  }, {
    "date" : "2025-05-26",
    "price" : 181.24,
    "dma50" : 150.49,
    "dma100" : 148.78,
    "dma200" : 154.51,
    "volume" : 292277.00
  }, {
    "date" : "2025-05-27",
    "price" : 184.55,
    "dma50" : 151.83,
    "dma100" : 148.95,
    "dma200" : 154.81,
    "volume" : 528841.00
  }, {
    "date" : "2025-05-28",
    "price" : 183.50,
    "dma50" : 153.07,
    "dma100" : 149.09,
    "dma200" : 155.09,
    "volume" : 181117.00
  }, {
    "date" : "2025-05-29",
    "price" : 181.52,
    "dma50" : 154.19,
    "dma100" : 149.20,
    "dma200" : 155.35,
    "volume" : 155950.00
  }, {
    "date" : "2025-05-30",
    "price" : 181.73,
    "dma50" : 155.27,
    "dma100" : 149.26,
    "dma200" : 155.62,
    "volume" : 119500.00
  }, {
    "date" : "2025-06-02",
    "price" : 185.82,
    "dma50" : 156.46,
    "dma100" : 149.40,
    "dma200" : 155.92,
    "volume" : 982347.00
  }, {
    "date" : "2025-06-03",
    "price" : 184.76,
    "dma50" : 157.57,
    "dma100" : 149.63,
    "dma200" : 156.20,
    "volume" : 316320.00
  }, {
    "date" : "2025-06-04",
    "price" : 185.26,
    "dma50" : 158.66,
    "dma100" : 149.63,
    "dma200" : 156.49,
    "volume" : 394478.00
  }, {
    "date" : "2025-06-05",
    "price" : 183.66,
    "dma50" : 159.64,
    "dma100" : 149.77,
    "dma200" : 156.76,
    "volume" : 234407.00
  }, {
    "date" : "2025-06-06",
    "price" : 186.87,
    "dma50" : 160.71,
    "dma100" : 150.01,
    "dma200" : 157.06,
    "volume" : 284865.00
  }, {
    "date" : "2025-06-09",
    "price" : 189.98,
    "dma50" : 161.86,
    "dma100" : 150.33,
    "dma200" : 157.39,
    "volume" : 796739.00
  }, {
    "date" : "2025-06-10",
    "price" : 184.55,
    "dma50" : 162.75,
    "dma100" : 150.68,
    "dma200" : 157.66,
    "volume" : 328729.00
  }, {
    "date" : "2025-06-11",
    "price" : 186.52,
    "dma50" : 163.68,
    "dma100" : 151.01,
    "dma200" : 157.95,
    "volume" : 310280.00
  }, {
    "date" : "2025-06-12",
    "price" : 183.21,
    "dma50" : 164.44,
    "dma100" : 151.26,
    "dma200" : 158.20,
    "volume" : 367912.00
  }, {
    "date" : "2025-06-13",
    "price" : 182.90,
    "dma50" : 165.17,
    "dma100" : 151.46,
    "dma200" : 158.45,
    "volume" : 301481.00
  }, {
    "date" : "2025-06-16",
    "price" : 180.52,
    "dma50" : 165.77,
    "dma100" : 151.60,
    "dma200" : 158.67,
    "volume" : 150480.00
  }, {
    "date" : "2025-06-17",
    "price" : 178.44,
    "dma50" : 166.27,
    "dma100" : 151.75,
    "dma200" : 158.86,
    "volume" : 204283.00
  }, {
    "date" : "2025-06-18",
    "price" : 176.95,
    "dma50" : 166.69,
    "dma100" : 151.86,
    "dma200" : 159.04,
    "volume" : 170707.00
  }, {
    "date" : "2025-06-19",
    "price" : 174.20,
    "dma50" : 166.98,
    "dma100" : 152.00,
    "dma200" : 159.19,
    "volume" : 214896.00
  }, {
    "date" : "2025-06-20",
    "price" : 176.82,
    "dma50" : 167.37,
    "dma100" : 152.19,
    "dma200" : 159.37,
    "volume" : 81273.00
  }, {
    "date" : "2025-06-23",
    "price" : 184.80,
    "dma50" : 168.05,
    "dma100" : 152.47,
    "dma200" : 159.62,
    "volume" : 660270.00
  }, {
    "date" : "2025-06-24",
    "price" : 181.55,
    "dma50" : 168.58,
    "dma100" : 152.79,
    "dma200" : 159.84,
    "volume" : 243347.00
  }, {
    "date" : "2025-06-25",
    "price" : 186.91,
    "dma50" : 169.30,
    "dma100" : 153.09,
    "dma200" : 160.11,
    "volume" : 220680.00
  }, {
    "date" : "2025-06-26",
    "price" : 183.93,
    "dma50" : 169.87,
    "dma100" : 153.31,
    "dma200" : 160.35,
    "volume" : 99194.00
  }, {
    "date" : "2025-06-27",
    "price" : 183.33,
    "dma50" : 170.40,
    "dma100" : 153.56,
    "dma200" : 160.57,
    "volume" : 118389.00
  }, {
    "date" : "2025-06-30",
    "price" : 188.07,
    "dma50" : 171.09,
    "dma100" : 153.85,
    "dma200" : 160.85,
    "volume" : 224605.00
  }, {
    "date" : "2025-07-01",
    "price" : 187.99,
    "dma50" : 171.76,
    "dma100" : 154.12,
    "dma200" : 161.12,
    "volume" : 304481.00
  }, {
    "date" : "2025-07-02",
    "price" : 185.34,
    "dma50" : 172.29,
    "dma100" : 154.41,
    "dma200" : 161.36,
    "volume" : 175451.00
  }, {
    "date" : "2025-07-03",
    "price" : 188.70,
    "dma50" : 172.93,
    "dma100" : 154.69,
    "dma200" : 161.63,
    "volume" : 229755.00
  }, {
    "date" : "2025-07-04",
    "price" : 186.67,
    "dma50" : 173.47,
    "dma100" : 154.97,
    "dma200" : 161.88,
    "volume" : 148513.00
  }, {
    "date" : "2025-07-07",
    "price" : 185.31,
    "dma50" : 173.93,
    "dma100" : 155.26,
    "dma200" : 162.11,
    "volume" : 127677.00
  }, {
    "date" : "2025-07-08",
    "price" : 185.32,
    "dma50" : 174.38,
    "dma100" : 155.55,
    "dma200" : 162.34,
    "volume" : 216338.00
  }, {
    "date" : "2025-07-09",
    "price" : 188.09,
    "dma50" : 174.92,
    "dma100" : 155.91,
    "dma200" : 162.60,
    "volume" : 151058.00
  }, {
    "date" : "2025-07-10",
    "price" : 189.98,
    "dma50" : 175.51,
    "dma100" : 156.35,
    "dma200" : 162.87,
    "volume" : 190778.00
  }, {
    "date" : "2025-07-11",
    "price" : 189.26,
    "dma50" : 176.05,
    "dma100" : 156.80,
    "dma200" : 163.14,
    "volume" : 108685.00
  }, {
    "date" : "2025-07-14",
    "price" : 196.27,
    "dma50" : 176.84,
    "dma100" : 157.30,
    "dma200" : 163.47,
    "volume" : 1193320.00
  }, {
    "date" : "2025-07-15",
    "price" : 195.19,
    "dma50" : 177.56,
    "dma100" : 157.82,
    "dma200" : 163.78,
    "volume" : 462853.00
  }, {
    "date" : "2025-07-16",
    "price" : 191.30,
    "dma50" : 178.10,
    "dma100" : 158.36,
    "dma200" : 164.05,
    "volume" : 226739.00
  }, {
    "date" : "2025-07-17",
    "price" : 191.70,
    "dma50" : 178.63,
    "dma100" : 158.90,
    "dma200" : 164.33,
    "volume" : 186748.00
  }, {
    "date" : "2025-07-18",
    "price" : 190.93,
    "dma50" : 179.12,
    "dma100" : 159.34,
    "dma200" : 164.59,
    "volume" : 124805.00
  }, {
    "date" : "2025-07-21",
    "price" : 189.01,
    "dma50" : 179.50,
    "dma100" : 159.80,
    "dma200" : 164.84,
    "volume" : 217152.00
  }, {
    "date" : "2025-07-22",
    "price" : 189.74,
    "dma50" : 179.90,
    "dma100" : 160.26,
    "dma200" : 165.09,
    "volume" : 144644.00
  }, {
    "date" : "2025-07-23",
    "price" : 188.32,
    "dma50" : 180.23,
    "dma100" : 160.74,
    "dma200" : 165.32,
    "volume" : 100684.00
  }, {
    "date" : "2025-07-24",
    "price" : 187.93,
    "dma50" : 180.54,
    "dma100" : 161.24,
    "dma200" : 165.54,
    "volume" : 151963.00
  }, {
    "date" : "2025-07-25",
    "price" : 181.92,
    "dma50" : 180.59,
    "dma100" : 161.71,
    "dma200" : 165.70,
    "volume" : 252438.00
  }, {
    "date" : "2025-07-28",
    "price" : 176.89,
    "dma50" : 180.45,
    "dma100" : 162.12,
    "dma200" : 165.82,
    "volume" : 151264.00
  }, {
    "date" : "2025-07-29",
    "price" : 178.59,
    "dma50" : 180.37,
    "dma100" : 162.58,
    "dma200" : 165.94,
    "volume" : 100668.00
  }, {
    "date" : "2025-07-30",
    "price" : 180.80,
    "dma50" : 180.39,
    "dma100" : 163.05,
    "dma200" : 166.09,
    "volume" : 98818.00
  }, {
    "date" : "2025-07-31",
    "price" : 178.76,
    "dma50" : 180.33,
    "dma100" : 163.40,
    "dma200" : 166.22,
    "volume" : 75010.00
  }, {
    "date" : "2025-08-01",
    "price" : 175.19,
    "dma50" : 180.12,
    "dma100" : 163.68,
    "dma200" : 166.31,
    "volume" : 61892.00
  }, {
    "date" : "2025-08-04",
    "price" : 175.78,
    "dma50" : 179.95,
    "dma100" : 163.95,
    "dma200" : 166.40,
    "volume" : 70423.00
  }, {
    "date" : "2025-08-05",
    "price" : 176.09,
    "dma50" : 179.80,
    "dma100" : 164.32,
    "dma200" : 166.50,
    "volume" : 121464.00
  }, {
    "date" : "2025-08-06",
    "price" : 171.18,
    "dma50" : 179.46,
    "dma100" : 164.65,
    "dma200" : 166.54,
    "volume" : 203488.00
  }, {
    "date" : "2025-08-07",
    "price" : 173.84,
    "dma50" : 179.24,
    "dma100" : 165.05,
    "dma200" : 166.62,
    "volume" : 112046.00
  }, {
    "date" : "2025-08-08",
    "price" : 171.98,
    "dma50" : 178.96,
    "dma100" : 165.46,
    "dma200" : 166.67,
    "volume" : 103636.00
  }, {
    "date" : "2025-08-11",
    "price" : 173.33,
    "dma50" : 178.74,
    "dma100" : 165.85,
    "dma200" : 166.74,
    "volume" : 160896.00
  }, {
    "date" : "2025-08-12",
    "price" : 171.05,
    "dma50" : 178.44,
    "dma100" : 166.22,
    "dma200" : 166.78,
    "volume" : 99721.00
  }, {
    "date" : "2025-08-13",
    "price" : 171.01,
    "dma50" : 178.15,
    "dma100" : 166.55,
    "dma200" : 166.82,
    "volume" : 98166.00
  }, {
    "date" : "2025-08-14",
    "price" : 173.55,
    "dma50" : 177.97,
    "dma100" : 166.91,
    "dma200" : 166.89,
    "volume" : 102462.00
  }, {
    "date" : "2025-08-18",
    "price" : 171.70,
    "dma50" : 177.72,
    "dma100" : 167.23,
    "dma200" : 166.94,
    "volume" : 115466.00
  }, {
    "date" : "2025-08-19",
    "price" : 174.59,
    "dma50" : 177.60,
    "dma100" : 167.55,
    "dma200" : 167.01,
    "volume" : 91632.00
  }, {
    "date" : "2025-08-20",
    "price" : 176.31,
    "dma50" : 177.55,
    "dma100" : 167.94,
    "dma200" : 167.10,
    "volume" : 131888.00
  }, {
    "date" : "2025-08-21",
    "price" : 181.47,
    "dma50" : 177.70,
    "dma100" : 168.43,
    "dma200" : 167.25,
    "volume" : 652659.00
  }, {
    "date" : "2025-08-22",
    "price" : 177.74,
    "dma50" : 177.70,
    "dma100" : 168.85,
    "dma200" : 167.35,
    "volume" : 172475.00
  }, {
    "date" : "2025-08-25",
    "price" : 176.76,
    "dma50" : 177.66,
    "dma100" : 169.30,
    "dma200" : 167.45,
    "volume" : 116762.00
  }, {
    "date" : "2025-08-26",
    "price" : 173.25,
    "dma50" : 177.49,
    "dma100" : 169.70,
    "dma200" : 167.50,
    "volume" : 73175.00
  }, {
    "date" : "2025-08-28",
    "price" : 171.63,
    "dma50" : 177.26,
    "dma100" : 170.05,
    "dma200" : 167.54,
    "volume" : 73472.00
  }, {
    "date" : "2025-08-29",
    "price" : 170.61,
    "dma50" : 177.00,
    "dma100" : 170.39,
    "dma200" : 167.57,
    "volume" : 69444.00
  }, {
    "date" : "2025-09-01",
    "price" : 173.58,
    "dma50" : 176.87,
    "dma100" : 170.78,
    "dma200" : 167.63,
    "volume" : 52008.00
  }, {
    "date" : "2025-09-02",
    "price" : 173.62,
    "dma50" : 176.74,
    "dma100" : 171.22,
    "dma200" : 167.69,
    "volume" : 105498.00
  }, {
    "date" : "2025-09-03",
    "price" : 177.65,
    "dma50" : 176.78,
    "dma100" : 171.72,
    "dma200" : 167.79,
    "volume" : 185074.00
  }, {
    "date" : "2025-09-04",
    "price" : 175.98,
    "dma50" : 176.74,
    "dma100" : 172.20,
    "dma200" : 167.87,
    "volume" : 77262.00
  }, {
    "date" : "2025-09-05",
    "price" : 175.12,
    "dma50" : 176.68,
    "dma100" : 172.64,
    "dma200" : 167.95,
    "volume" : 59166.00
  }, {
    "date" : "2025-09-08",
    "price" : 179.69,
    "dma50" : 176.80,
    "dma100" : 173.09,
    "dma200" : 168.06,
    "volume" : 975603.00
  }, {
    "date" : "2025-09-09",
    "price" : 179.91,
    "dma50" : 176.92,
    "dma100" : 173.51,
    "dma200" : 168.18,
    "volume" : 135802.00
  }, {
    "date" : "2025-09-10",
    "price" : 179.41,
    "dma50" : 177.02,
    "dma100" : 173.88,
    "dma200" : 168.29,
    "volume" : 93840.00
  }, {
    "date" : "2025-09-11",
    "price" : 184.49,
    "dma50" : 177.31,
    "dma100" : 174.29,
    "dma200" : 168.45,
    "volume" : 243589.00
  }, {
    "date" : "2025-09-12",
    "price" : 182.29,
    "dma50" : 177.51,
    "dma100" : 174.67,
    "dma200" : 168.59,
    "volume" : 187627.00
  }, {
    "date" : "2025-09-15",
    "price" : 181.45,
    "dma50" : 177.66,
    "dma100" : 175.04,
    "dma200" : 168.72,
    "volume" : 94145.00
  }, {
    "date" : "2025-09-16",
    "price" : 185.30,
    "dma50" : 177.96,
    "dma100" : 175.47,
    "dma200" : 168.88,
    "volume" : 273244.00
  }, {
    "date" : "2025-09-17",
    "price" : 186.81,
    "dma50" : 178.31,
    "dma100" : 175.97,
    "dma200" : 169.06,
    "volume" : 179806.00
  }, {
    "date" : "2025-09-18",
    "price" : 182.36,
    "dma50" : 178.47,
    "dma100" : 176.42,
    "dma200" : 169.20,
    "volume" : 162784.00
  }, {
    "date" : "2025-09-19",
    "price" : 182.36,
    "dma50" : 178.62,
    "dma100" : 176.89,
    "dma200" : 169.33,
    "volume" : 139891.00
  }, {
    "date" : "2025-09-22",
    "price" : 180.81,
    "dma50" : 178.71,
    "dma100" : 177.35,
    "dma200" : 169.44,
    "volume" : 93933.00
  }, {
    "date" : "2025-09-23",
    "price" : 180.11,
    "dma50" : 178.76,
    "dma100" : 177.79,
    "dma200" : 169.55,
    "volume" : 142399.00
  }, {
    "date" : "2025-09-24",
    "price" : 189.31,
    "dma50" : 179.17,
    "dma100" : 178.31,
    "dma200" : 169.74,
    "volume" : 2438017.00
  }, {
    "date" : "2025-09-25",
    "price" : 186.95,
    "dma50" : 179.48,
    "dma100" : 178.80,
    "dma200" : 169.91,
    "volume" : 474102.00
  }, {
    "date" : "2025-09-26",
    "price" : 181.19,
    "dma50" : 179.55,
    "dma100" : 179.23,
    "dma200" : 170.03,
    "volume" : 230336.00
  }, {
    "date" : "2025-09-29",
    "price" : 183.95,
    "dma50" : 179.72,
    "dma100" : 179.70,
    "dma200" : 170.17,
    "volume" : 258591.00
  }, {
    "date" : "2025-09-30",
    "price" : 183.50,
    "dma50" : 179.87,
    "dma100" : 180.21,
    "dma200" : 170.30,
    "volume" : 132426.00
  }, {
    "date" : "2025-10-01",
    "price" : 191.41,
    "dma50" : 180.32,
    "dma100" : 180.71,
    "dma200" : 170.51,
    "volume" : 423934.00
  }, {
    "date" : "2025-10-03",
    "price" : 208.69,
    "dma50" : 181.43,
    "dma100" : 181.35,
    "dma200" : 170.89,
    "volume" : 3377721.00
  }, {
    "date" : "2025-10-06",
    "price" : 208.02,
    "dma50" : 182.47,
    "dma100" : 181.88,
    "dma200" : 171.26,
    "volume" : 1015029.00
  }, {
    "date" : "2025-10-07",
    "price" : 209.02,
    "dma50" : 183.52,
    "dma100" : 182.36,
    "dma200" : 171.63,
    "volume" : 550438.00
  }, {
    "date" : "2025-10-08",
    "price" : 209.03,
    "dma50" : 184.52,
    "dma100" : 182.79,
    "dma200" : 172.01,
    "volume" : 689928.00
  }, {
    "date" : "2025-10-09",
    "price" : 214.04,
    "dma50" : 185.67,
    "dma100" : 183.10,
    "dma200" : 172.42,
    "volume" : 754931.00
  }, {
    "date" : "2025-10-10",
    "price" : 216.53,
    "dma50" : 186.88,
    "dma100" : 183.48,
    "dma200" : 172.86,
    "volume" : 1278008.00
  }, {
    "date" : "2025-10-13",
    "price" : 207.40,
    "dma50" : 187.69,
    "dma100" : 183.83,
    "dma200" : 173.21,
    "volume" : 569072.00
  }, {
    "date" : "2025-10-14",
    "price" : 205.32,
    "dma50" : 188.38,
    "dma100" : 184.08,
    "dma200" : 173.53,
    "volume" : 450808.00
  }, {
    "date" : "2025-10-15",
    "price" : 202.79,
    "dma50" : 188.95,
    "dma100" : 184.31,
    "dma200" : 173.82,
    "volume" : 456221.00
  }, {
    "date" : "2025-10-16",
    "price" : 204.57,
    "dma50" : 189.56,
    "dma100" : 184.54,
    "dma200" : 174.12,
    "volume" : 263795.00
  }, {
    "date" : "2025-10-17",
    "price" : 200.13,
    "dma50" : 189.97,
    "dma100" : 184.70,
    "dma200" : 174.38,
    "volume" : 254148.00
  }, {
    "date" : "2025-10-20",
    "price" : 207.22,
    "dma50" : 190.65,
    "dma100" : 184.93,
    "dma200" : 174.71,
    "volume" : 594421.00
  }, {
    "date" : "2025-10-21",
    "price" : 207.07,
    "dma50" : 191.29,
    "dma100" : 185.19,
    "dma200" : 175.03,
    "volume" : 270659.00
  }, {
    "date" : "2025-10-23",
    "price" : 205.06,
    "dma50" : 191.83,
    "dma100" : 185.42,
    "dma200" : 175.33,
    "volume" : 191707.00
  }, {
    "date" : "2025-10-24",
    "price" : 201.35,
    "dma50" : 192.21,
    "dma100" : 185.58,
    "dma200" : 175.59,
    "volume" : 174124.00
  }, {
    "date" : "2025-10-27",
    "price" : 210.71,
    "dma50" : 192.93,
    "dma100" : 185.84,
    "dma200" : 175.94,
    "volume" : 386683.00
  }, {
    "date" : "2025-10-28",
    "price" : 221.95,
    "dma50" : 194.07,
    "dma100" : 186.20,
    "dma200" : 176.40,
    "volume" : 12310365.00
  }, {
    "date" : "2025-10-29",
    "price" : 226.23,
    "dma50" : 195.33,
    "dma100" : 186.63,
    "dma200" : 176.89,
    "volume" : 1243728.00
  }, {
    "date" : "2025-10-30",
    "price" : 227.53,
    "dma50" : 196.59,
    "dma100" : 187.04,
    "dma200" : 177.40,
    "volume" : 1102102.00
  }, {
    "date" : "2025-10-31",
    "price" : 225.91,
    "dma50" : 197.74,
    "dma100" : 187.40,
    "dma200" : 177.88,
    "volume" : 495232.00
  }, {
    "date" : "2025-11-03",
    "price" : 225.18,
    "dma50" : 198.82,
    "dma100" : 187.80,
    "dma200" : 178.35,
    "volume" : 413934.00
  }, {
    "date" : "2025-11-04",
    "price" : 229.14,
    "dma50" : 200.01,
    "dma100" : 188.23,
    "dma200" : 178.85,
    "volume" : 518859.00
  }, {
    "date" : "2025-11-06",
    "price" : 227.12,
    "dma50" : 201.07,
    "dma100" : 188.67,
    "dma200" : 179.33,
    "volume" : 948747.00
  }, {
    "date" : "2025-11-07",
    "price" : 225.40,
    "dma50" : 202.03,
    "dma100" : 189.09,
    "dma200" : 179.79,
    "volume" : 494516.00
  }, {
    "date" : "2025-11-10",
    "price" : 227.85,
    "dma50" : 203.04,
    "dma100" : 189.57,
    "dma200" : 180.27,
    "volume" : 362649.00
  }, {
    "date" : "2025-11-11",
    "price" : 230.56,
    "dma50" : 204.12,
    "dma100" : 190.09,
    "dma200" : 180.77,
    "volume" : 541383.00
  }, {
    "date" : "2025-11-12",
    "price" : 230.96,
    "dma50" : 205.17,
    "dma100" : 190.63,
    "dma200" : 181.27,
    "volume" : 4228404.00
  }, {
    "date" : "2025-11-13",
    "price" : 272.43,
    "dma50" : 207.81,
    "dma100" : 191.61,
    "dma200" : 182.18,
    "volume" : 20350001.00
  }, {
    "date" : "2025-11-14",
    "price" : 269.37,
    "dma50" : 210.22,
    "dma100" : 192.53,
    "dma200" : 183.05,
    "volume" : 3294433.00
  }, {
    "date" : "2025-11-17",
    "price" : 266.85,
    "dma50" : 212.44,
    "dma100" : 193.36,
    "dma200" : 183.88,
    "volume" : 1049982.00
  }, {
    "date" : "2025-11-18",
    "price" : 256.86,
    "dma50" : 214.18,
    "dma100" : 194.11,
    "dma200" : 184.61,
    "volume" : 640638.00
  }, {
    "date" : "2025-11-19",
    "price" : 255.66,
    "dma50" : 215.81,
    "dma100" : 194.80,
    "dma200" : 185.31,
    "volume" : 776411.00
  }, {
    "date" : "2025-11-20",
    "price" : 259.60,
    "dma50" : 217.53,
    "dma100" : 195.55,
    "dma200" : 186.05,
    "volume" : 805483.00
  }, {
    "date" : "2025-11-21",
    "price" : 255.12,
    "dma50" : 219.00,
    "dma100" : 196.27,
    "dma200" : 186.74,
    "volume" : 776749.00
  }, {
    "date" : "2025-11-24",
    "price" : 245.68,
    "dma50" : 220.05,
    "dma100" : 196.85,
    "dma200" : 187.33,
    "volume" : 656348.00
  }, {
    "date" : "2025-11-25",
    "price" : 248.27,
    "dma50" : 221.16,
    "dma100" : 197.45,
    "dma200" : 187.93,
    "volume" : 276282.00
  }, {
    "date" : "2025-11-26",
    "price" : 252.55,
    "dma50" : 222.39,
    "dma100" : 198.12,
    "dma200" : 188.57,
    "volume" : 272190.00
  }, {
    "date" : "2025-11-27",
    "price" : 256.80,
    "dma50" : 223.74,
    "dma100" : 198.80,
    "dma200" : 189.25,
    "volume" : 409996.00
  }, {
    "date" : "2025-11-28",
    "price" : 256.02,
    "dma50" : 225.00,
    "dma100" : 199.50,
    "dma200" : 189.92,
    "volume" : 281439.00
  }, {
    "date" : "2025-12-01",
    "price" : 246.00,
    "dma50" : 225.83,
    "dma100" : 200.10,
    "dma200" : 190.48,
    "volume" : 650934.00
  }, {
    "date" : "2025-12-02",
    "price" : 248.75,
    "dma50" : 226.72,
    "dma100" : 200.74,
    "dma200" : 191.06,
    "volume" : 725169.00
  }, {
    "date" : "2025-12-03",
    "price" : 242.60,
    "dma50" : 227.35,
    "dma100" : 201.28,
    "dma200" : 191.57,
    "volume" : 339190.00
  }, {
    "date" : "2025-12-04",
    "price" : 234.95,
    "dma50" : 227.65,
    "dma100" : 201.73,
    "dma200" : 192.00,
    "volume" : 458630.00
  }, {
    "date" : "2025-12-05",
    "price" : 238.35,
    "dma50" : 228.07,
    "dma100" : 202.22,
    "dma200" : 192.46,
    "volume" : 378748.00
  }, {
    "date" : "2025-12-08",
    "price" : 232.55,
    "dma50" : 228.24,
    "dma100" : 202.59,
    "dma200" : 192.86,
    "volume" : 375371.00
  }, {
    "date" : "2025-12-09",
    "price" : 238.50,
    "dma50" : 228.64,
    "dma100" : 203.02,
    "dma200" : 193.31,
    "volume" : 292512.00
  }, {
    "date" : "2025-12-10",
    "price" : 232.55,
    "dma50" : 228.80,
    "dma100" : 203.43,
    "dma200" : 193.70,
    "volume" : 179912.00
  }, {
    "date" : "2025-12-11",
    "price" : 237.95,
    "dma50" : 229.16,
    "dma100" : 203.89,
    "dma200" : 194.14,
    "volume" : 623654.00
  }, {
    "date" : "2025-12-12",
    "price" : 235.90,
    "dma50" : 229.42,
    "dma100" : 204.34,
    "dma200" : 194.56,
    "volume" : 176775.00
  }, {
    "date" : "2025-12-15",
    "price" : 237.85,
    "dma50" : 229.75,
    "dma100" : 204.83,
    "dma200" : 194.99,
    "volume" : 287128.00
  }, {
    "date" : "2025-12-16",
    "price" : 235.05,
    "dma50" : 229.96,
    "dma100" : 205.29,
    "dma200" : 195.39,
    "volume" : 169113.00
  }, {
    "date" : "2025-12-17",
    "price" : 225.25,
    "dma50" : 229.77,
    "dma100" : 205.65,
    "dma200" : 195.69,
    "volume" : 407262.00
  }, {
    "date" : "2025-12-18",
    "price" : 225.65,
    "dma50" : 229.61,
    "dma100" : 206.03,
    "dma200" : 195.99,
    "volume" : 226126.00
  }, {
    "date" : "2025-12-19",
    "price" : 232.30,
    "dma50" : 229.72,
    "dma100" : 206.54,
    "dma200" : 196.35,
    "volume" : 239732.00
  } ],
  "latestTechnicalAttributes" : {
    "date" : "2025-12-19",
    "price" : 232.30,
    "dma50" : 229.72,
    "dma100" : 206.54,
    "dma200" : 196.35,
    "volume" : 239732.00
  },
  "quarterlyResults" : [ {
    "date" : "2005-03-31",
    "sales" : 76.34,
    "salesGrowthYoY" : null,
    "grossProfitMargin" : 18.61,
    "grossProfit" : 14.21,
    "operatingProfitMargin" : 9.26,
    "operatingProfit" : 7.07,
    "netProfitMargin" : 5.87,
    "netProfit" : 4.48
  }, {
    "date" : "2005-06-30",
    "sales" : 75.11,
    "salesGrowthYoY" : null,
    "grossProfitMargin" : 19.92,
    "grossProfit" : 14.96,
    "operatingProfitMargin" : 10.56,
    "operatingProfit" : 7.93,
    "netProfitMargin" : 6.15,
    "netProfit" : 4.62
  }, {
    "date" : "2005-09-30",
    "sales" : 76.92,
    "salesGrowthYoY" : null,
    "grossProfitMargin" : 19.90,
    "grossProfit" : 15.31,
    "operatingProfitMargin" : 10.35,
    "operatingProfit" : 7.96,
    "netProfitMargin" : 6.12,
    "netProfit" : 4.71
  }, {
    "date" : "2005-12-31",
    "sales" : 88.71,
    "salesGrowthYoY" : null,
    "grossProfitMargin" : 18.41,
    "grossProfit" : 16.33,
    "operatingProfitMargin" : 8.94,
    "operatingProfit" : 7.93,
    "netProfitMargin" : 5.10,
    "netProfit" : 4.52
  }, {
    "date" : "2006-03-31",
    "sales" : 99.77,
    "salesGrowthYoY" : 30.69,
    "grossProfitMargin" : 16.42,
    "grossProfit" : 16.38,
    "operatingProfitMargin" : 8.43,
    "operatingProfit" : 8.41,
    "netProfitMargin" : 4.41,
    "netProfit" : 4.40
  }, {
    "date" : "2006-06-30",
    "sales" : 140.14,
    "salesGrowthYoY" : 86.58,
    "grossProfitMargin" : 16.18,
    "grossProfit" : 22.67,
    "operatingProfitMargin" : 9.99,
    "operatingProfit" : 14.00,
    "netProfitMargin" : 5.47,
    "netProfit" : 7.67
  }, {
    "date" : "2006-09-30",
    "sales" : 158.89,
    "salesGrowthYoY" : 106.57,
    "grossProfitMargin" : 12.30,
    "grossProfit" : 19.54,
    "operatingProfitMargin" : 6.75,
    "operatingProfit" : 10.73,
    "netProfitMargin" : 3.22,
    "netProfit" : 5.12
  }, {
    "date" : "2006-12-31",
    "sales" : 151.36,
    "salesGrowthYoY" : 70.62,
    "grossProfitMargin" : 9.78,
    "grossProfit" : 14.80,
    "operatingProfitMargin" : 4.06,
    "operatingProfit" : 6.15,
    "netProfitMargin" : 1.18,
    "netProfit" : 1.79
  }, {
    "date" : "2007-03-31",
    "sales" : 135.17,
    "salesGrowthYoY" : 35.48,
    "grossProfitMargin" : 12.44,
    "grossProfit" : 16.82,
    "operatingProfitMargin" : 5.09,
    "operatingProfit" : 6.88,
    "netProfitMargin" : 1.77,
    "netProfit" : 2.39
  }, {
    "date" : "2007-06-30",
    "sales" : 145.56,
    "salesGrowthYoY" : 3.87,
    "grossProfitMargin" : 14.34,
    "grossProfit" : 20.87,
    "operatingProfitMargin" : 7.68,
    "operatingProfit" : 11.18,
    "netProfitMargin" : 3.68,
    "netProfit" : 5.36
  }, {
    "date" : "2007-09-30",
    "sales" : 147.20,
    "salesGrowthYoY" : -7.36,
    "grossProfitMargin" : 13.44,
    "grossProfit" : 19.78,
    "operatingProfitMargin" : 8.41,
    "operatingProfit" : 12.38,
    "netProfitMargin" : 4.17,
    "netProfit" : 6.14
  }, {
    "date" : "2007-12-31",
    "sales" : 135.61,
    "salesGrowthYoY" : -10.41,
    "grossProfitMargin" : 10.06,
    "grossProfit" : 13.64,
    "operatingProfitMargin" : 4.90,
    "operatingProfit" : 6.64,
    "netProfitMargin" : 2.01,
    "netProfit" : 2.73
  }, {
    "date" : "2008-03-31",
    "sales" : 145.62,
    "salesGrowthYoY" : 7.73,
    "grossProfitMargin" : 14.09,
    "grossProfit" : 20.52,
    "operatingProfitMargin" : 5.97,
    "operatingProfit" : 8.69,
    "netProfitMargin" : 2.09,
    "netProfit" : 3.04
  }, {
    "date" : "2008-06-30",
    "sales" : 161.02,
    "salesGrowthYoY" : 10.62,
    "grossProfitMargin" : 13.79,
    "grossProfit" : 22.20,
    "operatingProfitMargin" : 8.33,
    "operatingProfit" : 13.41,
    "netProfitMargin" : 4.15,
    "netProfit" : 6.68
  }, {
    "date" : "2008-09-30",
    "sales" : 153.11,
    "salesGrowthYoY" : 4.01,
    "grossProfitMargin" : 10.91,
    "grossProfit" : 16.70,
    "operatingProfitMargin" : 5.62,
    "operatingProfit" : 8.60,
    "netProfitMargin" : 2.17,
    "netProfit" : 3.32
  }, {
    "date" : "2008-12-31",
    "sales" : 121.20,
    "salesGrowthYoY" : -10.63,
    "grossProfitMargin" : -2.37,
    "grossProfit" : -2.87,
    "operatingProfitMargin" : -8.67,
    "operatingProfit" : -10.51,
    "netProfitMargin" : -8.27,
    "netProfit" : -10.02
  }, {
    "date" : "2009-03-31",
    "sales" : 101.27,
    "salesGrowthYoY" : -30.46,
    "grossProfitMargin" : 13.25,
    "grossProfit" : 13.42,
    "operatingProfitMargin" : 4.46,
    "operatingProfit" : 4.52,
    "netProfitMargin" : 1.16,
    "netProfit" : 1.17
  }, {
    "date" : "2009-06-30",
    "sales" : 126.36,
    "salesGrowthYoY" : -21.53,
    "grossProfitMargin" : 16.12,
    "grossProfit" : 20.37,
    "operatingProfitMargin" : 10.01,
    "operatingProfit" : 12.65,
    "netProfitMargin" : 4.82,
    "netProfit" : 6.09
  }, {
    "date" : "2009-09-30",
    "sales" : 149.31,
    "salesGrowthYoY" : -2.48,
    "grossProfitMargin" : 14.03,
    "grossProfit" : 20.95,
    "operatingProfitMargin" : 7.29,
    "operatingProfit" : 10.88,
    "netProfitMargin" : 3.38,
    "netProfit" : 5.05
  }, {
    "date" : "2009-12-31",
    "sales" : 164.99,
    "salesGrowthYoY" : 36.13,
    "grossProfitMargin" : 12.44,
    "grossProfit" : 20.52,
    "operatingProfitMargin" : 6.27,
    "operatingProfit" : 10.34,
    "netProfitMargin" : 2.81,
    "netProfit" : 4.64
  }, {
    "date" : "2010-03-31",
    "sales" : 191.92,
    "salesGrowthYoY" : 89.51,
    "grossProfitMargin" : 12.44,
    "grossProfit" : 23.87,
    "operatingProfitMargin" : 6.78,
    "operatingProfit" : 13.01,
    "netProfitMargin" : 2.84,
    "netProfit" : 5.45
  }, {
    "date" : "2010-06-30",
    "sales" : 203.16,
    "salesGrowthYoY" : 60.78,
    "grossProfitMargin" : 12.49,
    "grossProfit" : 25.37,
    "operatingProfitMargin" : 6.95,
    "operatingProfit" : 14.12,
    "netProfitMargin" : 3.44,
    "netProfit" : 6.99
  }, {
    "date" : "2010-09-30",
    "sales" : 197.16,
    "salesGrowthYoY" : 32.05,
    "grossProfitMargin" : 13.90,
    "grossProfit" : 27.41,
    "operatingProfitMargin" : 8.41,
    "operatingProfit" : 16.58,
    "netProfitMargin" : 4.09,
    "netProfit" : 8.06
  }, {
    "date" : "2010-12-31",
    "sales" : 203.62,
    "salesGrowthYoY" : 23.41,
    "grossProfitMargin" : 13.61,
    "grossProfit" : 27.71,
    "operatingProfitMargin" : 7.66,
    "operatingProfit" : 15.60,
    "netProfitMargin" : 3.98,
    "netProfit" : 8.10
  }, {
    "date" : "2011-03-31",
    "sales" : 269.90,
    "salesGrowthYoY" : 40.63,
    "grossProfitMargin" : 11.40,
    "grossProfit" : 30.77,
    "operatingProfitMargin" : 6.16,
    "operatingProfit" : 16.63,
    "netProfitMargin" : 2.91,
    "netProfit" : 7.85
  }, {
    "date" : "2011-06-30",
    "sales" : 249.75,
    "salesGrowthYoY" : 22.93,
    "grossProfitMargin" : 8.77,
    "grossProfit" : 21.90,
    "operatingProfitMargin" : 4.42,
    "operatingProfit" : 11.04,
    "netProfitMargin" : 2.01,
    "netProfit" : 5.02
  }, {
    "date" : "2011-09-30",
    "sales" : 219.79,
    "salesGrowthYoY" : 11.48,
    "grossProfitMargin" : 9.88,
    "grossProfit" : 21.72,
    "operatingProfitMargin" : 4.39,
    "operatingProfit" : 9.65,
    "netProfitMargin" : 1.53,
    "netProfit" : 3.36
  }, {
    "date" : "2011-12-31",
    "sales" : 213.34,
    "salesGrowthYoY" : 4.77,
    "grossProfitMargin" : 10.06,
    "grossProfit" : 21.46,
    "operatingProfitMargin" : 3.61,
    "operatingProfit" : 7.70,
    "netProfitMargin" : 0.85,
    "netProfit" : 1.81
  }, {
    "date" : "2012-03-31",
    "sales" : 249.25,
    "salesGrowthYoY" : -7.65,
    "grossProfitMargin" : 9.98,
    "grossProfit" : 24.88,
    "operatingProfitMargin" : 3.90,
    "operatingProfit" : 9.72,
    "netProfitMargin" : 1.58,
    "netProfit" : 3.94
  }, {
    "date" : "2012-06-30",
    "sales" : 256.66,
    "salesGrowthYoY" : 2.77,
    "grossProfitMargin" : 10.77,
    "grossProfit" : 27.64,
    "operatingProfitMargin" : 6.47,
    "operatingProfit" : 16.61,
    "netProfitMargin" : 3.14,
    "netProfit" : 8.06
  }, {
    "date" : "2012-09-30",
    "sales" : 239.71,
    "salesGrowthYoY" : 9.06,
    "grossProfitMargin" : 9.02,
    "grossProfit" : 21.62,
    "operatingProfitMargin" : 3.05,
    "operatingProfit" : 7.31,
    "netProfitMargin" : 0.82,
    "netProfit" : 1.97
  }, {
    "date" : "2012-12-31",
    "sales" : 231.43,
    "salesGrowthYoY" : 8.48,
    "grossProfitMargin" : 9.57,
    "grossProfit" : 22.15,
    "operatingProfitMargin" : 3.77,
    "operatingProfit" : 8.72,
    "netProfitMargin" : 1.27,
    "netProfit" : 2.94
  }, {
    "date" : "2013-03-31",
    "sales" : 248.41,
    "salesGrowthYoY" : -0.34,
    "grossProfitMargin" : 9.23,
    "grossProfit" : 22.93,
    "operatingProfitMargin" : 3.22,
    "operatingProfit" : 8.00,
    "netProfitMargin" : 1.20,
    "netProfit" : 2.98
  }, {
    "date" : "2013-06-30",
    "sales" : 247.29,
    "salesGrowthYoY" : -3.65,
    "grossProfitMargin" : 10.54,
    "grossProfit" : 26.06,
    "operatingProfitMargin" : 5.56,
    "operatingProfit" : 13.75,
    "netProfitMargin" : 1.47,
    "netProfit" : 3.64
  }, {
    "date" : "2013-09-30",
    "sales" : 231.87,
    "salesGrowthYoY" : -3.27,
    "grossProfitMargin" : 12.71,
    "grossProfit" : 29.47,
    "operatingProfitMargin" : 6.93,
    "operatingProfit" : 16.07,
    "netProfitMargin" : 2.33,
    "netProfit" : 5.40
  }, {
    "date" : "2013-12-31",
    "sales" : 255.40,
    "salesGrowthYoY" : 10.36,
    "grossProfitMargin" : 10.90,
    "grossProfit" : 27.84,
    "operatingProfitMargin" : 5.65,
    "operatingProfit" : 14.43,
    "netProfitMargin" : 1.51,
    "netProfit" : 3.86
  }, {
    "date" : "2014-03-31",
    "sales" : 250.08,
    "salesGrowthYoY" : 0.67,
    "grossProfitMargin" : 10.91,
    "grossProfit" : 27.28,
    "operatingProfitMargin" : 4.92,
    "operatingProfit" : 12.30,
    "netProfitMargin" : 0.62,
    "netProfit" : 1.55
  }, {
    "date" : "2014-06-30",
    "sales" : 239.61,
    "salesGrowthYoY" : -3.11,
    "grossProfitMargin" : 10.81,
    "grossProfit" : 25.90,
    "operatingProfitMargin" : 5.26,
    "operatingProfit" : 12.60,
    "netProfitMargin" : 1.14,
    "netProfit" : 2.73
  }, {
    "date" : "2014-09-30",
    "sales" : 223.84,
    "salesGrowthYoY" : -3.46,
    "grossProfitMargin" : 12.51,
    "grossProfit" : 28.00,
    "operatingProfitMargin" : 6.48,
    "operatingProfit" : 14.50,
    "netProfitMargin" : 1.26,
    "netProfit" : 2.82
  }, {
    "date" : "2014-12-31",
    "sales" : 211.79,
    "salesGrowthYoY" : -17.08,
    "grossProfitMargin" : 12.44,
    "grossProfit" : 26.35,
    "operatingProfitMargin" : 5.90,
    "operatingProfit" : 12.50,
    "netProfitMargin" : 1.25,
    "netProfit" : 2.65
  }, {
    "date" : "2015-03-31",
    "sales" : 207.76,
    "salesGrowthYoY" : -16.92,
    "grossProfitMargin" : 12.83,
    "grossProfit" : 26.66,
    "operatingProfitMargin" : 4.80,
    "operatingProfit" : 9.97,
    "netProfitMargin" : 0.91,
    "netProfit" : 1.89
  }, {
    "date" : "2015-06-30",
    "sales" : 222.88,
    "salesGrowthYoY" : -6.98,
    "grossProfitMargin" : 12.55,
    "grossProfit" : 27.97,
    "operatingProfitMargin" : 6.02,
    "operatingProfit" : 13.42,
    "netProfitMargin" : 1.89,
    "netProfit" : 4.21
  }, {
    "date" : "2015-09-30",
    "sales" : 221.73,
    "salesGrowthYoY" : -0.94,
    "grossProfitMargin" : 12.51,
    "grossProfit" : 27.74,
    "operatingProfitMargin" : 6.16,
    "operatingProfit" : 13.66,
    "netProfitMargin" : 2.03,
    "netProfit" : 4.50
  }, {
    "date" : "2015-12-31",
    "sales" : 190.05,
    "salesGrowthYoY" : -10.26,
    "grossProfitMargin" : 14.22,
    "grossProfit" : 27.03,
    "operatingProfitMargin" : 6.31,
    "operatingProfit" : 11.99,
    "netProfitMargin" : 1.76,
    "netProfit" : 3.34
  }, {
    "date" : "2016-03-31",
    "sales" : 210.05,
    "salesGrowthYoY" : 1.10,
    "grossProfitMargin" : 14.99,
    "grossProfit" : 31.49,
    "operatingProfitMargin" : 6.69,
    "operatingProfit" : 14.05,
    "netProfitMargin" : 2.36,
    "netProfit" : 4.96
  }, {
    "date" : "2016-06-30",
    "sales" : 219.80,
    "salesGrowthYoY" : -1.38,
    "grossProfitMargin" : 13.64,
    "grossProfit" : 29.98,
    "operatingProfitMargin" : 6.36,
    "operatingProfit" : 13.98,
    "netProfitMargin" : 2.42,
    "netProfit" : 5.32
  }, {
    "date" : "2016-09-30",
    "sales" : 211.18,
    "salesGrowthYoY" : -4.76,
    "grossProfitMargin" : 14.51,
    "grossProfit" : 30.64,
    "operatingProfitMargin" : 6.75,
    "operatingProfit" : 14.25,
    "netProfitMargin" : 2.55,
    "netProfit" : 5.39
  }, {
    "date" : "2016-12-31",
    "sales" : 206.31,
    "salesGrowthYoY" : 8.56,
    "grossProfitMargin" : 13.63,
    "grossProfit" : 28.12,
    "operatingProfitMargin" : 5.95,
    "operatingProfit" : 12.28,
    "netProfitMargin" : 2.12,
    "netProfit" : 4.37
  }, {
    "date" : "2017-03-31",
    "sales" : 249.78,
    "salesGrowthYoY" : 18.91,
    "grossProfitMargin" : 14.19,
    "grossProfit" : 35.44,
    "operatingProfitMargin" : 6.54,
    "operatingProfit" : 16.34,
    "netProfitMargin" : 2.99,
    "netProfit" : 7.47
  }, {
    "date" : "2017-06-30",
    "sales" : 267.83,
    "salesGrowthYoY" : 21.85,
    "grossProfitMargin" : 14.92,
    "grossProfit" : 39.96,
    "operatingProfitMargin" : 7.78,
    "operatingProfit" : 20.84,
    "netProfitMargin" : 3.49,
    "netProfit" : 9.35
  }, {
    "date" : "2017-09-30",
    "sales" : 307.09,
    "salesGrowthYoY" : 45.42,
    "grossProfitMargin" : 11.27,
    "grossProfit" : 34.61,
    "operatingProfitMargin" : 6.22,
    "operatingProfit" : 19.10,
    "netProfitMargin" : 2.49,
    "netProfit" : 7.65
  }, {
    "date" : "2017-12-31",
    "sales" : 414.99,
    "salesGrowthYoY" : 101.15,
    "grossProfitMargin" : 10.29,
    "grossProfit" : 42.70,
    "operatingProfitMargin" : 5.93,
    "operatingProfit" : 24.61,
    "netProfitMargin" : 2.63,
    "netProfit" : 10.91
  }, {
    "date" : "2018-03-31",
    "sales" : 419.95,
    "salesGrowthYoY" : 68.13,
    "grossProfitMargin" : 10.26,
    "grossProfit" : 43.09,
    "operatingProfitMargin" : 5.43,
    "operatingProfit" : 22.80,
    "netProfitMargin" : 1.92,
    "netProfit" : 8.06
  }, {
    "date" : "2018-06-30",
    "sales" : 442.35,
    "salesGrowthYoY" : 65.16,
    "grossProfitMargin" : 9.86,
    "grossProfit" : 43.62,
    "operatingProfitMargin" : 5.83,
    "operatingProfit" : 25.79,
    "netProfitMargin" : 2.68,
    "netProfit" : 11.85
  }, {
    "date" : "2018-09-30",
    "sales" : 431.86,
    "salesGrowthYoY" : 40.63,
    "grossProfitMargin" : 9.33,
    "grossProfit" : 40.29,
    "operatingProfitMargin" : 5.37,
    "operatingProfit" : 23.19,
    "netProfitMargin" : 2.36,
    "netProfit" : 10.19
  }, {
    "date" : "2018-12-31",
    "sales" : 439.02,
    "salesGrowthYoY" : 5.79,
    "grossProfitMargin" : 9.74,
    "grossProfit" : 42.76,
    "operatingProfitMargin" : 5.11,
    "operatingProfit" : 22.43,
    "netProfitMargin" : 2.19,
    "netProfit" : 9.61
  }, {
    "date" : "2019-03-31",
    "sales" : 446.18,
    "salesGrowthYoY" : 6.25,
    "grossProfitMargin" : 10.06,
    "grossProfit" : 44.89,
    "operatingProfitMargin" : 5.18,
    "operatingProfit" : 23.11,
    "netProfitMargin" : 2.28,
    "netProfit" : 10.17
  }, {
    "date" : "2019-06-30",
    "sales" : 427.01,
    "salesGrowthYoY" : -3.47,
    "grossProfitMargin" : 9.52,
    "grossProfit" : 40.65,
    "operatingProfitMargin" : 5.25,
    "operatingProfit" : 22.42,
    "netProfitMargin" : 1.90,
    "netProfit" : 8.11
  }, {
    "date" : "2019-09-30",
    "sales" : 369.43,
    "salesGrowthYoY" : -14.46,
    "grossProfitMargin" : 9.98,
    "grossProfit" : 36.87,
    "operatingProfitMargin" : 4.74,
    "operatingProfit" : 17.51,
    "netProfitMargin" : 2.22,
    "netProfit" : 8.20
  }, {
    "date" : "2019-12-31",
    "sales" : 353.43,
    "salesGrowthYoY" : -19.50,
    "grossProfitMargin" : 10.42,
    "grossProfit" : 36.83,
    "operatingProfitMargin" : 5.29,
    "operatingProfit" : 18.70,
    "netProfitMargin" : 2.33,
    "netProfit" : 8.23
  }, {
    "date" : "2020-03-31",
    "sales" : 380.07,
    "salesGrowthYoY" : -14.82,
    "grossProfitMargin" : 10.07,
    "grossProfit" : 38.27,
    "operatingProfitMargin" : 4.79,
    "operatingProfit" : 18.21,
    "netProfitMargin" : 1.92,
    "netProfit" : 7.30
  }, {
    "date" : "2020-06-30",
    "sales" : 153.08,
    "salesGrowthYoY" : -64.15,
    "grossProfitMargin" : 9.30,
    "grossProfit" : 14.24,
    "operatingProfitMargin" : 3.32,
    "operatingProfit" : 5.08,
    "netProfitMargin" : -0.65,
    "netProfit" : -1.00
  }, {
    "date" : "2020-09-30",
    "sales" : 392.52,
    "salesGrowthYoY" : 6.25,
    "grossProfitMargin" : 9.39,
    "grossProfit" : 36.86,
    "operatingProfitMargin" : 4.97,
    "operatingProfit" : 19.51,
    "netProfitMargin" : 2.55,
    "netProfit" : 10.01
  }, {
    "date" : "2020-12-31",
    "sales" : 522.63,
    "salesGrowthYoY" : 47.87,
    "grossProfitMargin" : 9.19,
    "grossProfit" : 48.03,
    "operatingProfitMargin" : 5.05,
    "operatingProfit" : 26.39,
    "netProfitMargin" : 2.60,
    "netProfit" : 13.59
  }, {
    "date" : "2021-03-31",
    "sales" : 654.67,
    "salesGrowthYoY" : 72.25,
    "grossProfitMargin" : 8.27,
    "grossProfit" : 54.14,
    "operatingProfitMargin" : 4.86,
    "operatingProfit" : 31.82,
    "netProfitMargin" : 2.55,
    "netProfit" : 16.69
  }, {
    "date" : "2021-06-30",
    "sales" : 531.37,
    "salesGrowthYoY" : 247.12,
    "grossProfitMargin" : 7.97,
    "grossProfit" : 42.35,
    "operatingProfitMargin" : 4.54,
    "operatingProfit" : 24.12,
    "netProfitMargin" : 2.18,
    "netProfit" : 11.58
  }, {
    "date" : "2021-09-30",
    "sales" : 708.85,
    "salesGrowthYoY" : 80.59,
    "grossProfitMargin" : 7.62,
    "grossProfit" : 54.01,
    "operatingProfitMargin" : 4.22,
    "operatingProfit" : 29.91,
    "netProfitMargin" : 2.11,
    "netProfit" : 14.96
  }, {
    "date" : "2021-12-31",
    "sales" : 705.29,
    "salesGrowthYoY" : 34.95,
    "grossProfitMargin" : 8.30,
    "grossProfit" : 58.54,
    "operatingProfitMargin" : 4.95,
    "operatingProfit" : 34.91,
    "netProfitMargin" : 2.57,
    "netProfit" : 18.13
  }, {
    "date" : "2022-03-31",
    "sales" : 744.54,
    "salesGrowthYoY" : 13.73,
    "grossProfitMargin" : 8.29,
    "grossProfit" : 61.72,
    "operatingProfitMargin" : 4.75,
    "operatingProfit" : 35.37,
    "netProfitMargin" : 2.46,
    "netProfit" : 18.32
  }, {
    "date" : "2022-06-30",
    "sales" : 826.18,
    "salesGrowthYoY" : 55.48,
    "grossProfitMargin" : 7.31,
    "grossProfit" : 60.39,
    "operatingProfitMargin" : 4.09,
    "operatingProfit" : 33.79,
    "netProfitMargin" : 2.04,
    "netProfit" : 16.85
  }, {
    "date" : "2022-09-30",
    "sales" : 726.03,
    "salesGrowthYoY" : 2.42,
    "grossProfitMargin" : 8.04,
    "grossProfit" : 58.37,
    "operatingProfitMargin" : 4.26,
    "operatingProfit" : 30.93,
    "netProfitMargin" : 2.02,
    "netProfit" : 14.67
  }, {
    "date" : "2022-12-31",
    "sales" : 703.66,
    "salesGrowthYoY" : -0.23,
    "grossProfitMargin" : 8.54,
    "grossProfit" : 60.09,
    "operatingProfitMargin" : 4.64,
    "operatingProfit" : 32.65,
    "netProfitMargin" : 2.15,
    "netProfit" : 15.13
  }, {
    "date" : "2023-03-31",
    "sales" : 799.60,
    "salesGrowthYoY" : 7.40,
    "grossProfitMargin" : 7.32,
    "grossProfit" : 58.53,
    "operatingProfitMargin" : 3.88,
    "operatingProfit" : 31.02,
    "netProfitMargin" : 1.61,
    "netProfit" : 12.87
  }, {
    "date" : "2023-06-30",
    "sales" : 802.74,
    "salesGrowthYoY" : -2.84,
    "grossProfitMargin" : 7.83,
    "grossProfit" : 62.85,
    "operatingProfitMargin" : 4.52,
    "operatingProfit" : 36.28,
    "netProfitMargin" : 2.06,
    "netProfit" : 16.54
  }, {
    "date" : "2023-09-30",
    "sales" : 829.44,
    "salesGrowthYoY" : 14.24,
    "grossProfitMargin" : 7.78,
    "grossProfit" : 64.53,
    "operatingProfitMargin" : 4.24,
    "operatingProfit" : 35.17,
    "netProfitMargin" : 1.97,
    "netProfit" : 16.34
  }, {
    "date" : "2023-12-31",
    "sales" : 804.83,
    "salesGrowthYoY" : 14.38,
    "grossProfitMargin" : 8.56,
    "grossProfit" : 68.89,
    "operatingProfitMargin" : 4.80,
    "operatingProfit" : 38.63,
    "netProfitMargin" : 2.24,
    "netProfit" : 18.03
  }, {
    "date" : "2024-03-31",
    "sales" : 883.99,
    "salesGrowthYoY" : 10.55,
    "grossProfitMargin" : 8.88,
    "grossProfit" : 78.50,
    "operatingProfitMargin" : 4.89,
    "operatingProfit" : 43.23,
    "netProfitMargin" : 2.48,
    "netProfit" : 21.92
  }, {
    "date" : "2024-06-30",
    "sales" : 955.19,
    "salesGrowthYoY" : 18.99,
    "grossProfitMargin" : 8.22,
    "grossProfit" : 78.52,
    "operatingProfitMargin" : 4.74,
    "operatingProfit" : 45.28,
    "netProfitMargin" : 2.33,
    "netProfit" : 22.26
  }, {
    "date" : "2024-09-30",
    "sales" : 1043.79,
    "salesGrowthYoY" : 25.84,
    "grossProfitMargin" : 7.46,
    "grossProfit" : 77.87,
    "operatingProfitMargin" : 4.05,
    "operatingProfit" : 42.27,
    "netProfitMargin" : 1.85,
    "netProfit" : 19.31
  }, {
    "date" : "2024-12-31",
    "sales" : 982.26,
    "salesGrowthYoY" : 22.05,
    "grossProfitMargin" : 7.85,
    "grossProfit" : 77.11,
    "operatingProfitMargin" : 4.07,
    "operatingProfit" : 39.98,
    "netProfitMargin" : 1.93,
    "netProfit" : 18.96
  }, {
    "date" : "2025-03-31",
    "sales" : 1054.38,
    "salesGrowthYoY" : 19.28,
    "grossProfitMargin" : 9.63,
    "grossProfit" : 101.54,
    "operatingProfitMargin" : 5.61,
    "operatingProfit" : 59.15,
    "netProfitMargin" : 2.81,
    "netProfit" : 29.63
  }, {
    "date" : "2025-06-30",
    "sales" : 1115.58,
    "salesGrowthYoY" : 16.79,
    "grossProfitMargin" : 8.73,
    "grossProfit" : 97.39,
    "operatingProfitMargin" : 5.28,
    "operatingProfit" : 58.90,
    "netProfitMargin" : 2.43,
    "netProfit" : 27.11
  }, {
    "date" : "2025-09-30",
    "sales" : 1237.40,
    "salesGrowthYoY" : 18.55,
    "grossProfitMargin" : 9.17,
    "grossProfit" : 113.47,
    "operatingProfitMargin" : 5.69,
    "operatingProfit" : 70.41,
    "netProfitMargin" : 2.88,
    "netProfit" : 35.64
  } ],
  "latestQuarterlyResult" : {
    "date" : "2025-09-30",
    "sales" : 1237.40,
    "salesGrowthYoY" : 18.55,
    "grossProfitMargin" : 9.17,
    "grossProfit" : 113.47,
    "operatingProfitMargin" : 5.69,
    "operatingProfit" : 70.41,
    "netProfitMargin" : 2.88,
    "netProfit" : 35.64
  },
  "companyScore" : {
    "priceHigherThanDma50" : 5.00,
    "priceHigherThanDma100" : 5.00,
    "priceHigherThanDma200" : 5.00,
    "dma50HigherThanDma100" : 5.00,
    "dma50HigherThanDma200" : 5.00,
    "dma100HigherThanDma200" : 5.00,
    "pricePercentageAboveDma50" : 4.94,
    "pricePercentageAboveDma100" : 4.38,
    "pricePercentageAboveDma200" : 4.08,
    "weeklyVolumeHigherThanYearlyVolume" : 0.00,
    "salesGrowthPercentile" : 12.66,
    "operatingProfitMarginPercentile" : 14.93,
    "netProfitMarginPercentile" : 7.73,
    "totalTechnicalScore" : 43.40,
    "totalFundamentalScore" : 35.33,
    "totalScore" : 78.73
  }
}