{
  "metadata" : {
    "screenerCompanyId" : "2598",
    "companyCode" : "PUNJABCHEM",
    "companyName" : "Punjab Chemicals",
    "screenerCompanyLink" : "https://www.screener.in/company/PUNJABCHEM/consolidated/",
    "screenerTechnicalHistoryLink" : "https://www.screener.in/api/company/2598/chart/?q=Price-DMA50-DMA200-Volume&days=365",
    "screenerQuarterlyResultsLink" : "https://www.screener.in/api/company/2598/chart/?q=GPM-OPM-NPM-Quarter+Sales&days=10000",
    "attributes" : {
      "companyCode" : "PUNJABCHEM",
      "companyName" : "Punjab Chemicals",
      "marketCap" : 1353.00,
      "peRatio" : 21.10,
      "description" : "Incorporated in 1975, Punjab Chemicals & Crop Protection Ltd is in the business of Performance Chemicals[1]"
    },
    "companyScore" : {
      "priceHigherThanDma50" : 0.00,
      "priceHigherThanDma100" : 0.00,
      "priceHigherThanDma200" : 0.00,
      "dma50HigherThanDma100" : 0.00,
      "dma50HigherThanDma200" : 0.00,
      "dma100HigherThanDma200" : 5.00,
      "pricePercentageAboveDma50" : 5.33,
      "pricePercentageAboveDma100" : 5.62,
      "pricePercentageAboveDma200" : 5.40,
      "weeklyVolumeHigherThanYearlyVolume" : 0.00,
      "salesGrowthPercentile" : 11.75,
      "operatingProfitMarginPercentile" : 16.62,
      "netProfitMarginPercentile" : 7.90,
      "totalTechnicalScore" : 21.35,
      "totalFundamentalScore" : 36.27,
      "totalScore" : 57.62
    }
  },
  "attributes" : {
    "companyCode" : "PUNJABCHEM",
    "companyName" : "Punjab Chemicals",
    "marketCap" : 1353.00,
    "peRatio" : 21.10,
    "description" : "Incorporated in 1975, Punjab Chemicals & Crop Protection Ltd is in the business of Performance Chemicals[1]"
  },
  "technicalHistory" : [ {
    "date" : "2025-01-29",
    "price" : 882.10,
    "dma50" : 1015.15,
    "dma100" : null,
    "dma200" : 1106.10,
    "volume" : 10908.00
  }, {
    "date" : "2025-01-30",
    "price" : 845.20,
    "dma50" : 1008.48,
    "dma100" : null,
    "dma200" : 1103.51,
    "volume" : 12081.00
  }, {
    "date" : "2025-01-31",
    "price" : 822.15,
    "dma50" : 1001.18,
    "dma100" : null,
    "dma200" : 1100.71,
    "volume" : 20118.00
  }, {
    "date" : "2025-02-01",
    "price" : 819.95,
    "dma50" : 994.07,
    "dma100" : null,
    "dma200" : 1097.91,
    "volume" : 7932.00
  }, {
    "date" : "2025-02-03",
    "price" : 814.85,
    "dma50" : 987.04,
    "dma100" : null,
    "dma200" : 1095.10,
    "volume" : 5905.00
  }, {
    "date" : "2025-02-04",
    "price" : 809.65,
    "dma50" : 980.08,
    "dma100" : null,
    "dma200" : 1092.26,
    "volume" : 8691.00
  }, {
    "date" : "2025-02-05",
    "price" : 815.90,
    "dma50" : 973.65,
    "dma100" : null,
    "dma200" : 1089.51,
    "volume" : 6606.00
  }, {
    "date" : "2025-02-06",
    "price" : 838.55,
    "dma50" : 968.35,
    "dma100" : null,
    "dma200" : 1087.01,
    "volume" : 8312.00
  }, {
    "date" : "2025-02-07",
    "price" : 842.90,
    "dma50" : 963.43,
    "dma100" : null,
    "dma200" : 1084.58,
    "volume" : 7078.00
  }, {
    "date" : "2025-02-10",
    "price" : 813.95,
    "dma50" : 957.57,
    "dma100" : null,
    "dma200" : 1081.89,
    "volume" : 4870.00
  }, {
    "date" : "2025-02-11",
    "price" : 829.95,
    "dma50" : 952.56,
    "dma100" : null,
    "dma200" : 1079.38,
    "volume" : 13514.00
  }, {
    "date" : "2025-02-12",
    "price" : 823.45,
    "dma50" : 947.50,
    "dma100" : null,
    "dma200" : 1076.84,
    "volume" : 5423.00
  }, {
    "date" : "2025-02-13",
    "price" : 811.65,
    "dma50" : 942.17,
    "dma100" : null,
    "dma200" : 1074.20,
    "volume" : 7996.00
  }, {
    "date" : "2025-02-14",
    "price" : 783.75,
    "dma50" : 935.96,
    "dma100" : null,
    "dma200" : 1071.31,
    "volume" : 7640.00
  }, {
    "date" : "2025-02-17",
    "price" : 719.55,
    "dma50" : 927.47,
    "dma100" : null,
    "dma200" : 1067.81,
    "volume" : 35183.00
  }, {
    "date" : "2025-02-18",
    "price" : 698.80,
    "dma50" : 918.50,
    "dma100" : null,
    "dma200" : 1064.14,
    "volume" : 13079.00
  }, {
    "date" : "2025-02-19",
    "price" : 704.20,
    "dma50" : 910.10,
    "dma100" : null,
    "dma200" : 1060.55,
    "volume" : 18190.00
  }, {
    "date" : "2025-02-20",
    "price" : 704.00,
    "dma50" : 902.02,
    "dma100" : null,
    "dma200" : 1057.01,
    "volume" : 12172.00
  }, {
    "date" : "2025-02-21",
    "price" : 685.85,
    "dma50" : 893.54,
    "dma100" : null,
    "dma200" : 1053.31,
    "volume" : 11700.00
  }, {
    "date" : "2025-02-24",
    "price" : 691.15,
    "dma50" : 885.60,
    "dma100" : null,
    "dma200" : 1049.71,
    "volume" : 7795.00
  }, {
    "date" : "2025-02-25",
    "price" : 686.65,
    "dma50" : 877.80,
    "dma100" : null,
    "dma200" : 1046.10,
    "volume" : 7675.00
  }, {
    "date" : "2025-02-27",
    "price" : 719.45,
    "dma50" : 871.59,
    "dma100" : null,
    "dma200" : 1042.85,
    "volume" : 60840.00
  }, {
    "date" : "2025-02-28",
    "price" : 745.45,
    "dma50" : 866.65,
    "dma100" : null,
    "dma200" : 1039.89,
    "volume" : 17161.00
  }, {
    "date" : "2025-03-03",
    "price" : 715.05,
    "dma50" : 860.70,
    "dma100" : null,
    "dma200" : 1036.65,
    "volume" : 23360.00
  }, {
    "date" : "2025-03-04",
    "price" : 725.15,
    "dma50" : 855.38,
    "dma100" : null,
    "dma200" : 1033.56,
    "volume" : 12765.00
  }, {
    "date" : "2025-03-05",
    "price" : 809.05,
    "dma50" : 853.57,
    "dma100" : null,
    "dma200" : 1031.32,
    "volume" : 93561.00
  }, {
    "date" : "2025-03-06",
    "price" : 852.95,
    "dma50" : 853.54,
    "dma100" : null,
    "dma200" : 1029.55,
    "volume" : 56116.00
  }, {
    "date" : "2025-03-07",
    "price" : 869.25,
    "dma50" : 854.16,
    "dma100" : null,
    "dma200" : 1027.95,
    "volume" : 111220.00
  }, {
    "date" : "2025-03-10",
    "price" : 862.90,
    "dma50" : 854.50,
    "dma100" : null,
    "dma200" : 1026.31,
    "volume" : 9939.00
  }, {
    "date" : "2025-03-11",
    "price" : 807.95,
    "dma50" : 852.68,
    "dma100" : null,
    "dma200" : 1024.14,
    "volume" : 12039.00
  }, {
    "date" : "2025-03-12",
    "price" : 785.70,
    "dma50" : 850.05,
    "dma100" : null,
    "dma200" : 1021.76,
    "volume" : 29104.00
  }, {
    "date" : "2025-03-13",
    "price" : 780.00,
    "dma50" : 847.30,
    "dma100" : null,
    "dma200" : 1019.36,
    "volume" : 35636.00
  }, {
    "date" : "2025-03-17",
    "price" : 788.30,
    "dma50" : 844.99,
    "dma100" : null,
    "dma200" : 1017.06,
    "volume" : 41582.00
  }, {
    "date" : "2025-03-18",
    "price" : 806.55,
    "dma50" : 843.48,
    "dma100" : null,
    "dma200" : 1014.96,
    "volume" : 21158.00
  }, {
    "date" : "2025-03-19",
    "price" : 816.40,
    "dma50" : 842.42,
    "dma100" : null,
    "dma200" : 1012.99,
    "volume" : 13257.00
  }, {
    "date" : "2025-03-20",
    "price" : 828.40,
    "dma50" : 841.87,
    "dma100" : null,
    "dma200" : 1011.15,
    "volume" : 89233.00
  }, {
    "date" : "2025-03-21",
    "price" : 826.65,
    "dma50" : 841.27,
    "dma100" : null,
    "dma200" : 1009.32,
    "volume" : 73409.00
  }, {
    "date" : "2025-03-24",
    "price" : 838.75,
    "dma50" : 841.17,
    "dma100" : null,
    "dma200" : 1007.62,
    "volume" : 20599.00
  }, {
    "date" : "2025-03-25",
    "price" : 826.65,
    "dma50" : 840.60,
    "dma100" : null,
    "dma200" : 1005.82,
    "volume" : 24358.00
  }, {
    "date" : "2025-03-26",
    "price" : 802.55,
    "dma50" : 839.11,
    "dma100" : null,
    "dma200" : 1003.80,
    "volume" : 38056.00
  }, {
    "date" : "2025-03-27",
    "price" : 839.00,
    "dma50" : 839.11,
    "dma100" : null,
    "dma200" : 1002.16,
    "volume" : 50007.00
  }, {
    "date" : "2025-03-28",
    "price" : 926.95,
    "dma50" : 842.55,
    "dma100" : null,
    "dma200" : 1001.41,
    "volume" : 889058.00
  }, {
    "date" : "2025-04-01",
    "price" : 1009.55,
    "dma50" : 849.10,
    "dma100" : null,
    "dma200" : 1001.49,
    "volume" : 143552.00
  }, {
    "date" : "2025-04-02",
    "price" : 999.50,
    "dma50" : 855.00,
    "dma100" : null,
    "dma200" : 1001.47,
    "volume" : 107617.00
  }, {
    "date" : "2025-04-03",
    "price" : 974.55,
    "dma50" : 859.69,
    "dma100" : null,
    "dma200" : 1001.20,
    "volume" : 19047.00
  }, {
    "date" : "2025-04-04",
    "price" : 949.95,
    "dma50" : 863.23,
    "dma100" : null,
    "dma200" : 1000.69,
    "volume" : 28804.00
  }, {
    "date" : "2025-04-07",
    "price" : 943.65,
    "dma50" : 866.38,
    "dma100" : null,
    "dma200" : 1000.12,
    "volume" : 24749.00
  }, {
    "date" : "2025-04-08",
    "price" : 998.45,
    "dma50" : 871.56,
    "dma100" : null,
    "dma200" : 1000.11,
    "volume" : 17519.00
  }, {
    "date" : "2025-04-09",
    "price" : 977.50,
    "dma50" : 875.71,
    "dma100" : null,
    "dma200" : 999.88,
    "volume" : 12299.00
  }, {
    "date" : "2025-04-11",
    "price" : 1003.85,
    "dma50" : 880.74,
    "dma100" : null,
    "dma200" : 999.92,
    "volume" : 13367.00
  }, {
    "date" : "2025-04-15",
    "price" : 1025.05,
    "dma50" : 886.40,
    "dma100" : null,
    "dma200" : 1000.17,
    "volume" : 16303.00
  }, {
    "date" : "2025-04-16",
    "price" : 1037.90,
    "dma50" : 892.34,
    "dma100" : null,
    "dma200" : 1000.55,
    "volume" : 15842.00
  }, {
    "date" : "2025-04-17",
    "price" : 1043.30,
    "dma50" : 898.26,
    "dma100" : null,
    "dma200" : 1000.97,
    "volume" : 9314.00
  }, {
    "date" : "2025-04-21",
    "price" : 1057.65,
    "dma50" : 904.51,
    "dma100" : null,
    "dma200" : 1001.54,
    "volume" : 6041.00
  }, {
    "date" : "2025-04-22",
    "price" : 1056.15,
    "dma50" : 910.46,
    "dma100" : null,
    "dma200" : 1002.08,
    "volume" : 8833.00
  }, {
    "date" : "2025-04-23",
    "price" : 1060.95,
    "dma50" : 916.36,
    "dma100" : null,
    "dma200" : 1002.67,
    "volume" : 8026.00
  }, {
    "date" : "2025-04-24",
    "price" : 1054.90,
    "dma50" : 921.79,
    "dma100" : null,
    "dma200" : 1003.19,
    "volume" : 8453.00
  }, {
    "date" : "2025-04-25",
    "price" : 1001.95,
    "dma50" : 924.94,
    "dma100" : null,
    "dma200" : 1003.17,
    "volume" : 17464.00
  }, {
    "date" : "2025-04-28",
    "price" : 1030.45,
    "dma50" : 929.07,
    "dma100" : null,
    "dma200" : 1003.44,
    "volume" : 19289.00
  }, {
    "date" : "2025-04-29",
    "price" : 1076.65,
    "dma50" : 934.86,
    "dma100" : null,
    "dma200" : 1004.17,
    "volume" : 18692.00
  }, {
    "date" : "2025-04-30",
    "price" : 1112.50,
    "dma50" : 941.83,
    "dma100" : null,
    "dma200" : 1005.25,
    "volume" : 629043.00
  }, {
    "date" : "2025-05-02",
    "price" : 1092.90,
    "dma50" : 947.75,
    "dma100" : null,
    "dma200" : 1006.12,
    "volume" : 58483.00
  }, {
    "date" : "2025-05-05",
    "price" : 1077.60,
    "dma50" : 952.84,
    "dma100" : null,
    "dma200" : 1006.83,
    "volume" : 14766.00
  }, {
    "date" : "2025-05-06",
    "price" : 1027.00,
    "dma50" : 955.75,
    "dma100" : null,
    "dma200" : 1007.03,
    "volume" : 25494.00
  }, {
    "date" : "2025-05-07",
    "price" : 1058.30,
    "dma50" : 959.77,
    "dma100" : null,
    "dma200" : 1007.54,
    "volume" : 20315.00
  }, {
    "date" : "2025-05-08",
    "price" : 1067.70,
    "dma50" : 964.01,
    "dma100" : null,
    "dma200" : 1008.14,
    "volume" : 12538.00
  }, {
    "date" : "2025-05-09",
    "price" : 1026.10,
    "dma50" : 966.44,
    "dma100" : null,
    "dma200" : 1008.32,
    "volume" : 7955.00
  }, {
    "date" : "2025-05-12",
    "price" : 1116.60,
    "dma50" : 972.33,
    "dma100" : null,
    "dma200" : 1009.40,
    "volume" : 154035.00
  }, {
    "date" : "2025-05-13",
    "price" : 1126.00,
    "dma50" : 978.36,
    "dma100" : null,
    "dma200" : 1010.56,
    "volume" : 10173.00
  }, {
    "date" : "2025-05-14",
    "price" : 1116.80,
    "dma50" : 983.78,
    "dma100" : null,
    "dma200" : 1011.62,
    "volume" : 9285.00
  }, {
    "date" : "2025-05-15",
    "price" : 1104.30,
    "dma50" : 988.51,
    "dma100" : null,
    "dma200" : 1012.54,
    "volume" : 11941.00
  }, {
    "date" : "2025-05-16",
    "price" : 1092.80,
    "dma50" : 992.60,
    "dma100" : null,
    "dma200" : 1013.34,
    "volume" : 13847.00
  }, {
    "date" : "2025-05-19",
    "price" : 1165.60,
    "dma50" : 999.38,
    "dma100" : null,
    "dma200" : 1014.85,
    "volume" : 37424.00
  }, {
    "date" : "2025-05-20",
    "price" : 1148.80,
    "dma50" : 1005.24,
    "dma100" : null,
    "dma200" : 1016.19,
    "volume" : 8563.00
  }, {
    "date" : "2025-05-21",
    "price" : 1112.20,
    "dma50" : 1009.44,
    "dma100" : null,
    "dma200" : 1017.14,
    "volume" : 17852.00
  }, {
    "date" : "2025-05-22",
    "price" : 1100.70,
    "dma50" : 1013.02,
    "dma100" : null,
    "dma200" : 1017.97,
    "volume" : 5187.00
  }, {
    "date" : "2025-05-23",
    "price" : 1103.40,
    "dma50" : 1016.56,
    "dma100" : null,
    "dma200" : 1018.82,
    "volume" : 10574.00
  }, {
    "date" : "2025-05-26",
    "price" : 1099.10,
    "dma50" : 1019.80,
    "dma100" : null,
    "dma200" : 1019.62,
    "volume" : 10212.00
  }, {
    "date" : "2025-05-27",
    "price" : 1091.80,
    "dma50" : 1022.62,
    "dma100" : null,
    "dma200" : 1020.34,
    "volume" : 8335.00
  }, {
    "date" : "2025-05-28",
    "price" : 1072.90,
    "dma50" : 1024.59,
    "dma100" : null,
    "dma200" : 1020.86,
    "volume" : 6804.00
  }, {
    "date" : "2025-05-29",
    "price" : 1128.00,
    "dma50" : 1028.65,
    "dma100" : null,
    "dma200" : 1021.93,
    "volume" : 14261.00
  }, {
    "date" : "2025-05-30",
    "price" : 1186.00,
    "dma50" : 1034.82,
    "dma100" : null,
    "dma200" : 1023.56,
    "volume" : 26582.00
  }, {
    "date" : "2025-06-02",
    "price" : 1140.60,
    "dma50" : 1038.97,
    "dma100" : null,
    "dma200" : 1024.73,
    "volume" : 20620.00
  }, {
    "date" : "2025-06-03",
    "price" : 1122.70,
    "dma50" : 1042.25,
    "dma100" : null,
    "dma200" : 1025.70,
    "volume" : 3543.00
  }, {
    "date" : "2025-06-04",
    "price" : 1119.90,
    "dma50" : 1045.30,
    "dma100" : null,
    "dma200" : 1026.64,
    "volume" : 6326.00
  }, {
    "date" : "2025-06-05",
    "price" : 1112.00,
    "dma50" : 1047.91,
    "dma100" : null,
    "dma200" : 1027.49,
    "volume" : 8070.00
  }, {
    "date" : "2025-06-06",
    "price" : 1096.70,
    "dma50" : 1049.83,
    "dma100" : null,
    "dma200" : 1028.18,
    "volume" : 6032.00
  }, {
    "date" : "2025-06-09",
    "price" : 1091.30,
    "dma50" : 1051.45,
    "dma100" : null,
    "dma200" : 1028.80,
    "volume" : 11359.00
  }, {
    "date" : "2025-06-10",
    "price" : 1098.90,
    "dma50" : 1053.31,
    "dma100" : null,
    "dma200" : 1029.50,
    "volume" : 11814.00
  }, {
    "date" : "2025-06-11",
    "price" : 1078.70,
    "dma50" : 1054.31,
    "dma100" : null,
    "dma200" : 1029.99,
    "volume" : 12003.00
  }, {
    "date" : "2025-06-12",
    "price" : 1067.60,
    "dma50" : 1054.83,
    "dma100" : null,
    "dma200" : 1030.37,
    "volume" : 6551.00
  }, {
    "date" : "2025-06-13",
    "price" : 1089.80,
    "dma50" : 1056.20,
    "dma100" : null,
    "dma200" : 1030.96,
    "volume" : 7480.00
  }, {
    "date" : "2025-06-16",
    "price" : 1085.00,
    "dma50" : 1057.33,
    "dma100" : null,
    "dma200" : 1031.49,
    "volume" : 6979.00
  }, {
    "date" : "2025-06-17",
    "price" : 1078.00,
    "dma50" : 1058.14,
    "dma100" : null,
    "dma200" : 1031.96,
    "volume" : 6762.00
  }, {
    "date" : "2025-06-18",
    "price" : 1084.60,
    "dma50" : 1059.18,
    "dma100" : null,
    "dma200" : 1032.48,
    "volume" : 5512.00
  }, {
    "date" : "2025-06-19",
    "price" : 1185.60,
    "dma50" : 1064.14,
    "dma100" : null,
    "dma200" : 1034.00,
    "volume" : 110503.00
  }, {
    "date" : "2025-06-20",
    "price" : 1197.00,
    "dma50" : 1069.35,
    "dma100" : null,
    "dma200" : 1035.63,
    "volume" : 104036.00
  }, {
    "date" : "2025-06-23",
    "price" : 1145.30,
    "dma50" : 1072.33,
    "dma100" : null,
    "dma200" : 1036.72,
    "volume" : 18257.00
  }, {
    "date" : "2025-06-24",
    "price" : 1171.30,
    "dma50" : 1076.21,
    "dma100" : null,
    "dma200" : 1038.06,
    "volume" : 13225.00
  }, {
    "date" : "2025-06-25",
    "price" : 1223.30,
    "dma50" : 1081.97,
    "dma100" : null,
    "dma200" : 1039.90,
    "volume" : 50381.00
  }, {
    "date" : "2025-06-26",
    "price" : 1246.00,
    "dma50" : 1088.41,
    "dma100" : 964.99,
    "dma200" : 1041.95,
    "volume" : 33104.00
  }, {
    "date" : "2025-06-27",
    "price" : 1245.40,
    "dma50" : 1094.56,
    "dma100" : 968.99,
    "dma200" : 1043.97,
    "volume" : 21473.00
  }, {
    "date" : "2025-06-30",
    "price" : 1274.20,
    "dma50" : 1101.61,
    "dma100" : 973.51,
    "dma200" : 1046.27,
    "volume" : 16139.00
  }, {
    "date" : "2025-07-01",
    "price" : 1267.10,
    "dma50" : 1108.10,
    "dma100" : 977.98,
    "dma200" : 1048.46,
    "volume" : 12730.00
  }, {
    "date" : "2025-07-02",
    "price" : 1226.70,
    "dma50" : 1112.75,
    "dma100" : 982.10,
    "dma200" : 1050.24,
    "volume" : 8989.00
  }, {
    "date" : "2025-07-03",
    "price" : 1228.90,
    "dma50" : 1117.30,
    "dma100" : 986.29,
    "dma200" : 1052.01,
    "volume" : 13799.00
  }, {
    "date" : "2025-07-04",
    "price" : 1210.00,
    "dma50" : 1120.94,
    "dma100" : 990.23,
    "dma200" : 1053.59,
    "volume" : 9874.00
  }, {
    "date" : "2025-07-07",
    "price" : 1186.90,
    "dma50" : 1123.53,
    "dma100" : 993.72,
    "dma200" : 1054.91,
    "volume" : 5066.00
  }, {
    "date" : "2025-07-08",
    "price" : 1163.80,
    "dma50" : 1125.11,
    "dma100" : 996.92,
    "dma200" : 1056.00,
    "volume" : 9645.00
  }, {
    "date" : "2025-07-09",
    "price" : 1169.60,
    "dma50" : 1126.85,
    "dma100" : 1000.48,
    "dma200" : 1057.13,
    "volume" : 5560.00
  }, {
    "date" : "2025-07-10",
    "price" : 1197.20,
    "dma50" : 1129.61,
    "dma100" : 1004.15,
    "dma200" : 1058.52,
    "volume" : 10265.00
  }, {
    "date" : "2025-07-11",
    "price" : 1195.30,
    "dma50" : 1132.19,
    "dma100" : 1007.87,
    "dma200" : 1059.88,
    "volume" : 8784.00
  }, {
    "date" : "2025-07-14",
    "price" : 1259.60,
    "dma50" : 1137.18,
    "dma100" : 1012.35,
    "dma200" : 1061.87,
    "volume" : 43425.00
  }, {
    "date" : "2025-07-15",
    "price" : 1302.20,
    "dma50" : 1143.65,
    "dma100" : 1017.54,
    "dma200" : 1064.26,
    "volume" : 32049.00
  }, {
    "date" : "2025-07-16",
    "price" : 1334.80,
    "dma50" : 1151.15,
    "dma100" : 1023.69,
    "dma200" : 1066.95,
    "volume" : 39324.00
  }, {
    "date" : "2025-07-17",
    "price" : 1343.40,
    "dma50" : 1158.69,
    "dma100" : 1030.13,
    "dma200" : 1069.70,
    "volume" : 20993.00
  }, {
    "date" : "2025-07-18",
    "price" : 1302.40,
    "dma50" : 1164.32,
    "dma100" : 1036.12,
    "dma200" : 1072.02,
    "volume" : 11758.00
  }, {
    "date" : "2025-07-21",
    "price" : 1330.60,
    "dma50" : 1170.84,
    "dma100" : 1042.38,
    "dma200" : 1074.59,
    "volume" : 16160.00
  }, {
    "date" : "2025-07-22",
    "price" : 1301.40,
    "dma50" : 1175.96,
    "dma100" : 1048.54,
    "dma200" : 1076.85,
    "volume" : 15263.00
  }, {
    "date" : "2025-07-23",
    "price" : 1281.60,
    "dma50" : 1180.11,
    "dma100" : 1054.44,
    "dma200" : 1078.89,
    "volume" : 8265.00
  }, {
    "date" : "2025-07-24",
    "price" : 1290.00,
    "dma50" : 1184.42,
    "dma100" : 1060.48,
    "dma200" : 1080.99,
    "volume" : 8688.00
  }, {
    "date" : "2025-07-25",
    "price" : 1317.90,
    "dma50" : 1189.65,
    "dma100" : 1066.46,
    "dma200" : 1083.34,
    "volume" : 18272.00
  }, {
    "date" : "2025-07-28",
    "price" : 1352.80,
    "dma50" : 1196.05,
    "dma100" : 1072.53,
    "dma200" : 1086.02,
    "volume" : 79639.00
  }, {
    "date" : "2025-07-29",
    "price" : 1547.00,
    "dma50" : 1209.81,
    "dma100" : 1080.85,
    "dma200" : 1090.61,
    "volume" : 2449708.00
  }, {
    "date" : "2025-07-30",
    "price" : 1471.80,
    "dma50" : 1220.09,
    "dma100" : 1088.32,
    "dma200" : 1094.40,
    "volume" : 1074572.00
  }, {
    "date" : "2025-07-31",
    "price" : 1450.00,
    "dma50" : 1229.10,
    "dma100" : 1094.73,
    "dma200" : 1097.94,
    "volume" : 543282.00
  }, {
    "date" : "2025-08-01",
    "price" : 1388.60,
    "dma50" : 1235.36,
    "dma100" : 1100.09,
    "dma200" : 1100.83,
    "volume" : 198239.00
  }, {
    "date" : "2025-08-04",
    "price" : 1418.00,
    "dma50" : 1242.52,
    "dma100" : 1105.57,
    "dma200" : 1103.99,
    "volume" : 160430.00
  }, {
    "date" : "2025-08-05",
    "price" : 1372.80,
    "dma50" : 1247.63,
    "dma100" : 1110.67,
    "dma200" : 1106.67,
    "volume" : 121235.00
  }, {
    "date" : "2025-08-06",
    "price" : 1346.50,
    "dma50" : 1251.51,
    "dma100" : 1116.06,
    "dma200" : 1109.05,
    "volume" : 100145.00
  }, {
    "date" : "2025-08-07",
    "price" : 1331.90,
    "dma50" : 1254.66,
    "dma100" : 1121.52,
    "dma200" : 1111.27,
    "volume" : 45108.00
  }, {
    "date" : "2025-08-08",
    "price" : 1293.80,
    "dma50" : 1256.19,
    "dma100" : 1126.66,
    "dma200" : 1113.09,
    "volume" : 26650.00
  }, {
    "date" : "2025-08-11",
    "price" : 1307.20,
    "dma50" : 1258.19,
    "dma100" : 1131.85,
    "dma200" : 1115.02,
    "volume" : 28330.00
  }, {
    "date" : "2025-08-12",
    "price" : 1268.20,
    "dma50" : 1258.59,
    "dma100" : 1136.46,
    "dma200" : 1116.54,
    "volume" : 31264.00
  }, {
    "date" : "2025-08-13",
    "price" : 1259.40,
    "dma50" : 1258.62,
    "dma100" : 1140.89,
    "dma200" : 1117.96,
    "volume" : 36573.00
  }, {
    "date" : "2025-08-14",
    "price" : 1232.20,
    "dma50" : 1257.58,
    "dma100" : 1144.93,
    "dma200" : 1119.10,
    "volume" : 31469.00
  }, {
    "date" : "2025-08-18",
    "price" : 1221.40,
    "dma50" : 1256.16,
    "dma100" : 1148.88,
    "dma200" : 1120.12,
    "volume" : 58389.00
  }, {
    "date" : "2025-08-19",
    "price" : 1199.90,
    "dma50" : 1253.96,
    "dma100" : 1152.49,
    "dma200" : 1120.91,
    "volume" : 34170.00
  }, {
    "date" : "2025-08-20",
    "price" : 1219.40,
    "dma50" : 1252.60,
    "dma100" : 1156.42,
    "dma200" : 1121.89,
    "volume" : 43769.00
  }, {
    "date" : "2025-08-21",
    "price" : 1219.50,
    "dma50" : 1251.30,
    "dma100" : 1160.59,
    "dma200" : 1122.86,
    "volume" : 56840.00
  }, {
    "date" : "2025-08-22",
    "price" : 1203.70,
    "dma50" : 1249.44,
    "dma100" : 1164.23,
    "dma200" : 1123.67,
    "volume" : 12447.00
  }, {
    "date" : "2025-08-25",
    "price" : 1184.50,
    "dma50" : 1246.89,
    "dma100" : 1166.81,
    "dma200" : 1124.27,
    "volume" : 14041.00
  }, {
    "date" : "2025-08-26",
    "price" : 1167.10,
    "dma50" : 1243.76,
    "dma100" : 1168.39,
    "dma200" : 1124.70,
    "volume" : 17848.00
  }, {
    "date" : "2025-08-28",
    "price" : 1134.70,
    "dma50" : 1239.48,
    "dma100" : 1169.74,
    "dma200" : 1124.80,
    "volume" : 16292.00
  }, {
    "date" : "2025-08-29",
    "price" : 1165.40,
    "dma50" : 1236.58,
    "dma100" : 1171.65,
    "dma200" : 1125.20,
    "volume" : 66292.00
  }, {
    "date" : "2025-09-01",
    "price" : 1154.00,
    "dma50" : 1233.34,
    "dma100" : 1173.69,
    "dma200" : 1125.49,
    "volume" : 22761.00
  }, {
    "date" : "2025-09-02",
    "price" : 1167.40,
    "dma50" : 1230.75,
    "dma100" : 1175.92,
    "dma200" : 1125.90,
    "volume" : 9699.00
  }, {
    "date" : "2025-09-03",
    "price" : 1177.20,
    "dma50" : 1228.65,
    "dma100" : 1177.71,
    "dma200" : 1126.42,
    "volume" : 8232.00
  }, {
    "date" : "2025-09-04",
    "price" : 1130.10,
    "dma50" : 1224.79,
    "dma100" : 1179.24,
    "dma200" : 1126.45,
    "volume" : 22657.00
  }, {
    "date" : "2025-09-05",
    "price" : 1112.40,
    "dma50" : 1220.38,
    "dma100" : 1180.32,
    "dma200" : 1126.31,
    "volume" : 15935.00
  }, {
    "date" : "2025-09-08",
    "price" : 1082.50,
    "dma50" : 1214.98,
    "dma100" : 1180.90,
    "dma200" : 1125.88,
    "volume" : 25862.00
  }, {
    "date" : "2025-09-09",
    "price" : 1092.90,
    "dma50" : 1210.19,
    "dma100" : 1181.45,
    "dma200" : 1125.55,
    "volume" : 17217.00
  }, {
    "date" : "2025-09-10",
    "price" : 1107.80,
    "dma50" : 1206.17,
    "dma100" : 1182.09,
    "dma200" : 1125.37,
    "volume" : 19885.00
  }, {
    "date" : "2025-09-11",
    "price" : 1132.30,
    "dma50" : 1203.28,
    "dma100" : 1182.84,
    "dma200" : 1125.44,
    "volume" : 18850.00
  }, {
    "date" : "2025-09-12",
    "price" : 1256.50,
    "dma50" : 1205.36,
    "dma100" : 1184.84,
    "dma200" : 1126.74,
    "volume" : 1218925.00
  }, {
    "date" : "2025-09-15",
    "price" : 1242.60,
    "dma50" : 1206.82,
    "dma100" : 1186.66,
    "dma200" : 1127.90,
    "volume" : 102364.00
  }, {
    "date" : "2025-09-16",
    "price" : 1240.70,
    "dma50" : 1208.15,
    "dma100" : 1188.52,
    "dma200" : 1129.02,
    "volume" : 14160.00
  }, {
    "date" : "2025-09-17",
    "price" : 1267.40,
    "dma50" : 1210.48,
    "dma100" : 1191.17,
    "dma200" : 1130.40,
    "volume" : 61425.00
  }, {
    "date" : "2025-09-18",
    "price" : 1276.40,
    "dma50" : 1213.06,
    "dma100" : 1193.63,
    "dma200" : 1131.85,
    "volume" : 21358.00
  }, {
    "date" : "2025-09-19",
    "price" : 1298.80,
    "dma50" : 1216.42,
    "dma100" : 1195.85,
    "dma200" : 1133.51,
    "volume" : 43252.00
  }, {
    "date" : "2025-09-22",
    "price" : 1287.30,
    "dma50" : 1219.20,
    "dma100" : 1197.60,
    "dma200" : 1135.04,
    "volume" : 41194.00
  }, {
    "date" : "2025-09-23",
    "price" : 1277.80,
    "dma50" : 1221.50,
    "dma100" : 1199.45,
    "dma200" : 1136.46,
    "volume" : 13801.00
  }, {
    "date" : "2025-09-24",
    "price" : 1241.10,
    "dma50" : 1222.27,
    "dma100" : 1201.08,
    "dma200" : 1137.50,
    "volume" : 13444.00
  }, {
    "date" : "2025-09-25",
    "price" : 1270.20,
    "dma50" : 1224.15,
    "dma100" : 1203.52,
    "dma200" : 1138.82,
    "volume" : 17967.00
  }, {
    "date" : "2025-09-26",
    "price" : 1270.90,
    "dma50" : 1225.98,
    "dma100" : 1205.64,
    "dma200" : 1140.14,
    "volume" : 27593.00
  }, {
    "date" : "2025-09-29",
    "price" : 1318.80,
    "dma50" : 1229.62,
    "dma100" : 1208.15,
    "dma200" : 1141.91,
    "volume" : 33634.00
  }, {
    "date" : "2025-09-30",
    "price" : 1355.60,
    "dma50" : 1234.56,
    "dma100" : 1211.45,
    "dma200" : 1144.04,
    "volume" : 27013.00
  }, {
    "date" : "2025-10-01",
    "price" : 1358.80,
    "dma50" : 1239.43,
    "dma100" : 1213.87,
    "dma200" : 1146.18,
    "volume" : 15689.00
  }, {
    "date" : "2025-10-03",
    "price" : 1317.90,
    "dma50" : 1242.51,
    "dma100" : 1215.79,
    "dma200" : 1147.89,
    "volume" : 15074.00
  }, {
    "date" : "2025-10-06",
    "price" : 1297.60,
    "dma50" : 1244.67,
    "dma100" : 1217.60,
    "dma200" : 1149.38,
    "volume" : 7614.00
  }, {
    "date" : "2025-10-07",
    "price" : 1315.30,
    "dma50" : 1247.44,
    "dma100" : 1219.71,
    "dma200" : 1151.03,
    "volume" : 25436.00
  }, {
    "date" : "2025-10-08",
    "price" : 1315.60,
    "dma50" : 1250.11,
    "dma100" : 1221.94,
    "dma200" : 1152.66,
    "volume" : 10790.00
  }, {
    "date" : "2025-10-09",
    "price" : 1294.10,
    "dma50" : 1251.84,
    "dma100" : 1223.22,
    "dma200" : 1154.07,
    "volume" : 8103.00
  }, {
    "date" : "2025-10-10",
    "price" : 1326.80,
    "dma50" : 1254.78,
    "dma100" : 1225.00,
    "dma200" : 1155.79,
    "volume" : 11254.00
  }, {
    "date" : "2025-10-13",
    "price" : 1338.40,
    "dma50" : 1258.06,
    "dma100" : 1227.26,
    "dma200" : 1157.61,
    "volume" : 9637.00
  }, {
    "date" : "2025-10-14",
    "price" : 1349.80,
    "dma50" : 1261.66,
    "dma100" : 1229.75,
    "dma200" : 1159.52,
    "volume" : 17683.00
  }, {
    "date" : "2025-10-15",
    "price" : 1346.20,
    "dma50" : 1264.97,
    "dma100" : 1232.18,
    "dma200" : 1161.38,
    "volume" : 9677.00
  }, {
    "date" : "2025-10-16",
    "price" : 1404.70,
    "dma50" : 1270.45,
    "dma100" : 1235.24,
    "dma200" : 1163.80,
    "volume" : 124827.00
  }, {
    "date" : "2025-10-17",
    "price" : 1344.20,
    "dma50" : 1273.34,
    "dma100" : 1237.76,
    "dma200" : 1165.59,
    "volume" : 26116.00
  }, {
    "date" : "2025-10-20",
    "price" : 1358.20,
    "dma50" : 1276.67,
    "dma100" : 1240.61,
    "dma200" : 1167.51,
    "volume" : 9591.00
  }, {
    "date" : "2025-10-21",
    "price" : 1349.60,
    "dma50" : 1279.53,
    "dma100" : 1242.83,
    "dma200" : 1169.32,
    "volume" : 2421.00
  }, {
    "date" : "2025-10-23",
    "price" : 1349.40,
    "dma50" : 1282.27,
    "dma100" : 1244.46,
    "dma200" : 1171.11,
    "volume" : 5856.00
  }, {
    "date" : "2025-10-24",
    "price" : 1378.70,
    "dma50" : 1286.05,
    "dma100" : 1246.85,
    "dma200" : 1173.18,
    "volume" : 16379.00
  }, {
    "date" : "2025-10-27",
    "price" : 1412.80,
    "dma50" : 1291.02,
    "dma100" : 1249.75,
    "dma200" : 1175.56,
    "volume" : 13850.00
  }, {
    "date" : "2025-10-28",
    "price" : 1448.50,
    "dma50" : 1297.20,
    "dma100" : 1253.03,
    "dma200" : 1178.28,
    "volume" : 86336.00
  }, {
    "date" : "2025-10-29",
    "price" : 1444.60,
    "dma50" : 1302.98,
    "dma100" : 1256.36,
    "dma200" : 1180.93,
    "volume" : 13904.00
  }, {
    "date" : "2025-10-30",
    "price" : 1468.00,
    "dma50" : 1309.45,
    "dma100" : 1260.07,
    "dma200" : 1183.79,
    "volume" : 16725.00
  }, {
    "date" : "2025-10-31",
    "price" : 1493.10,
    "dma50" : 1316.65,
    "dma100" : 1264.09,
    "dma200" : 1186.86,
    "volume" : 27540.00
  }, {
    "date" : "2025-11-03",
    "price" : 1341.80,
    "dma50" : 1317.64,
    "dma100" : 1266.52,
    "dma200" : 1188.41,
    "volume" : 170384.00
  }, {
    "date" : "2025-11-04",
    "price" : 1303.90,
    "dma50" : 1317.10,
    "dma100" : 1268.77,
    "dma200" : 1189.55,
    "volume" : 53966.00
  }, {
    "date" : "2025-11-06",
    "price" : 1268.50,
    "dma50" : 1315.19,
    "dma100" : 1270.78,
    "dma200" : 1190.34,
    "volume" : 14779.00
  }, {
    "date" : "2025-11-07",
    "price" : 1273.60,
    "dma50" : 1313.56,
    "dma100" : 1272.62,
    "dma200" : 1191.17,
    "volume" : 11981.00
  }, {
    "date" : "2025-11-10",
    "price" : 1285.00,
    "dma50" : 1312.44,
    "dma100" : 1274.62,
    "dma200" : 1192.10,
    "volume" : 14095.00
  }, {
    "date" : "2025-11-11",
    "price" : 1297.90,
    "dma50" : 1311.87,
    "dma100" : 1276.82,
    "dma200" : 1193.15,
    "volume" : 9909.00
  }, {
    "date" : "2025-11-12",
    "price" : 1311.90,
    "dma50" : 1311.87,
    "dma100" : 1279.09,
    "dma200" : 1194.34,
    "volume" : 8236.00
  }, {
    "date" : "2025-11-13",
    "price" : 1282.10,
    "dma50" : 1310.71,
    "dma100" : 1280.05,
    "dma200" : 1195.21,
    "volume" : 6278.00
  }, {
    "date" : "2025-11-14",
    "price" : 1310.20,
    "dma50" : 1310.69,
    "dma100" : 1281.19,
    "dma200" : 1196.35,
    "volume" : 11233.00
  }, {
    "date" : "2025-11-17",
    "price" : 1342.50,
    "dma50" : 1311.93,
    "dma100" : 1283.16,
    "dma200" : 1197.81,
    "volume" : 11790.00
  }, {
    "date" : "2025-11-18",
    "price" : 1347.80,
    "dma50" : 1313.34,
    "dma100" : 1284.92,
    "dma200" : 1199.30,
    "volume" : 9607.00
  }, {
    "date" : "2025-11-19",
    "price" : 1353.50,
    "dma50" : 1314.91,
    "dma100" : 1286.23,
    "dma200" : 1200.83,
    "volume" : 5662.00
  }, {
    "date" : "2025-11-20",
    "price" : 1361.20,
    "dma50" : 1316.73,
    "dma100" : 1287.38,
    "dma200" : 1202.43,
    "volume" : 6344.00
  }, {
    "date" : "2025-11-21",
    "price" : 1336.40,
    "dma50" : 1317.50,
    "dma100" : 1288.29,
    "dma200" : 1203.76,
    "volume" : 4219.00
  }, {
    "date" : "2025-11-24",
    "price" : 1293.00,
    "dma50" : 1316.54,
    "dma100" : 1288.48,
    "dma200" : 1204.65,
    "volume" : 6379.00
  }, {
    "date" : "2025-11-25",
    "price" : 1275.70,
    "dma50" : 1314.94,
    "dma100" : 1288.56,
    "dma200" : 1205.36,
    "volume" : 2238.00
  }, {
    "date" : "2025-11-26",
    "price" : 1329.00,
    "dma50" : 1315.49,
    "dma100" : 1289.58,
    "dma200" : 1206.59,
    "volume" : 6577.00
  }, {
    "date" : "2025-11-27",
    "price" : 1373.70,
    "dma50" : 1317.77,
    "dma100" : 1291.03,
    "dma200" : 1208.25,
    "volume" : 13262.00
  }, {
    "date" : "2025-11-28",
    "price" : 1415.00,
    "dma50" : 1321.59,
    "dma100" : 1293.08,
    "dma200" : 1210.31,
    "volume" : 20839.00
  }, {
    "date" : "2025-12-01",
    "price" : 1405.90,
    "dma50" : 1324.89,
    "dma100" : 1295.27,
    "dma200" : 1212.25,
    "volume" : 8252.00
  }, {
    "date" : "2025-12-02",
    "price" : 1386.80,
    "dma50" : 1327.32,
    "dma100" : 1297.50,
    "dma200" : 1213.99,
    "volume" : 4941.00
  }, {
    "date" : "2025-12-03",
    "price" : 1360.20,
    "dma50" : 1328.61,
    "dma100" : 1299.41,
    "dma200" : 1215.45,
    "volume" : 4062.00
  }, {
    "date" : "2025-12-04",
    "price" : 1344.10,
    "dma50" : 1329.22,
    "dma100" : 1300.88,
    "dma200" : 1216.73,
    "volume" : 2071.00
  }, {
    "date" : "2025-12-05",
    "price" : 1339.60,
    "dma50" : 1329.62,
    "dma100" : 1302.32,
    "dma200" : 1217.95,
    "volume" : 1831.00
  }, {
    "date" : "2025-12-08",
    "price" : 1286.50,
    "dma50" : 1327.93,
    "dma100" : 1302.59,
    "dma200" : 1218.63,
    "volume" : 5481.00
  }, {
    "date" : "2025-12-09",
    "price" : 1268.70,
    "dma50" : 1325.61,
    "dma100" : 1302.25,
    "dma200" : 1219.13,
    "volume" : 8148.00
  }, {
    "date" : "2025-12-10",
    "price" : 1262.10,
    "dma50" : 1323.12,
    "dma100" : 1301.53,
    "dma200" : 1219.56,
    "volume" : 7156.00
  }, {
    "date" : "2025-12-11",
    "price" : 1258.80,
    "dma50" : 1320.60,
    "dma100" : 1300.68,
    "dma200" : 1219.95,
    "volume" : 3908.00
  }, {
    "date" : "2025-12-12",
    "price" : 1256.40,
    "dma50" : 1318.08,
    "dma100" : 1300.22,
    "dma200" : 1220.31,
    "volume" : 2423.00
  }, {
    "date" : "2025-12-15",
    "price" : 1317.40,
    "dma50" : 1318.05,
    "dma100" : 1300.09,
    "dma200" : 1221.28,
    "volume" : 11176.00
  }, {
    "date" : "2025-12-16",
    "price" : 1275.90,
    "dma50" : 1316.40,
    "dma100" : 1299.83,
    "dma200" : 1221.82,
    "volume" : 3116.00
  }, {
    "date" : "2025-12-17",
    "price" : 1234.60,
    "dma50" : 1313.19,
    "dma100" : 1299.36,
    "dma200" : 1221.95,
    "volume" : 12310.00
  }, {
    "date" : "2025-12-18",
    "price" : 1216.60,
    "dma50" : 1309.40,
    "dma100" : 1298.63,
    "dma200" : 1221.89,
    "volume" : 6998.00
  }, {
    "date" : "2025-12-19",
    "price" : 1243.90,
    "dma50" : 1306.84,
    "dma100" : 1297.89,
    "dma200" : 1222.11,
    "volume" : 10700.00
  }, {
    "date" : "2025-12-22",
    "price" : 1254.70,
    "dma50" : 1304.79,
    "dma100" : 1296.91,
    "dma200" : 1222.44,
    "volume" : 24148.00
  }, {
    "date" : "2025-12-23",
    "price" : 1244.40,
    "dma50" : 1302.42,
    "dma100" : 1293.88,
    "dma200" : 1222.66,
    "volume" : 5893.00
  }, {
    "date" : "2025-12-24",
    "price" : 1227.20,
    "dma50" : 1299.47,
    "dma100" : 1291.44,
    "dma200" : 1222.70,
    "volume" : 4311.00
  }, {
    "date" : "2025-12-26",
    "price" : 1195.10,
    "dma50" : 1295.38,
    "dma100" : 1288.89,
    "dma200" : 1222.43,
    "volume" : 9614.00
  }, {
    "date" : "2025-12-29",
    "price" : 1261.60,
    "dma50" : 1294.05,
    "dma100" : 1287.62,
    "dma200" : 1222.82,
    "volume" : 11290.00
  }, {
    "date" : "2025-12-30",
    "price" : 1191.30,
    "dma50" : 1290.03,
    "dma100" : 1285.35,
    "dma200" : 1222.50,
    "volume" : 62058.00
  }, {
    "date" : "2025-12-31",
    "price" : 1210.90,
    "dma50" : 1286.92,
    "dma100" : 1283.73,
    "dma200" : 1222.39,
    "volume" : 41263.00
  }, {
    "date" : "2026-01-01",
    "price" : 1190.70,
    "dma50" : 1283.15,
    "dma100" : 1282.17,
    "dma200" : 1222.07,
    "volume" : 8272.00
  }, {
    "date" : "2026-01-02",
    "price" : 1177.70,
    "dma50" : 1279.01,
    "dma100" : 1280.63,
    "dma200" : 1221.63,
    "volume" : 8138.00
  }, {
    "date" : "2026-01-05",
    "price" : 1167.60,
    "dma50" : 1274.64,
    "dma100" : 1279.37,
    "dma200" : 1221.09,
    "volume" : 4521.00
  }, {
    "date" : "2026-01-06",
    "price" : 1141.00,
    "dma50" : 1269.40,
    "dma100" : 1277.71,
    "dma200" : 1220.30,
    "volume" : 7752.00
  }, {
    "date" : "2026-01-07",
    "price" : 1125.00,
    "dma50" : 1263.74,
    "dma100" : 1276.28,
    "dma200" : 1219.35,
    "volume" : 7254.00
  }, {
    "date" : "2026-01-08",
    "price" : 1127.60,
    "dma50" : 1258.40,
    "dma100" : 1274.96,
    "dma200" : 1218.43,
    "volume" : 6120.00
  }, {
    "date" : "2026-01-09",
    "price" : 1096.60,
    "dma50" : 1252.06,
    "dma100" : 1273.60,
    "dma200" : 1217.22,
    "volume" : 10843.00
  }, {
    "date" : "2026-01-12",
    "price" : 1088.00,
    "dma50" : 1245.62,
    "dma100" : 1272.27,
    "dma200" : 1215.94,
    "volume" : 4624.00
  }, {
    "date" : "2026-01-13",
    "price" : 1110.60,
    "dma50" : 1240.33,
    "dma100" : 1271.38,
    "dma200" : 1214.89,
    "volume" : 4012.00
  }, {
    "date" : "2026-01-14",
    "price" : 1078.00,
    "dma50" : 1233.96,
    "dma100" : 1269.96,
    "dma200" : 1213.53,
    "volume" : 5164.00
  }, {
    "date" : "2026-01-16",
    "price" : 1070.40,
    "dma50" : 1227.55,
    "dma100" : 1268.47,
    "dma200" : 1212.10,
    "volume" : 12801.00
  }, {
    "date" : "2026-01-19",
    "price" : 1056.60,
    "dma50" : 1220.84,
    "dma100" : 1267.00,
    "dma200" : 1210.55,
    "volume" : 8376.00
  }, {
    "date" : "2026-01-20",
    "price" : 1020.30,
    "dma50" : 1212.98,
    "dma100" : 1265.36,
    "dma200" : 1208.66,
    "volume" : 7759.00
  }, {
    "date" : "2026-01-21",
    "price" : 987.60,
    "dma50" : 1204.14,
    "dma100" : 1263.56,
    "dma200" : 1206.46,
    "volume" : 19399.00
  }, {
    "date" : "2026-01-22",
    "price" : 990.50,
    "dma50" : 1195.76,
    "dma100" : 1262.12,
    "dma200" : 1204.31,
    "volume" : 9309.00
  }, {
    "date" : "2026-01-23",
    "price" : 999.20,
    "dma50" : 1188.05,
    "dma100" : 1260.46,
    "dma200" : 1202.27,
    "volume" : 5365.00
  }, {
    "date" : "2026-01-27",
    "price" : 1052.60,
    "dma50" : 1182.74,
    "dma100" : 1259.44,
    "dma200" : 1200.78,
    "volume" : 8539.00
  }, {
    "date" : "2026-01-28",
    "price" : 1102.90,
    "dma50" : 1179.61,
    "dma100" : 1258.80,
    "dma200" : 1199.81,
    "volume" : 58518.00
  } ],
  "latestTechnicalAttributes" : {
    "date" : "2026-01-28",
    "price" : 1102.90,
    "dma50" : 1179.61,
    "dma100" : 1258.80,
    "dma200" : 1199.81,
    "volume" : 58518.00
  },
  "quarterlyResults" : [ {
    "date" : "2005-03-31",
    "sales" : 36.81,
    "salesGrowthYoY" : null,
    "grossProfitMargin" : 34.20,
    "grossProfit" : 12.59,
    "operatingProfitMargin" : 9.75,
    "operatingProfit" : 3.59,
    "netProfitMargin" : 6.66,
    "netProfit" : 2.45
  }, {
    "date" : "2005-06-30",
    "sales" : 40.64,
    "salesGrowthYoY" : null,
    "grossProfitMargin" : 34.62,
    "grossProfit" : 14.07,
    "operatingProfitMargin" : 10.48,
    "operatingProfit" : 4.26,
    "netProfitMargin" : 4.80,
    "netProfit" : 1.95
  }, {
    "date" : "2005-09-30",
    "sales" : 37.49,
    "salesGrowthYoY" : null,
    "grossProfitMargin" : 32.78,
    "grossProfit" : 12.29,
    "operatingProfitMargin" : 6.38,
    "operatingProfit" : 2.39,
    "netProfitMargin" : 1.81,
    "netProfit" : 0.68
  }, {
    "date" : "2005-12-31",
    "sales" : 42.54,
    "salesGrowthYoY" : null,
    "grossProfitMargin" : 38.93,
    "grossProfit" : 16.56,
    "operatingProfitMargin" : 13.14,
    "operatingProfit" : 5.59,
    "netProfitMargin" : 5.88,
    "netProfit" : 2.50
  }, {
    "date" : "2006-03-31",
    "sales" : 131.07,
    "salesGrowthYoY" : 256.07,
    "grossProfitMargin" : 27.68,
    "grossProfit" : 36.28,
    "operatingProfitMargin" : 0.56,
    "operatingProfit" : 0.73,
    "netProfitMargin" : 8.83,
    "netProfit" : 11.57
  }, {
    "date" : "2006-06-30",
    "sales" : 63.68,
    "salesGrowthYoY" : 56.69,
    "grossProfitMargin" : 31.19,
    "grossProfit" : 19.86,
    "operatingProfitMargin" : 5.21,
    "operatingProfit" : 3.32,
    "netProfitMargin" : 1.49,
    "netProfit" : 0.95
  }, {
    "date" : "2006-09-30",
    "sales" : 83.52,
    "salesGrowthYoY" : 122.78,
    "grossProfitMargin" : 24.80,
    "grossProfit" : 20.71,
    "operatingProfitMargin" : 4.19,
    "operatingProfit" : 3.50,
    "netProfitMargin" : 1.08,
    "netProfit" : 0.90
  }, {
    "date" : "2006-12-31",
    "sales" : 84.56,
    "salesGrowthYoY" : 98.78,
    "grossProfitMargin" : 28.93,
    "grossProfit" : 24.46,
    "operatingProfitMargin" : 7.14,
    "operatingProfit" : 6.04,
    "netProfitMargin" : 3.94,
    "netProfit" : 3.33
  }, {
    "date" : "2007-03-31",
    "sales" : 77.15,
    "salesGrowthYoY" : -41.14,
    "grossProfitMargin" : 31.67,
    "grossProfit" : 24.43,
    "operatingProfitMargin" : 4.71,
    "operatingProfit" : 3.63,
    "netProfitMargin" : 2.09,
    "netProfit" : 1.61
  }, {
    "date" : "2007-06-30",
    "sales" : 80.24,
    "salesGrowthYoY" : 26.01,
    "grossProfitMargin" : 30.42,
    "grossProfit" : 24.41,
    "operatingProfitMargin" : 5.98,
    "operatingProfit" : 4.80,
    "netProfitMargin" : 1.21,
    "netProfit" : 0.97
  }, {
    "date" : "2007-09-30",
    "sales" : 84.04,
    "salesGrowthYoY" : 0.62,
    "grossProfitMargin" : 39.08,
    "grossProfit" : 32.84,
    "operatingProfitMargin" : 9.77,
    "operatingProfit" : 8.21,
    "netProfitMargin" : 4.12,
    "netProfit" : 3.46
  }, {
    "date" : "2007-12-31",
    "sales" : 95.37,
    "salesGrowthYoY" : 12.78,
    "grossProfitMargin" : 38.42,
    "grossProfit" : 36.64,
    "operatingProfitMargin" : 15.21,
    "operatingProfit" : 14.51,
    "netProfitMargin" : 8.23,
    "netProfit" : 7.85
  }, {
    "date" : "2008-03-31",
    "sales" : 174.46,
    "salesGrowthYoY" : 126.13,
    "grossProfitMargin" : 28.42,
    "grossProfit" : 49.58,
    "operatingProfitMargin" : 13.29,
    "operatingProfit" : 23.19,
    "netProfitMargin" : 10.20,
    "netProfit" : 17.79
  }, {
    "date" : "2008-06-30",
    "sales" : 127.08,
    "salesGrowthYoY" : 58.37,
    "grossProfitMargin" : 39.90,
    "grossProfit" : 50.70,
    "operatingProfitMargin" : 19.36,
    "operatingProfit" : 24.60,
    "netProfitMargin" : 7.23,
    "netProfit" : 9.19
  }, {
    "date" : "2008-09-30",
    "sales" : 157.18,
    "salesGrowthYoY" : 87.03,
    "grossProfitMargin" : 33.29,
    "grossProfit" : 52.33,
    "operatingProfitMargin" : 13.75,
    "operatingProfit" : 21.61,
    "netProfitMargin" : 4.74,
    "netProfit" : 7.45
  }, {
    "date" : "2008-12-31",
    "sales" : 93.61,
    "salesGrowthYoY" : -1.85,
    "grossProfitMargin" : 39.01,
    "grossProfit" : 36.52,
    "operatingProfitMargin" : 12.85,
    "operatingProfit" : 12.03,
    "netProfitMargin" : 2.19,
    "netProfit" : 2.05
  }, {
    "date" : "2009-03-31",
    "sales" : 110.68,
    "salesGrowthYoY" : -36.56,
    "grossProfitMargin" : 27.76,
    "grossProfit" : 30.72,
    "operatingProfitMargin" : -8.45,
    "operatingProfit" : -9.35,
    "netProfitMargin" : -10.39,
    "netProfit" : -11.50
  }, {
    "date" : "2009-06-30",
    "sales" : 88.76,
    "salesGrowthYoY" : -30.15,
    "grossProfitMargin" : 32.24,
    "grossProfit" : 28.62,
    "operatingProfitMargin" : 5.26,
    "operatingProfit" : 4.67,
    "netProfitMargin" : -3.80,
    "netProfit" : -3.37
  }, {
    "date" : "2009-09-30",
    "sales" : 84.54,
    "salesGrowthYoY" : -46.21,
    "grossProfitMargin" : 41.38,
    "grossProfit" : 34.98,
    "operatingProfitMargin" : 9.30,
    "operatingProfit" : 7.86,
    "netProfitMargin" : -3.48,
    "netProfit" : -2.94
  }, {
    "date" : "2009-12-31",
    "sales" : 79.59,
    "salesGrowthYoY" : -14.98,
    "grossProfitMargin" : 29.63,
    "grossProfit" : 23.58,
    "operatingProfitMargin" : -3.96,
    "operatingProfit" : -3.15,
    "netProfitMargin" : -10.32,
    "netProfit" : -8.21
  }, {
    "date" : "2010-03-31",
    "sales" : 66.52,
    "salesGrowthYoY" : -39.90,
    "grossProfitMargin" : 32.76,
    "grossProfit" : 21.79,
    "operatingProfitMargin" : -21.56,
    "operatingProfit" : -14.34,
    "netProfitMargin" : -39.34,
    "netProfit" : -26.17
  }, {
    "date" : "2010-06-30",
    "sales" : 79.19,
    "salesGrowthYoY" : -10.78,
    "grossProfitMargin" : 33.14,
    "grossProfit" : 26.24,
    "operatingProfitMargin" : -3.23,
    "operatingProfit" : -2.56,
    "netProfitMargin" : -19.66,
    "netProfit" : -15.57
  }, {
    "date" : "2010-09-30",
    "sales" : 93.63,
    "salesGrowthYoY" : 10.75,
    "grossProfitMargin" : 36.22,
    "grossProfit" : 33.91,
    "operatingProfitMargin" : 6.24,
    "operatingProfit" : 5.84,
    "netProfitMargin" : -9.53,
    "netProfit" : -8.92
  }, {
    "date" : "2010-12-31",
    "sales" : 84.74,
    "salesGrowthYoY" : 6.47,
    "grossProfitMargin" : 33.40,
    "grossProfit" : 28.30,
    "operatingProfitMargin" : 1.06,
    "operatingProfit" : 0.90,
    "netProfitMargin" : -16.13,
    "netProfit" : -13.67
  }, {
    "date" : "2011-03-31",
    "sales" : 99.82,
    "salesGrowthYoY" : 50.06,
    "grossProfitMargin" : 35.48,
    "grossProfit" : 35.42,
    "operatingProfitMargin" : 1.37,
    "operatingProfit" : 1.37,
    "netProfitMargin" : 18.46,
    "netProfit" : 18.43
  }, {
    "date" : "2011-06-30",
    "sales" : 82.67,
    "salesGrowthYoY" : 4.39,
    "grossProfitMargin" : 38.37,
    "grossProfit" : 31.72,
    "operatingProfitMargin" : 2.90,
    "operatingProfit" : 2.40,
    "netProfitMargin" : -15.22,
    "netProfit" : -12.58
  }, {
    "date" : "2011-09-30",
    "sales" : 94.80,
    "salesGrowthYoY" : 1.25,
    "grossProfitMargin" : 33.65,
    "grossProfit" : 31.90,
    "operatingProfitMargin" : 4.08,
    "operatingProfit" : 3.87,
    "netProfitMargin" : -10.69,
    "netProfit" : -10.13
  }, {
    "date" : "2011-12-31",
    "sales" : 86.98,
    "salesGrowthYoY" : 2.64,
    "grossProfitMargin" : 38.69,
    "grossProfit" : 33.65,
    "operatingProfitMargin" : 7.04,
    "operatingProfit" : 6.12,
    "netProfitMargin" : -7.74,
    "netProfit" : -6.73
  }, {
    "date" : "2012-03-31",
    "sales" : 83.13,
    "salesGrowthYoY" : -16.72,
    "grossProfitMargin" : 35.16,
    "grossProfit" : 29.23,
    "operatingProfitMargin" : 2.92,
    "operatingProfit" : 2.43,
    "netProfitMargin" : -13.67,
    "netProfit" : -11.36
  }, {
    "date" : "2012-06-30",
    "sales" : 86.26,
    "salesGrowthYoY" : 4.34,
    "grossProfitMargin" : 44.04,
    "grossProfit" : 37.99,
    "operatingProfitMargin" : 8.03,
    "operatingProfit" : 6.93,
    "netProfitMargin" : -2.45,
    "netProfit" : -2.11
  }, {
    "date" : "2012-09-30",
    "sales" : 101.29,
    "salesGrowthYoY" : 6.85,
    "grossProfitMargin" : 39.18,
    "grossProfit" : 39.69,
    "operatingProfitMargin" : -24.23,
    "operatingProfit" : -24.54,
    "netProfitMargin" : -37.67,
    "netProfit" : -38.16
  }, {
    "date" : "2012-12-31",
    "sales" : 100.57,
    "salesGrowthYoY" : 15.62,
    "grossProfitMargin" : 44.52,
    "grossProfit" : 44.77,
    "operatingProfitMargin" : 5.83,
    "operatingProfit" : 5.86,
    "netProfitMargin" : -2.34,
    "netProfit" : -2.35
  }, {
    "date" : "2013-03-31",
    "sales" : 100.04,
    "salesGrowthYoY" : 20.34,
    "grossProfitMargin" : 42.94,
    "grossProfit" : 42.96,
    "operatingProfitMargin" : 3.28,
    "operatingProfit" : 3.28,
    "netProfitMargin" : -7.09,
    "netProfit" : -7.09
  }, {
    "date" : "2013-06-30",
    "sales" : 90.36,
    "salesGrowthYoY" : 4.75,
    "grossProfitMargin" : 41.57,
    "grossProfit" : 37.56,
    "operatingProfitMargin" : -0.06,
    "operatingProfit" : -0.05,
    "netProfitMargin" : -3.56,
    "netProfit" : -3.22
  }, {
    "date" : "2013-09-30",
    "sales" : 118.01,
    "salesGrowthYoY" : 16.51,
    "grossProfitMargin" : 44.90,
    "grossProfit" : 52.99,
    "operatingProfitMargin" : 10.19,
    "operatingProfit" : 12.03,
    "netProfitMargin" : 6.07,
    "netProfit" : 7.16
  }, {
    "date" : "2013-12-31",
    "sales" : 132.49,
    "salesGrowthYoY" : 31.74,
    "grossProfitMargin" : 41.33,
    "grossProfit" : 54.76,
    "operatingProfitMargin" : 13.26,
    "operatingProfit" : 17.57,
    "netProfitMargin" : 4.79,
    "netProfit" : 6.35
  }, {
    "date" : "2014-03-31",
    "sales" : 76.00,
    "salesGrowthYoY" : -24.03,
    "grossProfitMargin" : 53.54,
    "grossProfit" : 40.69,
    "operatingProfitMargin" : 5.04,
    "operatingProfit" : 3.83,
    "netProfitMargin" : -7.53,
    "netProfit" : -5.72
  }, {
    "date" : "2014-06-30",
    "sales" : 100.39,
    "salesGrowthYoY" : 11.10,
    "grossProfitMargin" : 40.78,
    "grossProfit" : 40.94,
    "operatingProfitMargin" : 10.97,
    "operatingProfit" : 11.01,
    "netProfitMargin" : 0.08,
    "netProfit" : 0.08
  }, {
    "date" : "2014-09-30",
    "sales" : 95.31,
    "salesGrowthYoY" : -19.24,
    "grossProfitMargin" : 45.22,
    "grossProfit" : 43.10,
    "operatingProfitMargin" : 12.97,
    "operatingProfit" : 12.36,
    "netProfitMargin" : 0.78,
    "netProfit" : 0.74
  }, {
    "date" : "2014-12-31",
    "sales" : 119.98,
    "salesGrowthYoY" : -9.44,
    "grossProfitMargin" : 39.36,
    "grossProfit" : 47.22,
    "operatingProfitMargin" : 11.85,
    "operatingProfit" : 14.22,
    "netProfitMargin" : 2.72,
    "netProfit" : 3.26
  }, {
    "date" : "2015-03-31",
    "sales" : 94.03,
    "salesGrowthYoY" : 23.72,
    "grossProfitMargin" : 41.84,
    "grossProfit" : 39.34,
    "operatingProfitMargin" : 7.28,
    "operatingProfit" : 6.85,
    "netProfitMargin" : 1.75,
    "netProfit" : 1.65
  }, {
    "date" : "2015-06-30",
    "sales" : 66.61,
    "salesGrowthYoY" : -33.65,
    "grossProfitMargin" : 33.01,
    "grossProfit" : 21.99,
    "operatingProfitMargin" : -0.23,
    "operatingProfit" : -0.15,
    "netProfitMargin" : -8.17,
    "netProfit" : -5.44
  }, {
    "date" : "2015-09-30",
    "sales" : 99.98,
    "salesGrowthYoY" : 4.90,
    "grossProfitMargin" : 31.43,
    "grossProfit" : 31.42,
    "operatingProfitMargin" : -0.26,
    "operatingProfit" : -0.26,
    "netProfitMargin" : -6.00,
    "netProfit" : -6.00
  }, {
    "date" : "2015-12-31",
    "sales" : 102.98,
    "salesGrowthYoY" : -14.17,
    "grossProfitMargin" : 35.41,
    "grossProfit" : 36.47,
    "operatingProfitMargin" : 14.58,
    "operatingProfit" : 15.01,
    "netProfitMargin" : 7.22,
    "netProfit" : 7.44
  }, {
    "date" : "2016-03-31",
    "sales" : 87.66,
    "salesGrowthYoY" : -6.77,
    "grossProfitMargin" : 44.65,
    "grossProfit" : 39.14,
    "operatingProfitMargin" : 12.34,
    "operatingProfit" : 10.82,
    "netProfitMargin" : 5.89,
    "netProfit" : 5.16
  }, {
    "date" : "2016-06-30",
    "sales" : 90.13,
    "salesGrowthYoY" : 35.31,
    "grossProfitMargin" : 43.18,
    "grossProfit" : 38.92,
    "operatingProfitMargin" : 10.53,
    "operatingProfit" : 9.49,
    "netProfitMargin" : 2.75,
    "netProfit" : 2.48
  }, {
    "date" : "2016-09-30",
    "sales" : 88.03,
    "salesGrowthYoY" : -11.95,
    "grossProfitMargin" : 34.26,
    "grossProfit" : 30.16,
    "operatingProfitMargin" : 8.17,
    "operatingProfit" : 7.19,
    "netProfitMargin" : 0.59,
    "netProfit" : 0.52
  }, {
    "date" : "2016-12-31",
    "sales" : 111.79,
    "salesGrowthYoY" : 8.56,
    "grossProfitMargin" : 30.98,
    "grossProfit" : 34.63,
    "operatingProfitMargin" : 6.72,
    "operatingProfit" : 7.51,
    "netProfitMargin" : 0.23,
    "netProfit" : 0.26
  }, {
    "date" : "2017-03-31",
    "sales" : 120.96,
    "salesGrowthYoY" : 37.99,
    "grossProfitMargin" : 39.64,
    "grossProfit" : 47.95,
    "operatingProfitMargin" : -16.13,
    "operatingProfit" : -19.51,
    "netProfitMargin" : -2.50,
    "netProfit" : -3.02
  }, {
    "date" : "2017-06-30",
    "sales" : 105.87,
    "salesGrowthYoY" : 17.46,
    "grossProfitMargin" : 40.92,
    "grossProfit" : 43.32,
    "operatingProfitMargin" : 6.15,
    "operatingProfit" : 6.51,
    "netProfitMargin" : 2.20,
    "netProfit" : 2.33
  }, {
    "date" : "2017-09-30",
    "sales" : 112.44,
    "salesGrowthYoY" : 27.73,
    "grossProfitMargin" : 31.29,
    "grossProfit" : 35.18,
    "operatingProfitMargin" : 5.51,
    "operatingProfit" : 6.20,
    "netProfitMargin" : 0.24,
    "netProfit" : 0.27
  }, {
    "date" : "2017-12-31",
    "sales" : 124.23,
    "salesGrowthYoY" : 11.13,
    "grossProfitMargin" : 26.33,
    "grossProfit" : 32.71,
    "operatingProfitMargin" : 5.22,
    "operatingProfit" : 6.48,
    "netProfitMargin" : 1.13,
    "netProfit" : 1.40
  }, {
    "date" : "2018-03-31",
    "sales" : 145.56,
    "salesGrowthYoY" : 20.34,
    "grossProfitMargin" : 34.23,
    "grossProfit" : 49.83,
    "operatingProfitMargin" : 10.35,
    "operatingProfit" : 15.07,
    "netProfitMargin" : 4.81,
    "netProfit" : 7.00
  }, {
    "date" : "2018-06-30",
    "sales" : 141.47,
    "salesGrowthYoY" : 33.63,
    "grossProfitMargin" : 29.91,
    "grossProfit" : 42.31,
    "operatingProfitMargin" : 9.86,
    "operatingProfit" : 13.95,
    "netProfitMargin" : 4.45,
    "netProfit" : 6.30
  }, {
    "date" : "2018-09-30",
    "sales" : 136.69,
    "salesGrowthYoY" : 21.57,
    "grossProfitMargin" : 31.29,
    "grossProfit" : 42.77,
    "operatingProfitMargin" : 10.07,
    "operatingProfit" : 13.76,
    "netProfitMargin" : 6.58,
    "netProfit" : 8.99
  }, {
    "date" : "2018-12-31",
    "sales" : 178.70,
    "salesGrowthYoY" : 43.85,
    "grossProfitMargin" : 29.68,
    "grossProfit" : 53.04,
    "operatingProfitMargin" : 11.01,
    "operatingProfit" : 19.67,
    "netProfitMargin" : 2.82,
    "netProfit" : 5.04
  }, {
    "date" : "2019-03-31",
    "sales" : 183.51,
    "salesGrowthYoY" : 26.07,
    "grossProfitMargin" : 30.73,
    "grossProfit" : 56.39,
    "operatingProfitMargin" : 9.44,
    "operatingProfit" : 17.32,
    "netProfitMargin" : 3.95,
    "netProfit" : 7.25
  }, {
    "date" : "2019-06-30",
    "sales" : 167.56,
    "salesGrowthYoY" : 18.44,
    "grossProfitMargin" : 37.88,
    "grossProfit" : 63.47,
    "operatingProfitMargin" : 9.03,
    "operatingProfit" : 15.13,
    "netProfitMargin" : 2.66,
    "netProfit" : 4.46
  }, {
    "date" : "2019-09-30",
    "sales" : 121.68,
    "salesGrowthYoY" : -10.98,
    "grossProfitMargin" : 44.87,
    "grossProfit" : 54.60,
    "operatingProfitMargin" : 9.61,
    "operatingProfit" : 11.69,
    "netProfitMargin" : 3.47,
    "netProfit" : 4.22
  }, {
    "date" : "2019-12-31",
    "sales" : 151.62,
    "salesGrowthYoY" : -15.15,
    "grossProfitMargin" : 33.18,
    "grossProfit" : 50.31,
    "operatingProfitMargin" : 3.43,
    "operatingProfit" : 5.20,
    "netProfitMargin" : 1.53,
    "netProfit" : 2.32
  }, {
    "date" : "2020-03-31",
    "sales" : 106.64,
    "salesGrowthYoY" : -41.89,
    "grossProfitMargin" : 50.62,
    "grossProfit" : 53.98,
    "operatingProfitMargin" : 8.57,
    "operatingProfit" : 9.14,
    "netProfitMargin" : 4.48,
    "netProfit" : 4.78
  }, {
    "date" : "2020-06-30",
    "sales" : 131.01,
    "salesGrowthYoY" : -21.81,
    "grossProfitMargin" : 43.23,
    "grossProfit" : 56.64,
    "operatingProfitMargin" : 16.11,
    "operatingProfit" : 21.11,
    "netProfitMargin" : 7.81,
    "netProfit" : 10.23
  }, {
    "date" : "2020-09-30",
    "sales" : 163.35,
    "salesGrowthYoY" : 34.25,
    "grossProfitMargin" : 40.14,
    "grossProfit" : 65.57,
    "operatingProfitMargin" : 13.57,
    "operatingProfit" : 22.17,
    "netProfitMargin" : 6.95,
    "netProfit" : 11.35
  }, {
    "date" : "2020-12-31",
    "sales" : 172.29,
    "salesGrowthYoY" : 13.63,
    "grossProfitMargin" : 41.23,
    "grossProfit" : 71.04,
    "operatingProfitMargin" : 15.93,
    "operatingProfit" : 27.45,
    "netProfitMargin" : 9.08,
    "netProfit" : 15.64
  }, {
    "date" : "2021-03-31",
    "sales" : 209.76,
    "salesGrowthYoY" : 96.70,
    "grossProfitMargin" : 37.23,
    "grossProfit" : 78.09,
    "operatingProfitMargin" : 11.26,
    "operatingProfit" : 23.62,
    "netProfitMargin" : 6.35,
    "netProfit" : 13.32
  }, {
    "date" : "2021-06-30",
    "sales" : 208.41,
    "salesGrowthYoY" : 59.08,
    "grossProfitMargin" : 40.67,
    "grossProfit" : 84.76,
    "operatingProfitMargin" : 16.56,
    "operatingProfit" : 34.51,
    "netProfitMargin" : 10.51,
    "netProfit" : 21.90
  }, {
    "date" : "2021-09-30",
    "sales" : 208.44,
    "salesGrowthYoY" : 27.60,
    "grossProfitMargin" : 40.48,
    "grossProfit" : 84.38,
    "operatingProfitMargin" : 14.83,
    "operatingProfit" : 30.91,
    "netProfitMargin" : 8.58,
    "netProfit" : 17.88
  }, {
    "date" : "2021-12-31",
    "sales" : 255.04,
    "salesGrowthYoY" : 48.03,
    "grossProfitMargin" : 36.96,
    "grossProfit" : 94.26,
    "operatingProfitMargin" : 14.63,
    "operatingProfit" : 37.31,
    "netProfitMargin" : 8.80,
    "netProfit" : 22.44
  }, {
    "date" : "2022-03-31",
    "sales" : 258.68,
    "salesGrowthYoY" : 23.32,
    "grossProfitMargin" : 37.80,
    "grossProfit" : 97.78,
    "operatingProfitMargin" : 13.43,
    "operatingProfit" : 34.74,
    "netProfitMargin" : 7.18,
    "netProfit" : 18.57
  }, {
    "date" : "2022-06-30",
    "sales" : 271.73,
    "salesGrowthYoY" : 30.38,
    "grossProfitMargin" : 36.99,
    "grossProfit" : 100.51,
    "operatingProfitMargin" : 13.29,
    "operatingProfit" : 36.11,
    "netProfitMargin" : 7.73,
    "netProfit" : 21.00
  }, {
    "date" : "2022-09-30",
    "sales" : 277.84,
    "salesGrowthYoY" : 33.29,
    "grossProfitMargin" : 35.32,
    "grossProfit" : 98.13,
    "operatingProfitMargin" : 11.42,
    "operatingProfit" : 31.73,
    "netProfitMargin" : 6.71,
    "netProfit" : 18.64
  }, {
    "date" : "2022-12-31",
    "sales" : 259.52,
    "salesGrowthYoY" : 1.76,
    "grossProfitMargin" : 36.11,
    "grossProfit" : 93.71,
    "operatingProfitMargin" : 12.61,
    "operatingProfit" : 32.73,
    "netProfitMargin" : 7.07,
    "netProfit" : 18.35
  }, {
    "date" : "2023-03-31",
    "sales" : 194.64,
    "salesGrowthYoY" : -24.76,
    "grossProfitMargin" : 38.65,
    "grossProfit" : 75.23,
    "operatingProfitMargin" : 10.78,
    "operatingProfit" : 20.98,
    "netProfitMargin" : 1.51,
    "netProfit" : 2.94
  }, {
    "date" : "2023-06-30",
    "sales" : 280.33,
    "salesGrowthYoY" : 3.16,
    "grossProfitMargin" : 35.03,
    "grossProfit" : 98.20,
    "operatingProfitMargin" : 13.36,
    "operatingProfit" : 37.45,
    "netProfitMargin" : 7.69,
    "netProfit" : 21.56
  }, {
    "date" : "2023-09-30",
    "sales" : 241.10,
    "salesGrowthYoY" : -13.22,
    "grossProfitMargin" : 40.34,
    "grossProfit" : 97.26,
    "operatingProfitMargin" : 14.46,
    "operatingProfit" : 34.86,
    "netProfitMargin" : 7.42,
    "netProfit" : 17.89
  }, {
    "date" : "2023-12-31",
    "sales" : 213.02,
    "salesGrowthYoY" : -17.92,
    "grossProfitMargin" : 41.06,
    "grossProfit" : 87.47,
    "operatingProfitMargin" : 11.85,
    "operatingProfit" : 25.24,
    "netProfitMargin" : 5.51,
    "netProfit" : 11.74
  }, {
    "date" : "2024-03-31",
    "sales" : 196.10,
    "salesGrowthYoY" : 0.75,
    "grossProfitMargin" : 38.34,
    "grossProfit" : 75.18,
    "operatingProfitMargin" : 7.05,
    "operatingProfit" : 13.83,
    "netProfitMargin" : 1.67,
    "netProfit" : 3.27
  }, {
    "date" : "2024-06-30",
    "sales" : 241.79,
    "salesGrowthYoY" : -13.75,
    "grossProfitMargin" : 38.74,
    "grossProfit" : 93.67,
    "operatingProfitMargin" : 11.50,
    "operatingProfit" : 27.81,
    "netProfitMargin" : 5.58,
    "netProfit" : 13.49
  }, {
    "date" : "2024-09-30",
    "sales" : 241.54,
    "salesGrowthYoY" : 0.18,
    "grossProfitMargin" : 39.12,
    "grossProfit" : 94.49,
    "operatingProfitMargin" : 10.57,
    "operatingProfit" : 25.53,
    "netProfitMargin" : 5.03,
    "netProfit" : 12.15
  }, {
    "date" : "2024-12-31",
    "sales" : 213.58,
    "salesGrowthYoY" : 0.26,
    "grossProfitMargin" : 39.96,
    "grossProfit" : 85.35,
    "operatingProfitMargin" : 9.16,
    "operatingProfit" : 19.56,
    "netProfitMargin" : 3.11,
    "netProfit" : 6.64
  }, {
    "date" : "2025-03-31",
    "sales" : 201.47,
    "salesGrowthYoY" : 2.74,
    "grossProfitMargin" : 43.26,
    "grossProfit" : 87.16,
    "operatingProfitMargin" : 12.43,
    "operatingProfit" : 25.04,
    "netProfitMargin" : 5.05,
    "netProfit" : 10.17
  }, {
    "date" : "2025-06-30",
    "sales" : 318.59,
    "salesGrowthYoY" : 31.76,
    "grossProfitMargin" : 32.87,
    "grossProfit" : 104.72,
    "operatingProfitMargin" : 10.68,
    "operatingProfit" : 34.03,
    "netProfitMargin" : 6.30,
    "netProfit" : 20.07
  }, {
    "date" : "2025-09-30",
    "sales" : 253.76,
    "salesGrowthYoY" : 5.06,
    "grossProfitMargin" : 39.14,
    "grossProfit" : 99.32,
    "operatingProfitMargin" : 9.97,
    "operatingProfit" : 25.30,
    "netProfitMargin" : 6.85,
    "netProfit" : 17.38
  }, {
    "date" : "2025-12-31",
    "sales" : 245.92,
    "salesGrowthYoY" : 15.14,
    "grossProfitMargin" : 41.75,
    "grossProfit" : 102.67,
    "operatingProfitMargin" : 11.99,
    "operatingProfit" : 29.49,
    "netProfitMargin" : 6.32,
    "netProfit" : 15.54
  } ],
  "latestQuarterlyResult" : {
    "date" : "2025-12-31",
    "sales" : 245.92,
    "salesGrowthYoY" : 15.14,
    "grossProfitMargin" : 41.75,
    "grossProfit" : 102.67,
    "operatingProfitMargin" : 11.99,
    "operatingProfit" : 29.49,
    "netProfitMargin" : 6.32,
    "netProfit" : 15.54
  },
  "companyScore" : {
    "priceHigherThanDma50" : 0.00,
    "priceHigherThanDma100" : 0.00,
    "priceHigherThanDma200" : 0.00,
    "dma50HigherThanDma100" : 0.00,
    "dma50HigherThanDma200" : 0.00,
    "dma100HigherThanDma200" : 5.00,
    "pricePercentageAboveDma50" : 5.33,
    "pricePercentageAboveDma100" : 5.62,
    "pricePercentageAboveDma200" : 5.40,
    "weeklyVolumeHigherThanYearlyVolume" : 0.00,
    "salesGrowthPercentile" : 11.75,
    "operatingProfitMarginPercentile" : 16.62,
    "netProfitMarginPercentile" : 7.90,
    "totalTechnicalScore" : 21.35,
    "totalFundamentalScore" : 36.27,
    "totalScore" : 57.62
  }
}