{
  "metadata" : {
    "screenerCompanyId" : "2602",
    "companyCode" : "PURVA",
    "companyName" : "Puravankara",
    "screenerCompanyLink" : "https://www.screener.in/company/PURVA",
    "screenerTechnicalHistoryLink" : "https://www.screener.in/api/company/2602/chart/?q=Price-DMA50-DMA200-Volume&days=365",
    "screenerQuarterlyResultsLink" : "https://www.screener.in/api/company/2602/chart/?q=GPM-OPM-NPM-Quarter+Sales&days=10000",
    "attributes" : {
      "companyCode" : "PURVA",
      "companyName" : "Puravankara",
      "marketCap" : 5873.00,
      "peRatio" : 0.00,
      "description" : "Company is in the business of development and sale of real estate. Projects in metro cities like Bengaluru, Hyderabad, Chennai, Kolkata, Mumbai, Pune and Goa. Company has completed 43 million square feet covering 74 projects. [1]"
    },
    "companyScore" : {
      "priceHigherThanDma50" : 0.00,
      "priceHigherThanDma100" : 0.00,
      "priceHigherThanDma200" : 0.00,
      "dma50HigherThanDma100" : 0.00,
      "dma50HigherThanDma200" : 0.00,
      "dma100HigherThanDma200" : 0.00,
      "pricePercentageAboveDma50" : 5.30,
      "pricePercentageAboveDma100" : 5.49,
      "pricePercentageAboveDma200" : 5.61,
      "weeklyVolumeHigherThanYearlyVolume" : 0.00,
      "salesGrowthPercentile" : 11.08,
      "operatingProfitMarginPercentile" : 8.16,
      "netProfitMarginPercentile" : 3.26,
      "totalTechnicalScore" : 16.39,
      "totalFundamentalScore" : 22.50,
      "totalScore" : 38.89
    }
  },
  "attributes" : {
    "companyCode" : "PURVA",
    "companyName" : "Puravankara",
    "marketCap" : 5873.00,
    "peRatio" : 0.00,
    "description" : "Company is in the business of development and sale of real estate. Projects in metro cities like Bengaluru, Hyderabad, Chennai, Kolkata, Mumbai, Pune and Goa. Company has completed 43 million square feet covering 74 projects. [1]"
  },
  "technicalHistory" : [ {
    "date" : "2024-11-26",
    "price" : 356.80,
    "dma50" : 397.18,
    "dma100" : null,
    "dma200" : 369.28,
    "volume" : 23682.00
  }, {
    "date" : "2024-11-27",
    "price" : 374.60,
    "dma50" : 396.29,
    "dma100" : null,
    "dma200" : 369.33,
    "volume" : 27285.00
  }, {
    "date" : "2024-11-28",
    "price" : 368.50,
    "dma50" : 395.20,
    "dma100" : null,
    "dma200" : 369.32,
    "volume" : 160453.00
  }, {
    "date" : "2024-11-29",
    "price" : 379.15,
    "dma50" : 394.57,
    "dma100" : null,
    "dma200" : 369.42,
    "volume" : 70816.00
  }, {
    "date" : "2024-12-02",
    "price" : 391.15,
    "dma50" : 394.44,
    "dma100" : null,
    "dma200" : 369.64,
    "volume" : 75300.00
  }, {
    "date" : "2024-12-03",
    "price" : 410.70,
    "dma50" : 395.08,
    "dma100" : null,
    "dma200" : 370.05,
    "volume" : 128015.00
  }, {
    "date" : "2024-12-04",
    "price" : 417.25,
    "dma50" : 395.95,
    "dma100" : null,
    "dma200" : 370.52,
    "volume" : 138244.00
  }, {
    "date" : "2024-12-05",
    "price" : 427.65,
    "dma50" : 397.19,
    "dma100" : null,
    "dma200" : 371.08,
    "volume" : 107623.00
  }, {
    "date" : "2024-12-06",
    "price" : 420.60,
    "dma50" : 398.11,
    "dma100" : null,
    "dma200" : 371.58,
    "volume" : 92205.00
  }, {
    "date" : "2024-12-09",
    "price" : 430.40,
    "dma50" : 399.37,
    "dma100" : null,
    "dma200" : 372.16,
    "volume" : 81711.00
  }, {
    "date" : "2024-12-10",
    "price" : 414.20,
    "dma50" : 399.95,
    "dma100" : null,
    "dma200" : 372.58,
    "volume" : 61178.00
  }, {
    "date" : "2024-12-11",
    "price" : 399.65,
    "dma50" : 399.94,
    "dma100" : null,
    "dma200" : 372.85,
    "volume" : 71426.00
  }, {
    "date" : "2024-12-12",
    "price" : 408.05,
    "dma50" : 400.26,
    "dma100" : null,
    "dma200" : 373.20,
    "volume" : 63776.00
  }, {
    "date" : "2024-12-13",
    "price" : 402.45,
    "dma50" : 400.35,
    "dma100" : null,
    "dma200" : 373.49,
    "volume" : 55395.00
  }, {
    "date" : "2024-12-16",
    "price" : 442.65,
    "dma50" : 402.01,
    "dma100" : null,
    "dma200" : 374.18,
    "volume" : 267384.00
  }, {
    "date" : "2024-12-17",
    "price" : 446.35,
    "dma50" : 403.74,
    "dma100" : null,
    "dma200" : 374.90,
    "volume" : 396681.00
  }, {
    "date" : "2024-12-18",
    "price" : 423.50,
    "dma50" : 404.52,
    "dma100" : null,
    "dma200" : 375.38,
    "volume" : 128965.00
  }, {
    "date" : "2024-12-19",
    "price" : 411.85,
    "dma50" : 404.81,
    "dma100" : null,
    "dma200" : 375.74,
    "volume" : 121452.00
  }, {
    "date" : "2024-12-20",
    "price" : 404.75,
    "dma50" : 404.80,
    "dma100" : null,
    "dma200" : 376.03,
    "volume" : 149599.00
  }, {
    "date" : "2024-12-23",
    "price" : 397.95,
    "dma50" : 404.54,
    "dma100" : null,
    "dma200" : 376.25,
    "volume" : 67223.00
  }, {
    "date" : "2024-12-24",
    "price" : 403.95,
    "dma50" : 404.51,
    "dma100" : null,
    "dma200" : 376.53,
    "volume" : 77233.00
  }, {
    "date" : "2024-12-26",
    "price" : 391.85,
    "dma50" : 404.02,
    "dma100" : null,
    "dma200" : 376.68,
    "volume" : 44419.00
  }, {
    "date" : "2024-12-27",
    "price" : 383.90,
    "dma50" : 403.23,
    "dma100" : null,
    "dma200" : 376.75,
    "volume" : 81447.00
  }, {
    "date" : "2024-12-30",
    "price" : 385.75,
    "dma50" : 402.54,
    "dma100" : null,
    "dma200" : 376.84,
    "volume" : 52147.00
  }, {
    "date" : "2024-12-31",
    "price" : 379.95,
    "dma50" : 401.66,
    "dma100" : null,
    "dma200" : 376.87,
    "volume" : 41861.00
  }, {
    "date" : "2025-01-01",
    "price" : 379.20,
    "dma50" : 400.78,
    "dma100" : null,
    "dma200" : 376.89,
    "volume" : 172154.00
  }, {
    "date" : "2025-01-02",
    "price" : 388.85,
    "dma50" : 400.31,
    "dma100" : null,
    "dma200" : 377.01,
    "volume" : 65811.00
  }, {
    "date" : "2025-01-03",
    "price" : 391.50,
    "dma50" : 399.96,
    "dma100" : null,
    "dma200" : 377.16,
    "volume" : 83051.00
  }, {
    "date" : "2025-01-06",
    "price" : 363.60,
    "dma50" : 398.54,
    "dma100" : null,
    "dma200" : 377.02,
    "volume" : 108720.00
  }, {
    "date" : "2025-01-07",
    "price" : 382.85,
    "dma50" : 397.92,
    "dma100" : null,
    "dma200" : 377.08,
    "volume" : 93309.00
  }, {
    "date" : "2025-01-08",
    "price" : 380.15,
    "dma50" : 397.22,
    "dma100" : null,
    "dma200" : 377.11,
    "volume" : 72067.00
  }, {
    "date" : "2025-01-09",
    "price" : 370.95,
    "dma50" : 396.19,
    "dma100" : null,
    "dma200" : 377.05,
    "volume" : 184239.00
  }, {
    "date" : "2025-01-10",
    "price" : 359.40,
    "dma50" : 394.75,
    "dma100" : null,
    "dma200" : 376.87,
    "volume" : 72505.00
  }, {
    "date" : "2025-01-13",
    "price" : 335.50,
    "dma50" : 392.43,
    "dma100" : null,
    "dma200" : 376.46,
    "volume" : 143292.00
  }, {
    "date" : "2025-01-14",
    "price" : 340.45,
    "dma50" : 390.39,
    "dma100" : null,
    "dma200" : 376.10,
    "volume" : 85957.00
  }, {
    "date" : "2025-01-15",
    "price" : 340.35,
    "dma50" : 388.43,
    "dma100" : null,
    "dma200" : 375.75,
    "volume" : 56407.00
  }, {
    "date" : "2025-01-16",
    "price" : 347.75,
    "dma50" : 386.83,
    "dma100" : null,
    "dma200" : 375.47,
    "volume" : 36935.00
  }, {
    "date" : "2025-01-17",
    "price" : 347.95,
    "dma50" : 385.31,
    "dma100" : null,
    "dma200" : 375.20,
    "volume" : 70083.00
  }, {
    "date" : "2025-01-20",
    "price" : 350.00,
    "dma50" : 383.92,
    "dma100" : null,
    "dma200" : 374.95,
    "volume" : 27954.00
  }, {
    "date" : "2025-01-21",
    "price" : 333.10,
    "dma50" : 381.93,
    "dma100" : null,
    "dma200" : 374.53,
    "volume" : 56026.00
  }, {
    "date" : "2025-01-22",
    "price" : 319.55,
    "dma50" : 379.48,
    "dma100" : null,
    "dma200" : 373.98,
    "volume" : 77281.00
  }, {
    "date" : "2025-01-23",
    "price" : 288.55,
    "dma50" : 375.92,
    "dma100" : null,
    "dma200" : 373.13,
    "volume" : 677085.00
  }, {
    "date" : "2025-01-24",
    "price" : 277.10,
    "dma50" : 372.04,
    "dma100" : null,
    "dma200" : 372.18,
    "volume" : 160477.00
  }, {
    "date" : "2025-01-27",
    "price" : 272.00,
    "dma50" : 368.12,
    "dma100" : null,
    "dma200" : 371.18,
    "volume" : 210678.00
  }, {
    "date" : "2025-01-28",
    "price" : 259.20,
    "dma50" : 363.85,
    "dma100" : null,
    "dma200" : 370.07,
    "volume" : 113421.00
  }, {
    "date" : "2025-01-29",
    "price" : 272.15,
    "dma50" : 360.25,
    "dma100" : null,
    "dma200" : 369.09,
    "volume" : 23313.00
  }, {
    "date" : "2025-01-30",
    "price" : 285.75,
    "dma50" : 357.33,
    "dma100" : null,
    "dma200" : 368.26,
    "volume" : 45264.00
  }, {
    "date" : "2025-01-31",
    "price" : 292.85,
    "dma50" : 354.80,
    "dma100" : null,
    "dma200" : 367.51,
    "volume" : 112661.00
  }, {
    "date" : "2025-02-01",
    "price" : 295.35,
    "dma50" : 352.47,
    "dma100" : null,
    "dma200" : 366.79,
    "volume" : 47465.00
  }, {
    "date" : "2025-02-03",
    "price" : 280.70,
    "dma50" : 349.66,
    "dma100" : null,
    "dma200" : 365.94,
    "volume" : 42234.00
  }, {
    "date" : "2025-02-04",
    "price" : 285.40,
    "dma50" : 347.14,
    "dma100" : null,
    "dma200" : 365.14,
    "volume" : 54365.00
  }, {
    "date" : "2025-02-05",
    "price" : 291.10,
    "dma50" : 344.94,
    "dma100" : null,
    "dma200" : 364.40,
    "volume" : 76070.00
  }, {
    "date" : "2025-02-06",
    "price" : 292.90,
    "dma50" : 342.90,
    "dma100" : null,
    "dma200" : 363.69,
    "volume" : 36142.00
  }, {
    "date" : "2025-02-07",
    "price" : 285.00,
    "dma50" : 340.63,
    "dma100" : null,
    "dma200" : 362.90,
    "volume" : 47114.00
  }, {
    "date" : "2025-02-10",
    "price" : 270.75,
    "dma50" : 337.89,
    "dma100" : null,
    "dma200" : 361.99,
    "volume" : 66504.00
  }, {
    "date" : "2025-02-11",
    "price" : 257.25,
    "dma50" : 334.72,
    "dma100" : null,
    "dma200" : 360.95,
    "volume" : 111089.00
  }, {
    "date" : "2025-02-12",
    "price" : 244.40,
    "dma50" : 331.18,
    "dma100" : null,
    "dma200" : 359.79,
    "volume" : 161832.00
  }, {
    "date" : "2025-02-13",
    "price" : 246.75,
    "dma50" : 327.87,
    "dma100" : null,
    "dma200" : 358.66,
    "volume" : 168560.00
  }, {
    "date" : "2025-02-14",
    "price" : 234.45,
    "dma50" : 324.21,
    "dma100" : null,
    "dma200" : 357.43,
    "volume" : 64401.00
  }, {
    "date" : "2025-02-17",
    "price" : 234.85,
    "dma50" : 320.70,
    "dma100" : null,
    "dma200" : 356.21,
    "volume" : 164238.00
  }, {
    "date" : "2025-02-18",
    "price" : 223.10,
    "dma50" : 316.88,
    "dma100" : null,
    "dma200" : 354.88,
    "volume" : 52596.00
  }, {
    "date" : "2025-02-19",
    "price" : 227.85,
    "dma50" : 313.38,
    "dma100" : null,
    "dma200" : 353.62,
    "volume" : 357763.00
  }, {
    "date" : "2025-02-20",
    "price" : 239.20,
    "dma50" : 310.48,
    "dma100" : null,
    "dma200" : 352.48,
    "volume" : 51661.00
  }, {
    "date" : "2025-02-21",
    "price" : 233.55,
    "dma50" : 307.46,
    "dma100" : null,
    "dma200" : 351.30,
    "volume" : 159782.00
  }, {
    "date" : "2025-02-24",
    "price" : 230.95,
    "dma50" : 304.46,
    "dma100" : null,
    "dma200" : 350.10,
    "volume" : 57018.00
  }, {
    "date" : "2025-02-25",
    "price" : 229.05,
    "dma50" : 301.50,
    "dma100" : null,
    "dma200" : 348.89,
    "volume" : 53377.00
  }, {
    "date" : "2025-02-27",
    "price" : 232.75,
    "dma50" : 298.80,
    "dma100" : null,
    "dma200" : 347.74,
    "volume" : 50882.00
  }, {
    "date" : "2025-02-28",
    "price" : 240.10,
    "dma50" : 296.50,
    "dma100" : null,
    "dma200" : 346.67,
    "volume" : 993281.00
  }, {
    "date" : "2025-03-03",
    "price" : 239.71,
    "dma50" : 294.28,
    "dma100" : null,
    "dma200" : 345.60,
    "volume" : 124612.00
  }, {
    "date" : "2025-03-04",
    "price" : 245.96,
    "dma50" : 292.38,
    "dma100" : null,
    "dma200" : 344.61,
    "volume" : 94439.00
  }, {
    "date" : "2025-03-05",
    "price" : 244.63,
    "dma50" : 290.51,
    "dma100" : null,
    "dma200" : 343.62,
    "volume" : 222576.00
  }, {
    "date" : "2025-03-06",
    "price" : 249.08,
    "dma50" : 288.88,
    "dma100" : null,
    "dma200" : 342.68,
    "volume" : 113032.00
  }, {
    "date" : "2025-03-07",
    "price" : 254.42,
    "dma50" : 287.53,
    "dma100" : null,
    "dma200" : 341.80,
    "volume" : 227720.00
  }, {
    "date" : "2025-03-10",
    "price" : 241.87,
    "dma50" : 285.74,
    "dma100" : null,
    "dma200" : 340.80,
    "volume" : 66780.00
  }, {
    "date" : "2025-03-11",
    "price" : 240.60,
    "dma50" : 283.97,
    "dma100" : null,
    "dma200" : 339.81,
    "volume" : 360880.00
  }, {
    "date" : "2025-03-12",
    "price" : 245.33,
    "dma50" : 282.46,
    "dma100" : null,
    "dma200" : 338.87,
    "volume" : 199495.00
  }, {
    "date" : "2025-03-13",
    "price" : 238.53,
    "dma50" : 280.73,
    "dma100" : null,
    "dma200" : 337.87,
    "volume" : 78098.00
  }, {
    "date" : "2025-03-17",
    "price" : 234.54,
    "dma50" : 278.92,
    "dma100" : null,
    "dma200" : 336.84,
    "volume" : 237938.00
  }, {
    "date" : "2025-03-18",
    "price" : 240.92,
    "dma50" : 277.43,
    "dma100" : null,
    "dma200" : 335.88,
    "volume" : 208034.00
  }, {
    "date" : "2025-03-19",
    "price" : 251.63,
    "dma50" : 276.42,
    "dma100" : null,
    "dma200" : 335.05,
    "volume" : 151098.00
  }, {
    "date" : "2025-03-20",
    "price" : 242.46,
    "dma50" : 275.09,
    "dma100" : null,
    "dma200" : 334.13,
    "volume" : 247685.00
  }, {
    "date" : "2025-03-21",
    "price" : 254.43,
    "dma50" : 274.28,
    "dma100" : null,
    "dma200" : 333.33,
    "volume" : 163239.00
  }, {
    "date" : "2025-03-24",
    "price" : 252.31,
    "dma50" : 273.42,
    "dma100" : null,
    "dma200" : 332.53,
    "volume" : 296862.00
  }, {
    "date" : "2025-03-25",
    "price" : 251.02,
    "dma50" : 272.54,
    "dma100" : null,
    "dma200" : 331.72,
    "volume" : 209598.00
  }, {
    "date" : "2025-03-26",
    "price" : 247.67,
    "dma50" : 271.56,
    "dma100" : null,
    "dma200" : 330.88,
    "volume" : 126401.00
  }, {
    "date" : "2025-03-27",
    "price" : 242.81,
    "dma50" : 270.44,
    "dma100" : null,
    "dma200" : 330.00,
    "volume" : 562497.00
  }, {
    "date" : "2025-03-28",
    "price" : 247.15,
    "dma50" : 269.52,
    "dma100" : null,
    "dma200" : 329.18,
    "volume" : 182115.00
  }, {
    "date" : "2025-04-01",
    "price" : 250.14,
    "dma50" : 268.76,
    "dma100" : null,
    "dma200" : 328.39,
    "volume" : 173948.00
  }, {
    "date" : "2025-04-02",
    "price" : 248.87,
    "dma50" : 267.98,
    "dma100" : null,
    "dma200" : 327.60,
    "volume" : 89784.00
  }, {
    "date" : "2025-04-03",
    "price" : 250.49,
    "dma50" : 267.30,
    "dma100" : null,
    "dma200" : 326.83,
    "volume" : 69984.00
  }, {
    "date" : "2025-04-04",
    "price" : 237.96,
    "dma50" : 266.15,
    "dma100" : null,
    "dma200" : 325.95,
    "volume" : 166917.00
  }, {
    "date" : "2025-04-07",
    "price" : 225.83,
    "dma50" : 264.56,
    "dma100" : null,
    "dma200" : 324.95,
    "volume" : 225476.00
  }, {
    "date" : "2025-04-08",
    "price" : 228.36,
    "dma50" : 263.14,
    "dma100" : null,
    "dma200" : 323.99,
    "volume" : 82027.00
  }, {
    "date" : "2025-04-09",
    "price" : 218.15,
    "dma50" : 261.38,
    "dma100" : null,
    "dma200" : 322.94,
    "volume" : 83005.00
  }, {
    "date" : "2025-04-11",
    "price" : 223.70,
    "dma50" : 259.90,
    "dma100" : null,
    "dma200" : 321.95,
    "volume" : 63318.00
  }, {
    "date" : "2025-04-15",
    "price" : 226.24,
    "dma50" : 258.58,
    "dma100" : null,
    "dma200" : 321.00,
    "volume" : 470465.00
  }, {
    "date" : "2025-04-16",
    "price" : 228.67,
    "dma50" : 257.41,
    "dma100" : null,
    "dma200" : 320.08,
    "volume" : 107437.00
  }, {
    "date" : "2025-04-17",
    "price" : 227.22,
    "dma50" : 256.23,
    "dma100" : null,
    "dma200" : 319.16,
    "volume" : 91036.00
  }, {
    "date" : "2025-04-21",
    "price" : 233.29,
    "dma50" : 255.33,
    "dma100" : null,
    "dma200" : 318.30,
    "volume" : 167568.00
  }, {
    "date" : "2025-04-22",
    "price" : 256.61,
    "dma50" : 255.38,
    "dma100" : null,
    "dma200" : 317.69,
    "volume" : 219354.00
  }, {
    "date" : "2025-04-23",
    "price" : 262.75,
    "dma50" : 255.67,
    "dma100" : 304.54,
    "dma200" : 317.14,
    "volume" : 584948.00
  }, {
    "date" : "2025-04-24",
    "price" : 261.37,
    "dma50" : 255.89,
    "dma100" : 303.41,
    "dma200" : 316.59,
    "volume" : 110394.00
  }, {
    "date" : "2025-04-25",
    "price" : 246.16,
    "dma50" : 255.51,
    "dma100" : 302.19,
    "dma200" : 315.89,
    "volume" : 117058.00
  }, {
    "date" : "2025-04-28",
    "price" : 244.01,
    "dma50" : 255.06,
    "dma100" : 300.84,
    "dma200" : 315.17,
    "volume" : 75948.00
  }, {
    "date" : "2025-04-29",
    "price" : 243.79,
    "dma50" : 254.62,
    "dma100" : 299.36,
    "dma200" : 314.46,
    "volume" : 54277.00
  }, {
    "date" : "2025-04-30",
    "price" : 233.04,
    "dma50" : 253.77,
    "dma100" : 297.59,
    "dma200" : 313.65,
    "volume" : 177584.00
  }, {
    "date" : "2025-05-02",
    "price" : 233.14,
    "dma50" : 252.96,
    "dma100" : 295.75,
    "dma200" : 312.85,
    "volume" : 94021.00
  }, {
    "date" : "2025-05-05",
    "price" : 234.76,
    "dma50" : 252.25,
    "dma100" : 293.82,
    "dma200" : 312.07,
    "volume" : 52585.00
  }, {
    "date" : "2025-05-06",
    "price" : 222.23,
    "dma50" : 251.07,
    "dma100" : 291.83,
    "dma200" : 311.18,
    "volume" : 124364.00
  }, {
    "date" : "2025-05-07",
    "price" : 220.20,
    "dma50" : 249.86,
    "dma100" : 289.73,
    "dma200" : 310.27,
    "volume" : 120290.00
  }, {
    "date" : "2025-05-08",
    "price" : 217.75,
    "dma50" : 248.60,
    "dma100" : 287.77,
    "dma200" : 309.35,
    "volume" : 79548.00
  }, {
    "date" : "2025-05-09",
    "price" : 218.20,
    "dma50" : 247.41,
    "dma100" : 285.95,
    "dma200" : 308.44,
    "volume" : 91995.00
  }, {
    "date" : "2025-05-12",
    "price" : 236.02,
    "dma50" : 246.96,
    "dma100" : 284.23,
    "dma200" : 307.72,
    "volume" : 183093.00
  }, {
    "date" : "2025-05-13",
    "price" : 233.66,
    "dma50" : 246.44,
    "dma100" : 282.54,
    "dma200" : 306.99,
    "volume" : 120022.00
  }, {
    "date" : "2025-05-14",
    "price" : 248.91,
    "dma50" : 246.54,
    "dma100" : 280.61,
    "dma200" : 306.41,
    "volume" : 253982.00
  }, {
    "date" : "2025-05-15",
    "price" : 245.46,
    "dma50" : 246.49,
    "dma100" : 278.60,
    "dma200" : 305.80,
    "volume" : 136959.00
  }, {
    "date" : "2025-05-16",
    "price" : 258.78,
    "dma50" : 246.98,
    "dma100" : 276.95,
    "dma200" : 305.33,
    "volume" : 240270.00
  }, {
    "date" : "2025-05-19",
    "price" : 259.15,
    "dma50" : 247.45,
    "dma100" : 275.42,
    "dma200" : 304.88,
    "volume" : 186379.00
  }, {
    "date" : "2025-05-20",
    "price" : 255.20,
    "dma50" : 247.76,
    "dma100" : 273.93,
    "dma200" : 304.38,
    "volume" : 97659.00
  }, {
    "date" : "2025-05-21",
    "price" : 252.82,
    "dma50" : 247.96,
    "dma100" : 272.48,
    "dma200" : 303.87,
    "volume" : 73923.00
  }, {
    "date" : "2025-05-22",
    "price" : 255.18,
    "dma50" : 248.24,
    "dma100" : 270.99,
    "dma200" : 303.38,
    "volume" : 46602.00
  }, {
    "date" : "2025-05-23",
    "price" : 253.24,
    "dma50" : 248.43,
    "dma100" : 269.60,
    "dma200" : 302.88,
    "volume" : 31807.00
  }, {
    "date" : "2025-05-26",
    "price" : 264.54,
    "dma50" : 249.07,
    "dma100" : 268.41,
    "dma200" : 302.50,
    "volume" : 197280.00
  }, {
    "date" : "2025-05-27",
    "price" : 261.97,
    "dma50" : 249.57,
    "dma100" : 267.17,
    "dma200" : 302.10,
    "volume" : 73048.00
  }, {
    "date" : "2025-05-28",
    "price" : 261.90,
    "dma50" : 250.06,
    "dma100" : 265.99,
    "dma200" : 301.70,
    "volume" : 74733.00
  }, {
    "date" : "2025-05-29",
    "price" : 257.55,
    "dma50" : 250.35,
    "dma100" : 264.77,
    "dma200" : 301.26,
    "volume" : 80848.00
  }, {
    "date" : "2025-05-30",
    "price" : 265.39,
    "dma50" : 250.94,
    "dma100" : 263.54,
    "dma200" : 300.90,
    "volume" : 265456.00
  }, {
    "date" : "2025-06-02",
    "price" : 243.30,
    "dma50" : 250.64,
    "dma100" : 262.06,
    "dma200" : 300.33,
    "volume" : 673576.00
  }, {
    "date" : "2025-06-03",
    "price" : 253.65,
    "dma50" : 250.76,
    "dma100" : 260.96,
    "dma200" : 299.87,
    "volume" : 276951.00
  }, {
    "date" : "2025-06-04",
    "price" : 279.00,
    "dma50" : 251.87,
    "dma100" : 259.92,
    "dma200" : 299.66,
    "volume" : 518057.00
  }, {
    "date" : "2025-06-05",
    "price" : 306.90,
    "dma50" : 254.02,
    "dma100" : 259.19,
    "dma200" : 299.73,
    "volume" : 1695823.00
  }, {
    "date" : "2025-06-06",
    "price" : 322.10,
    "dma50" : 256.69,
    "dma100" : 258.70,
    "dma200" : 299.95,
    "volume" : 1896568.00
  }, {
    "date" : "2025-06-09",
    "price" : 326.75,
    "dma50" : 259.44,
    "dma100" : 258.37,
    "dma200" : 300.22,
    "volume" : 688575.00
  }, {
    "date" : "2025-06-10",
    "price" : 318.35,
    "dma50" : 261.75,
    "dma100" : 258.20,
    "dma200" : 300.40,
    "volume" : 364183.00
  }, {
    "date" : "2025-06-11",
    "price" : 314.45,
    "dma50" : 263.82,
    "dma100" : 257.94,
    "dma200" : 300.54,
    "volume" : 184321.00
  }, {
    "date" : "2025-06-12",
    "price" : 304.90,
    "dma50" : 265.43,
    "dma100" : 257.59,
    "dma200" : 300.58,
    "volume" : 152037.00
  }, {
    "date" : "2025-06-13",
    "price" : 297.55,
    "dma50" : 266.69,
    "dma100" : 257.08,
    "dma200" : 300.55,
    "volume" : 146414.00
  }, {
    "date" : "2025-06-16",
    "price" : 296.30,
    "dma50" : 267.85,
    "dma100" : 256.57,
    "dma200" : 300.51,
    "volume" : 182530.00
  }, {
    "date" : "2025-06-17",
    "price" : 289.30,
    "dma50" : 268.69,
    "dma100" : 255.96,
    "dma200" : 300.40,
    "volume" : 263593.00
  }, {
    "date" : "2025-06-18",
    "price" : 279.95,
    "dma50" : 269.13,
    "dma100" : 255.43,
    "dma200" : 300.20,
    "volume" : 164005.00
  }, {
    "date" : "2025-06-19",
    "price" : 287.75,
    "dma50" : 269.86,
    "dma100" : 255.11,
    "dma200" : 300.07,
    "volume" : 3216072.00
  }, {
    "date" : "2025-06-20",
    "price" : 289.25,
    "dma50" : 270.62,
    "dma100" : 255.12,
    "dma200" : 299.96,
    "volume" : 360430.00
  }, {
    "date" : "2025-06-23",
    "price" : 284.60,
    "dma50" : 271.17,
    "dma100" : 255.19,
    "dma200" : 299.81,
    "volume" : 149408.00
  }, {
    "date" : "2025-06-24",
    "price" : 290.30,
    "dma50" : 271.92,
    "dma100" : 255.38,
    "dma200" : 299.72,
    "volume" : 433961.00
  }, {
    "date" : "2025-06-25",
    "price" : 293.85,
    "dma50" : 272.78,
    "dma100" : 255.72,
    "dma200" : 299.66,
    "volume" : 149187.00
  }, {
    "date" : "2025-06-26",
    "price" : 292.25,
    "dma50" : 273.54,
    "dma100" : 255.92,
    "dma200" : 299.58,
    "volume" : 288016.00
  }, {
    "date" : "2025-06-27",
    "price" : 289.05,
    "dma50" : 274.15,
    "dma100" : 255.96,
    "dma200" : 299.48,
    "volume" : 94448.00
  }, {
    "date" : "2025-06-30",
    "price" : 297.70,
    "dma50" : 275.08,
    "dma100" : 256.00,
    "dma200" : 299.46,
    "volume" : 207926.00
  }, {
    "date" : "2025-07-01",
    "price" : 293.55,
    "dma50" : 275.80,
    "dma100" : 255.99,
    "dma200" : 299.40,
    "volume" : 146532.00
  }, {
    "date" : "2025-07-02",
    "price" : 280.25,
    "dma50" : 275.97,
    "dma100" : 255.98,
    "dma200" : 299.21,
    "volume" : 263602.00
  }, {
    "date" : "2025-07-03",
    "price" : 280.55,
    "dma50" : 276.15,
    "dma100" : 255.93,
    "dma200" : 299.03,
    "volume" : 124395.00
  }, {
    "date" : "2025-07-04",
    "price" : 283.05,
    "dma50" : 276.42,
    "dma100" : 255.85,
    "dma200" : 298.87,
    "volume" : 72048.00
  }, {
    "date" : "2025-07-07",
    "price" : 293.25,
    "dma50" : 277.08,
    "dma100" : 255.86,
    "dma200" : 298.81,
    "volume" : 1103408.00
  }, {
    "date" : "2025-07-08",
    "price" : 287.25,
    "dma50" : 277.48,
    "dma100" : 255.88,
    "dma200" : 298.70,
    "volume" : 189267.00
  }, {
    "date" : "2025-07-09",
    "price" : 296.20,
    "dma50" : 278.22,
    "dma100" : 256.13,
    "dma200" : 298.67,
    "volume" : 471045.00
  }, {
    "date" : "2025-07-10",
    "price" : 290.85,
    "dma50" : 278.71,
    "dma100" : 256.47,
    "dma200" : 298.59,
    "volume" : 335743.00
  }, {
    "date" : "2025-07-11",
    "price" : 287.50,
    "dma50" : 279.06,
    "dma100" : 256.90,
    "dma200" : 298.48,
    "volume" : 272493.00
  }, {
    "date" : "2025-07-14",
    "price" : 283.60,
    "dma50" : 279.24,
    "dma100" : 257.27,
    "dma200" : 298.34,
    "volume" : 107624.00
  }, {
    "date" : "2025-07-15",
    "price" : 289.55,
    "dma50" : 279.64,
    "dma100" : 257.82,
    "dma200" : 298.25,
    "volume" : 135935.00
  }, {
    "date" : "2025-07-16",
    "price" : 289.55,
    "dma50" : 280.03,
    "dma100" : 258.37,
    "dma200" : 298.16,
    "volume" : 99016.00
  }, {
    "date" : "2025-07-17",
    "price" : 292.00,
    "dma50" : 280.50,
    "dma100" : 259.06,
    "dma200" : 298.10,
    "volume" : 209818.00
  }, {
    "date" : "2025-07-18",
    "price" : 287.30,
    "dma50" : 280.76,
    "dma100" : 259.65,
    "dma200" : 297.99,
    "volume" : 79443.00
  }, {
    "date" : "2025-07-21",
    "price" : 286.15,
    "dma50" : 280.98,
    "dma100" : 260.12,
    "dma200" : 297.88,
    "volume" : 69639.00
  }, {
    "date" : "2025-07-22",
    "price" : 286.25,
    "dma50" : 281.18,
    "dma100" : 260.65,
    "dma200" : 297.76,
    "volume" : 154961.00
  }, {
    "date" : "2025-07-23",
    "price" : 285.25,
    "dma50" : 281.34,
    "dma100" : 261.19,
    "dma200" : 297.64,
    "volume" : 62386.00
  }, {
    "date" : "2025-07-24",
    "price" : 281.25,
    "dma50" : 281.34,
    "dma100" : 261.71,
    "dma200" : 297.47,
    "volume" : 89814.00
  }, {
    "date" : "2025-07-25",
    "price" : 274.35,
    "dma50" : 281.06,
    "dma100" : 262.13,
    "dma200" : 297.24,
    "volume" : 122194.00
  }, {
    "date" : "2025-07-28",
    "price" : 263.20,
    "dma50" : 280.36,
    "dma100" : 262.36,
    "dma200" : 296.90,
    "volume" : 101972.00
  }, {
    "date" : "2025-07-29",
    "price" : 291.70,
    "dma50" : 280.81,
    "dma100" : 262.88,
    "dma200" : 296.85,
    "volume" : 3276517.00
  }, {
    "date" : "2025-07-30",
    "price" : 290.50,
    "dma50" : 281.19,
    "dma100" : 263.32,
    "dma200" : 296.79,
    "volume" : 232987.00
  }, {
    "date" : "2025-07-31",
    "price" : 289.85,
    "dma50" : 281.53,
    "dma100" : 263.78,
    "dma200" : 296.72,
    "volume" : 95451.00
  }, {
    "date" : "2025-08-01",
    "price" : 286.40,
    "dma50" : 281.72,
    "dma100" : 264.15,
    "dma200" : 296.62,
    "volume" : 85417.00
  }, {
    "date" : "2025-08-04",
    "price" : 293.05,
    "dma50" : 282.16,
    "dma100" : 264.54,
    "dma200" : 296.58,
    "volume" : 115792.00
  }, {
    "date" : "2025-08-05",
    "price" : 282.90,
    "dma50" : 282.19,
    "dma100" : 264.95,
    "dma200" : 296.44,
    "volume" : 126569.00
  }, {
    "date" : "2025-08-06",
    "price" : 277.90,
    "dma50" : 282.02,
    "dma100" : 265.32,
    "dma200" : 296.26,
    "volume" : 113235.00
  }, {
    "date" : "2025-08-07",
    "price" : 272.05,
    "dma50" : 281.63,
    "dma100" : 265.59,
    "dma200" : 296.02,
    "volume" : 137478.00
  }, {
    "date" : "2025-08-08",
    "price" : 266.75,
    "dma50" : 281.05,
    "dma100" : 265.87,
    "dma200" : 295.73,
    "volume" : 135803.00
  }, {
    "date" : "2025-08-11",
    "price" : 258.85,
    "dma50" : 280.18,
    "dma100" : 266.11,
    "dma200" : 295.36,
    "volume" : 245429.00
  }, {
    "date" : "2025-08-12",
    "price" : 261.15,
    "dma50" : 279.43,
    "dma100" : 266.31,
    "dma200" : 295.02,
    "volume" : 1352106.00
  }, {
    "date" : "2025-08-13",
    "price" : 288.85,
    "dma50" : 279.80,
    "dma100" : 266.69,
    "dma200" : 294.96,
    "volume" : 968042.00
  }, {
    "date" : "2025-08-14",
    "price" : 286.65,
    "dma50" : 280.07,
    "dma100" : 267.13,
    "dma200" : 294.88,
    "volume" : 707618.00
  }, {
    "date" : "2025-08-18",
    "price" : 285.85,
    "dma50" : 280.30,
    "dma100" : 267.44,
    "dma200" : 294.79,
    "volume" : 143828.00
  }, {
    "date" : "2025-08-19",
    "price" : 289.35,
    "dma50" : 280.65,
    "dma100" : 267.81,
    "dma200" : 294.73,
    "volume" : 228942.00
  }, {
    "date" : "2025-08-20",
    "price" : 287.25,
    "dma50" : 280.91,
    "dma100" : 268.18,
    "dma200" : 294.66,
    "volume" : 166545.00
  }, {
    "date" : "2025-08-21",
    "price" : 286.95,
    "dma50" : 281.15,
    "dma100" : 268.57,
    "dma200" : 294.58,
    "volume" : 586756.00
  }, {
    "date" : "2025-08-22",
    "price" : 288.45,
    "dma50" : 281.43,
    "dma100" : 269.02,
    "dma200" : 294.52,
    "volume" : 106805.00
  }, {
    "date" : "2025-08-25",
    "price" : 288.75,
    "dma50" : 281.72,
    "dma100" : 269.44,
    "dma200" : 294.46,
    "volume" : 86967.00
  }, {
    "date" : "2025-08-26",
    "price" : 280.80,
    "dma50" : 281.68,
    "dma100" : 269.75,
    "dma200" : 294.33,
    "volume" : 176365.00
  }, {
    "date" : "2025-08-28",
    "price" : 286.85,
    "dma50" : 281.89,
    "dma100" : 270.13,
    "dma200" : 294.25,
    "volume" : 284340.00
  }, {
    "date" : "2025-08-29",
    "price" : 287.60,
    "dma50" : 282.11,
    "dma100" : 270.50,
    "dma200" : 294.19,
    "volume" : 106867.00
  }, {
    "date" : "2025-09-01",
    "price" : 285.50,
    "dma50" : 282.24,
    "dma100" : 270.97,
    "dma200" : 294.10,
    "volume" : 71257.00
  }, {
    "date" : "2025-09-02",
    "price" : 290.45,
    "dma50" : 282.57,
    "dma100" : 271.62,
    "dma200" : 294.06,
    "volume" : 1083782.00
  }, {
    "date" : "2025-09-03",
    "price" : 291.80,
    "dma50" : 282.93,
    "dma100" : 272.25,
    "dma200" : 294.04,
    "volume" : 135054.00
  }, {
    "date" : "2025-09-04",
    "price" : 289.55,
    "dma50" : 283.19,
    "dma100" : 272.97,
    "dma200" : 294.00,
    "volume" : 174954.00
  }, {
    "date" : "2025-09-05",
    "price" : 288.70,
    "dma50" : 283.40,
    "dma100" : 273.62,
    "dma200" : 293.94,
    "volume" : 115851.00
  }, {
    "date" : "2025-09-08",
    "price" : 285.70,
    "dma50" : 283.49,
    "dma100" : 274.21,
    "dma200" : 293.86,
    "volume" : 66468.00
  }, {
    "date" : "2025-09-09",
    "price" : 284.95,
    "dma50" : 283.55,
    "dma100" : 274.78,
    "dma200" : 293.77,
    "volume" : 67235.00
  }, {
    "date" : "2025-09-10",
    "price" : 286.00,
    "dma50" : 283.65,
    "dma100" : 275.36,
    "dma200" : 293.70,
    "volume" : 140604.00
  }, {
    "date" : "2025-09-11",
    "price" : 284.30,
    "dma50" : 283.67,
    "dma100" : 275.87,
    "dma200" : 293.60,
    "volume" : 50089.00
  }, {
    "date" : "2025-09-12",
    "price" : 277.30,
    "dma50" : 283.42,
    "dma100" : 276.08,
    "dma200" : 293.44,
    "volume" : 117079.00
  }, {
    "date" : "2025-09-15",
    "price" : 270.65,
    "dma50" : 282.92,
    "dma100" : 276.16,
    "dma200" : 293.21,
    "volume" : 331525.00
  }, {
    "date" : "2025-09-16",
    "price" : 268.80,
    "dma50" : 282.37,
    "dma100" : 276.23,
    "dma200" : 292.97,
    "volume" : 168948.00
  }, {
    "date" : "2025-09-17",
    "price" : 264.90,
    "dma50" : 281.68,
    "dma100" : 276.42,
    "dma200" : 292.69,
    "volume" : 335148.00
  }, {
    "date" : "2025-09-18",
    "price" : 273.00,
    "dma50" : 281.34,
    "dma100" : 276.71,
    "dma200" : 292.50,
    "volume" : 513197.00
  }, {
    "date" : "2025-09-19",
    "price" : 273.60,
    "dma50" : 281.04,
    "dma100" : 277.01,
    "dma200" : 292.31,
    "volume" : 206038.00
  }, {
    "date" : "2025-09-22",
    "price" : 270.45,
    "dma50" : 280.62,
    "dma100" : 277.38,
    "dma200" : 292.09,
    "volume" : 168335.00
  }, {
    "date" : "2025-09-23",
    "price" : 273.00,
    "dma50" : 280.32,
    "dma100" : 277.78,
    "dma200" : 291.90,
    "volume" : 153787.00
  }, {
    "date" : "2025-09-24",
    "price" : 268.15,
    "dma50" : 279.85,
    "dma100" : 278.12,
    "dma200" : 291.66,
    "volume" : 98281.00
  }, {
    "date" : "2025-09-25",
    "price" : 264.80,
    "dma50" : 279.26,
    "dma100" : 278.54,
    "dma200" : 291.40,
    "volume" : 156378.00
  }, {
    "date" : "2025-09-26",
    "price" : 261.20,
    "dma50" : 278.55,
    "dma100" : 278.95,
    "dma200" : 291.10,
    "volume" : 105989.00
  }, {
    "date" : "2025-09-29",
    "price" : 269.60,
    "dma50" : 278.20,
    "dma100" : 279.47,
    "dma200" : 290.88,
    "volume" : 595266.00
  }, {
    "date" : "2025-09-30",
    "price" : 263.25,
    "dma50" : 277.61,
    "dma100" : 279.92,
    "dma200" : 290.61,
    "volume" : 90360.00
  }, {
    "date" : "2025-10-01",
    "price" : 268.55,
    "dma50" : 277.26,
    "dma100" : 280.25,
    "dma200" : 290.39,
    "volume" : 82006.00
  }, {
    "date" : "2025-10-03",
    "price" : 267.20,
    "dma50" : 276.86,
    "dma100" : 280.58,
    "dma200" : 290.16,
    "volume" : 50528.00
  }, {
    "date" : "2025-10-06",
    "price" : 266.95,
    "dma50" : 276.47,
    "dma100" : 280.76,
    "dma200" : 289.93,
    "volume" : 53810.00
  }, {
    "date" : "2025-10-07",
    "price" : 264.15,
    "dma50" : 275.99,
    "dma100" : 280.95,
    "dma200" : 289.67,
    "volume" : 98973.00
  }, {
    "date" : "2025-10-08",
    "price" : 258.85,
    "dma50" : 275.32,
    "dma100" : 280.95,
    "dma200" : 289.36,
    "volume" : 122688.00
  }, {
    "date" : "2025-10-09",
    "price" : 247.45,
    "dma50" : 274.23,
    "dma100" : 280.83,
    "dma200" : 288.95,
    "volume" : 237044.00
  }, {
    "date" : "2025-10-10",
    "price" : 250.00,
    "dma50" : 273.28,
    "dma100" : 280.78,
    "dma200" : 288.56,
    "volume" : 285809.00
  }, {
    "date" : "2025-10-13",
    "price" : 255.05,
    "dma50" : 272.56,
    "dma100" : 280.80,
    "dma200" : 288.22,
    "volume" : 120990.00
  }, {
    "date" : "2025-10-14",
    "price" : 255.50,
    "dma50" : 271.89,
    "dma100" : 280.81,
    "dma200" : 287.90,
    "volume" : 148194.00
  }, {
    "date" : "2025-10-15",
    "price" : 253.70,
    "dma50" : 271.18,
    "dma100" : 280.81,
    "dma200" : 287.56,
    "volume" : 169246.00
  }, {
    "date" : "2025-10-16",
    "price" : 267.30,
    "dma50" : 271.03,
    "dma100" : 280.84,
    "dma200" : 287.36,
    "volume" : 950335.00
  }, {
    "date" : "2025-10-17",
    "price" : 267.20,
    "dma50" : 270.88,
    "dma100" : 280.89,
    "dma200" : 287.16,
    "volume" : 162697.00
  }, {
    "date" : "2025-10-20",
    "price" : 269.60,
    "dma50" : 270.83,
    "dma100" : 280.97,
    "dma200" : 286.98,
    "volume" : 155521.00
  }, {
    "date" : "2025-10-21",
    "price" : 270.80,
    "dma50" : 270.82,
    "dma100" : 281.10,
    "dma200" : 286.82,
    "volume" : 52637.00
  }, {
    "date" : "2025-10-23",
    "price" : 280.35,
    "dma50" : 271.20,
    "dma100" : 281.25,
    "dma200" : 286.76,
    "volume" : 427414.00
  }, {
    "date" : "2025-10-24",
    "price" : 280.70,
    "dma50" : 271.57,
    "dma100" : 281.62,
    "dma200" : 286.70,
    "volume" : 145562.00
  }, {
    "date" : "2025-10-27",
    "price" : 272.50,
    "dma50" : 271.61,
    "dma100" : 281.81,
    "dma200" : 286.56,
    "volume" : 362376.00
  }, {
    "date" : "2025-10-28",
    "price" : 270.55,
    "dma50" : 271.57,
    "dma100" : 281.73,
    "dma200" : 286.40,
    "volume" : 75763.00
  }, {
    "date" : "2025-10-29",
    "price" : 269.65,
    "dma50" : 271.49,
    "dma100" : 281.35,
    "dma200" : 286.23,
    "volume" : 71790.00
  }, {
    "date" : "2025-10-30",
    "price" : 272.40,
    "dma50" : 271.53,
    "dma100" : 280.86,
    "dma200" : 286.09,
    "volume" : 68009.00
  }, {
    "date" : "2025-10-31",
    "price" : 268.35,
    "dma50" : 271.40,
    "dma100" : 280.27,
    "dma200" : 285.92,
    "volume" : 73521.00
  }, {
    "date" : "2025-11-03",
    "price" : 268.70,
    "dma50" : 271.30,
    "dma100" : 279.78,
    "dma200" : 285.74,
    "volume" : 137261.00
  }, {
    "date" : "2025-11-04",
    "price" : 267.45,
    "dma50" : 271.15,
    "dma100" : 279.31,
    "dma200" : 285.56,
    "volume" : 94525.00
  }, {
    "date" : "2025-11-06",
    "price" : 260.20,
    "dma50" : 270.72,
    "dma100" : 278.86,
    "dma200" : 285.31,
    "volume" : 56232.00
  }, {
    "date" : "2025-11-07",
    "price" : 256.35,
    "dma50" : 270.15,
    "dma100" : 278.45,
    "dma200" : 285.02,
    "volume" : 64982.00
  }, {
    "date" : "2025-11-10",
    "price" : 253.85,
    "dma50" : 269.51,
    "dma100" : 278.02,
    "dma200" : 284.71,
    "volume" : 115044.00
  }, {
    "date" : "2025-11-11",
    "price" : 254.15,
    "dma50" : 268.91,
    "dma100" : 277.67,
    "dma200" : 284.41,
    "volume" : 43015.00
  }, {
    "date" : "2025-11-12",
    "price" : 259.10,
    "dma50" : 268.53,
    "dma100" : 277.46,
    "dma200" : 284.16,
    "volume" : 97959.00
  }, {
    "date" : "2025-11-13",
    "price" : 260.40,
    "dma50" : 268.21,
    "dma100" : 277.19,
    "dma200" : 283.92,
    "volume" : 81170.00
  }, {
    "date" : "2025-11-14",
    "price" : 260.15,
    "dma50" : 267.89,
    "dma100" : 276.90,
    "dma200" : 283.68,
    "volume" : 35678.00
  }, {
    "date" : "2025-11-17",
    "price" : 254.10,
    "dma50" : 267.35,
    "dma100" : 276.59,
    "dma200" : 283.39,
    "volume" : 172855.00
  }, {
    "date" : "2025-11-18",
    "price" : 251.95,
    "dma50" : 266.75,
    "dma100" : 276.21,
    "dma200" : 283.08,
    "volume" : 90247.00
  }, {
    "date" : "2025-11-19",
    "price" : 247.30,
    "dma50" : 265.98,
    "dma100" : 275.74,
    "dma200" : 282.72,
    "volume" : 158171.00
  }, {
    "date" : "2025-11-20",
    "price" : 245.70,
    "dma50" : 265.19,
    "dma100" : 275.28,
    "dma200" : 282.35,
    "volume" : 125598.00
  }, {
    "date" : "2025-11-21",
    "price" : 242.65,
    "dma50" : 264.30,
    "dma100" : 274.82,
    "dma200" : 281.96,
    "volume" : 57107.00
  }, {
    "date" : "2025-11-24",
    "price" : 246.00,
    "dma50" : 263.59,
    "dma100" : 274.30,
    "dma200" : 281.60,
    "volume" : 118132.00
  }, {
    "date" : "2025-11-25",
    "price" : 247.15,
    "dma50" : 262.94,
    "dma100" : 273.83,
    "dma200" : 281.26,
    "volume" : 46101.00
  } ],
  "latestTechnicalAttributes" : {
    "date" : "2025-11-25",
    "price" : 247.15,
    "dma50" : 262.94,
    "dma100" : 273.83,
    "dma200" : 281.26,
    "volume" : 46101.00
  },
  "quarterlyResults" : [ {
    "date" : "2006-06-30",
    "sales" : 94.22,
    "salesGrowthYoY" : null,
    "grossProfitMargin" : 100.00,
    "grossProfit" : 94.22,
    "operatingProfitMargin" : 32.28,
    "operatingProfit" : 30.41,
    "netProfitMargin" : 26.34,
    "netProfit" : 24.82
  }, {
    "date" : "2006-09-30",
    "sales" : 97.34,
    "salesGrowthYoY" : null,
    "grossProfitMargin" : 100.00,
    "grossProfit" : 97.34,
    "operatingProfitMargin" : 29.67,
    "operatingProfit" : 28.88,
    "netProfitMargin" : 26.96,
    "netProfit" : 26.24
  }, {
    "date" : "2006-12-31",
    "sales" : 84.35,
    "salesGrowthYoY" : null,
    "grossProfitMargin" : -51.88,
    "grossProfit" : -43.76,
    "operatingProfitMargin" : 33.09,
    "operatingProfit" : 27.91,
    "netProfitMargin" : 26.53,
    "netProfit" : 22.38
  }, {
    "date" : "2007-03-31",
    "sales" : 140.95,
    "salesGrowthYoY" : null,
    "grossProfitMargin" : 48.56,
    "grossProfit" : 68.45,
    "operatingProfitMargin" : 34.78,
    "operatingProfit" : 49.02,
    "netProfitMargin" : 29.65,
    "netProfit" : 41.79
  }, {
    "date" : "2007-06-30",
    "sales" : 120.40,
    "salesGrowthYoY" : 27.79,
    "grossProfitMargin" : 100.00,
    "grossProfit" : 120.40,
    "operatingProfitMargin" : 33.30,
    "operatingProfit" : 40.09,
    "netProfitMargin" : 29.60,
    "netProfit" : 35.64
  }, {
    "date" : "2007-09-30",
    "sales" : 141.01,
    "salesGrowthYoY" : 44.86,
    "grossProfitMargin" : 62.36,
    "grossProfit" : 87.93,
    "operatingProfitMargin" : 41.82,
    "operatingProfit" : 58.97,
    "netProfitMargin" : 38.22,
    "netProfit" : 53.89
  }, {
    "date" : "2007-12-31",
    "sales" : 150.52,
    "salesGrowthYoY" : 78.45,
    "grossProfitMargin" : 63.43,
    "grossProfit" : 95.47,
    "operatingProfitMargin" : 39.38,
    "operatingProfit" : 59.27,
    "netProfitMargin" : 37.54,
    "netProfit" : 56.51
  }, {
    "date" : "2008-03-31",
    "sales" : 153.88,
    "salesGrowthYoY" : 9.17,
    "grossProfitMargin" : 62.02,
    "grossProfit" : 95.44,
    "operatingProfitMargin" : 35.35,
    "operatingProfit" : 54.40,
    "netProfitMargin" : 42.19,
    "netProfit" : 64.92
  }, {
    "date" : "2008-06-30",
    "sales" : 157.58,
    "salesGrowthYoY" : 30.88,
    "grossProfitMargin" : 65.31,
    "grossProfit" : 102.92,
    "operatingProfitMargin" : 38.55,
    "operatingProfit" : 60.75,
    "netProfitMargin" : 36.96,
    "netProfit" : 58.24
  }, {
    "date" : "2008-09-30",
    "sales" : 139.37,
    "salesGrowthYoY" : -1.16,
    "grossProfitMargin" : 98.21,
    "grossProfit" : 136.88,
    "operatingProfitMargin" : 35.08,
    "operatingProfit" : 48.89,
    "netProfitMargin" : 33.77,
    "netProfit" : 47.07
  }, {
    "date" : "2008-12-31",
    "sales" : 79.37,
    "salesGrowthYoY" : -47.27,
    "grossProfitMargin" : 58.78,
    "grossProfit" : 46.65,
    "operatingProfitMargin" : 20.80,
    "operatingProfit" : 16.51,
    "netProfitMargin" : 18.51,
    "netProfit" : 14.69
  }, {
    "date" : "2009-03-31",
    "sales" : 68.59,
    "salesGrowthYoY" : -55.43,
    "grossProfitMargin" : 60.88,
    "grossProfit" : 41.76,
    "operatingProfitMargin" : 20.63,
    "operatingProfit" : 14.15,
    "netProfitMargin" : 18.88,
    "netProfit" : 12.95
  }, {
    "date" : "2009-06-30",
    "sales" : 55.97,
    "salesGrowthYoY" : -64.48,
    "grossProfitMargin" : 69.75,
    "grossProfit" : 39.04,
    "operatingProfitMargin" : 21.17,
    "operatingProfit" : 11.85,
    "netProfitMargin" : 19.03,
    "netProfit" : 10.65
  }, {
    "date" : "2009-09-30",
    "sales" : 226.39,
    "salesGrowthYoY" : 62.44,
    "grossProfitMargin" : 99.39,
    "grossProfit" : 225.01,
    "operatingProfitMargin" : 42.21,
    "operatingProfit" : 95.56,
    "netProfitMargin" : 28.40,
    "netProfit" : 64.29
  }, {
    "date" : "2009-12-31",
    "sales" : 111.71,
    "salesGrowthYoY" : 40.75,
    "grossProfitMargin" : 104.83,
    "grossProfit" : 117.11,
    "operatingProfitMargin" : 26.74,
    "operatingProfit" : 29.87,
    "netProfitMargin" : 23.10,
    "netProfit" : 25.81
  }, {
    "date" : "2010-03-31",
    "sales" : 109.75,
    "salesGrowthYoY" : 60.01,
    "grossProfitMargin" : 99.76,
    "grossProfit" : 109.49,
    "operatingProfitMargin" : 35.10,
    "operatingProfit" : 38.52,
    "netProfitMargin" : 32.64,
    "netProfit" : 35.82
  }, {
    "date" : "2010-06-30",
    "sales" : 95.06,
    "salesGrowthYoY" : 69.84,
    "grossProfitMargin" : 66.03,
    "grossProfit" : 62.77,
    "operatingProfitMargin" : 36.43,
    "operatingProfit" : 34.63,
    "netProfitMargin" : 32.59,
    "netProfit" : 30.98
  }, {
    "date" : "2010-09-30",
    "sales" : 115.72,
    "salesGrowthYoY" : -48.88,
    "grossProfitMargin" : 57.53,
    "grossProfit" : 66.57,
    "operatingProfitMargin" : 25.79,
    "operatingProfit" : 29.84,
    "netProfitMargin" : 24.22,
    "netProfit" : 28.03
  }, {
    "date" : "2010-12-31",
    "sales" : 103.69,
    "salesGrowthYoY" : -7.18,
    "grossProfitMargin" : 49.21,
    "grossProfit" : 51.03,
    "operatingProfitMargin" : 16.97,
    "operatingProfit" : 17.60,
    "netProfitMargin" : 15.03,
    "netProfit" : 15.58
  }, {
    "date" : "2011-03-31",
    "sales" : 99.80,
    "salesGrowthYoY" : -9.07,
    "grossProfitMargin" : 149.52,
    "grossProfit" : 149.22,
    "operatingProfitMargin" : 51.59,
    "operatingProfit" : 51.49,
    "netProfitMargin" : 9.28,
    "netProfit" : 9.26
  }, {
    "date" : "2011-06-30",
    "sales" : 138.47,
    "salesGrowthYoY" : 45.67,
    "grossProfitMargin" : 69.36,
    "grossProfit" : 96.04,
    "operatingProfitMargin" : 50.00,
    "operatingProfit" : 69.23,
    "netProfitMargin" : 12.38,
    "netProfit" : 17.14
  }, {
    "date" : "2011-09-30",
    "sales" : 124.58,
    "salesGrowthYoY" : 7.66,
    "grossProfitMargin" : 66.88,
    "grossProfit" : 83.32,
    "operatingProfitMargin" : 45.46,
    "operatingProfit" : 56.63,
    "netProfitMargin" : 5.43,
    "netProfit" : 6.76
  }, {
    "date" : "2011-12-31",
    "sales" : 120.18,
    "salesGrowthYoY" : 15.90,
    "grossProfitMargin" : 74.92,
    "grossProfit" : 90.04,
    "operatingProfitMargin" : 50.65,
    "operatingProfit" : 60.87,
    "netProfitMargin" : 9.57,
    "netProfit" : 11.50
  }, {
    "date" : "2012-03-31",
    "sales" : 144.39,
    "salesGrowthYoY" : 44.68,
    "grossProfitMargin" : 72.26,
    "grossProfit" : 104.34,
    "operatingProfitMargin" : 52.90,
    "operatingProfit" : 76.38,
    "netProfitMargin" : 8.30,
    "netProfit" : 11.98
  }, {
    "date" : "2012-06-30",
    "sales" : 163.44,
    "salesGrowthYoY" : 18.03,
    "grossProfitMargin" : 71.66,
    "grossProfit" : 117.12,
    "operatingProfitMargin" : 51.63,
    "operatingProfit" : 84.38,
    "netProfitMargin" : 14.71,
    "netProfit" : 24.04
  }, {
    "date" : "2012-09-30",
    "sales" : 183.98,
    "salesGrowthYoY" : 47.68,
    "grossProfitMargin" : 69.89,
    "grossProfit" : 128.58,
    "operatingProfitMargin" : 50.52,
    "operatingProfit" : 92.95,
    "netProfitMargin" : 13.68,
    "netProfit" : 25.17
  }, {
    "date" : "2012-12-31",
    "sales" : 211.97,
    "salesGrowthYoY" : 76.38,
    "grossProfitMargin" : 73.04,
    "grossProfit" : 154.82,
    "operatingProfitMargin" : 51.88,
    "operatingProfit" : 109.97,
    "netProfitMargin" : 15.75,
    "netProfit" : 33.39
  }, {
    "date" : "2013-03-31",
    "sales" : 255.87,
    "salesGrowthYoY" : 77.21,
    "grossProfitMargin" : 56.09,
    "grossProfit" : 143.52,
    "operatingProfitMargin" : 40.34,
    "operatingProfit" : 103.22,
    "netProfitMargin" : 11.60,
    "netProfit" : 29.68
  }, {
    "date" : "2013-06-30",
    "sales" : 253.29,
    "salesGrowthYoY" : 54.97,
    "grossProfitMargin" : 63.08,
    "grossProfit" : 159.78,
    "operatingProfitMargin" : 38.35,
    "operatingProfit" : 97.14,
    "netProfitMargin" : 11.70,
    "netProfit" : 29.63
  }, {
    "date" : "2013-09-30",
    "sales" : 201.56,
    "salesGrowthYoY" : 9.56,
    "grossProfitMargin" : 59.75,
    "grossProfit" : 120.43,
    "operatingProfitMargin" : 38.53,
    "operatingProfit" : 77.66,
    "netProfitMargin" : 11.08,
    "netProfit" : 22.33
  }, {
    "date" : "2013-12-31",
    "sales" : 220.46,
    "salesGrowthYoY" : 4.01,
    "grossProfitMargin" : 52.51,
    "grossProfit" : 115.76,
    "operatingProfitMargin" : 30.36,
    "operatingProfit" : 66.93,
    "netProfitMargin" : 5.38,
    "netProfit" : 11.86
  }, {
    "date" : "2014-03-31",
    "sales" : 247.37,
    "salesGrowthYoY" : -3.32,
    "grossProfitMargin" : 52.36,
    "grossProfit" : 129.52,
    "operatingProfitMargin" : 25.39,
    "operatingProfit" : 62.81,
    "netProfitMargin" : 17.06,
    "netProfit" : 42.20
  }, {
    "date" : "2014-06-30",
    "sales" : 339.82,
    "salesGrowthYoY" : 34.16,
    "grossProfitMargin" : 48.79,
    "grossProfit" : 165.80,
    "operatingProfitMargin" : 29.80,
    "operatingProfit" : 101.27,
    "netProfitMargin" : 11.37,
    "netProfit" : 38.64
  }, {
    "date" : "2014-09-30",
    "sales" : 283.58,
    "salesGrowthYoY" : 40.69,
    "grossProfitMargin" : 38.93,
    "grossProfit" : 110.40,
    "operatingProfitMargin" : 18.65,
    "operatingProfit" : 52.89,
    "netProfitMargin" : 2.12,
    "netProfit" : 6.01
  }, {
    "date" : "2014-12-31",
    "sales" : 283.41,
    "salesGrowthYoY" : 28.55,
    "grossProfitMargin" : 40.22,
    "grossProfit" : 113.99,
    "operatingProfitMargin" : 18.68,
    "operatingProfit" : 52.94,
    "netProfitMargin" : 11.55,
    "netProfit" : 32.73
  }, {
    "date" : "2015-03-31",
    "sales" : 298.53,
    "salesGrowthYoY" : 20.68,
    "grossProfitMargin" : 36.92,
    "grossProfit" : 110.22,
    "operatingProfitMargin" : 19.32,
    "operatingProfit" : 57.68,
    "netProfitMargin" : 2.66,
    "netProfit" : 7.94
  }, {
    "date" : "2015-06-30",
    "sales" : 361.12,
    "salesGrowthYoY" : 6.27,
    "grossProfitMargin" : 39.73,
    "grossProfit" : 143.47,
    "operatingProfitMargin" : 25.74,
    "operatingProfit" : 92.95,
    "netProfitMargin" : 8.25,
    "netProfit" : 29.79
  }, {
    "date" : "2015-09-30",
    "sales" : 200.03,
    "salesGrowthYoY" : -29.46,
    "grossProfitMargin" : 53.26,
    "grossProfit" : 106.54,
    "operatingProfitMargin" : 27.06,
    "operatingProfit" : 54.13,
    "netProfitMargin" : 21.12,
    "netProfit" : 42.25
  }, {
    "date" : "2015-12-31",
    "sales" : 256.78,
    "salesGrowthYoY" : -9.40,
    "grossProfitMargin" : 44.00,
    "grossProfit" : 112.98,
    "operatingProfitMargin" : 24.55,
    "operatingProfit" : 63.04,
    "netProfitMargin" : 4.91,
    "netProfit" : 12.61
  }, {
    "date" : "2016-03-31",
    "sales" : 197.76,
    "salesGrowthYoY" : -33.76,
    "grossProfitMargin" : 103.32,
    "grossProfit" : 204.33,
    "operatingProfitMargin" : 23.00,
    "operatingProfit" : 45.48,
    "netProfitMargin" : 4.09,
    "netProfit" : 8.09
  }, {
    "date" : "2016-06-30",
    "sales" : 216.20,
    "salesGrowthYoY" : -40.13,
    "grossProfitMargin" : 45.46,
    "grossProfit" : 98.28,
    "operatingProfitMargin" : 24.75,
    "operatingProfit" : 53.51,
    "netProfitMargin" : 0.75,
    "netProfit" : 1.62
  }, {
    "date" : "2016-09-30",
    "sales" : 298.50,
    "salesGrowthYoY" : 49.23,
    "grossProfitMargin" : 80.70,
    "grossProfit" : 240.89,
    "operatingProfitMargin" : 30.29,
    "operatingProfit" : 90.42,
    "netProfitMargin" : 15.40,
    "netProfit" : 45.97
  }, {
    "date" : "2016-12-31",
    "sales" : 199.65,
    "salesGrowthYoY" : -22.25,
    "grossProfitMargin" : 52.37,
    "grossProfit" : 104.56,
    "operatingProfitMargin" : 30.39,
    "operatingProfit" : 60.67,
    "netProfitMargin" : 3.68,
    "netProfit" : 7.35
  }, {
    "date" : "2017-03-31",
    "sales" : 262.12,
    "salesGrowthYoY" : 32.54,
    "grossProfitMargin" : 55.18,
    "grossProfit" : 144.64,
    "operatingProfitMargin" : 33.91,
    "operatingProfit" : 88.88,
    "netProfitMargin" : 15.21,
    "netProfit" : 39.87
  }, {
    "date" : "2017-06-30",
    "sales" : 214.66,
    "salesGrowthYoY" : -0.71,
    "grossProfitMargin" : 43.83,
    "grossProfit" : 94.09,
    "operatingProfitMargin" : 21.87,
    "operatingProfit" : 46.95,
    "netProfitMargin" : 3.31,
    "netProfit" : 7.11
  }, {
    "date" : "2017-09-30",
    "sales" : 246.06,
    "salesGrowthYoY" : -17.57,
    "grossProfitMargin" : 36.21,
    "grossProfit" : 89.10,
    "operatingProfitMargin" : 17.44,
    "operatingProfit" : 42.91,
    "netProfitMargin" : 18.32,
    "netProfit" : 45.08
  }, {
    "date" : "2017-12-31",
    "sales" : 248.98,
    "salesGrowthYoY" : 24.71,
    "grossProfitMargin" : 37.75,
    "grossProfit" : 93.99,
    "operatingProfitMargin" : 16.63,
    "operatingProfit" : 41.41,
    "netProfitMargin" : 0.64,
    "netProfit" : 1.59
  }, {
    "date" : "2018-03-31",
    "sales" : 175.90,
    "salesGrowthYoY" : -32.89,
    "grossProfitMargin" : 54.17,
    "grossProfit" : 95.29,
    "operatingProfitMargin" : 23.56,
    "operatingProfit" : 41.44,
    "netProfitMargin" : 13.34,
    "netProfit" : 23.47
  }, {
    "date" : "2018-06-30",
    "sales" : 269.43,
    "salesGrowthYoY" : 25.51,
    "grossProfitMargin" : 46.10,
    "grossProfit" : 124.21,
    "operatingProfitMargin" : 26.79,
    "operatingProfit" : 72.18,
    "netProfitMargin" : 8.03,
    "netProfit" : 21.64
  }, {
    "date" : "2018-09-30",
    "sales" : 327.31,
    "salesGrowthYoY" : 33.02,
    "grossProfitMargin" : 30.81,
    "grossProfit" : 100.84,
    "operatingProfitMargin" : 16.10,
    "operatingProfit" : 52.70,
    "netProfitMargin" : 4.79,
    "netProfit" : 15.68
  }, {
    "date" : "2018-12-31",
    "sales" : 427.16,
    "salesGrowthYoY" : 71.56,
    "grossProfitMargin" : 35.30,
    "grossProfit" : 150.79,
    "operatingProfitMargin" : 20.09,
    "operatingProfit" : 85.82,
    "netProfitMargin" : 5.34,
    "netProfit" : 22.81
  }, {
    "date" : "2019-03-31",
    "sales" : 448.01,
    "salesGrowthYoY" : 154.70,
    "grossProfitMargin" : 36.99,
    "grossProfit" : 165.72,
    "operatingProfitMargin" : 22.64,
    "operatingProfit" : 101.43,
    "netProfitMargin" : 7.06,
    "netProfit" : 31.63
  }, {
    "date" : "2019-06-30",
    "sales" : 261.60,
    "salesGrowthYoY" : -2.91,
    "grossProfitMargin" : 83.17,
    "grossProfit" : 217.57,
    "operatingProfitMargin" : 23.72,
    "operatingProfit" : 62.05,
    "netProfitMargin" : 0.94,
    "netProfit" : 2.46
  }, {
    "date" : "2019-09-30",
    "sales" : 366.03,
    "salesGrowthYoY" : 11.83,
    "grossProfitMargin" : 45.44,
    "grossProfit" : 166.32,
    "operatingProfitMargin" : 17.49,
    "operatingProfit" : 64.02,
    "netProfitMargin" : 4.14,
    "netProfit" : 15.15
  }, {
    "date" : "2019-12-31",
    "sales" : 373.22,
    "salesGrowthYoY" : -12.63,
    "grossProfitMargin" : 44.37,
    "grossProfit" : 165.60,
    "operatingProfitMargin" : 20.61,
    "operatingProfit" : 76.92,
    "netProfitMargin" : 3.06,
    "netProfit" : 11.42
  }, {
    "date" : "2020-03-31",
    "sales" : 270.51,
    "salesGrowthYoY" : -39.62,
    "grossProfitMargin" : 69.90,
    "grossProfit" : 189.09,
    "operatingProfitMargin" : 21.85,
    "operatingProfit" : 59.11,
    "netProfitMargin" : 0.56,
    "netProfit" : 1.51
  }, {
    "date" : "2020-06-30",
    "sales" : 141.04,
    "salesGrowthYoY" : -46.09,
    "grossProfitMargin" : 81.10,
    "grossProfit" : 114.38,
    "operatingProfitMargin" : 32.10,
    "operatingProfit" : 45.27,
    "netProfitMargin" : -7.20,
    "netProfit" : -10.15
  }, {
    "date" : "2020-09-30",
    "sales" : 147.22,
    "salesGrowthYoY" : -59.78,
    "grossProfitMargin" : 72.46,
    "grossProfit" : 106.68,
    "operatingProfitMargin" : 30.44,
    "operatingProfit" : 44.81,
    "netProfitMargin" : -7.78,
    "netProfit" : -11.45
  }, {
    "date" : "2020-12-31",
    "sales" : 139.78,
    "salesGrowthYoY" : -62.55,
    "grossProfitMargin" : 91.10,
    "grossProfit" : 127.34,
    "operatingProfitMargin" : 31.71,
    "operatingProfit" : 44.32,
    "netProfitMargin" : 9.77,
    "netProfit" : 13.66
  }, {
    "date" : "2021-03-31",
    "sales" : 135.91,
    "salesGrowthYoY" : -49.76,
    "grossProfitMargin" : 115.42,
    "grossProfit" : 156.87,
    "operatingProfitMargin" : 35.64,
    "operatingProfit" : 48.44,
    "netProfitMargin" : -1.29,
    "netProfit" : -1.75
  }, {
    "date" : "2021-06-30",
    "sales" : 424.06,
    "salesGrowthYoY" : 200.67,
    "grossProfitMargin" : 77.41,
    "grossProfit" : 328.26,
    "operatingProfitMargin" : 49.20,
    "operatingProfit" : 208.64,
    "netProfitMargin" : 39.46,
    "netProfit" : 167.33
  }, {
    "date" : "2021-09-30",
    "sales" : 121.93,
    "salesGrowthYoY" : -17.18,
    "grossProfitMargin" : 137.10,
    "grossProfit" : 167.17,
    "operatingProfitMargin" : 34.17,
    "operatingProfit" : 41.66,
    "netProfitMargin" : 1.63,
    "netProfit" : 1.99
  }, {
    "date" : "2021-12-31",
    "sales" : 74.34,
    "salesGrowthYoY" : -46.82,
    "grossProfitMargin" : 250.66,
    "grossProfit" : 186.34,
    "operatingProfitMargin" : 43.07,
    "operatingProfit" : 32.02,
    "netProfitMargin" : 4.30,
    "netProfit" : 3.20
  }, {
    "date" : "2022-03-31",
    "sales" : 109.98,
    "salesGrowthYoY" : -19.08,
    "grossProfitMargin" : 183.69,
    "grossProfit" : 202.02,
    "operatingProfitMargin" : 12.99,
    "operatingProfit" : 14.29,
    "netProfitMargin" : -5.86,
    "netProfit" : -6.44
  }, {
    "date" : "2022-06-30",
    "sales" : 98.32,
    "salesGrowthYoY" : -76.81,
    "grossProfitMargin" : 218.05,
    "grossProfit" : 214.39,
    "operatingProfitMargin" : 22.11,
    "operatingProfit" : 21.74,
    "netProfitMargin" : 78.57,
    "netProfit" : 77.25
  }, {
    "date" : "2022-09-30",
    "sales" : 54.91,
    "salesGrowthYoY" : -54.97,
    "grossProfitMargin" : 441.27,
    "grossProfit" : 242.30,
    "operatingProfitMargin" : 8.78,
    "operatingProfit" : 4.82,
    "netProfitMargin" : -43.11,
    "netProfit" : -23.67
  }, {
    "date" : "2022-12-31",
    "sales" : 246.49,
    "salesGrowthYoY" : 231.57,
    "grossProfitMargin" : 123.13,
    "grossProfit" : 303.50,
    "operatingProfitMargin" : 25.18,
    "operatingProfit" : 62.07,
    "netProfitMargin" : 9.81,
    "netProfit" : 24.18
  }, {
    "date" : "2023-03-31",
    "sales" : 248.52,
    "salesGrowthYoY" : 125.97,
    "grossProfitMargin" : 87.94,
    "grossProfit" : 218.55,
    "operatingProfitMargin" : -6.83,
    "operatingProfit" : -16.97,
    "netProfitMargin" : 14.68,
    "netProfit" : 36.48
  }, {
    "date" : "2023-06-30",
    "sales" : 175.27,
    "salesGrowthYoY" : 78.26,
    "grossProfitMargin" : 142.83,
    "grossProfit" : 250.34,
    "operatingProfitMargin" : 13.62,
    "operatingProfit" : 23.87,
    "netProfitMargin" : -7.07,
    "netProfit" : -12.39
  }, {
    "date" : "2023-09-30",
    "sales" : 187.05,
    "salesGrowthYoY" : 240.65,
    "grossProfitMargin" : 142.60,
    "grossProfit" : 266.73,
    "operatingProfitMargin" : 17.73,
    "operatingProfit" : 33.16,
    "netProfitMargin" : -5.72,
    "netProfit" : -10.70
  }, {
    "date" : "2023-12-31",
    "sales" : 313.19,
    "salesGrowthYoY" : 27.06,
    "grossProfitMargin" : 126.38,
    "grossProfit" : 395.81,
    "operatingProfitMargin" : 35.41,
    "operatingProfit" : 110.90,
    "netProfitMargin" : 16.01,
    "netProfit" : 50.14
  }, {
    "date" : "2024-03-31",
    "sales" : 430.20,
    "salesGrowthYoY" : 73.10,
    "grossProfitMargin" : 88.08,
    "grossProfit" : 378.92,
    "operatingProfitMargin" : -3.41,
    "operatingProfit" : -14.67,
    "netProfitMargin" : 1.51,
    "netProfit" : 6.50
  }, {
    "date" : "2024-06-30",
    "sales" : 297.86,
    "salesGrowthYoY" : 69.94,
    "grossProfitMargin" : 97.66,
    "grossProfit" : 290.89,
    "operatingProfitMargin" : 7.30,
    "operatingProfit" : 21.74,
    "netProfitMargin" : -5.06,
    "netProfit" : -15.07
  }, {
    "date" : "2024-09-30",
    "sales" : 275.37,
    "salesGrowthYoY" : 47.22,
    "grossProfitMargin" : 98.75,
    "grossProfit" : 271.93,
    "operatingProfitMargin" : 3.56,
    "operatingProfit" : 9.80,
    "netProfitMargin" : -9.18,
    "netProfit" : -25.28
  }, {
    "date" : "2024-12-31",
    "sales" : 189.06,
    "salesGrowthYoY" : -39.63,
    "grossProfitMargin" : 138.16,
    "grossProfit" : 261.21,
    "operatingProfitMargin" : -4.58,
    "operatingProfit" : -8.66,
    "netProfitMargin" : -26.00,
    "netProfit" : -49.16
  }, {
    "date" : "2025-03-31",
    "sales" : 155.21,
    "salesGrowthYoY" : -63.92,
    "grossProfitMargin" : 177.52,
    "grossProfit" : 275.53,
    "operatingProfitMargin" : -29.80,
    "operatingProfit" : -46.25,
    "netProfitMargin" : -48.90,
    "netProfit" : -75.90
  }, {
    "date" : "2025-06-30",
    "sales" : 126.16,
    "salesGrowthYoY" : -57.64,
    "grossProfitMargin" : 251.66,
    "grossProfit" : 317.49,
    "operatingProfitMargin" : -24.75,
    "operatingProfit" : -31.22,
    "netProfitMargin" : -54.02,
    "netProfit" : -68.15
  }, {
    "date" : "2025-09-30",
    "sales" : 334.40,
    "salesGrowthYoY" : 21.44,
    "grossProfitMargin" : 109.00,
    "grossProfit" : 364.50,
    "operatingProfitMargin" : 3.94,
    "operatingProfit" : 13.18,
    "netProfitMargin" : -10.83,
    "netProfit" : -36.22
  } ],
  "latestQuarterlyResult" : {
    "date" : "2025-09-30",
    "sales" : 334.40,
    "salesGrowthYoY" : 21.44,
    "grossProfitMargin" : 109.00,
    "grossProfit" : 364.50,
    "operatingProfitMargin" : 3.94,
    "operatingProfit" : 13.18,
    "netProfitMargin" : -10.83,
    "netProfit" : -36.22
  },
  "companyScore" : {
    "priceHigherThanDma50" : 0.00,
    "priceHigherThanDma100" : 0.00,
    "priceHigherThanDma200" : 0.00,
    "dma50HigherThanDma100" : 0.00,
    "dma50HigherThanDma200" : 0.00,
    "dma100HigherThanDma200" : 0.00,
    "pricePercentageAboveDma50" : 5.30,
    "pricePercentageAboveDma100" : 5.49,
    "pricePercentageAboveDma200" : 5.61,
    "weeklyVolumeHigherThanYearlyVolume" : 0.00,
    "salesGrowthPercentile" : 11.08,
    "operatingProfitMarginPercentile" : 8.16,
    "netProfitMarginPercentile" : 3.26,
    "totalTechnicalScore" : 16.39,
    "totalFundamentalScore" : 22.50,
    "totalScore" : 38.89
  }
}