{
  "metadata" : {
    "screenerCompanyId" : "2604",
    "companyCode" : "PVRINOX",
    "companyName" : "PVR Inox",
    "screenerCompanyLink" : "https://www.screener.in/company/PVRINOX",
    "screenerTechnicalHistoryLink" : "https://www.screener.in/api/company/2604/chart/?q=Price-DMA50-DMA200-Volume&days=365",
    "screenerQuarterlyResultsLink" : "https://www.screener.in/api/company/2604/chart/?q=GPM-OPM-NPM-Quarter+Sales&days=10000",
    "attributes" : {
      "companyCode" : "PVRINOX",
      "companyName" : "PVR Inox",
      "marketCap" : 10714.00,
      "peRatio" : 0.00,
      "description" : "PVR Limited (PVR) is India’s largest and most premium film exhibition company. It pioneered the multiplex revolution in India by establishing the first multiplex cinema in 1997 at New Delhi and continues to lead the market with relentless focus on innovation and operational excellence to democratise big‑screen movie experience. It currently operates a cinema network of 1763 screens across 111 cities and 355 cinemas with ~1.8 lakh seats. [1]"
    },
    "companyScore" : {
      "priceHigherThanDma50" : 0.00,
      "priceHigherThanDma100" : 0.00,
      "priceHigherThanDma200" : 0.00,
      "dma50HigherThanDma100" : 5.00,
      "dma50HigherThanDma200" : 0.00,
      "dma100HigherThanDma200" : 0.00,
      "pricePercentageAboveDma50" : 5.08,
      "pricePercentageAboveDma100" : 5.02,
      "pricePercentageAboveDma200" : 5.09,
      "weeklyVolumeHigherThanYearlyVolume" : 0.00,
      "salesGrowthPercentile" : 6.84,
      "operatingProfitMarginPercentile" : 19.97,
      "netProfitMarginPercentile" : 9.97,
      "totalTechnicalScore" : 20.20,
      "totalFundamentalScore" : 36.78,
      "totalScore" : 56.98
    }
  },
  "attributes" : {
    "companyCode" : "PVRINOX",
    "companyName" : "PVR Inox",
    "marketCap" : 10714.00,
    "peRatio" : 0.00,
    "description" : "PVR Limited (PVR) is India’s largest and most premium film exhibition company. It pioneered the multiplex revolution in India by establishing the first multiplex cinema in 1997 at New Delhi and continues to lead the market with relentless focus on innovation and operational excellence to democratise big‑screen movie experience. It currently operates a cinema network of 1763 screens across 111 cities and 355 cinemas with ~1.8 lakh seats. [1]"
  },
  "technicalHistory" : [ {
    "date" : "2024-12-09",
    "price" : 1480.10,
    "dma50" : 1533.39,
    "dma100" : null,
    "dma200" : 1513.06,
    "volume" : 1285693.00
  }, {
    "date" : "2024-12-10",
    "price" : 1492.30,
    "dma50" : 1531.78,
    "dma100" : null,
    "dma200" : 1512.85,
    "volume" : 684330.00
  }, {
    "date" : "2024-12-11",
    "price" : 1486.60,
    "dma50" : 1530.01,
    "dma100" : null,
    "dma200" : 1512.59,
    "volume" : 399197.00
  }, {
    "date" : "2024-12-12",
    "price" : 1459.65,
    "dma50" : 1527.25,
    "dma100" : null,
    "dma200" : 1512.06,
    "volume" : 442770.00
  }, {
    "date" : "2024-12-13",
    "price" : 1455.20,
    "dma50" : 1524.42,
    "dma100" : null,
    "dma200" : 1511.50,
    "volume" : 556463.00
  }, {
    "date" : "2024-12-16",
    "price" : 1474.35,
    "dma50" : 1522.46,
    "dma100" : null,
    "dma200" : 1511.13,
    "volume" : 486887.00
  }, {
    "date" : "2024-12-17",
    "price" : 1494.60,
    "dma50" : 1521.37,
    "dma100" : null,
    "dma200" : 1510.96,
    "volume" : 2089870.00
  }, {
    "date" : "2024-12-18",
    "price" : 1408.45,
    "dma50" : 1516.94,
    "dma100" : null,
    "dma200" : 1509.94,
    "volume" : 1918886.00
  }, {
    "date" : "2024-12-19",
    "price" : 1421.25,
    "dma50" : 1513.19,
    "dma100" : null,
    "dma200" : 1509.06,
    "volume" : 505798.00
  }, {
    "date" : "2024-12-20",
    "price" : 1382.10,
    "dma50" : 1508.05,
    "dma100" : null,
    "dma200" : 1507.80,
    "volume" : 553705.00
  }, {
    "date" : "2024-12-23",
    "price" : 1361.00,
    "dma50" : 1502.28,
    "dma100" : null,
    "dma200" : 1506.34,
    "volume" : 984917.00
  }, {
    "date" : "2024-12-24",
    "price" : 1373.85,
    "dma50" : 1497.24,
    "dma100" : null,
    "dma200" : 1505.02,
    "volume" : 539122.00
  }, {
    "date" : "2024-12-26",
    "price" : 1336.85,
    "dma50" : 1490.95,
    "dma100" : null,
    "dma200" : 1503.35,
    "volume" : 1053156.00
  }, {
    "date" : "2024-12-27",
    "price" : 1338.65,
    "dma50" : 1484.98,
    "dma100" : null,
    "dma200" : 1501.71,
    "volume" : 286963.00
  }, {
    "date" : "2024-12-30",
    "price" : 1310.00,
    "dma50" : 1478.12,
    "dma100" : null,
    "dma200" : 1499.80,
    "volume" : 451633.00
  }, {
    "date" : "2024-12-31",
    "price" : 1304.90,
    "dma50" : 1471.33,
    "dma100" : null,
    "dma200" : 1497.86,
    "volume" : 310147.00
  }, {
    "date" : "2025-01-01",
    "price" : 1317.25,
    "dma50" : 1465.28,
    "dma100" : null,
    "dma200" : 1496.06,
    "volume" : 221412.00
  }, {
    "date" : "2025-01-02",
    "price" : 1320.20,
    "dma50" : 1459.59,
    "dma100" : null,
    "dma200" : 1494.31,
    "volume" : 239309.00
  }, {
    "date" : "2025-01-03",
    "price" : 1302.15,
    "dma50" : 1453.42,
    "dma100" : null,
    "dma200" : 1492.40,
    "volume" : 266640.00
  }, {
    "date" : "2025-01-06",
    "price" : 1250.70,
    "dma50" : 1445.47,
    "dma100" : null,
    "dma200" : 1490.00,
    "volume" : 798374.00
  }, {
    "date" : "2025-01-07",
    "price" : 1222.70,
    "dma50" : 1436.73,
    "dma100" : null,
    "dma200" : 1487.34,
    "volume" : 3304472.00
  }, {
    "date" : "2025-01-08",
    "price" : 1177.70,
    "dma50" : 1426.58,
    "dma100" : null,
    "dma200" : 1484.26,
    "volume" : 1041274.00
  }, {
    "date" : "2025-01-09",
    "price" : 1161.60,
    "dma50" : 1416.18,
    "dma100" : null,
    "dma200" : 1481.05,
    "volume" : 879036.00
  }, {
    "date" : "2025-01-10",
    "price" : 1135.50,
    "dma50" : 1405.18,
    "dma100" : null,
    "dma200" : 1477.61,
    "volume" : 812678.00
  }, {
    "date" : "2025-01-13",
    "price" : 1077.95,
    "dma50" : 1392.34,
    "dma100" : null,
    "dma200" : 1473.63,
    "volume" : 832087.00
  }, {
    "date" : "2025-01-14",
    "price" : 1086.25,
    "dma50" : 1380.34,
    "dma100" : null,
    "dma200" : 1469.78,
    "volume" : 886670.00
  }, {
    "date" : "2025-01-15",
    "price" : 1084.55,
    "dma50" : 1368.74,
    "dma100" : null,
    "dma200" : 1465.94,
    "volume" : 722218.00
  }, {
    "date" : "2025-01-16",
    "price" : 1083.20,
    "dma50" : 1357.54,
    "dma100" : null,
    "dma200" : 1462.13,
    "volume" : 758423.00
  }, {
    "date" : "2025-01-17",
    "price" : 1102.20,
    "dma50" : 1347.53,
    "dma100" : null,
    "dma200" : 1458.55,
    "volume" : 492904.00
  }, {
    "date" : "2025-01-20",
    "price" : 1092.45,
    "dma50" : 1337.53,
    "dma100" : null,
    "dma200" : 1454.91,
    "volume" : 383312.00
  }, {
    "date" : "2025-01-21",
    "price" : 1077.40,
    "dma50" : 1327.33,
    "dma100" : null,
    "dma200" : 1451.15,
    "volume" : 578844.00
  }, {
    "date" : "2025-01-22",
    "price" : 1068.70,
    "dma50" : 1317.18,
    "dma100" : null,
    "dma200" : 1447.35,
    "volume" : 691826.00
  }, {
    "date" : "2025-01-23",
    "price" : 1092.80,
    "dma50" : 1308.38,
    "dma100" : null,
    "dma200" : 1443.82,
    "volume" : 462540.00
  }, {
    "date" : "2025-01-24",
    "price" : 1064.10,
    "dma50" : 1298.80,
    "dma100" : null,
    "dma200" : 1440.04,
    "volume" : 462087.00
  }, {
    "date" : "2025-01-27",
    "price" : 1035.75,
    "dma50" : 1288.49,
    "dma100" : null,
    "dma200" : 1436.02,
    "volume" : 456218.00
  }, {
    "date" : "2025-01-28",
    "price" : 1053.95,
    "dma50" : 1279.29,
    "dma100" : null,
    "dma200" : 1432.22,
    "volume" : 573632.00
  }, {
    "date" : "2025-01-29",
    "price" : 1083.90,
    "dma50" : 1271.63,
    "dma100" : null,
    "dma200" : 1428.75,
    "volume" : 380001.00
  }, {
    "date" : "2025-01-30",
    "price" : 1068.80,
    "dma50" : 1263.67,
    "dma100" : null,
    "dma200" : 1425.17,
    "volume" : 298749.00
  }, {
    "date" : "2025-01-31",
    "price" : 1090.50,
    "dma50" : 1256.88,
    "dma100" : null,
    "dma200" : 1421.84,
    "volume" : 433826.00
  }, {
    "date" : "2025-02-01",
    "price" : 1123.75,
    "dma50" : 1251.66,
    "dma100" : null,
    "dma200" : 1418.87,
    "volume" : 590869.00
  }, {
    "date" : "2025-02-03",
    "price" : 1112.00,
    "dma50" : 1246.19,
    "dma100" : null,
    "dma200" : 1415.82,
    "volume" : 421244.00
  }, {
    "date" : "2025-02-04",
    "price" : 1106.70,
    "dma50" : 1240.72,
    "dma100" : null,
    "dma200" : 1412.74,
    "volume" : 570243.00
  }, {
    "date" : "2025-02-05",
    "price" : 1132.40,
    "dma50" : 1236.47,
    "dma100" : null,
    "dma200" : 1409.96,
    "volume" : 609812.00
  }, {
    "date" : "2025-02-06",
    "price" : 1121.35,
    "dma50" : 1231.95,
    "dma100" : null,
    "dma200" : 1407.08,
    "volume" : 1505535.00
  }, {
    "date" : "2025-02-07",
    "price" : 1088.35,
    "dma50" : 1226.32,
    "dma100" : null,
    "dma200" : 1403.91,
    "volume" : 1884058.00
  }, {
    "date" : "2025-02-10",
    "price" : 1075.75,
    "dma50" : 1220.42,
    "dma100" : null,
    "dma200" : 1400.65,
    "volume" : 787699.00
  }, {
    "date" : "2025-02-11",
    "price" : 1052.05,
    "dma50" : 1213.81,
    "dma100" : null,
    "dma200" : 1397.18,
    "volume" : 467259.00
  }, {
    "date" : "2025-02-12",
    "price" : 1054.30,
    "dma50" : 1207.56,
    "dma100" : null,
    "dma200" : 1393.77,
    "volume" : 649795.00
  }, {
    "date" : "2025-02-13",
    "price" : 1060.45,
    "dma50" : 1201.79,
    "dma100" : null,
    "dma200" : 1390.45,
    "volume" : 416616.00
  }, {
    "date" : "2025-02-14",
    "price" : 1018.25,
    "dma50" : 1194.59,
    "dma100" : null,
    "dma200" : 1386.75,
    "volume" : 636528.00
  }, {
    "date" : "2025-02-17",
    "price" : 1006.55,
    "dma50" : 1187.22,
    "dma100" : null,
    "dma200" : 1382.96,
    "volume" : 473552.00
  }, {
    "date" : "2025-02-18",
    "price" : 988.25,
    "dma50" : 1179.42,
    "dma100" : null,
    "dma200" : 1379.04,
    "volume" : 498616.00
  }, {
    "date" : "2025-02-19",
    "price" : 990.40,
    "dma50" : 1172.00,
    "dma100" : null,
    "dma200" : 1375.17,
    "volume" : 484680.00
  }, {
    "date" : "2025-02-20",
    "price" : 1009.20,
    "dma50" : 1165.62,
    "dma100" : null,
    "dma200" : 1371.53,
    "volume" : 509920.00
  }, {
    "date" : "2025-02-21",
    "price" : 1012.00,
    "dma50" : 1159.59,
    "dma100" : null,
    "dma200" : 1367.95,
    "volume" : 371438.00
  }, {
    "date" : "2025-02-24",
    "price" : 999.10,
    "dma50" : 1153.30,
    "dma100" : null,
    "dma200" : 1364.28,
    "volume" : 465137.00
  }, {
    "date" : "2025-02-25",
    "price" : 984.40,
    "dma50" : 1146.68,
    "dma100" : null,
    "dma200" : 1360.50,
    "volume" : 1053897.00
  }, {
    "date" : "2025-02-27",
    "price" : 916.25,
    "dma50" : 1137.64,
    "dma100" : null,
    "dma200" : 1356.08,
    "volume" : 1852108.00
  }, {
    "date" : "2025-02-28",
    "price" : 903.95,
    "dma50" : 1128.48,
    "dma100" : null,
    "dma200" : 1351.58,
    "volume" : 815069.00
  }, {
    "date" : "2025-03-03",
    "price" : 895.20,
    "dma50" : 1119.33,
    "dma100" : null,
    "dma200" : 1347.04,
    "volume" : 547034.00
  }, {
    "date" : "2025-03-04",
    "price" : 928.10,
    "dma50" : 1111.83,
    "dma100" : null,
    "dma200" : 1342.87,
    "volume" : 955829.00
  }, {
    "date" : "2025-03-05",
    "price" : 953.05,
    "dma50" : 1105.60,
    "dma100" : null,
    "dma200" : 1338.99,
    "volume" : 583704.00
  }, {
    "date" : "2025-03-06",
    "price" : 980.80,
    "dma50" : 1100.71,
    "dma100" : null,
    "dma200" : 1335.43,
    "volume" : 586284.00
  }, {
    "date" : "2025-03-07",
    "price" : 962.75,
    "dma50" : 1095.30,
    "dma100" : null,
    "dma200" : 1331.72,
    "volume" : 336776.00
  }, {
    "date" : "2025-03-10",
    "price" : 941.40,
    "dma50" : 1089.26,
    "dma100" : null,
    "dma200" : 1327.84,
    "volume" : 364946.00
  }, {
    "date" : "2025-03-11",
    "price" : 939.55,
    "dma50" : 1083.39,
    "dma100" : null,
    "dma200" : 1323.97,
    "volume" : 354716.00
  }, {
    "date" : "2025-03-12",
    "price" : 916.75,
    "dma50" : 1076.86,
    "dma100" : null,
    "dma200" : 1319.92,
    "volume" : 259608.00
  }, {
    "date" : "2025-03-13",
    "price" : 899.80,
    "dma50" : 1069.91,
    "dma100" : null,
    "dma200" : 1315.74,
    "volume" : 385714.00
  }, {
    "date" : "2025-03-17",
    "price" : 901.25,
    "dma50" : 1063.30,
    "dma100" : null,
    "dma200" : 1311.62,
    "volume" : 450782.00
  }, {
    "date" : "2025-03-18",
    "price" : 961.70,
    "dma50" : 1059.31,
    "dma100" : null,
    "dma200" : 1308.13,
    "volume" : 1226346.00
  }, {
    "date" : "2025-03-19",
    "price" : 977.75,
    "dma50" : 1056.12,
    "dma100" : null,
    "dma200" : 1304.85,
    "volume" : 534338.00
  }, {
    "date" : "2025-03-20",
    "price" : 960.20,
    "dma50" : 1052.35,
    "dma100" : null,
    "dma200" : 1301.42,
    "volume" : 384428.00
  }, {
    "date" : "2025-03-21",
    "price" : 974.40,
    "dma50" : 1049.30,
    "dma100" : null,
    "dma200" : 1298.16,
    "volume" : 370706.00
  }, {
    "date" : "2025-03-24",
    "price" : 976.85,
    "dma50" : 1046.46,
    "dma100" : null,
    "dma200" : 1294.97,
    "volume" : 437396.00
  }, {
    "date" : "2025-03-25",
    "price" : 947.70,
    "dma50" : 1042.58,
    "dma100" : null,
    "dma200" : 1291.51,
    "volume" : 380993.00
  }, {
    "date" : "2025-03-26",
    "price" : 926.25,
    "dma50" : 1038.02,
    "dma100" : null,
    "dma200" : 1287.88,
    "volume" : 414786.00
  }, {
    "date" : "2025-03-27",
    "price" : 932.95,
    "dma50" : 1033.90,
    "dma100" : null,
    "dma200" : 1284.35,
    "volume" : 696367.00
  }, {
    "date" : "2025-03-28",
    "price" : 912.55,
    "dma50" : 1029.14,
    "dma100" : null,
    "dma200" : 1280.65,
    "volume" : 527216.00
  }, {
    "date" : "2025-04-01",
    "price" : 962.60,
    "dma50" : 1026.53,
    "dma100" : null,
    "dma200" : 1277.48,
    "volume" : 1434421.00
  }, {
    "date" : "2025-04-02",
    "price" : 968.10,
    "dma50" : 1024.24,
    "dma100" : null,
    "dma200" : 1274.40,
    "volume" : 465150.00
  }, {
    "date" : "2025-04-03",
    "price" : 959.55,
    "dma50" : 1021.70,
    "dma100" : null,
    "dma200" : 1271.27,
    "volume" : 480389.00
  }, {
    "date" : "2025-04-04",
    "price" : 899.95,
    "dma50" : 1016.93,
    "dma100" : null,
    "dma200" : 1267.57,
    "volume" : 487536.00
  }, {
    "date" : "2025-04-07",
    "price" : 848.70,
    "dma50" : 1010.33,
    "dma100" : null,
    "dma200" : 1263.41,
    "volume" : 500587.00
  }, {
    "date" : "2025-04-08",
    "price" : 883.70,
    "dma50" : 1005.37,
    "dma100" : null,
    "dma200" : 1259.63,
    "volume" : 408124.00
  }, {
    "date" : "2025-04-09",
    "price" : 869.50,
    "dma50" : 1000.04,
    "dma100" : null,
    "dma200" : 1255.75,
    "volume" : 410477.00
  }, {
    "date" : "2025-04-11",
    "price" : 915.70,
    "dma50" : 996.73,
    "dma100" : null,
    "dma200" : 1252.36,
    "volume" : 718089.00
  }, {
    "date" : "2025-04-15",
    "price" : 945.80,
    "dma50" : 994.73,
    "dma100" : null,
    "dma200" : 1249.31,
    "volume" : 270645.00
  }, {
    "date" : "2025-04-16",
    "price" : 952.75,
    "dma50" : 993.09,
    "dma100" : null,
    "dma200" : 1246.36,
    "volume" : 232455.00
  }, {
    "date" : "2025-04-17",
    "price" : 961.95,
    "dma50" : 991.87,
    "dma100" : null,
    "dma200" : 1243.53,
    "volume" : 209057.00
  }, {
    "date" : "2025-04-21",
    "price" : 970.70,
    "dma50" : 991.04,
    "dma100" : null,
    "dma200" : 1240.82,
    "volume" : 396531.00
  }, {
    "date" : "2025-04-22",
    "price" : 968.45,
    "dma50" : 990.15,
    "dma100" : null,
    "dma200" : 1238.11,
    "volume" : 408441.00
  }, {
    "date" : "2025-04-23",
    "price" : 982.55,
    "dma50" : 989.85,
    "dma100" : null,
    "dma200" : 1235.56,
    "volume" : 206630.00
  }, {
    "date" : "2025-04-24",
    "price" : 1012.10,
    "dma50" : 990.72,
    "dma100" : null,
    "dma200" : 1233.34,
    "volume" : 656718.00
  }, {
    "date" : "2025-04-25",
    "price" : 980.00,
    "dma50" : 990.30,
    "dma100" : null,
    "dma200" : 1230.82,
    "volume" : 511026.00
  }, {
    "date" : "2025-04-28",
    "price" : 982.95,
    "dma50" : 990.02,
    "dma100" : null,
    "dma200" : 1228.35,
    "volume" : 199409.00
  }, {
    "date" : "2025-04-29",
    "price" : 964.05,
    "dma50" : 989.00,
    "dma100" : null,
    "dma200" : 1225.72,
    "volume" : 160665.00
  }, {
    "date" : "2025-04-30",
    "price" : 942.40,
    "dma50" : 987.17,
    "dma100" : null,
    "dma200" : 1222.90,
    "volume" : 285979.00
  }, {
    "date" : "2025-05-02",
    "price" : 955.60,
    "dma50" : 985.93,
    "dma100" : null,
    "dma200" : 1220.24,
    "volume" : 195730.00
  }, {
    "date" : "2025-05-05",
    "price" : 950.10,
    "dma50" : 984.53,
    "dma100" : null,
    "dma200" : 1217.56,
    "volume" : 148501.00
  }, {
    "date" : "2025-05-06",
    "price" : 937.55,
    "dma50" : 982.68,
    "dma100" : null,
    "dma200" : 1214.77,
    "volume" : 141649.00
  }, {
    "date" : "2025-05-07",
    "price" : 935.90,
    "dma50" : 980.85,
    "dma100" : 1075.45,
    "dma200" : 1212.00,
    "volume" : 205693.00
  }, {
    "date" : "2025-05-08",
    "price" : 932.50,
    "dma50" : 978.95,
    "dma100" : 1069.85,
    "dma200" : 1209.21,
    "volume" : 175474.00
  }, {
    "date" : "2025-05-09",
    "price" : 921.45,
    "dma50" : 976.70,
    "dma100" : 1064.20,
    "dma200" : 1206.35,
    "volume" : 162181.00
  }, {
    "date" : "2025-05-12",
    "price" : 962.80,
    "dma50" : 976.15,
    "dma100" : 1059.23,
    "dma200" : 1203.93,
    "volume" : 545257.00
  }, {
    "date" : "2025-05-13",
    "price" : 946.85,
    "dma50" : 975.00,
    "dma100" : 1054.15,
    "dma200" : 1201.37,
    "volume" : 296838.00
  }, {
    "date" : "2025-05-14",
    "price" : 965.65,
    "dma50" : 974.64,
    "dma100" : 1049.06,
    "dma200" : 1199.02,
    "volume" : 415742.00
  }, {
    "date" : "2025-05-15",
    "price" : 991.15,
    "dma50" : 975.29,
    "dma100" : 1044.03,
    "dma200" : 1196.96,
    "volume" : 794220.00
  }, {
    "date" : "2025-05-16",
    "price" : 1017.40,
    "dma50" : 976.94,
    "dma100" : 1040.12,
    "dma200" : 1195.17,
    "volume" : 544988.00
  }, {
    "date" : "2025-05-19",
    "price" : 990.70,
    "dma50" : 977.48,
    "dma100" : 1035.81,
    "dma200" : 1193.14,
    "volume" : 299664.00
  }, {
    "date" : "2025-05-20",
    "price" : 970.30,
    "dma50" : 977.20,
    "dma100" : 1031.69,
    "dma200" : 1190.92,
    "volume" : 719903.00
  }, {
    "date" : "2025-05-21",
    "price" : 956.95,
    "dma50" : 976.40,
    "dma100" : 1027.65,
    "dma200" : 1188.59,
    "volume" : 282421.00
  }, {
    "date" : "2025-05-22",
    "price" : 954.15,
    "dma50" : 975.53,
    "dma100" : 1023.46,
    "dma200" : 1186.26,
    "volume" : 366620.00
  }, {
    "date" : "2025-05-23",
    "price" : 972.80,
    "dma50" : 975.42,
    "dma100" : 1019.82,
    "dma200" : 1184.13,
    "volume" : 345331.00
  }, {
    "date" : "2025-05-26",
    "price" : 988.95,
    "dma50" : 975.95,
    "dma100" : 1016.32,
    "dma200" : 1182.19,
    "volume" : 228568.00
  }, {
    "date" : "2025-05-27",
    "price" : 992.60,
    "dma50" : 976.61,
    "dma100" : 1013.15,
    "dma200" : 1180.30,
    "volume" : 213880.00
  }, {
    "date" : "2025-05-28",
    "price" : 1015.00,
    "dma50" : 978.11,
    "dma100" : 1010.25,
    "dma200" : 1178.66,
    "volume" : 332825.00
  }, {
    "date" : "2025-05-29",
    "price" : 1000.65,
    "dma50" : 978.99,
    "dma100" : 1007.08,
    "dma200" : 1176.89,
    "volume" : 243179.00
  }, {
    "date" : "2025-05-30",
    "price" : 985.25,
    "dma50" : 979.24,
    "dma100" : 1003.73,
    "dma200" : 1174.98,
    "volume" : 352877.00
  }, {
    "date" : "2025-06-02",
    "price" : 1014.15,
    "dma50" : 980.61,
    "dma100" : 1000.85,
    "dma200" : 1173.38,
    "volume" : 1105423.00
  }, {
    "date" : "2025-06-03",
    "price" : 1042.80,
    "dma50" : 983.05,
    "dma100" : 998.77,
    "dma200" : 1172.08,
    "volume" : 698687.00
  }, {
    "date" : "2025-06-04",
    "price" : 1060.35,
    "dma50" : 986.08,
    "dma100" : 997.15,
    "dma200" : 1170.97,
    "volume" : 1043148.00
  }, {
    "date" : "2025-06-05",
    "price" : 1039.20,
    "dma50" : 988.16,
    "dma100" : 995.76,
    "dma200" : 1169.66,
    "volume" : 356225.00
  }, {
    "date" : "2025-06-06",
    "price" : 1020.00,
    "dma50" : 989.41,
    "dma100" : 994.35,
    "dma200" : 1168.17,
    "volume" : 269791.00
  }, {
    "date" : "2025-06-09",
    "price" : 1012.10,
    "dma50" : 990.30,
    "dma100" : 993.11,
    "dma200" : 1166.62,
    "volume" : 284100.00
  }, {
    "date" : "2025-06-10",
    "price" : 1008.20,
    "dma50" : 991.00,
    "dma100" : 992.42,
    "dma200" : 1165.04,
    "volume" : 180050.00
  }, {
    "date" : "2025-06-11",
    "price" : 999.50,
    "dma50" : 991.34,
    "dma100" : 991.55,
    "dma200" : 1163.39,
    "volume" : 210175.00
  }, {
    "date" : "2025-06-12",
    "price" : 983.45,
    "dma50" : 991.03,
    "dma100" : 990.54,
    "dma200" : 1161.60,
    "volume" : 290181.00
  }, {
    "date" : "2025-06-13",
    "price" : 954.55,
    "dma50" : 989.60,
    "dma100" : 989.25,
    "dma200" : 1159.54,
    "volume" : 498858.00
  }, {
    "date" : "2025-06-16",
    "price" : 967.50,
    "dma50" : 988.73,
    "dma100" : 987.90,
    "dma200" : 1157.63,
    "volume" : 287607.00
  }, {
    "date" : "2025-06-17",
    "price" : 951.80,
    "dma50" : 987.28,
    "dma100" : 986.50,
    "dma200" : 1155.58,
    "volume" : 229958.00
  }, {
    "date" : "2025-06-18",
    "price" : 952.50,
    "dma50" : 985.92,
    "dma100" : 985.25,
    "dma200" : 1153.56,
    "volume" : 233318.00
  }, {
    "date" : "2025-06-19",
    "price" : 961.05,
    "dma50" : 984.94,
    "dma100" : 984.17,
    "dma200" : 1151.65,
    "volume" : 263815.00
  }, {
    "date" : "2025-06-20",
    "price" : 940.65,
    "dma50" : 983.21,
    "dma100" : 982.65,
    "dma200" : 1149.55,
    "volume" : 289956.00
  }, {
    "date" : "2025-06-23",
    "price" : 951.90,
    "dma50" : 981.98,
    "dma100" : 981.53,
    "dma200" : 1147.58,
    "volume" : 260710.00
  }, {
    "date" : "2025-06-24",
    "price" : 964.10,
    "dma50" : 981.28,
    "dma100" : 980.81,
    "dma200" : 1145.76,
    "volume" : 302462.00
  }, {
    "date" : "2025-06-25",
    "price" : 966.55,
    "dma50" : 980.70,
    "dma100" : 979.94,
    "dma200" : 1143.97,
    "volume" : 216461.00
  }, {
    "date" : "2025-06-26",
    "price" : 965.20,
    "dma50" : 980.09,
    "dma100" : 978.75,
    "dma200" : 1142.19,
    "volume" : 173001.00
  }, {
    "date" : "2025-06-27",
    "price" : 968.15,
    "dma50" : 979.62,
    "dma100" : 977.74,
    "dma200" : 1140.46,
    "volume" : 191704.00
  }, {
    "date" : "2025-06-30",
    "price" : 970.10,
    "dma50" : 979.25,
    "dma100" : 976.54,
    "dma200" : 1138.77,
    "volume" : 155788.00
  }, {
    "date" : "2025-07-01",
    "price" : 964.65,
    "dma50" : 978.68,
    "dma100" : 974.95,
    "dma200" : 1137.03,
    "volume" : 186268.00
  }, {
    "date" : "2025-07-02",
    "price" : 960.10,
    "dma50" : 977.95,
    "dma100" : 973.43,
    "dma200" : 1135.27,
    "volume" : 142562.00
  }, {
    "date" : "2025-07-03",
    "price" : 978.15,
    "dma50" : 977.96,
    "dma100" : 972.14,
    "dma200" : 1133.71,
    "volume" : 269960.00
  }, {
    "date" : "2025-07-04",
    "price" : 977.00,
    "dma50" : 977.92,
    "dma100" : 970.59,
    "dma200" : 1132.15,
    "volume" : 208086.00
  }, {
    "date" : "2025-07-07",
    "price" : 974.30,
    "dma50" : 977.78,
    "dma100" : 969.12,
    "dma200" : 1130.58,
    "volume" : 295954.00
  }, {
    "date" : "2025-07-08",
    "price" : 971.75,
    "dma50" : 977.54,
    "dma100" : 967.95,
    "dma200" : 1129.00,
    "volume" : 325509.00
  }, {
    "date" : "2025-07-09",
    "price" : 1001.80,
    "dma50" : 978.49,
    "dma100" : 967.21,
    "dma200" : 1127.73,
    "volume" : 665438.00
  }, {
    "date" : "2025-07-10",
    "price" : 1011.90,
    "dma50" : 979.80,
    "dma100" : 966.81,
    "dma200" : 1126.58,
    "volume" : 475412.00
  }, {
    "date" : "2025-07-11",
    "price" : 989.50,
    "dma50" : 980.18,
    "dma100" : 966.17,
    "dma200" : 1125.22,
    "volume" : 270142.00
  }, {
    "date" : "2025-07-14",
    "price" : 981.25,
    "dma50" : 980.22,
    "dma100" : 965.37,
    "dma200" : 1123.79,
    "volume" : 319000.00
  }, {
    "date" : "2025-07-15",
    "price" : 989.55,
    "dma50" : 980.59,
    "dma100" : 965.09,
    "dma200" : 1122.45,
    "volume" : 703474.00
  }, {
    "date" : "2025-07-16",
    "price" : 979.35,
    "dma50" : 980.54,
    "dma100" : 964.81,
    "dma200" : 1121.03,
    "volume" : 466093.00
  }, {
    "date" : "2025-07-17",
    "price" : 976.15,
    "dma50" : 980.37,
    "dma100" : 964.69,
    "dma200" : 1119.58,
    "volume" : 128572.00
  }, {
    "date" : "2025-07-18",
    "price" : 1019.40,
    "dma50" : 981.90,
    "dma100" : 964.98,
    "dma200" : 1118.59,
    "volume" : 1391142.00
  }, {
    "date" : "2025-07-21",
    "price" : 1032.45,
    "dma50" : 983.88,
    "dma100" : 965.22,
    "dma200" : 1117.73,
    "volume" : 946114.00
  }, {
    "date" : "2025-07-22",
    "price" : 1018.65,
    "dma50" : 985.25,
    "dma100" : 965.28,
    "dma200" : 1116.74,
    "volume" : 434763.00
  }, {
    "date" : "2025-07-23",
    "price" : 1019.85,
    "dma50" : 986.60,
    "dma100" : 965.49,
    "dma200" : 1115.78,
    "volume" : 249895.00
  }, {
    "date" : "2025-07-24",
    "price" : 1010.90,
    "dma50" : 987.56,
    "dma100" : 965.75,
    "dma200" : 1114.74,
    "volume" : 218124.00
  }, {
    "date" : "2025-07-25",
    "price" : 1000.10,
    "dma50" : 988.05,
    "dma100" : 966.59,
    "dma200" : 1113.60,
    "volume" : 260603.00
  }, {
    "date" : "2025-07-28",
    "price" : 978.70,
    "dma50" : 987.68,
    "dma100" : 967.34,
    "dma200" : 1112.25,
    "volume" : 220986.00
  }, {
    "date" : "2025-07-29",
    "price" : 988.15,
    "dma50" : 987.70,
    "dma100" : 968.27,
    "dma200" : 1111.02,
    "volume" : 136556.00
  }, {
    "date" : "2025-07-30",
    "price" : 987.65,
    "dma50" : 987.70,
    "dma100" : 968.87,
    "dma200" : 1109.79,
    "volume" : 115997.00
  }, {
    "date" : "2025-07-31",
    "price" : 999.80,
    "dma50" : 988.17,
    "dma100" : 969.33,
    "dma200" : 1108.70,
    "volume" : 280424.00
  }, {
    "date" : "2025-08-01",
    "price" : 998.05,
    "dma50" : 988.56,
    "dma100" : 969.51,
    "dma200" : 1107.60,
    "volume" : 279086.00
  }, {
    "date" : "2025-08-04",
    "price" : 1017.85,
    "dma50" : 989.71,
    "dma100" : 970.06,
    "dma200" : 1106.70,
    "volume" : 159038.00
  }, {
    "date" : "2025-08-05",
    "price" : 1036.20,
    "dma50" : 991.53,
    "dma100" : 971.00,
    "dma200" : 1106.00,
    "volume" : 385585.00
  }, {
    "date" : "2025-08-06",
    "price" : 1035.50,
    "dma50" : 993.26,
    "dma100" : 971.96,
    "dma200" : 1105.30,
    "volume" : 1160259.00
  }, {
    "date" : "2025-08-07",
    "price" : 1067.45,
    "dma50" : 996.17,
    "dma100" : 973.47,
    "dma200" : 1104.92,
    "volume" : 1990352.00
  }, {
    "date" : "2025-08-08",
    "price" : 1071.25,
    "dma50" : 999.11,
    "dma100" : 975.19,
    "dma200" : 1104.59,
    "volume" : 1181557.00
  }, {
    "date" : "2025-08-11",
    "price" : 1073.50,
    "dma50" : 1002.03,
    "dma100" : 976.91,
    "dma200" : 1104.28,
    "volume" : 448895.00
  }, {
    "date" : "2025-08-12",
    "price" : 1090.10,
    "dma50" : 1005.48,
    "dma100" : 978.19,
    "dma200" : 1104.14,
    "volume" : 676311.00
  }, {
    "date" : "2025-08-13",
    "price" : 1078.70,
    "dma50" : 1008.35,
    "dma100" : 979.20,
    "dma200" : 1103.88,
    "volume" : 351761.00
  }, {
    "date" : "2025-08-14",
    "price" : 1079.00,
    "dma50" : 1011.12,
    "dma100" : 980.39,
    "dma200" : 1103.64,
    "volume" : 444979.00
  }, {
    "date" : "2025-08-18",
    "price" : 1055.65,
    "dma50" : 1012.87,
    "dma100" : 981.20,
    "dma200" : 1103.16,
    "volume" : 348772.00
  }, {
    "date" : "2025-08-19",
    "price" : 1096.20,
    "dma50" : 1016.14,
    "dma100" : 982.40,
    "dma200" : 1103.09,
    "volume" : 1010218.00
  }, {
    "date" : "2025-08-20",
    "price" : 1086.95,
    "dma50" : 1018.91,
    "dma100" : 983.79,
    "dma200" : 1102.93,
    "volume" : 206184.00
  }, {
    "date" : "2025-08-21",
    "price" : 1122.55,
    "dma50" : 1022.98,
    "dma100" : 985.75,
    "dma200" : 1103.13,
    "volume" : 958388.00
  }, {
    "date" : "2025-08-22",
    "price" : 1131.20,
    "dma50" : 1027.22,
    "dma100" : 987.73,
    "dma200" : 1103.40,
    "volume" : 297083.00
  }, {
    "date" : "2025-08-25",
    "price" : 1108.90,
    "dma50" : 1030.42,
    "dma100" : 989.70,
    "dma200" : 1103.46,
    "volume" : 168919.00
  }, {
    "date" : "2025-08-26",
    "price" : 1139.25,
    "dma50" : 1034.69,
    "dma100" : 991.46,
    "dma200" : 1103.82,
    "volume" : 872656.00
  }, {
    "date" : "2025-08-28",
    "price" : 1120.95,
    "dma50" : 1038.08,
    "dma100" : 992.99,
    "dma200" : 1103.99,
    "volume" : 342912.00
  }, {
    "date" : "2025-08-29",
    "price" : 1119.90,
    "dma50" : 1041.28,
    "dma100" : 994.60,
    "dma200" : 1104.14,
    "volume" : 324211.00
  }, {
    "date" : "2025-09-01",
    "price" : 1119.30,
    "dma50" : 1044.34,
    "dma100" : 996.79,
    "dma200" : 1104.29,
    "volume" : 154272.00
  }, {
    "date" : "2025-09-02",
    "price" : 1119.40,
    "dma50" : 1047.29,
    "dma100" : 999.50,
    "dma200" : 1104.45,
    "volume" : 411840.00
  }, {
    "date" : "2025-09-03",
    "price" : 1121.80,
    "dma50" : 1050.21,
    "dma100" : 1001.88,
    "dma200" : 1104.62,
    "volume" : 273035.00
  }, {
    "date" : "2025-09-04",
    "price" : 1130.80,
    "dma50" : 1053.37,
    "dma100" : 1004.49,
    "dma200" : 1104.88,
    "volume" : 331372.00
  }, {
    "date" : "2025-09-05",
    "price" : 1146.30,
    "dma50" : 1057.01,
    "dma100" : 1006.80,
    "dma200" : 1105.29,
    "volume" : 962906.00
  }, {
    "date" : "2025-09-08",
    "price" : 1111.80,
    "dma50" : 1059.16,
    "dma100" : 1008.46,
    "dma200" : 1105.36,
    "volume" : 325223.00
  }, {
    "date" : "2025-09-09",
    "price" : 1129.40,
    "dma50" : 1061.92,
    "dma100" : 1010.22,
    "dma200" : 1105.59,
    "volume" : 616850.00
  }, {
    "date" : "2025-09-10",
    "price" : 1121.20,
    "dma50" : 1064.24,
    "dma100" : 1011.82,
    "dma200" : 1105.75,
    "volume" : 371016.00
  }, {
    "date" : "2025-09-11",
    "price" : 1135.70,
    "dma50" : 1067.04,
    "dma100" : 1013.47,
    "dma200" : 1106.05,
    "volume" : 359761.00
  }, {
    "date" : "2025-09-12",
    "price" : 1120.80,
    "dma50" : 1069.15,
    "dma100" : 1014.99,
    "dma200" : 1106.19,
    "volume" : 158311.00
  }, {
    "date" : "2025-09-15",
    "price" : 1113.60,
    "dma50" : 1070.89,
    "dma100" : 1016.30,
    "dma200" : 1106.27,
    "volume" : 215225.00
  }, {
    "date" : "2025-09-16",
    "price" : 1146.10,
    "dma50" : 1073.84,
    "dma100" : 1017.64,
    "dma200" : 1106.66,
    "volume" : 423630.00
  }, {
    "date" : "2025-09-17",
    "price" : 1135.20,
    "dma50" : 1076.25,
    "dma100" : 1019.19,
    "dma200" : 1106.95,
    "volume" : 186886.00
  }, {
    "date" : "2025-09-18",
    "price" : 1127.80,
    "dma50" : 1078.27,
    "dma100" : 1020.64,
    "dma200" : 1107.16,
    "volume" : 154624.00
  }, {
    "date" : "2025-09-19",
    "price" : 1115.90,
    "dma50" : 1079.75,
    "dma100" : 1022.16,
    "dma200" : 1107.24,
    "volume" : 545806.00
  }, {
    "date" : "2025-09-22",
    "price" : 1108.00,
    "dma50" : 1080.86,
    "dma100" : 1023.81,
    "dma200" : 1107.25,
    "volume" : 276307.00
  }, {
    "date" : "2025-09-23",
    "price" : 1115.20,
    "dma50" : 1082.20,
    "dma100" : 1025.41,
    "dma200" : 1107.33,
    "volume" : 354814.00
  }, {
    "date" : "2025-09-24",
    "price" : 1114.00,
    "dma50" : 1083.45,
    "dma100" : 1027.05,
    "dma200" : 1107.40,
    "volume" : 175531.00
  }, {
    "date" : "2025-09-25",
    "price" : 1109.70,
    "dma50" : 1084.48,
    "dma100" : 1028.77,
    "dma200" : 1107.42,
    "volume" : 244905.00
  }, {
    "date" : "2025-09-26",
    "price" : 1108.50,
    "dma50" : 1085.42,
    "dma100" : 1030.50,
    "dma200" : 1107.43,
    "volume" : 246675.00
  }, {
    "date" : "2025-09-29",
    "price" : 1100.90,
    "dma50" : 1086.03,
    "dma100" : 1032.18,
    "dma200" : 1107.36,
    "volume" : 107428.00
  }, {
    "date" : "2025-09-30",
    "price" : 1075.00,
    "dma50" : 1085.60,
    "dma100" : 1033.72,
    "dma200" : 1107.04,
    "volume" : 448038.00
  }, {
    "date" : "2025-10-01",
    "price" : 1099.00,
    "dma50" : 1086.12,
    "dma100" : 1035.08,
    "dma200" : 1106.96,
    "volume" : 136407.00
  }, {
    "date" : "2025-10-03",
    "price" : 1127.30,
    "dma50" : 1087.74,
    "dma100" : 1036.88,
    "dma200" : 1107.17,
    "volume" : 396344.00
  }, {
    "date" : "2025-10-06",
    "price" : 1109.80,
    "dma50" : 1088.60,
    "dma100" : 1038.32,
    "dma200" : 1107.19,
    "volume" : 183143.00
  }, {
    "date" : "2025-10-07",
    "price" : 1093.20,
    "dma50" : 1088.78,
    "dma100" : 1039.34,
    "dma200" : 1107.05,
    "volume" : 193102.00
  }, {
    "date" : "2025-10-08",
    "price" : 1091.30,
    "dma50" : 1088.88,
    "dma100" : 1040.08,
    "dma200" : 1106.90,
    "volume" : 191894.00
  }, {
    "date" : "2025-10-09",
    "price" : 1093.40,
    "dma50" : 1089.06,
    "dma100" : 1041.11,
    "dma200" : 1106.76,
    "volume" : 789053.00
  }, {
    "date" : "2025-10-10",
    "price" : 1090.00,
    "dma50" : 1089.09,
    "dma100" : 1042.31,
    "dma200" : 1106.59,
    "volume" : 364001.00
  }, {
    "date" : "2025-10-13",
    "price" : 1099.90,
    "dma50" : 1089.52,
    "dma100" : 1043.74,
    "dma200" : 1106.53,
    "volume" : 390317.00
  }, {
    "date" : "2025-10-14",
    "price" : 1105.40,
    "dma50" : 1090.14,
    "dma100" : 1045.25,
    "dma200" : 1106.52,
    "volume" : 384542.00
  }, {
    "date" : "2025-10-15",
    "price" : 1101.90,
    "dma50" : 1090.60,
    "dma100" : 1046.54,
    "dma200" : 1106.47,
    "volume" : 131079.00
  }, {
    "date" : "2025-10-16",
    "price" : 1098.10,
    "dma50" : 1090.90,
    "dma100" : 1047.63,
    "dma200" : 1106.39,
    "volume" : 142546.00
  }, {
    "date" : "2025-10-17",
    "price" : 1092.60,
    "dma50" : 1090.96,
    "dma100" : 1048.63,
    "dma200" : 1106.25,
    "volume" : 972363.00
  }, {
    "date" : "2025-10-20",
    "price" : 1157.90,
    "dma50" : 1093.59,
    "dma100" : 1050.06,
    "dma200" : 1106.76,
    "volume" : 1108283.00
  }, {
    "date" : "2025-10-21",
    "price" : 1154.90,
    "dma50" : 1095.99,
    "dma100" : 1051.60,
    "dma200" : 1107.24,
    "volume" : 150670.00
  }, {
    "date" : "2025-10-23",
    "price" : 1156.50,
    "dma50" : 1098.37,
    "dma100" : 1053.32,
    "dma200" : 1107.73,
    "volume" : 497616.00
  }, {
    "date" : "2025-10-24",
    "price" : 1161.00,
    "dma50" : 1100.82,
    "dma100" : 1054.78,
    "dma200" : 1108.26,
    "volume" : 541061.00
  }, {
    "date" : "2025-10-27",
    "price" : 1179.20,
    "dma50" : 1103.90,
    "dma100" : 1056.15,
    "dma200" : 1108.97,
    "volume" : 411093.00
  }, {
    "date" : "2025-10-28",
    "price" : 1184.40,
    "dma50" : 1107.05,
    "dma100" : 1057.39,
    "dma200" : 1109.72,
    "volume" : 652297.00
  }, {
    "date" : "2025-10-29",
    "price" : 1233.10,
    "dma50" : 1112.00,
    "dma100" : 1059.33,
    "dma200" : 1110.95,
    "volume" : 563547.00
  }, {
    "date" : "2025-10-30",
    "price" : 1241.00,
    "dma50" : 1117.05,
    "dma100" : 1061.54,
    "dma200" : 1112.24,
    "volume" : 314267.00
  }, {
    "date" : "2025-10-31",
    "price" : 1206.60,
    "dma50" : 1120.57,
    "dma100" : 1063.48,
    "dma200" : 1113.18,
    "volume" : 420695.00
  }, {
    "date" : "2025-11-03",
    "price" : 1205.90,
    "dma50" : 1123.91,
    "dma100" : 1065.46,
    "dma200" : 1114.10,
    "volume" : 282074.00
  }, {
    "date" : "2025-11-04",
    "price" : 1162.00,
    "dma50" : 1125.41,
    "dma100" : 1067.09,
    "dma200" : 1114.58,
    "volume" : 300867.00
  }, {
    "date" : "2025-11-06",
    "price" : 1142.90,
    "dma50" : 1126.09,
    "dma100" : 1068.68,
    "dma200" : 1114.86,
    "volume" : 422085.00
  }, {
    "date" : "2025-11-07",
    "price" : 1153.20,
    "dma50" : 1127.15,
    "dma100" : 1070.67,
    "dma200" : 1115.24,
    "volume" : 206067.00
  }, {
    "date" : "2025-11-10",
    "price" : 1128.80,
    "dma50" : 1127.22,
    "dma100" : 1072.28,
    "dma200" : 1115.38,
    "volume" : 211485.00
  }, {
    "date" : "2025-11-11",
    "price" : 1127.90,
    "dma50" : 1127.25,
    "dma100" : 1074.04,
    "dma200" : 1115.50,
    "volume" : 203872.00
  }, {
    "date" : "2025-11-12",
    "price" : 1099.40,
    "dma50" : 1126.15,
    "dma100" : 1075.51,
    "dma200" : 1115.34,
    "volume" : 307839.00
  }, {
    "date" : "2025-11-13",
    "price" : 1092.30,
    "dma50" : 1124.83,
    "dma100" : 1076.82,
    "dma200" : 1115.11,
    "volume" : 302098.00
  }, {
    "date" : "2025-11-14",
    "price" : 1083.30,
    "dma50" : 1123.20,
    "dma100" : 1078.25,
    "dma200" : 1114.80,
    "volume" : 173452.00
  }, {
    "date" : "2025-11-17",
    "price" : 1107.20,
    "dma50" : 1122.57,
    "dma100" : 1079.80,
    "dma200" : 1114.72,
    "volume" : 447975.00
  }, {
    "date" : "2025-11-18",
    "price" : 1113.00,
    "dma50" : 1122.20,
    "dma100" : 1081.29,
    "dma200" : 1114.70,
    "volume" : 187374.00
  }, {
    "date" : "2025-11-19",
    "price" : 1114.70,
    "dma50" : 1121.90,
    "dma100" : 1082.77,
    "dma200" : 1114.70,
    "volume" : 241831.00
  }, {
    "date" : "2025-11-20",
    "price" : 1099.50,
    "dma50" : 1121.02,
    "dma100" : 1084.11,
    "dma200" : 1114.55,
    "volume" : 159415.00
  }, {
    "date" : "2025-11-21",
    "price" : 1095.30,
    "dma50" : 1120.01,
    "dma100" : 1085.39,
    "dma200" : 1114.36,
    "volume" : 138969.00
  }, {
    "date" : "2025-11-24",
    "price" : 1078.70,
    "dma50" : 1118.39,
    "dma100" : 1086.47,
    "dma200" : 1114.01,
    "volume" : 287074.00
  }, {
    "date" : "2025-11-25",
    "price" : 1049.60,
    "dma50" : 1115.70,
    "dma100" : 1087.32,
    "dma200" : 1113.36,
    "volume" : 516740.00
  }, {
    "date" : "2025-11-26",
    "price" : 1085.10,
    "dma50" : 1114.50,
    "dma100" : 1088.57,
    "dma200" : 1113.08,
    "volume" : 247783.00
  }, {
    "date" : "2025-11-27",
    "price" : 1067.60,
    "dma50" : 1112.66,
    "dma100" : 1089.47,
    "dma200" : 1112.63,
    "volume" : 157377.00
  }, {
    "date" : "2025-11-28",
    "price" : 1067.90,
    "dma50" : 1110.90,
    "dma100" : 1090.38,
    "dma200" : 1112.19,
    "volume" : 200692.00
  }, {
    "date" : "2025-12-01",
    "price" : 1096.40,
    "dma50" : 1110.33,
    "dma100" : 1091.60,
    "dma200" : 1112.03,
    "volume" : 287284.00
  }, {
    "date" : "2025-12-02",
    "price" : 1105.20,
    "dma50" : 1110.13,
    "dma100" : 1092.93,
    "dma200" : 1111.96,
    "volume" : 114002.00
  }, {
    "date" : "2025-12-03",
    "price" : 1129.70,
    "dma50" : 1110.90,
    "dma100" : 1094.21,
    "dma200" : 1112.14,
    "volume" : 555166.00
  }, {
    "date" : "2025-12-04",
    "price" : 1097.40,
    "dma50" : 1110.37,
    "dma100" : 1095.06,
    "dma200" : 1111.99,
    "volume" : 260556.00
  }, {
    "date" : "2025-12-05",
    "price" : 1091.00,
    "dma50" : 1109.61,
    "dma100" : 1096.08,
    "dma200" : 1111.78,
    "volume" : 215204.00
  } ],
  "latestTechnicalAttributes" : {
    "date" : "2025-12-05",
    "price" : 1091.00,
    "dma50" : 1109.61,
    "dma100" : 1096.08,
    "dma200" : 1111.78,
    "volume" : 215204.00
  },
  "quarterlyResults" : [ {
    "date" : "2005-03-31",
    "sales" : 19.48,
    "salesGrowthYoY" : null,
    "grossProfitMargin" : 100.00,
    "grossProfit" : 19.48,
    "operatingProfitMargin" : 12.37,
    "operatingProfit" : 2.41,
    "netProfitMargin" : 3.49,
    "netProfit" : 0.68
  }, {
    "date" : "2005-06-30",
    "sales" : 25.62,
    "salesGrowthYoY" : null,
    "grossProfitMargin" : 100.00,
    "grossProfit" : 25.62,
    "operatingProfitMargin" : 17.17,
    "operatingProfit" : 4.40,
    "netProfitMargin" : 6.75,
    "netProfit" : 1.73
  }, {
    "date" : "2005-09-30",
    "sales" : 28.70,
    "salesGrowthYoY" : null,
    "grossProfitMargin" : 100.00,
    "grossProfit" : 28.70,
    "operatingProfitMargin" : 20.10,
    "operatingProfit" : 5.77,
    "netProfitMargin" : 7.46,
    "netProfit" : 2.14
  }, {
    "date" : "2005-12-31",
    "sales" : 24.08,
    "salesGrowthYoY" : null,
    "grossProfitMargin" : 100.00,
    "grossProfit" : 24.08,
    "operatingProfitMargin" : 13.29,
    "operatingProfit" : 3.20,
    "netProfitMargin" : 2.95,
    "netProfit" : 0.71
  }, {
    "date" : "2006-03-31",
    "sales" : 24.62,
    "salesGrowthYoY" : 26.39,
    "grossProfitMargin" : 92.93,
    "grossProfit" : 22.88,
    "operatingProfitMargin" : 10.64,
    "operatingProfit" : 2.62,
    "netProfitMargin" : 3.61,
    "netProfit" : 0.89
  }, {
    "date" : "2006-06-30",
    "sales" : 40.42,
    "salesGrowthYoY" : 57.77,
    "grossProfitMargin" : 92.78,
    "grossProfit" : 37.50,
    "operatingProfitMargin" : 17.34,
    "operatingProfit" : 7.01,
    "netProfitMargin" : 8.24,
    "netProfit" : 3.33
  }, {
    "date" : "2006-09-30",
    "sales" : 43.50,
    "salesGrowthYoY" : 51.57,
    "grossProfitMargin" : 93.20,
    "grossProfit" : 40.54,
    "operatingProfitMargin" : 14.83,
    "operatingProfit" : 6.45,
    "netProfitMargin" : 7.72,
    "netProfit" : 3.36
  }, {
    "date" : "2006-12-31",
    "sales" : 39.71,
    "salesGrowthYoY" : 64.91,
    "grossProfitMargin" : 93.13,
    "grossProfit" : 36.98,
    "operatingProfitMargin" : 13.88,
    "operatingProfit" : 5.51,
    "netProfitMargin" : 4.18,
    "netProfit" : 1.66
  }, {
    "date" : "2007-03-31",
    "sales" : 40.86,
    "salesGrowthYoY" : 65.96,
    "grossProfitMargin" : 93.02,
    "grossProfit" : 38.01,
    "operatingProfitMargin" : 16.50,
    "operatingProfit" : 6.74,
    "netProfitMargin" : 5.38,
    "netProfit" : 2.20
  }, {
    "date" : "2007-06-30",
    "sales" : 54.80,
    "salesGrowthYoY" : 35.58,
    "grossProfitMargin" : 93.07,
    "grossProfit" : 51.00,
    "operatingProfitMargin" : 22.01,
    "operatingProfit" : 12.06,
    "netProfitMargin" : 10.95,
    "netProfit" : 6.00
  }, {
    "date" : "2007-09-30",
    "sales" : 62.56,
    "salesGrowthYoY" : 43.82,
    "grossProfitMargin" : 93.21,
    "grossProfit" : 58.31,
    "operatingProfitMargin" : 21.47,
    "operatingProfit" : 13.43,
    "netProfitMargin" : 9.99,
    "netProfit" : 6.25
  }, {
    "date" : "2007-12-31",
    "sales" : 65.63,
    "salesGrowthYoY" : 65.27,
    "grossProfitMargin" : 93.46,
    "grossProfit" : 61.34,
    "operatingProfitMargin" : 21.06,
    "operatingProfit" : 13.82,
    "netProfitMargin" : 9.31,
    "netProfit" : 6.11
  }, {
    "date" : "2008-03-31",
    "sales" : 54.30,
    "salesGrowthYoY" : 32.89,
    "grossProfitMargin" : 93.65,
    "grossProfit" : 50.85,
    "operatingProfitMargin" : 13.02,
    "operatingProfit" : 7.07,
    "netProfitMargin" : 4.97,
    "netProfit" : 2.70
  }, {
    "date" : "2008-06-30",
    "sales" : 61.28,
    "salesGrowthYoY" : 11.82,
    "grossProfitMargin" : 93.85,
    "grossProfit" : 57.51,
    "operatingProfitMargin" : 17.53,
    "operatingProfit" : 10.74,
    "netProfitMargin" : 6.33,
    "netProfit" : 3.88
  }, {
    "date" : "2008-09-30",
    "sales" : 82.98,
    "salesGrowthYoY" : 32.64,
    "grossProfitMargin" : 100.00,
    "grossProfit" : 82.98,
    "operatingProfitMargin" : 17.34,
    "operatingProfit" : 14.39,
    "netProfitMargin" : 5.69,
    "netProfit" : 4.72
  }, {
    "date" : "2008-12-31",
    "sales" : 81.65,
    "salesGrowthYoY" : 24.41,
    "grossProfitMargin" : 94.82,
    "grossProfit" : 77.42,
    "operatingProfitMargin" : 21.32,
    "operatingProfit" : 17.41,
    "netProfitMargin" : 7.23,
    "netProfit" : 5.90
  }, {
    "date" : "2009-03-31",
    "sales" : 58.01,
    "salesGrowthYoY" : 6.83,
    "grossProfitMargin" : 93.28,
    "grossProfit" : 54.11,
    "operatingProfitMargin" : 10.55,
    "operatingProfit" : 6.12,
    "netProfitMargin" : -1.91,
    "netProfit" : -1.11
  }, {
    "date" : "2009-06-30",
    "sales" : 36.49,
    "salesGrowthYoY" : -40.45,
    "grossProfitMargin" : 82.10,
    "grossProfit" : 29.96,
    "operatingProfitMargin" : -28.25,
    "operatingProfit" : -10.31,
    "netProfitMargin" : -33.10,
    "netProfit" : -12.08
  }, {
    "date" : "2009-09-30",
    "sales" : 80.13,
    "salesGrowthYoY" : -3.43,
    "grossProfitMargin" : 88.03,
    "grossProfit" : 70.54,
    "operatingProfitMargin" : 19.06,
    "operatingProfit" : 15.27,
    "netProfitMargin" : 6.50,
    "netProfit" : 5.21
  }, {
    "date" : "2009-12-31",
    "sales" : 89.82,
    "salesGrowthYoY" : 10.01,
    "grossProfitMargin" : 89.47,
    "grossProfit" : 80.36,
    "operatingProfitMargin" : 19.73,
    "operatingProfit" : 17.72,
    "netProfitMargin" : 7.53,
    "netProfit" : 6.76
  }, {
    "date" : "2010-03-31",
    "sales" : 71.92,
    "salesGrowthYoY" : 23.98,
    "grossProfitMargin" : 88.32,
    "grossProfit" : 63.52,
    "operatingProfitMargin" : 9.40,
    "operatingProfit" : 6.76,
    "netProfitMargin" : 0.51,
    "netProfit" : 0.37
  }, {
    "date" : "2010-06-30",
    "sales" : 87.42,
    "salesGrowthYoY" : 139.57,
    "grossProfitMargin" : 86.85,
    "grossProfit" : 75.92,
    "operatingProfitMargin" : 12.50,
    "operatingProfit" : 10.93,
    "netProfitMargin" : 3.95,
    "netProfit" : 3.45
  }, {
    "date" : "2010-09-30",
    "sales" : 98.28,
    "salesGrowthYoY" : 22.65,
    "grossProfitMargin" : 88.01,
    "grossProfit" : 86.50,
    "operatingProfitMargin" : 18.38,
    "operatingProfit" : 18.06,
    "netProfitMargin" : 6.64,
    "netProfit" : 6.53
  }, {
    "date" : "2010-12-31",
    "sales" : 95.52,
    "salesGrowthYoY" : 6.35,
    "grossProfitMargin" : 89.16,
    "grossProfit" : 85.17,
    "operatingProfitMargin" : 18.26,
    "operatingProfit" : 17.44,
    "netProfitMargin" : 7.21,
    "netProfit" : 6.89
  }, {
    "date" : "2011-03-31",
    "sales" : 71.79,
    "salesGrowthYoY" : -0.18,
    "grossProfitMargin" : 94.08,
    "grossProfit" : 67.54,
    "operatingProfitMargin" : 9.50,
    "operatingProfit" : 6.82,
    "netProfitMargin" : -0.74,
    "netProfit" : -0.53
  }, {
    "date" : "2011-06-30",
    "sales" : 104.70,
    "salesGrowthYoY" : 19.77,
    "grossProfitMargin" : 93.41,
    "grossProfit" : 97.80,
    "operatingProfitMargin" : 16.73,
    "operatingProfit" : 17.52,
    "netProfitMargin" : 7.61,
    "netProfit" : 7.97
  }, {
    "date" : "2011-09-30",
    "sales" : 128.47,
    "salesGrowthYoY" : 30.72,
    "grossProfitMargin" : 93.23,
    "grossProfit" : 119.77,
    "operatingProfitMargin" : 21.25,
    "operatingProfit" : 27.30,
    "netProfitMargin" : 9.55,
    "netProfit" : 12.27
  }, {
    "date" : "2011-12-31",
    "sales" : 128.20,
    "salesGrowthYoY" : 34.21,
    "grossProfitMargin" : 93.26,
    "grossProfit" : 119.56,
    "operatingProfitMargin" : 17.89,
    "operatingProfit" : 22.93,
    "netProfitMargin" : 6.38,
    "netProfit" : 8.18
  }, {
    "date" : "2012-03-31",
    "sales" : 113.82,
    "salesGrowthYoY" : 58.55,
    "grossProfitMargin" : 93.15,
    "grossProfit" : 106.02,
    "operatingProfitMargin" : 4.94,
    "operatingProfit" : 5.62,
    "netProfitMargin" : -0.56,
    "netProfit" : -0.64
  }, {
    "date" : "2012-06-30",
    "sales" : 161.29,
    "salesGrowthYoY" : 54.05,
    "grossProfitMargin" : 93.35,
    "grossProfit" : 150.56,
    "operatingProfitMargin" : 20.27,
    "operatingProfit" : 32.69,
    "netProfitMargin" : 4.95,
    "netProfit" : 7.98
  }, {
    "date" : "2012-09-30",
    "sales" : 179.08,
    "salesGrowthYoY" : 39.39,
    "grossProfitMargin" : 93.04,
    "grossProfit" : 166.62,
    "operatingProfitMargin" : 18.89,
    "operatingProfit" : 33.83,
    "netProfitMargin" : 8.35,
    "netProfit" : 14.95
  }, {
    "date" : "2012-12-31",
    "sales" : 193.75,
    "salesGrowthYoY" : 51.13,
    "grossProfitMargin" : 82.15,
    "grossProfit" : 159.17,
    "operatingProfitMargin" : 17.27,
    "operatingProfit" : 33.46,
    "netProfitMargin" : 6.12,
    "netProfit" : 11.86
  }, {
    "date" : "2013-03-31",
    "sales" : 139.52,
    "salesGrowthYoY" : 22.58,
    "grossProfitMargin" : 78.24,
    "grossProfit" : 109.16,
    "operatingProfitMargin" : 4.60,
    "operatingProfit" : 6.42,
    "netProfitMargin" : 12.68,
    "netProfit" : 17.69
  }, {
    "date" : "2013-06-30",
    "sales" : 208.54,
    "salesGrowthYoY" : 29.30,
    "grossProfitMargin" : 93.41,
    "grossProfit" : 194.80,
    "operatingProfitMargin" : 16.97,
    "operatingProfit" : 35.39,
    "netProfitMargin" : 7.78,
    "netProfit" : 16.22
  }, {
    "date" : "2013-09-30",
    "sales" : 236.83,
    "salesGrowthYoY" : 32.25,
    "grossProfitMargin" : 82.63,
    "grossProfit" : 195.69,
    "operatingProfitMargin" : 18.68,
    "operatingProfit" : 44.24,
    "netProfitMargin" : 9.22,
    "netProfit" : 21.84
  }, {
    "date" : "2013-12-31",
    "sales" : 223.50,
    "salesGrowthYoY" : 15.35,
    "grossProfitMargin" : 80.63,
    "grossProfit" : 180.21,
    "operatingProfitMargin" : 14.43,
    "operatingProfit" : 32.25,
    "netProfitMargin" : 5.68,
    "netProfit" : 12.69
  }, {
    "date" : "2014-03-31",
    "sales" : 288.96,
    "salesGrowthYoY" : 107.11,
    "grossProfitMargin" : 79.98,
    "grossProfit" : 231.11,
    "operatingProfitMargin" : 9.67,
    "operatingProfit" : 27.94,
    "netProfitMargin" : -4.47,
    "netProfit" : -12.92
  }, {
    "date" : "2014-06-30",
    "sales" : 342.71,
    "salesGrowthYoY" : 64.34,
    "grossProfitMargin" : 78.95,
    "grossProfit" : 270.57,
    "operatingProfitMargin" : 14.84,
    "operatingProfit" : 50.86,
    "netProfitMargin" : 2.47,
    "netProfit" : 8.46
  }, {
    "date" : "2014-09-30",
    "sales" : 371.00,
    "salesGrowthYoY" : 56.65,
    "grossProfitMargin" : 79.30,
    "grossProfit" : 294.20,
    "operatingProfitMargin" : 14.35,
    "operatingProfit" : 53.24,
    "netProfitMargin" : 2.31,
    "netProfit" : 8.57
  }, {
    "date" : "2014-12-31",
    "sales" : 397.05,
    "salesGrowthYoY" : 77.65,
    "grossProfitMargin" : 81.37,
    "grossProfit" : 323.08,
    "operatingProfitMargin" : 19.31,
    "operatingProfit" : 76.67,
    "netProfitMargin" : 7.92,
    "netProfit" : 31.45
  }, {
    "date" : "2015-03-31",
    "sales" : 274.82,
    "salesGrowthYoY" : -4.89,
    "grossProfitMargin" : 78.63,
    "grossProfit" : 216.09,
    "operatingProfitMargin" : 2.97,
    "operatingProfit" : 8.16,
    "netProfitMargin" : -11.90,
    "netProfit" : -32.70
  }, {
    "date" : "2015-06-30",
    "sales" : 462.17,
    "salesGrowthYoY" : 34.86,
    "grossProfitMargin" : 81.79,
    "grossProfit" : 378.01,
    "operatingProfitMargin" : 22.57,
    "operatingProfit" : 104.31,
    "netProfitMargin" : 8.84,
    "netProfit" : 40.86
  }, {
    "date" : "2015-09-30",
    "sales" : 451.96,
    "salesGrowthYoY" : 21.82,
    "grossProfitMargin" : 81.96,
    "grossProfit" : 370.43,
    "operatingProfitMargin" : 18.67,
    "operatingProfit" : 84.38,
    "netProfitMargin" : 6.91,
    "netProfit" : 31.23
  }, {
    "date" : "2015-12-31",
    "sales" : 448.72,
    "salesGrowthYoY" : 13.01,
    "grossProfitMargin" : 82.81,
    "grossProfit" : 371.59,
    "operatingProfitMargin" : 17.59,
    "operatingProfit" : 78.93,
    "netProfitMargin" : 6.61,
    "netProfit" : 29.66
  }, {
    "date" : "2016-03-31",
    "sales" : 375.61,
    "salesGrowthYoY" : 36.67,
    "grossProfitMargin" : 93.20,
    "grossProfit" : 350.07,
    "operatingProfitMargin" : 7.96,
    "operatingProfit" : 29.90,
    "netProfitMargin" : -0.23,
    "netProfit" : -0.86
  }, {
    "date" : "2016-06-30",
    "sales" : 528.45,
    "salesGrowthYoY" : 14.34,
    "grossProfitMargin" : 93.54,
    "grossProfit" : 494.31,
    "operatingProfitMargin" : 19.47,
    "operatingProfit" : 102.89,
    "netProfitMargin" : 8.77,
    "netProfit" : 46.35
  }, {
    "date" : "2016-09-30",
    "sales" : 502.33,
    "salesGrowthYoY" : 11.14,
    "grossProfitMargin" : 93.35,
    "grossProfit" : 468.93,
    "operatingProfitMargin" : 14.31,
    "operatingProfit" : 71.88,
    "netProfitMargin" : 5.18,
    "netProfit" : 26.02
  }, {
    "date" : "2016-12-31",
    "sales" : 502.84,
    "salesGrowthYoY" : 12.06,
    "grossProfitMargin" : 93.57,
    "grossProfit" : 470.51,
    "operatingProfitMargin" : 15.23,
    "operatingProfit" : 76.58,
    "netProfitMargin" : 4.57,
    "netProfit" : 22.98
  }, {
    "date" : "2017-03-31",
    "sales" : 467.53,
    "salesGrowthYoY" : 24.47,
    "grossProfitMargin" : 93.17,
    "grossProfit" : 435.60,
    "operatingProfitMargin" : 9.30,
    "operatingProfit" : 43.48,
    "netProfitMargin" : 0.04,
    "netProfit" : 0.19
  }, {
    "date" : "2017-06-30",
    "sales" : 599.76,
    "salesGrowthYoY" : 13.49,
    "grossProfitMargin" : 93.44,
    "grossProfit" : 560.42,
    "operatingProfitMargin" : 17.36,
    "operatingProfit" : 104.12,
    "netProfitMargin" : 6.86,
    "netProfit" : 41.14
  }, {
    "date" : "2017-09-30",
    "sales" : 532.54,
    "salesGrowthYoY" : 6.01,
    "grossProfitMargin" : 93.04,
    "grossProfit" : 495.48,
    "operatingProfitMargin" : 16.54,
    "operatingProfit" : 88.08,
    "netProfitMargin" : 4.55,
    "netProfit" : 24.23
  }, {
    "date" : "2017-12-31",
    "sales" : 547.85,
    "salesGrowthYoY" : 8.95,
    "grossProfitMargin" : 93.22,
    "grossProfit" : 510.71,
    "operatingProfitMargin" : 17.60,
    "operatingProfit" : 96.42,
    "netProfitMargin" : 5.16,
    "netProfit" : 28.27
  }, {
    "date" : "2018-03-31",
    "sales" : 565.97,
    "salesGrowthYoY" : 21.06,
    "grossProfitMargin" : 92.74,
    "grossProfit" : 524.88,
    "operatingProfitMargin" : 16.95,
    "operatingProfit" : 95.93,
    "netProfitMargin" : 4.98,
    "netProfit" : 28.19
  }, {
    "date" : "2018-06-30",
    "sales" : 680.43,
    "salesGrowthYoY" : 13.45,
    "grossProfitMargin" : 92.59,
    "grossProfit" : 630.01,
    "operatingProfitMargin" : 19.28,
    "operatingProfit" : 131.19,
    "netProfitMargin" : 7.30,
    "netProfit" : 49.67
  }, {
    "date" : "2018-09-30",
    "sales" : 699.07,
    "salesGrowthYoY" : 31.27,
    "grossProfitMargin" : 92.30,
    "grossProfit" : 645.24,
    "operatingProfitMargin" : 17.25,
    "operatingProfit" : 120.59,
    "netProfitMargin" : 5.03,
    "netProfit" : 35.16
  }, {
    "date" : "2018-12-31",
    "sales" : 694.94,
    "salesGrowthYoY" : 26.85,
    "grossProfitMargin" : 92.93,
    "grossProfit" : 645.81,
    "operatingProfitMargin" : 19.40,
    "operatingProfit" : 134.82,
    "netProfitMargin" : 6.60,
    "netProfit" : 45.87
  }, {
    "date" : "2019-03-31",
    "sales" : 723.90,
    "salesGrowthYoY" : 27.90,
    "grossProfitMargin" : 92.42,
    "grossProfit" : 669.03,
    "operatingProfitMargin" : 19.35,
    "operatingProfit" : 140.07,
    "netProfitMargin" : 6.40,
    "netProfit" : 46.33
  }, {
    "date" : "2019-06-30",
    "sales" : 867.51,
    "salesGrowthYoY" : 27.49,
    "grossProfitMargin" : 91.84,
    "grossProfit" : 796.72,
    "operatingProfitMargin" : 31.86,
    "operatingProfit" : 276.39,
    "netProfitMargin" : 2.04,
    "netProfit" : 17.70
  }, {
    "date" : "2019-09-30",
    "sales" : 915.97,
    "salesGrowthYoY" : 31.03,
    "grossProfitMargin" : 92.16,
    "grossProfit" : 844.16,
    "operatingProfitMargin" : 34.33,
    "operatingProfit" : 314.45,
    "netProfitMargin" : 5.31,
    "netProfit" : 48.64
  }, {
    "date" : "2019-12-31",
    "sales" : 877.37,
    "salesGrowthYoY" : 26.25,
    "grossProfitMargin" : 92.41,
    "grossProfit" : 810.78,
    "operatingProfitMargin" : 34.92,
    "operatingProfit" : 306.38,
    "netProfitMargin" : 4.50,
    "netProfit" : 39.48
  }, {
    "date" : "2020-03-31",
    "sales" : 623.51,
    "salesGrowthYoY" : -13.87,
    "grossProfitMargin" : 91.96,
    "grossProfit" : 573.38,
    "operatingProfitMargin" : 26.97,
    "operatingProfit" : 168.16,
    "netProfitMargin" : -12.13,
    "netProfit" : -75.63
  }, {
    "date" : "2020-06-30",
    "sales" : 9.74,
    "salesGrowthYoY" : -98.88,
    "grossProfitMargin" : 100.00,
    "grossProfit" : 9.74,
    "operatingProfitMargin" : -1169.51,
    "operatingProfit" : -113.91,
    "netProfitMargin" : -2271.56,
    "netProfit" : -221.25
  }, {
    "date" : "2020-09-30",
    "sales" : 8.74,
    "salesGrowthYoY" : -99.05,
    "grossProfitMargin" : 99.31,
    "grossProfit" : 8.68,
    "operatingProfitMargin" : -972.54,
    "operatingProfit" : -85.00,
    "netProfitMargin" : -2066.82,
    "netProfit" : -180.64
  }, {
    "date" : "2020-12-31",
    "sales" : 39.01,
    "salesGrowthYoY" : -95.55,
    "grossProfitMargin" : 92.10,
    "grossProfit" : 35.93,
    "operatingProfitMargin" : -192.46,
    "operatingProfit" : -75.08,
    "netProfitMargin" : -105.82,
    "netProfit" : -41.28
  }, {
    "date" : "2021-03-31",
    "sales" : 168.23,
    "salesGrowthYoY" : -73.02,
    "grossProfitMargin" : 90.97,
    "grossProfit" : 153.04,
    "operatingProfitMargin" : -33.02,
    "operatingProfit" : -55.55,
    "netProfitMargin" : -166.63,
    "netProfit" : -280.32
  }, {
    "date" : "2021-06-30",
    "sales" : 46.53,
    "salesGrowthYoY" : 377.72,
    "grossProfitMargin" : 91.42,
    "grossProfit" : 42.54,
    "operatingProfitMargin" : -197.83,
    "operatingProfit" : -92.05,
    "netProfitMargin" : -463.19,
    "netProfit" : -215.52
  }, {
    "date" : "2021-09-30",
    "sales" : 107.75,
    "salesGrowthYoY" : 1132.84,
    "grossProfitMargin" : 90.63,
    "grossProfit" : 97.65,
    "operatingProfitMargin" : -63.87,
    "operatingProfit" : -68.82,
    "netProfitMargin" : -137.67,
    "netProfit" : -148.34
  }, {
    "date" : "2021-12-31",
    "sales" : 546.94,
    "salesGrowthYoY" : 1302.05,
    "grossProfitMargin" : 92.02,
    "grossProfit" : 503.29,
    "operatingProfitMargin" : 28.98,
    "operatingProfit" : 158.50,
    "netProfitMargin" : -4.48,
    "netProfit" : -24.50
  }, {
    "date" : "2022-03-31",
    "sales" : 512.09,
    "salesGrowthYoY" : 204.40,
    "grossProfitMargin" : 92.02,
    "grossProfit" : 471.23,
    "operatingProfitMargin" : 21.17,
    "operatingProfit" : 108.41,
    "netProfitMargin" : -17.57,
    "netProfit" : -89.97
  }, {
    "date" : "2022-06-30",
    "sales" : 961.45,
    "salesGrowthYoY" : 1966.30,
    "grossProfitMargin" : 92.41,
    "grossProfit" : 888.48,
    "operatingProfitMargin" : 35.72,
    "operatingProfit" : 343.43,
    "netProfitMargin" : 6.12,
    "netProfit" : 58.84
  }, {
    "date" : "2022-09-30",
    "sales" : 654.00,
    "salesGrowthYoY" : 506.96,
    "grossProfitMargin" : 91.02,
    "grossProfit" : 595.27,
    "operatingProfitMargin" : 23.29,
    "operatingProfit" : 152.32,
    "netProfitMargin" : -10.55,
    "netProfit" : -69.00
  }, {
    "date" : "2022-12-31",
    "sales" : 839.20,
    "salesGrowthYoY" : 53.44,
    "grossProfitMargin" : 91.38,
    "grossProfit" : 766.86,
    "operatingProfitMargin" : 33.35,
    "operatingProfit" : 279.87,
    "netProfitMargin" : 1.54,
    "netProfit" : 12.92
  }, {
    "date" : "2023-03-31",
    "sales" : 1104.50,
    "salesGrowthYoY" : 115.68,
    "grossProfitMargin" : 92.05,
    "grossProfit" : 1016.69,
    "operatingProfitMargin" : 23.60,
    "operatingProfit" : 260.66,
    "netProfitMargin" : -30.01,
    "netProfit" : -331.46
  }, {
    "date" : "2023-06-30",
    "sales" : 1266.60,
    "salesGrowthYoY" : 31.74,
    "grossProfitMargin" : 91.94,
    "grossProfit" : 1164.51,
    "operatingProfitMargin" : 27.72,
    "operatingProfit" : 351.10,
    "netProfitMargin" : -6.32,
    "netProfit" : -80.05
  }, {
    "date" : "2023-09-30",
    "sales" : 1935.30,
    "salesGrowthYoY" : 195.92,
    "grossProfitMargin" : 92.40,
    "grossProfit" : 1788.22,
    "operatingProfitMargin" : 36.29,
    "operatingProfit" : 702.32,
    "netProfitMargin" : 8.57,
    "netProfit" : 165.86
  }, {
    "date" : "2023-12-31",
    "sales" : 1496.80,
    "salesGrowthYoY" : 78.36,
    "grossProfitMargin" : 92.23,
    "grossProfit" : 1380.50,
    "operatingProfitMargin" : 31.23,
    "operatingProfit" : 467.45,
    "netProfitMargin" : 0.84,
    "netProfit" : 12.57
  }, {
    "date" : "2024-03-31",
    "sales" : 1198.40,
    "salesGrowthYoY" : 8.50,
    "grossProfitMargin" : 90.91,
    "grossProfit" : 1089.47,
    "operatingProfitMargin" : 22.75,
    "operatingProfit" : 272.64,
    "netProfitMargin" : -11.19,
    "netProfit" : -134.10
  }, {
    "date" : "2024-06-30",
    "sales" : 1137.30,
    "salesGrowthYoY" : -10.21,
    "grossProfitMargin" : 91.73,
    "grossProfit" : 1043.25,
    "operatingProfitMargin" : 22.03,
    "operatingProfit" : 250.55,
    "netProfitMargin" : -15.49,
    "netProfit" : -176.17
  }, {
    "date" : "2024-09-30",
    "sales" : 1532.70,
    "salesGrowthYoY" : -20.80,
    "grossProfitMargin" : 91.86,
    "grossProfit" : 1407.94,
    "operatingProfitMargin" : 30.96,
    "operatingProfit" : 474.52,
    "netProfitMargin" : -0.81,
    "netProfit" : -12.41
  }, {
    "date" : "2024-12-31",
    "sales" : 1595.80,
    "salesGrowthYoY" : 6.61,
    "grossProfitMargin" : 92.29,
    "grossProfit" : 1472.76,
    "operatingProfitMargin" : 32.77,
    "operatingProfit" : 522.94,
    "netProfitMargin" : 2.16,
    "netProfit" : 34.47
  }, {
    "date" : "2025-03-31",
    "sales" : 1176.60,
    "salesGrowthYoY" : -1.82,
    "grossProfitMargin" : 92.37,
    "grossProfit" : 1086.83,
    "operatingProfitMargin" : 24.12,
    "operatingProfit" : 283.80,
    "netProfitMargin" : -10.44,
    "netProfit" : -122.84
  }, {
    "date" : "2025-06-30",
    "sales" : 1372.90,
    "salesGrowthYoY" : 20.72,
    "grossProfitMargin" : 91.91,
    "grossProfit" : 1261.83,
    "operatingProfitMargin" : 28.83,
    "operatingProfit" : 395.81,
    "netProfitMargin" : -3.73,
    "netProfit" : -51.21
  }, {
    "date" : "2025-09-30",
    "sales" : 1757.70,
    "salesGrowthYoY" : 14.68,
    "grossProfitMargin" : 93.10,
    "grossProfit" : 1636.42,
    "operatingProfitMargin" : 34.45,
    "operatingProfit" : 605.53,
    "netProfitMargin" : 5.91,
    "netProfit" : 103.88
  } ],
  "latestQuarterlyResult" : {
    "date" : "2025-09-30",
    "sales" : 1757.70,
    "salesGrowthYoY" : 14.68,
    "grossProfitMargin" : 93.10,
    "grossProfit" : 1636.42,
    "operatingProfitMargin" : 34.45,
    "operatingProfit" : 605.53,
    "netProfitMargin" : 5.91,
    "netProfit" : 103.88
  },
  "companyScore" : {
    "priceHigherThanDma50" : 0.00,
    "priceHigherThanDma100" : 0.00,
    "priceHigherThanDma200" : 0.00,
    "dma50HigherThanDma100" : 5.00,
    "dma50HigherThanDma200" : 0.00,
    "dma100HigherThanDma200" : 0.00,
    "pricePercentageAboveDma50" : 5.08,
    "pricePercentageAboveDma100" : 5.02,
    "pricePercentageAboveDma200" : 5.09,
    "weeklyVolumeHigherThanYearlyVolume" : 0.00,
    "salesGrowthPercentile" : 6.84,
    "operatingProfitMarginPercentile" : 19.97,
    "netProfitMarginPercentile" : 9.97,
    "totalTechnicalScore" : 20.20,
    "totalFundamentalScore" : 36.78,
    "totalScore" : 56.98
  }
}