{
  "metadata" : {
    "screenerCompanyId" : "2695",
    "companyCode" : "RACLGEAR",
    "companyName" : "RACL Geartech",
    "screenerCompanyLink" : "https://www.screener.in/company/RACLGEAR",
    "screenerTechnicalHistoryLink" : "https://www.screener.in/api/company/2695/chart/?q=Price-DMA50-DMA200-Volume&days=365",
    "screenerQuarterlyResultsLink" : "https://www.screener.in/api/company/2695/chart/?q=GPM-OPM-NPM-Quarter+Sales&days=10000",
    "attributes" : {
      "companyCode" : "RACLGEAR",
      "companyName" : "RACL Geartech",
      "marketCap" : 1249.00,
      "peRatio" : 36.10,
      "description" : "Incorporated in 1983, RACL Geartech Ltd manufactures and exports automotive gears and components[1]"
    },
    "companyScore" : {
      "priceHigherThanDma50" : 0.00,
      "priceHigherThanDma100" : 5.00,
      "priceHigherThanDma200" : 5.00,
      "dma50HigherThanDma100" : 5.00,
      "dma50HigherThanDma200" : 5.00,
      "dma100HigherThanDma200" : 5.00,
      "pricePercentageAboveDma50" : 5.01,
      "pricePercentageAboveDma100" : 4.71,
      "pricePercentageAboveDma200" : 4.57,
      "weeklyVolumeHigherThanYearlyVolume" : 0.00,
      "salesGrowthPercentile" : 9.37,
      "operatingProfitMarginPercentile" : 16.14,
      "netProfitMarginPercentile" : 9.04,
      "totalTechnicalScore" : 39.29,
      "totalFundamentalScore" : 34.55,
      "totalScore" : 73.84
    }
  },
  "attributes" : {
    "companyCode" : "RACLGEAR",
    "companyName" : "RACL Geartech",
    "marketCap" : 1249.00,
    "peRatio" : 36.10,
    "description" : "Incorporated in 1983, RACL Geartech Ltd manufactures and exports automotive gears and components[1]"
  },
  "technicalHistory" : [ {
    "date" : "2024-11-25",
    "price" : 828.60,
    "dma50" : 926.75,
    "dma100" : null,
    "dma200" : 1048.40,
    "volume" : 3695.00
  }, {
    "date" : "2024-11-26",
    "price" : 842.45,
    "dma50" : 923.45,
    "dma100" : null,
    "dma200" : 1046.35,
    "volume" : 7870.00
  }, {
    "date" : "2024-11-27",
    "price" : 848.75,
    "dma50" : 920.52,
    "dma100" : null,
    "dma200" : 1044.38,
    "volume" : 19676.00
  }, {
    "date" : "2024-11-28",
    "price" : 852.30,
    "dma50" : 917.84,
    "dma100" : null,
    "dma200" : 1042.47,
    "volume" : 7408.00
  }, {
    "date" : "2024-11-29",
    "price" : 917.45,
    "dma50" : 917.83,
    "dma100" : null,
    "dma200" : 1041.23,
    "volume" : 45060.00
  }, {
    "date" : "2024-12-02",
    "price" : 918.25,
    "dma50" : 917.84,
    "dma100" : null,
    "dma200" : 1040.00,
    "volume" : 19957.00
  }, {
    "date" : "2024-12-03",
    "price" : 891.25,
    "dma50" : 916.80,
    "dma100" : null,
    "dma200" : 1038.52,
    "volume" : 7005.00
  }, {
    "date" : "2024-12-04",
    "price" : 901.30,
    "dma50" : 916.19,
    "dma100" : null,
    "dma200" : 1037.16,
    "volume" : 6097.00
  }, {
    "date" : "2024-12-05",
    "price" : 893.05,
    "dma50" : 915.28,
    "dma100" : null,
    "dma200" : 1035.72,
    "volume" : 5808.00
  }, {
    "date" : "2024-12-06",
    "price" : 883.50,
    "dma50" : 914.04,
    "dma100" : null,
    "dma200" : 1034.21,
    "volume" : 3047.00
  }, {
    "date" : "2024-12-09",
    "price" : 900.05,
    "dma50" : 913.49,
    "dma100" : null,
    "dma200" : 1032.87,
    "volume" : 8985.00
  }, {
    "date" : "2024-12-10",
    "price" : 893.05,
    "dma50" : 912.69,
    "dma100" : null,
    "dma200" : 1031.48,
    "volume" : 13438.00
  }, {
    "date" : "2024-12-11",
    "price" : 865.00,
    "dma50" : 910.82,
    "dma100" : null,
    "dma200" : 1029.83,
    "volume" : 7267.00
  }, {
    "date" : "2024-12-12",
    "price" : 850.35,
    "dma50" : 908.45,
    "dma100" : null,
    "dma200" : 1028.04,
    "volume" : 6162.00
  }, {
    "date" : "2024-12-13",
    "price" : 853.95,
    "dma50" : 906.31,
    "dma100" : null,
    "dma200" : 1026.31,
    "volume" : 11916.00
  }, {
    "date" : "2024-12-16",
    "price" : 854.50,
    "dma50" : 904.28,
    "dma100" : null,
    "dma200" : 1024.60,
    "volume" : 12637.00
  }, {
    "date" : "2024-12-17",
    "price" : 851.95,
    "dma50" : 902.23,
    "dma100" : null,
    "dma200" : 1022.88,
    "volume" : 5370.00
  }, {
    "date" : "2024-12-18",
    "price" : 882.35,
    "dma50" : 901.45,
    "dma100" : null,
    "dma200" : 1021.48,
    "volume" : 10879.00
  }, {
    "date" : "2024-12-19",
    "price" : 869.75,
    "dma50" : 900.20,
    "dma100" : null,
    "dma200" : 1019.97,
    "volume" : 7408.00
  }, {
    "date" : "2024-12-20",
    "price" : 856.25,
    "dma50" : 898.48,
    "dma100" : null,
    "dma200" : 1018.34,
    "volume" : 4380.00
  }, {
    "date" : "2024-12-23",
    "price" : 850.05,
    "dma50" : 896.58,
    "dma100" : null,
    "dma200" : 1016.67,
    "volume" : 11488.00
  }, {
    "date" : "2024-12-24",
    "price" : 857.05,
    "dma50" : 895.03,
    "dma100" : null,
    "dma200" : 1015.08,
    "volume" : 5878.00
  }, {
    "date" : "2024-12-26",
    "price" : 851.15,
    "dma50" : 893.31,
    "dma100" : null,
    "dma200" : 1013.45,
    "volume" : 6800.00
  }, {
    "date" : "2024-12-27",
    "price" : 864.45,
    "dma50" : 892.18,
    "dma100" : null,
    "dma200" : 1011.97,
    "volume" : 26870.00
  }, {
    "date" : "2024-12-30",
    "price" : 859.30,
    "dma50" : 890.89,
    "dma100" : null,
    "dma200" : 1010.45,
    "volume" : 6386.00
  }, {
    "date" : "2024-12-31",
    "price" : 875.15,
    "dma50" : 890.27,
    "dma100" : null,
    "dma200" : 1009.10,
    "volume" : 2939.00
  }, {
    "date" : "2025-01-01",
    "price" : 852.90,
    "dma50" : 888.81,
    "dma100" : null,
    "dma200" : 1007.55,
    "volume" : 2097.00
  }, {
    "date" : "2025-01-02",
    "price" : 859.15,
    "dma50" : 887.64,
    "dma100" : null,
    "dma200" : 1006.07,
    "volume" : 6247.00
  }, {
    "date" : "2025-01-03",
    "price" : 851.05,
    "dma50" : 886.21,
    "dma100" : null,
    "dma200" : 1004.53,
    "volume" : 4932.00
  }, {
    "date" : "2025-01-06",
    "price" : 845.45,
    "dma50" : 884.61,
    "dma100" : null,
    "dma200" : 1002.95,
    "volume" : 6592.00
  }, {
    "date" : "2025-01-07",
    "price" : 849.25,
    "dma50" : 883.22,
    "dma100" : null,
    "dma200" : 1001.42,
    "volume" : 16346.00
  }, {
    "date" : "2025-01-08",
    "price" : 849.30,
    "dma50" : 881.89,
    "dma100" : null,
    "dma200" : 999.90,
    "volume" : 24325.00
  }, {
    "date" : "2025-01-09",
    "price" : 859.05,
    "dma50" : 881.00,
    "dma100" : null,
    "dma200" : 998.50,
    "volume" : 4233.00
  }, {
    "date" : "2025-01-10",
    "price" : 850.85,
    "dma50" : 879.81,
    "dma100" : null,
    "dma200" : 997.03,
    "volume" : 7592.00
  }, {
    "date" : "2025-01-13",
    "price" : 803.50,
    "dma50" : 876.82,
    "dma100" : null,
    "dma200" : 995.11,
    "volume" : 15177.00
  }, {
    "date" : "2025-01-14",
    "price" : 815.90,
    "dma50" : 874.43,
    "dma100" : null,
    "dma200" : 993.32,
    "volume" : 3437.00
  }, {
    "date" : "2025-01-15",
    "price" : 810.00,
    "dma50" : 871.91,
    "dma100" : null,
    "dma200" : 991.50,
    "volume" : 1539.00
  }, {
    "date" : "2025-01-16",
    "price" : 808.55,
    "dma50" : 869.42,
    "dma100" : null,
    "dma200" : 989.68,
    "volume" : 1453.00
  }, {
    "date" : "2025-01-17",
    "price" : 830.35,
    "dma50" : 867.89,
    "dma100" : null,
    "dma200" : 988.09,
    "volume" : 1729.00
  }, {
    "date" : "2025-01-20",
    "price" : 840.55,
    "dma50" : 866.82,
    "dma100" : null,
    "dma200" : 986.62,
    "volume" : 3443.00
  }, {
    "date" : "2025-01-21",
    "price" : 827.65,
    "dma50" : 865.28,
    "dma100" : null,
    "dma200" : 985.04,
    "volume" : 5534.00
  }, {
    "date" : "2025-01-22",
    "price" : 797.75,
    "dma50" : 862.63,
    "dma100" : null,
    "dma200" : 983.18,
    "volume" : 8285.00
  }, {
    "date" : "2025-01-23",
    "price" : 810.65,
    "dma50" : 860.59,
    "dma100" : null,
    "dma200" : 981.46,
    "volume" : 2340.00
  }, {
    "date" : "2025-01-24",
    "price" : 790.90,
    "dma50" : 857.86,
    "dma100" : null,
    "dma200" : 979.57,
    "volume" : 5334.00
  }, {
    "date" : "2025-01-27",
    "price" : 760.10,
    "dma50" : 854.03,
    "dma100" : null,
    "dma200" : 977.38,
    "volume" : 12218.00
  }, {
    "date" : "2025-01-28",
    "price" : 742.50,
    "dma50" : 849.65,
    "dma100" : null,
    "dma200" : 975.05,
    "volume" : 8626.00
  }, {
    "date" : "2025-01-29",
    "price" : 738.35,
    "dma50" : 845.29,
    "dma100" : null,
    "dma200" : 972.69,
    "volume" : 8955.00
  }, {
    "date" : "2025-01-30",
    "price" : 767.35,
    "dma50" : 842.23,
    "dma100" : null,
    "dma200" : 970.65,
    "volume" : 15924.00
  }, {
    "date" : "2025-01-31",
    "price" : 851.85,
    "dma50" : 842.61,
    "dma100" : null,
    "dma200" : 969.47,
    "volume" : 17186.00
  }, {
    "date" : "2025-02-01",
    "price" : 799.80,
    "dma50" : 840.93,
    "dma100" : null,
    "dma200" : 967.78,
    "volume" : 11399.00
  }, {
    "date" : "2025-02-03",
    "price" : 796.50,
    "dma50" : 839.19,
    "dma100" : null,
    "dma200" : 966.07,
    "volume" : 26479.00
  }, {
    "date" : "2025-02-04",
    "price" : 815.95,
    "dma50" : 838.28,
    "dma100" : null,
    "dma200" : 964.58,
    "volume" : 14795.00
  }, {
    "date" : "2025-02-05",
    "price" : 818.90,
    "dma50" : 837.52,
    "dma100" : null,
    "dma200" : 963.13,
    "volume" : 5522.00
  }, {
    "date" : "2025-02-06",
    "price" : 816.30,
    "dma50" : 836.69,
    "dma100" : null,
    "dma200" : 961.67,
    "volume" : 7684.00
  }, {
    "date" : "2025-02-07",
    "price" : 813.35,
    "dma50" : 835.77,
    "dma100" : null,
    "dma200" : 960.19,
    "volume" : 14962.00
  }, {
    "date" : "2025-02-10",
    "price" : 791.75,
    "dma50" : 834.04,
    "dma100" : null,
    "dma200" : 958.52,
    "volume" : 2945.00
  }, {
    "date" : "2025-02-11",
    "price" : 750.55,
    "dma50" : 830.77,
    "dma100" : null,
    "dma200" : 956.45,
    "volume" : 7991.00
  }, {
    "date" : "2025-02-12",
    "price" : 741.35,
    "dma50" : 827.26,
    "dma100" : null,
    "dma200" : 954.31,
    "volume" : 5885.00
  }, {
    "date" : "2025-02-13",
    "price" : 761.60,
    "dma50" : 824.69,
    "dma100" : null,
    "dma200" : 952.39,
    "volume" : 2338.00
  }, {
    "date" : "2025-02-14",
    "price" : 762.10,
    "dma50" : 822.23,
    "dma100" : null,
    "dma200" : 950.50,
    "volume" : 3323.00
  }, {
    "date" : "2025-02-17",
    "price" : 730.45,
    "dma50" : 818.63,
    "dma100" : null,
    "dma200" : 948.31,
    "volume" : 9670.00
  }, {
    "date" : "2025-02-18",
    "price" : 731.15,
    "dma50" : 815.20,
    "dma100" : null,
    "dma200" : 946.15,
    "volume" : 5875.00
  }, {
    "date" : "2025-02-19",
    "price" : 708.35,
    "dma50" : 811.01,
    "dma100" : null,
    "dma200" : 943.78,
    "volume" : 5865.00
  }, {
    "date" : "2025-02-20",
    "price" : 750.10,
    "dma50" : 808.62,
    "dma100" : null,
    "dma200" : 941.85,
    "volume" : 2116.00
  }, {
    "date" : "2025-02-21",
    "price" : 733.75,
    "dma50" : 805.69,
    "dma100" : null,
    "dma200" : 939.78,
    "volume" : 4560.00
  }, {
    "date" : "2025-02-24",
    "price" : 729.10,
    "dma50" : 802.68,
    "dma100" : null,
    "dma200" : 937.69,
    "volume" : 6011.00
  }, {
    "date" : "2025-02-25",
    "price" : 695.35,
    "dma50" : 798.48,
    "dma100" : null,
    "dma200" : 935.27,
    "volume" : 8665.00
  }, {
    "date" : "2025-02-27",
    "price" : 744.85,
    "dma50" : 796.37,
    "dma100" : null,
    "dma200" : 933.38,
    "volume" : 11682.00
  }, {
    "date" : "2025-02-28",
    "price" : 728.05,
    "dma50" : 793.69,
    "dma100" : null,
    "dma200" : 931.34,
    "volume" : 7412.00
  }, {
    "date" : "2025-03-03",
    "price" : 722.45,
    "dma50" : 790.90,
    "dma100" : null,
    "dma200" : 929.26,
    "volume" : 11437.00
  }, {
    "date" : "2025-03-04",
    "price" : 722.90,
    "dma50" : 788.23,
    "dma100" : null,
    "dma200" : 927.20,
    "volume" : 8294.00
  }, {
    "date" : "2025-03-05",
    "price" : 725.35,
    "dma50" : 785.77,
    "dma100" : null,
    "dma200" : 925.20,
    "volume" : 5734.00
  }, {
    "date" : "2025-03-06",
    "price" : 734.95,
    "dma50" : 783.77,
    "dma100" : null,
    "dma200" : 923.30,
    "volume" : 6515.00
  }, {
    "date" : "2025-03-07",
    "price" : 753.65,
    "dma50" : 782.59,
    "dma100" : null,
    "dma200" : 921.62,
    "volume" : 5637.00
  }, {
    "date" : "2025-03-10",
    "price" : 728.85,
    "dma50" : 780.48,
    "dma100" : null,
    "dma200" : 919.70,
    "volume" : 2057.00
  }, {
    "date" : "2025-03-11",
    "price" : 709.95,
    "dma50" : 777.72,
    "dma100" : null,
    "dma200" : 917.61,
    "volume" : 8279.00
  }, {
    "date" : "2025-03-12",
    "price" : 701.75,
    "dma50" : 774.74,
    "dma100" : null,
    "dma200" : 915.46,
    "volume" : 2273.00
  }, {
    "date" : "2025-03-13",
    "price" : 691.30,
    "dma50" : 771.47,
    "dma100" : null,
    "dma200" : 913.23,
    "volume" : 4550.00
  }, {
    "date" : "2025-03-17",
    "price" : 670.85,
    "dma50" : 767.52,
    "dma100" : null,
    "dma200" : 910.82,
    "volume" : 12559.00
  }, {
    "date" : "2025-03-18",
    "price" : 668.20,
    "dma50" : 763.63,
    "dma100" : null,
    "dma200" : 908.41,
    "volume" : 8364.00
  }, {
    "date" : "2025-03-19",
    "price" : 703.35,
    "dma50" : 761.26,
    "dma100" : null,
    "dma200" : 906.37,
    "volume" : 12677.00
  }, {
    "date" : "2025-03-20",
    "price" : 752.95,
    "dma50" : 760.94,
    "dma100" : null,
    "dma200" : 904.84,
    "volume" : 9126.00
  }, {
    "date" : "2025-03-21",
    "price" : 763.95,
    "dma50" : 761.06,
    "dma100" : null,
    "dma200" : 903.44,
    "volume" : 54946.00
  }, {
    "date" : "2025-03-24",
    "price" : 774.45,
    "dma50" : 761.58,
    "dma100" : null,
    "dma200" : 902.15,
    "volume" : 52260.00
  }, {
    "date" : "2025-03-25",
    "price" : 747.40,
    "dma50" : 761.02,
    "dma100" : null,
    "dma200" : 900.61,
    "volume" : 55618.00
  }, {
    "date" : "2025-03-26",
    "price" : 751.05,
    "dma50" : 760.63,
    "dma100" : null,
    "dma200" : 899.13,
    "volume" : 17142.00
  }, {
    "date" : "2025-03-27",
    "price" : 750.65,
    "dma50" : 760.24,
    "dma100" : null,
    "dma200" : 897.65,
    "volume" : 16162.00
  }, {
    "date" : "2025-03-28",
    "price" : 748.80,
    "dma50" : 759.79,
    "dma100" : null,
    "dma200" : 896.17,
    "volume" : 16670.00
  }, {
    "date" : "2025-04-01",
    "price" : 764.85,
    "dma50" : 759.99,
    "dma100" : null,
    "dma200" : 894.86,
    "volume" : 4442.00
  }, {
    "date" : "2025-04-02",
    "price" : 756.00,
    "dma50" : 759.83,
    "dma100" : null,
    "dma200" : 893.48,
    "volume" : 1235.00
  }, {
    "date" : "2025-04-03",
    "price" : 760.00,
    "dma50" : 759.84,
    "dma100" : null,
    "dma200" : 892.15,
    "volume" : 6258.00
  }, {
    "date" : "2025-04-04",
    "price" : 764.60,
    "dma50" : 760.03,
    "dma100" : null,
    "dma200" : 890.88,
    "volume" : 3592.00
  }, {
    "date" : "2025-04-07",
    "price" : 712.75,
    "dma50" : 758.17,
    "dma100" : null,
    "dma200" : 889.11,
    "volume" : 6643.00
  }, {
    "date" : "2025-04-08",
    "price" : 759.90,
    "dma50" : 758.24,
    "dma100" : null,
    "dma200" : 887.82,
    "volume" : 16400.00
  }, {
    "date" : "2025-04-09",
    "price" : 735.00,
    "dma50" : 757.33,
    "dma100" : null,
    "dma200" : 886.30,
    "volume" : 2200.00
  }, {
    "date" : "2025-04-11",
    "price" : 824.65,
    "dma50" : 759.97,
    "dma100" : null,
    "dma200" : 885.69,
    "volume" : 93072.00
  }, {
    "date" : "2025-04-15",
    "price" : 823.80,
    "dma50" : 762.47,
    "dma100" : null,
    "dma200" : 885.07,
    "volume" : 13950.00
  }, {
    "date" : "2025-04-16",
    "price" : 816.80,
    "dma50" : 764.60,
    "dma100" : null,
    "dma200" : 884.39,
    "volume" : 3700.00
  }, {
    "date" : "2025-04-17",
    "price" : 822.85,
    "dma50" : 766.89,
    "dma100" : null,
    "dma200" : 883.78,
    "volume" : 5610.00
  }, {
    "date" : "2025-04-21",
    "price" : 842.60,
    "dma50" : 769.86,
    "dma100" : null,
    "dma200" : 883.37,
    "volume" : 18968.00
  }, {
    "date" : "2025-04-22",
    "price" : 834.95,
    "dma50" : 772.41,
    "dma100" : 798.56,
    "dma200" : 882.89,
    "volume" : 14635.00
  }, {
    "date" : "2025-04-23",
    "price" : 844.65,
    "dma50" : 775.24,
    "dma100" : 798.59,
    "dma200" : 882.51,
    "volume" : 6595.00
  }, {
    "date" : "2025-04-24",
    "price" : 813.40,
    "dma50" : 776.74,
    "dma100" : 798.23,
    "dma200" : 881.82,
    "volume" : 20174.00
  }, {
    "date" : "2025-04-25",
    "price" : 799.55,
    "dma50" : 777.63,
    "dma100" : 797.71,
    "dma200" : 881.00,
    "volume" : 9189.00
  }, {
    "date" : "2025-04-28",
    "price" : 778.15,
    "dma50" : 777.65,
    "dma100" : 796.31,
    "dma200" : 879.98,
    "volume" : 11383.00
  }, {
    "date" : "2025-04-29",
    "price" : 815.75,
    "dma50" : 779.15,
    "dma100" : 795.29,
    "dma200" : 879.34,
    "volume" : 12117.00
  }, {
    "date" : "2025-04-30",
    "price" : 790.55,
    "dma50" : 779.59,
    "dma100" : 794.28,
    "dma200" : 878.46,
    "volume" : 7639.00
  }, {
    "date" : "2025-05-02",
    "price" : 778.30,
    "dma50" : 779.54,
    "dma100" : 793.05,
    "dma200" : 877.46,
    "volume" : 7917.00
  }, {
    "date" : "2025-05-05",
    "price" : 785.95,
    "dma50" : 779.80,
    "dma100" : 791.98,
    "dma200" : 876.55,
    "volume" : 4130.00
  }, {
    "date" : "2025-05-06",
    "price" : 775.15,
    "dma50" : 779.61,
    "dma100" : 790.90,
    "dma200" : 875.54,
    "volume" : 7184.00
  }, {
    "date" : "2025-05-07",
    "price" : 776.00,
    "dma50" : 779.47,
    "dma100" : 789.66,
    "dma200" : 874.55,
    "volume" : 10670.00
  }, {
    "date" : "2025-05-08",
    "price" : 775.00,
    "dma50" : 779.30,
    "dma100" : 788.47,
    "dma200" : 873.56,
    "volume" : 11715.00
  }, {
    "date" : "2025-05-09",
    "price" : 766.35,
    "dma50" : 778.79,
    "dma100" : 787.49,
    "dma200" : 872.49,
    "volume" : 4115.00
  }, {
    "date" : "2025-05-12",
    "price" : 836.45,
    "dma50" : 781.05,
    "dma100" : 787.35,
    "dma200" : 872.13,
    "volume" : 14851.00
  }, {
    "date" : "2025-05-13",
    "price" : 809.30,
    "dma50" : 782.16,
    "dma100" : 786.90,
    "dma200" : 871.51,
    "volume" : 17944.00
  }, {
    "date" : "2025-05-14",
    "price" : 811.80,
    "dma50" : 783.32,
    "dma100" : 786.48,
    "dma200" : 870.92,
    "volume" : 604089.00
  }, {
    "date" : "2025-05-15",
    "price" : 825.35,
    "dma50" : 784.97,
    "dma100" : 786.21,
    "dma200" : 870.46,
    "volume" : 37665.00
  }, {
    "date" : "2025-05-16",
    "price" : 831.55,
    "dma50" : 786.79,
    "dma100" : 785.70,
    "dma200" : 870.07,
    "volume" : 16428.00
  }, {
    "date" : "2025-05-19",
    "price" : 893.70,
    "dma50" : 790.99,
    "dma100" : 785.94,
    "dma200" : 870.31,
    "volume" : 48376.00
  }, {
    "date" : "2025-05-20",
    "price" : 932.50,
    "dma50" : 796.54,
    "dma100" : 786.70,
    "dma200" : 870.93,
    "volume" : 36584.00
  }, {
    "date" : "2025-05-21",
    "price" : 946.05,
    "dma50" : 802.40,
    "dma100" : 787.66,
    "dma200" : 871.68,
    "volume" : 37310.00
  }, {
    "date" : "2025-05-22",
    "price" : 960.15,
    "dma50" : 808.59,
    "dma100" : 788.69,
    "dma200" : 872.56,
    "volume" : 17292.00
  }, {
    "date" : "2025-05-23",
    "price" : 970.40,
    "dma50" : 814.93,
    "dma100" : 789.89,
    "dma200" : 873.53,
    "volume" : 20837.00
  }, {
    "date" : "2025-05-26",
    "price" : 1031.30,
    "dma50" : 823.42,
    "dma100" : 791.56,
    "dma200" : 875.10,
    "volume" : 51241.00
  }, {
    "date" : "2025-05-27",
    "price" : 1097.50,
    "dma50" : 834.17,
    "dma100" : 793.94,
    "dma200" : 877.31,
    "volume" : 50165.00
  }, {
    "date" : "2025-05-28",
    "price" : 986.75,
    "dma50" : 840.15,
    "dma100" : 795.05,
    "dma200" : 878.40,
    "volume" : 61494.00
  }, {
    "date" : "2025-05-29",
    "price" : 976.30,
    "dma50" : 845.49,
    "dma100" : 796.29,
    "dma200" : 879.38,
    "volume" : 12385.00
  }, {
    "date" : "2025-05-30",
    "price" : 946.40,
    "dma50" : 849.45,
    "dma100" : 797.16,
    "dma200" : 880.04,
    "volume" : 9964.00
  }, {
    "date" : "2025-06-02",
    "price" : 998.45,
    "dma50" : 855.29,
    "dma100" : 798.63,
    "dma200" : 881.22,
    "volume" : 17011.00
  }, {
    "date" : "2025-06-03",
    "price" : 984.45,
    "dma50" : 860.35,
    "dma100" : 800.02,
    "dma200" : 882.25,
    "volume" : 9623.00
  }, {
    "date" : "2025-06-04",
    "price" : 990.95,
    "dma50" : 865.48,
    "dma100" : 801.44,
    "dma200" : 883.33,
    "volume" : 7667.00
  }, {
    "date" : "2025-06-05",
    "price" : 952.30,
    "dma50" : 868.88,
    "dma100" : 802.47,
    "dma200" : 884.02,
    "volume" : 5552.00
  }, {
    "date" : "2025-06-06",
    "price" : 984.25,
    "dma50" : 873.40,
    "dma100" : 803.72,
    "dma200" : 885.01,
    "volume" : 9889.00
  }, {
    "date" : "2025-06-09",
    "price" : 944.25,
    "dma50" : 876.18,
    "dma100" : 804.66,
    "dma200" : 885.60,
    "volume" : 17072.00
  }, {
    "date" : "2025-06-10",
    "price" : 950.00,
    "dma50" : 879.08,
    "dma100" : 806.12,
    "dma200" : 886.24,
    "volume" : 5981.00
  }, {
    "date" : "2025-06-11",
    "price" : 955.15,
    "dma50" : 882.06,
    "dma100" : 807.51,
    "dma200" : 886.93,
    "volume" : 2833.00
  }, {
    "date" : "2025-06-12",
    "price" : 953.00,
    "dma50" : 884.84,
    "dma100" : 808.94,
    "dma200" : 887.59,
    "volume" : 3907.00
  }, {
    "date" : "2025-06-13",
    "price" : 964.40,
    "dma50" : 887.96,
    "dma100" : 810.50,
    "dma200" : 888.35,
    "volume" : 3716.00
  }, {
    "date" : "2025-06-16",
    "price" : 983.00,
    "dma50" : 891.69,
    "dma100" : 812.03,
    "dma200" : 889.29,
    "volume" : 6245.00
  }, {
    "date" : "2025-06-17",
    "price" : 945.80,
    "dma50" : 893.81,
    "dma100" : 813.08,
    "dma200" : 889.86,
    "volume" : 9355.00
  }, {
    "date" : "2025-06-18",
    "price" : 934.35,
    "dma50" : 895.40,
    "dma100" : 814.15,
    "dma200" : 890.30,
    "volume" : 7111.00
  }, {
    "date" : "2025-06-19",
    "price" : 932.65,
    "dma50" : 896.86,
    "dma100" : 815.50,
    "dma200" : 890.72,
    "volume" : 5719.00
  }, {
    "date" : "2025-06-20",
    "price" : 971.45,
    "dma50" : 899.79,
    "dma100" : 817.11,
    "dma200" : 891.52,
    "volume" : 11135.00
  }, {
    "date" : "2025-06-23",
    "price" : 931.00,
    "dma50" : 901.01,
    "dma100" : 818.51,
    "dma200" : 891.92,
    "volume" : 13602.00
  }, {
    "date" : "2025-06-24",
    "price" : 907.70,
    "dma50" : 901.27,
    "dma100" : 819.98,
    "dma200" : 892.07,
    "volume" : 20724.00
  }, {
    "date" : "2025-06-25",
    "price" : 906.55,
    "dma50" : 901.48,
    "dma100" : 821.62,
    "dma200" : 892.22,
    "volume" : 13110.00
  }, {
    "date" : "2025-06-26",
    "price" : 909.95,
    "dma50" : 901.81,
    "dma100" : 823.34,
    "dma200" : 892.39,
    "volume" : 5810.00
  }, {
    "date" : "2025-06-27",
    "price" : 896.35,
    "dma50" : 901.60,
    "dma100" : 824.63,
    "dma200" : 892.43,
    "volume" : 44060.00
  }, {
    "date" : "2025-06-30",
    "price" : 900.15,
    "dma50" : 901.54,
    "dma100" : 825.11,
    "dma200" : 892.51,
    "volume" : 10445.00
  }, {
    "date" : "2025-07-01",
    "price" : 910.25,
    "dma50" : 901.88,
    "dma100" : 826.22,
    "dma200" : 892.69,
    "volume" : 8343.00
  }, {
    "date" : "2025-07-02",
    "price" : 918.15,
    "dma50" : 902.52,
    "dma100" : 827.43,
    "dma200" : 892.94,
    "volume" : 5924.00
  }, {
    "date" : "2025-07-03",
    "price" : 911.60,
    "dma50" : 902.88,
    "dma100" : 828.39,
    "dma200" : 893.12,
    "volume" : 6299.00
  }, {
    "date" : "2025-07-04",
    "price" : 919.60,
    "dma50" : 903.53,
    "dma100" : 829.40,
    "dma200" : 893.39,
    "volume" : 6964.00
  }, {
    "date" : "2025-07-07",
    "price" : 917.10,
    "dma50" : 904.06,
    "dma100" : 830.41,
    "dma200" : 893.62,
    "volume" : 10923.00
  }, {
    "date" : "2025-07-08",
    "price" : 947.40,
    "dma50" : 905.76,
    "dma100" : 831.75,
    "dma200" : 894.16,
    "volume" : 7553.00
  }, {
    "date" : "2025-07-09",
    "price" : 944.65,
    "dma50" : 907.29,
    "dma100" : 833.27,
    "dma200" : 894.66,
    "volume" : 6266.00
  }, {
    "date" : "2025-07-10",
    "price" : 940.70,
    "dma50" : 908.60,
    "dma100" : 835.18,
    "dma200" : 895.12,
    "volume" : 3637.00
  }, {
    "date" : "2025-07-11",
    "price" : 949.55,
    "dma50" : 910.21,
    "dma100" : 837.26,
    "dma200" : 895.66,
    "volume" : 4856.00
  }, {
    "date" : "2025-07-14",
    "price" : 940.00,
    "dma50" : 911.37,
    "dma100" : 839.04,
    "dma200" : 896.10,
    "volume" : 3139.00
  }, {
    "date" : "2025-07-15",
    "price" : 920.90,
    "dma50" : 911.75,
    "dma100" : 840.63,
    "dma200" : 896.35,
    "volume" : 12361.00
  }, {
    "date" : "2025-07-16",
    "price" : 911.85,
    "dma50" : 911.75,
    "dma100" : 842.44,
    "dma200" : 896.50,
    "volume" : 3699.00
  }, {
    "date" : "2025-07-17",
    "price" : 905.80,
    "dma50" : 911.52,
    "dma100" : 844.19,
    "dma200" : 896.60,
    "volume" : 9684.00
  }, {
    "date" : "2025-07-18",
    "price" : 909.25,
    "dma50" : 911.43,
    "dma100" : 846.20,
    "dma200" : 896.72,
    "volume" : 4087.00
  }, {
    "date" : "2025-07-21",
    "price" : 910.50,
    "dma50" : 911.39,
    "dma100" : 847.80,
    "dma200" : 896.86,
    "volume" : 7737.00
  }, {
    "date" : "2025-07-22",
    "price" : 1006.55,
    "dma50" : 915.12,
    "dma100" : 850.53,
    "dma200" : 897.95,
    "volume" : 278826.00
  }, {
    "date" : "2025-07-23",
    "price" : 1010.80,
    "dma50" : 918.88,
    "dma100" : 853.35,
    "dma200" : 899.07,
    "volume" : 67190.00
  }, {
    "date" : "2025-07-24",
    "price" : 988.40,
    "dma50" : 921.60,
    "dma100" : 856.28,
    "dma200" : 899.96,
    "volume" : 10239.00
  }, {
    "date" : "2025-07-25",
    "price" : 994.25,
    "dma50" : 924.45,
    "dma100" : 858.77,
    "dma200" : 900.90,
    "volume" : 8768.00
  }, {
    "date" : "2025-07-28",
    "price" : 976.90,
    "dma50" : 926.51,
    "dma100" : 861.26,
    "dma200" : 901.66,
    "volume" : 8917.00
  }, {
    "date" : "2025-07-29",
    "price" : 972.60,
    "dma50" : 928.32,
    "dma100" : 863.76,
    "dma200" : 902.36,
    "volume" : 8046.00
  }, {
    "date" : "2025-07-30",
    "price" : 944.45,
    "dma50" : 928.95,
    "dma100" : 865.98,
    "dma200" : 902.78,
    "volume" : 11286.00
  }, {
    "date" : "2025-07-31",
    "price" : 925.55,
    "dma50" : 928.82,
    "dma100" : 867.98,
    "dma200" : 903.01,
    "volume" : 7259.00
  }, {
    "date" : "2025-08-01",
    "price" : 955.85,
    "dma50" : 929.88,
    "dma100" : 870.19,
    "dma200" : 903.53,
    "volume" : 7169.00
  }, {
    "date" : "2025-08-04",
    "price" : 929.10,
    "dma50" : 929.85,
    "dma100" : 871.94,
    "dma200" : 903.79,
    "volume" : 21316.00
  }, {
    "date" : "2025-08-05",
    "price" : 931.65,
    "dma50" : 929.92,
    "dma100" : 873.97,
    "dma200" : 904.07,
    "volume" : 8076.00
  }, {
    "date" : "2025-08-06",
    "price" : 948.50,
    "dma50" : 930.64,
    "dma100" : 876.36,
    "dma200" : 904.51,
    "volume" : 11480.00
  }, {
    "date" : "2025-08-07",
    "price" : 944.25,
    "dma50" : 931.18,
    "dma100" : 878.78,
    "dma200" : 904.90,
    "volume" : 3792.00
  }, {
    "date" : "2025-08-08",
    "price" : 942.45,
    "dma50" : 931.62,
    "dma100" : 881.29,
    "dma200" : 905.28,
    "volume" : 12679.00
  }, {
    "date" : "2025-08-11",
    "price" : 912.50,
    "dma50" : 930.87,
    "dma100" : 883.71,
    "dma200" : 905.35,
    "volume" : 6541.00
  }, {
    "date" : "2025-08-12",
    "price" : 933.85,
    "dma50" : 930.99,
    "dma100" : 886.37,
    "dma200" : 905.63,
    "volume" : 5303.00
  }, {
    "date" : "2025-08-13",
    "price" : 905.80,
    "dma50" : 930.00,
    "dma100" : 888.39,
    "dma200" : 905.63,
    "volume" : 12711.00
  }, {
    "date" : "2025-08-14",
    "price" : 881.75,
    "dma50" : 928.11,
    "dma100" : 889.68,
    "dma200" : 905.40,
    "volume" : 19078.00
  }, {
    "date" : "2025-08-18",
    "price" : 831.35,
    "dma50" : 924.31,
    "dma100" : 890.35,
    "dma200" : 904.66,
    "volume" : 36041.00
  }, {
    "date" : "2025-08-19",
    "price" : 861.15,
    "dma50" : 921.84,
    "dma100" : 891.22,
    "dma200" : 904.23,
    "volume" : 13326.00
  }, {
    "date" : "2025-08-20",
    "price" : 861.25,
    "dma50" : 919.46,
    "dma100" : 892.36,
    "dma200" : 903.80,
    "volume" : 8847.00
  }, {
    "date" : "2025-08-21",
    "price" : 932.55,
    "dma50" : 919.97,
    "dma100" : 894.17,
    "dma200" : 904.08,
    "volume" : 612025.00
  }, {
    "date" : "2025-08-22",
    "price" : 930.45,
    "dma50" : 920.38,
    "dma100" : 895.97,
    "dma200" : 904.35,
    "volume" : 93937.00
  }, {
    "date" : "2025-08-25",
    "price" : 914.25,
    "dma50" : 920.14,
    "dma100" : 897.63,
    "dma200" : 904.45,
    "volume" : 16257.00
  }, {
    "date" : "2025-08-26",
    "price" : 901.70,
    "dma50" : 919.42,
    "dma100" : 899.00,
    "dma200" : 904.42,
    "volume" : 16878.00
  }, {
    "date" : "2025-08-28",
    "price" : 894.45,
    "dma50" : 918.44,
    "dma100" : 900.38,
    "dma200" : 904.32,
    "volume" : 10745.00
  }, {
    "date" : "2025-08-29",
    "price" : 899.70,
    "dma50" : 917.71,
    "dma100" : 901.78,
    "dma200" : 904.27,
    "volume" : 7656.00
  }, {
    "date" : "2025-09-01",
    "price" : 892.85,
    "dma50" : 916.73,
    "dma100" : 903.06,
    "dma200" : 904.16,
    "volume" : 6921.00
  }, {
    "date" : "2025-09-02",
    "price" : 916.85,
    "dma50" : 916.74,
    "dma100" : 905.10,
    "dma200" : 904.29,
    "volume" : 8926.00
  }, {
    "date" : "2025-09-03",
    "price" : 943.50,
    "dma50" : 917.79,
    "dma100" : 906.94,
    "dma200" : 904.68,
    "volume" : 10505.00
  }, {
    "date" : "2025-09-04",
    "price" : 941.75,
    "dma50" : 918.73,
    "dma100" : 909.00,
    "dma200" : 905.04,
    "volume" : 6497.00
  }, {
    "date" : "2025-09-05",
    "price" : 913.25,
    "dma50" : 918.51,
    "dma100" : 909.89,
    "dma200" : 905.13,
    "volume" : 6254.00
  }, {
    "date" : "2025-09-08",
    "price" : 904.35,
    "dma50" : 917.96,
    "dma100" : 910.70,
    "dma200" : 905.12,
    "volume" : 6623.00
  }, {
    "date" : "2025-09-09",
    "price" : 914.75,
    "dma50" : 917.83,
    "dma100" : 911.67,
    "dma200" : 905.21,
    "volume" : 4355.00
  }, {
    "date" : "2025-09-10",
    "price" : 903.55,
    "dma50" : 917.27,
    "dma100" : 912.48,
    "dma200" : 905.20,
    "volume" : 11012.00
  }, {
    "date" : "2025-09-11",
    "price" : 903.20,
    "dma50" : 916.72,
    "dma100" : 913.09,
    "dma200" : 905.18,
    "volume" : 5533.00
  }, {
    "date" : "2025-09-12",
    "price" : 926.00,
    "dma50" : 917.08,
    "dma100" : 914.00,
    "dma200" : 905.39,
    "volume" : 12782.00
  }, {
    "date" : "2025-09-15",
    "price" : 944.10,
    "dma50" : 918.14,
    "dma100" : 914.99,
    "dma200" : 905.77,
    "volume" : 13266.00
  }, {
    "date" : "2025-09-16",
    "price" : 935.00,
    "dma50" : 918.80,
    "dma100" : 916.21,
    "dma200" : 906.06,
    "volume" : 11309.00
  }, {
    "date" : "2025-09-17",
    "price" : 928.65,
    "dma50" : 919.19,
    "dma100" : 917.50,
    "dma200" : 906.29,
    "volume" : 5400.00
  }, {
    "date" : "2025-09-18",
    "price" : 917.40,
    "dma50" : 919.12,
    "dma100" : 918.89,
    "dma200" : 906.40,
    "volume" : 7811.00
  }, {
    "date" : "2025-09-19",
    "price" : 908.35,
    "dma50" : 918.70,
    "dma100" : 919.82,
    "dma200" : 906.42,
    "volume" : 6986.00
  }, {
    "date" : "2025-09-22",
    "price" : 913.75,
    "dma50" : 918.50,
    "dma100" : 921.05,
    "dma200" : 906.49,
    "volume" : 3572.00
  }, {
    "date" : "2025-09-23",
    "price" : 945.75,
    "dma50" : 919.57,
    "dma100" : 922.72,
    "dma200" : 906.88,
    "volume" : 15139.00
  }, {
    "date" : "2025-09-24",
    "price" : 924.95,
    "dma50" : 919.78,
    "dma100" : 924.11,
    "dma200" : 907.06,
    "volume" : 3828.00
  }, {
    "date" : "2025-09-25",
    "price" : 976.55,
    "dma50" : 922.01,
    "dma100" : 926.13,
    "dma200" : 907.75,
    "volume" : 479858.00
  }, {
    "date" : "2025-09-26",
    "price" : 1103.85,
    "dma50" : 929.14,
    "dma100" : 929.41,
    "dma200" : 909.70,
    "volume" : 1780048.00
  }, {
    "date" : "2025-09-29",
    "price" : 1139.00,
    "dma50" : 937.37,
    "dma100" : 933.05,
    "dma200" : 911.98,
    "volume" : 459554.00
  }, {
    "date" : "2025-09-30",
    "price" : 1069.30,
    "dma50" : 942.54,
    "dma100" : 936.08,
    "dma200" : 913.55,
    "volume" : 134855.00
  }, {
    "date" : "2025-10-01",
    "price" : 1209.45,
    "dma50" : 953.01,
    "dma100" : 939.81,
    "dma200" : 916.49,
    "volume" : 924077.00
  }, {
    "date" : "2025-10-03",
    "price" : 1240.45,
    "dma50" : 964.28,
    "dma100" : 944.12,
    "dma200" : 919.72,
    "volume" : 187984.00
  }, {
    "date" : "2025-10-06",
    "price" : 1156.65,
    "dma50" : 971.83,
    "dma100" : 947.57,
    "dma200" : 922.07,
    "volume" : 146284.00
  }, {
    "date" : "2025-10-07",
    "price" : 1262.80,
    "dma50" : 983.24,
    "dma100" : 951.94,
    "dma200" : 925.46,
    "volume" : 984858.00
  }, {
    "date" : "2025-10-08",
    "price" : 1206.80,
    "dma50" : 992.00,
    "dma100" : 955.69,
    "dma200" : 928.26,
    "volume" : 90822.00
  }, {
    "date" : "2025-10-09",
    "price" : 1227.80,
    "dma50" : 1001.25,
    "dma100" : 959.03,
    "dma200" : 931.24,
    "volume" : 192605.00
  }, {
    "date" : "2025-10-10",
    "price" : 1195.00,
    "dma50" : 1008.85,
    "dma100" : 961.66,
    "dma200" : 933.87,
    "volume" : 65840.00
  }, {
    "date" : "2025-10-13",
    "price" : 1159.60,
    "dma50" : 1014.76,
    "dma100" : 963.80,
    "dma200" : 936.11,
    "volume" : 38727.00
  }, {
    "date" : "2025-10-14",
    "price" : 1091.10,
    "dma50" : 1017.75,
    "dma100" : 965.10,
    "dma200" : 937.66,
    "volume" : 102618.00
  }, {
    "date" : "2025-10-15",
    "price" : 1103.85,
    "dma50" : 1021.13,
    "dma100" : 966.44,
    "dma200" : 939.31,
    "volume" : 78259.00
  }, {
    "date" : "2025-10-16",
    "price" : 1079.45,
    "dma50" : 1023.42,
    "dma100" : 966.92,
    "dma200" : 940.71,
    "volume" : 44956.00
  }, {
    "date" : "2025-10-17",
    "price" : 1129.35,
    "dma50" : 1027.57,
    "dma100" : 967.24,
    "dma200" : 942.58,
    "volume" : 184821.00
  }, {
    "date" : "2025-10-20",
    "price" : 1125.20,
    "dma50" : 1031.40,
    "dma100" : 968.62,
    "dma200" : 944.40,
    "volume" : 51835.00
  }, {
    "date" : "2025-10-21",
    "price" : 1132.05,
    "dma50" : 1035.35,
    "dma100" : 970.18,
    "dma200" : 946.27,
    "volume" : 19733.00
  }, {
    "date" : "2025-10-23",
    "price" : 1093.95,
    "dma50" : 1037.65,
    "dma100" : 971.66,
    "dma200" : 947.74,
    "volume" : 65113.00
  }, {
    "date" : "2025-10-24",
    "price" : 1098.25,
    "dma50" : 1040.02,
    "dma100" : 972.65,
    "dma200" : 949.23,
    "volume" : 36915.00
  }, {
    "date" : "2025-10-27",
    "price" : 1087.10,
    "dma50" : 1041.87,
    "dma100" : 973.68,
    "dma200" : 950.61,
    "volume" : 25640.00
  }, {
    "date" : "2025-10-28",
    "price" : 1080.65,
    "dma50" : 1043.39,
    "dma100" : 974.58,
    "dma200" : 951.90,
    "volume" : 32399.00
  }, {
    "date" : "2025-10-29",
    "price" : 1090.20,
    "dma50" : 1045.22,
    "dma100" : 975.96,
    "dma200" : 953.28,
    "volume" : 20452.00
  }, {
    "date" : "2025-10-30",
    "price" : 1092.85,
    "dma50" : 1047.09,
    "dma100" : 977.04,
    "dma200" : 954.66,
    "volume" : 10565.00
  }, {
    "date" : "2025-10-31",
    "price" : 1151.30,
    "dma50" : 1051.18,
    "dma100" : 979.11,
    "dma200" : 956.62,
    "volume" : 82393.00
  }, {
    "date" : "2025-11-03",
    "price" : 1099.85,
    "dma50" : 1053.09,
    "dma100" : 980.61,
    "dma200" : 958.05,
    "volume" : 26655.00
  }, {
    "date" : "2025-11-04",
    "price" : 1087.50,
    "dma50" : 1054.44,
    "dma100" : 981.94,
    "dma200" : 959.33,
    "volume" : 16066.00
  }, {
    "date" : "2025-11-06",
    "price" : 1068.30,
    "dma50" : 1054.98,
    "dma100" : 983.09,
    "dma200" : 960.42,
    "volume" : 19672.00
  }, {
    "date" : "2025-11-07",
    "price" : 1027.15,
    "dma50" : 1053.89,
    "dma100" : 983.72,
    "dma200" : 961.08,
    "volume" : 36089.00
  }, {
    "date" : "2025-11-10",
    "price" : 988.25,
    "dma50" : 1051.32,
    "dma100" : 983.77,
    "dma200" : 961.35,
    "volume" : 60044.00
  }, {
    "date" : "2025-11-11",
    "price" : 1004.95,
    "dma50" : 1049.50,
    "dma100" : 984.36,
    "dma200" : 961.79,
    "volume" : 23104.00
  }, {
    "date" : "2025-11-12",
    "price" : 1028.50,
    "dma50" : 1048.67,
    "dma100" : 985.30,
    "dma200" : 962.45,
    "volume" : 22763.00
  }, {
    "date" : "2025-11-13",
    "price" : 1064.15,
    "dma50" : 1049.28,
    "dma100" : 986.62,
    "dma200" : 963.46,
    "volume" : 46132.00
  }, {
    "date" : "2025-11-14",
    "price" : 1099.50,
    "dma50" : 1051.25,
    "dma100" : 987.90,
    "dma200" : 964.82,
    "volume" : 37089.00
  }, {
    "date" : "2025-11-17",
    "price" : 1113.50,
    "dma50" : 1053.69,
    "dma100" : 989.72,
    "dma200" : 966.30,
    "volume" : 110326.00
  }, {
    "date" : "2025-11-18",
    "price" : 1086.45,
    "dma50" : 1054.98,
    "dma100" : 991.51,
    "dma200" : 967.49,
    "volume" : 19708.00
  }, {
    "date" : "2025-11-19",
    "price" : 1070.90,
    "dma50" : 1055.60,
    "dma100" : 993.15,
    "dma200" : 968.52,
    "volume" : 29984.00
  }, {
    "date" : "2025-11-20",
    "price" : 1066.15,
    "dma50" : 1056.01,
    "dma100" : 994.72,
    "dma200" : 969.49,
    "volume" : 8722.00
  }, {
    "date" : "2025-11-21",
    "price" : 1078.35,
    "dma50" : 1056.89,
    "dma100" : 996.54,
    "dma200" : 970.57,
    "volume" : 58554.00
  }, {
    "date" : "2025-11-24",
    "price" : 1055.40,
    "dma50" : 1056.83,
    "dma100" : 998.09,
    "dma200" : 971.42,
    "volume" : 12782.00
  } ],
  "latestTechnicalAttributes" : {
    "date" : "2025-11-24",
    "price" : 1055.40,
    "dma50" : 1056.83,
    "dma100" : 998.09,
    "dma200" : 971.42,
    "volume" : 12782.00
  },
  "quarterlyResults" : [ {
    "date" : "2005-03-31",
    "sales" : 6.99,
    "salesGrowthYoY" : null,
    "grossProfitMargin" : 53.65,
    "grossProfit" : 3.75,
    "operatingProfitMargin" : 13.45,
    "operatingProfit" : 0.94,
    "netProfitMargin" : 7.87,
    "netProfit" : 0.55
  }, {
    "date" : "2005-06-30",
    "sales" : 7.83,
    "salesGrowthYoY" : null,
    "grossProfitMargin" : 51.34,
    "grossProfit" : 4.02,
    "operatingProfitMargin" : 14.18,
    "operatingProfit" : 1.11,
    "netProfitMargin" : 7.92,
    "netProfit" : 0.62
  }, {
    "date" : "2005-09-30",
    "sales" : 8.51,
    "salesGrowthYoY" : null,
    "grossProfitMargin" : 53.11,
    "grossProfit" : 4.52,
    "operatingProfitMargin" : 12.69,
    "operatingProfit" : 1.08,
    "netProfitMargin" : 7.52,
    "netProfit" : 0.64
  }, {
    "date" : "2005-12-31",
    "sales" : 10.11,
    "salesGrowthYoY" : null,
    "grossProfitMargin" : 50.15,
    "grossProfit" : 5.07,
    "operatingProfitMargin" : 11.47,
    "operatingProfit" : 1.16,
    "netProfitMargin" : 7.62,
    "netProfit" : 0.77
  }, {
    "date" : "2006-03-31",
    "sales" : 12.26,
    "salesGrowthYoY" : 75.39,
    "grossProfitMargin" : 58.56,
    "grossProfit" : 7.18,
    "operatingProfitMargin" : 8.81,
    "operatingProfit" : 1.08,
    "netProfitMargin" : 5.14,
    "netProfit" : 0.63
  }, {
    "date" : "2006-06-30",
    "sales" : 11.92,
    "salesGrowthYoY" : 52.23,
    "grossProfitMargin" : 51.01,
    "grossProfit" : 6.08,
    "operatingProfitMargin" : 14.77,
    "operatingProfit" : 1.76,
    "netProfitMargin" : 8.98,
    "netProfit" : 1.07
  }, {
    "date" : "2006-09-30",
    "sales" : 13.41,
    "salesGrowthYoY" : 57.58,
    "grossProfitMargin" : 50.56,
    "grossProfit" : 6.78,
    "operatingProfitMargin" : 14.91,
    "operatingProfit" : 2.00,
    "netProfitMargin" : 8.95,
    "netProfit" : 1.20
  }, {
    "date" : "2006-12-31",
    "sales" : 13.97,
    "salesGrowthYoY" : 38.18,
    "grossProfitMargin" : 48.96,
    "grossProfit" : 6.84,
    "operatingProfitMargin" : 12.10,
    "operatingProfit" : 1.69,
    "netProfitMargin" : 7.02,
    "netProfit" : 0.98
  }, {
    "date" : "2007-03-31",
    "sales" : 14.53,
    "salesGrowthYoY" : 18.52,
    "grossProfitMargin" : 46.46,
    "grossProfit" : 6.75,
    "operatingProfitMargin" : 10.87,
    "operatingProfit" : 1.58,
    "netProfitMargin" : 4.61,
    "netProfit" : 0.67
  }, {
    "date" : "2007-06-30",
    "sales" : 12.43,
    "salesGrowthYoY" : 4.28,
    "grossProfitMargin" : 47.30,
    "grossProfit" : 5.88,
    "operatingProfitMargin" : 11.34,
    "operatingProfit" : 1.41,
    "netProfitMargin" : 5.15,
    "netProfit" : 0.64
  }, {
    "date" : "2007-09-30",
    "sales" : 12.66,
    "salesGrowthYoY" : -5.59,
    "grossProfitMargin" : 49.37,
    "grossProfit" : 6.25,
    "operatingProfitMargin" : 11.77,
    "operatingProfit" : 1.49,
    "netProfitMargin" : 4.42,
    "netProfit" : 0.56
  }, {
    "date" : "2007-12-31",
    "sales" : 13.49,
    "salesGrowthYoY" : -3.44,
    "grossProfitMargin" : 47.15,
    "grossProfit" : 6.36,
    "operatingProfitMargin" : 8.23,
    "operatingProfit" : 1.11,
    "netProfitMargin" : 2.59,
    "netProfit" : 0.35
  }, {
    "date" : "2008-03-31",
    "sales" : 12.88,
    "salesGrowthYoY" : -11.36,
    "grossProfitMargin" : 47.90,
    "grossProfit" : 6.17,
    "operatingProfitMargin" : 8.70,
    "operatingProfit" : 1.12,
    "netProfitMargin" : 3.96,
    "netProfit" : 0.51
  }, {
    "date" : "2008-06-30",
    "sales" : 14.75,
    "salesGrowthYoY" : 18.66,
    "grossProfitMargin" : 46.64,
    "grossProfit" : 6.88,
    "operatingProfitMargin" : 9.56,
    "operatingProfit" : 1.41,
    "netProfitMargin" : 5.63,
    "netProfit" : 0.83
  }, {
    "date" : "2008-09-30",
    "sales" : 15.41,
    "salesGrowthYoY" : 21.72,
    "grossProfitMargin" : 47.70,
    "grossProfit" : 7.35,
    "operatingProfitMargin" : 9.47,
    "operatingProfit" : 1.46,
    "netProfitMargin" : 5.71,
    "netProfit" : 0.88
  }, {
    "date" : "2008-12-31",
    "sales" : 14.58,
    "salesGrowthYoY" : 8.08,
    "grossProfitMargin" : 51.30,
    "grossProfit" : 7.48,
    "operatingProfitMargin" : 9.05,
    "operatingProfit" : 1.32,
    "netProfitMargin" : 4.66,
    "netProfit" : 0.68
  }, {
    "date" : "2009-03-31",
    "sales" : 13.05,
    "salesGrowthYoY" : 1.32,
    "grossProfitMargin" : 48.28,
    "grossProfit" : 6.30,
    "operatingProfitMargin" : 10.19,
    "operatingProfit" : 1.33,
    "netProfitMargin" : 3.14,
    "netProfit" : 0.41
  }, {
    "date" : "2009-06-30",
    "sales" : 14.05,
    "salesGrowthYoY" : -4.75,
    "grossProfitMargin" : 51.46,
    "grossProfit" : 7.23,
    "operatingProfitMargin" : 12.53,
    "operatingProfit" : 1.76,
    "netProfitMargin" : 6.05,
    "netProfit" : 0.85
  }, {
    "date" : "2009-09-30",
    "sales" : 15.14,
    "salesGrowthYoY" : -1.75,
    "grossProfitMargin" : 51.39,
    "grossProfit" : 7.78,
    "operatingProfitMargin" : 11.96,
    "operatingProfit" : 1.81,
    "netProfitMargin" : 5.02,
    "netProfit" : 0.76
  }, {
    "date" : "2009-12-31",
    "sales" : 17.28,
    "salesGrowthYoY" : 18.52,
    "grossProfitMargin" : 50.06,
    "grossProfit" : 8.65,
    "operatingProfitMargin" : 10.01,
    "operatingProfit" : 1.73,
    "netProfitMargin" : 4.75,
    "netProfit" : 0.82
  }, {
    "date" : "2010-03-31",
    "sales" : 18.18,
    "salesGrowthYoY" : 39.31,
    "grossProfitMargin" : 54.95,
    "grossProfit" : 9.99,
    "operatingProfitMargin" : 11.77,
    "operatingProfit" : 2.14,
    "netProfitMargin" : 0.39,
    "netProfit" : 0.07
  }, {
    "date" : "2010-06-30",
    "sales" : 17.41,
    "salesGrowthYoY" : 23.91,
    "grossProfitMargin" : 50.32,
    "grossProfit" : 8.76,
    "operatingProfitMargin" : 10.28,
    "operatingProfit" : 1.79,
    "netProfitMargin" : 2.87,
    "netProfit" : 0.50
  }, {
    "date" : "2010-09-30",
    "sales" : 18.53,
    "salesGrowthYoY" : 22.39,
    "grossProfitMargin" : 51.70,
    "grossProfit" : 9.58,
    "operatingProfitMargin" : 10.79,
    "operatingProfit" : 2.00,
    "netProfitMargin" : 3.83,
    "netProfit" : 0.71
  }, {
    "date" : "2010-12-31",
    "sales" : 22.31,
    "salesGrowthYoY" : 29.11,
    "grossProfitMargin" : 51.01,
    "grossProfit" : 11.38,
    "operatingProfitMargin" : 11.25,
    "operatingProfit" : 2.51,
    "netProfitMargin" : 4.62,
    "netProfit" : 1.03
  }, {
    "date" : "2011-03-31",
    "sales" : 23.75,
    "salesGrowthYoY" : 30.64,
    "grossProfitMargin" : 48.13,
    "grossProfit" : 11.43,
    "operatingProfitMargin" : 8.25,
    "operatingProfit" : 1.96,
    "netProfitMargin" : 1.52,
    "netProfit" : 0.36
  }, {
    "date" : "2011-06-30",
    "sales" : 23.16,
    "salesGrowthYoY" : 33.03,
    "grossProfitMargin" : 49.74,
    "grossProfit" : 11.52,
    "operatingProfitMargin" : 10.54,
    "operatingProfit" : 2.44,
    "netProfitMargin" : 2.94,
    "netProfit" : 0.68
  }, {
    "date" : "2011-09-30",
    "sales" : 24.54,
    "salesGrowthYoY" : 32.43,
    "grossProfitMargin" : 50.00,
    "grossProfit" : 12.27,
    "operatingProfitMargin" : 10.51,
    "operatingProfit" : 2.58,
    "netProfitMargin" : 3.38,
    "netProfit" : 0.83
  }, {
    "date" : "2011-12-31",
    "sales" : 26.44,
    "salesGrowthYoY" : 18.51,
    "grossProfitMargin" : 49.70,
    "grossProfit" : 13.14,
    "operatingProfitMargin" : 9.38,
    "operatingProfit" : 2.48,
    "netProfitMargin" : 2.69,
    "netProfit" : 0.71
  }, {
    "date" : "2012-03-31",
    "sales" : 24.78,
    "salesGrowthYoY" : 4.34,
    "grossProfitMargin" : 54.44,
    "grossProfit" : 13.49,
    "operatingProfitMargin" : 11.10,
    "operatingProfit" : 2.75,
    "netProfitMargin" : 2.02,
    "netProfit" : 0.50
  }, {
    "date" : "2012-06-30",
    "sales" : 21.40,
    "salesGrowthYoY" : -7.60,
    "grossProfitMargin" : 53.97,
    "grossProfit" : 11.55,
    "operatingProfitMargin" : 9.53,
    "operatingProfit" : 2.04,
    "netProfitMargin" : 0.65,
    "netProfit" : 0.14
  }, {
    "date" : "2012-09-30",
    "sales" : 24.00,
    "salesGrowthYoY" : -2.20,
    "grossProfitMargin" : 53.08,
    "grossProfit" : 12.74,
    "operatingProfitMargin" : 9.42,
    "operatingProfit" : 2.26,
    "netProfitMargin" : 2.00,
    "netProfit" : 0.48
  }, {
    "date" : "2012-12-31",
    "sales" : 22.40,
    "salesGrowthYoY" : -15.28,
    "grossProfitMargin" : 53.30,
    "grossProfit" : 11.94,
    "operatingProfitMargin" : 8.48,
    "operatingProfit" : 1.90,
    "netProfitMargin" : 0.40,
    "netProfit" : 0.09
  }, {
    "date" : "2013-03-31",
    "sales" : 27.26,
    "salesGrowthYoY" : 10.01,
    "grossProfitMargin" : 57.19,
    "grossProfit" : 15.59,
    "operatingProfitMargin" : 13.43,
    "operatingProfit" : 3.66,
    "netProfitMargin" : 3.19,
    "netProfit" : 0.87
  }, {
    "date" : "2013-06-30",
    "sales" : 25.61,
    "salesGrowthYoY" : 19.67,
    "grossProfitMargin" : 58.02,
    "grossProfit" : 14.86,
    "operatingProfitMargin" : 11.44,
    "operatingProfit" : 2.93,
    "netProfitMargin" : 1.33,
    "netProfit" : 0.34
  }, {
    "date" : "2013-09-30",
    "sales" : 25.52,
    "salesGrowthYoY" : 6.33,
    "grossProfitMargin" : 61.40,
    "grossProfit" : 15.67,
    "operatingProfitMargin" : 10.27,
    "operatingProfit" : 2.62,
    "netProfitMargin" : 1.65,
    "netProfit" : 0.42
  }, {
    "date" : "2013-12-31",
    "sales" : 26.40,
    "salesGrowthYoY" : 17.86,
    "grossProfitMargin" : 60.80,
    "grossProfit" : 16.05,
    "operatingProfitMargin" : 11.78,
    "operatingProfit" : 3.11,
    "netProfitMargin" : 1.97,
    "netProfit" : 0.52
  }, {
    "date" : "2014-03-31",
    "sales" : 25.33,
    "salesGrowthYoY" : -7.08,
    "grossProfitMargin" : 58.11,
    "grossProfit" : 14.72,
    "operatingProfitMargin" : 14.73,
    "operatingProfit" : 3.73,
    "netProfitMargin" : 2.33,
    "netProfit" : 0.59
  }, {
    "date" : "2014-06-30",
    "sales" : 21.99,
    "salesGrowthYoY" : -14.14,
    "grossProfitMargin" : 60.03,
    "grossProfit" : 13.20,
    "operatingProfitMargin" : 12.78,
    "operatingProfit" : 2.81,
    "netProfitMargin" : 1.41,
    "netProfit" : 0.31
  }, {
    "date" : "2014-09-30",
    "sales" : 25.25,
    "salesGrowthYoY" : -1.06,
    "grossProfitMargin" : 59.76,
    "grossProfit" : 15.09,
    "operatingProfitMargin" : 10.50,
    "operatingProfit" : 2.65,
    "netProfitMargin" : 3.60,
    "netProfit" : 0.91
  }, {
    "date" : "2014-12-31",
    "sales" : 28.89,
    "salesGrowthYoY" : 9.43,
    "grossProfitMargin" : 60.06,
    "grossProfit" : 17.35,
    "operatingProfitMargin" : 10.35,
    "operatingProfit" : 2.99,
    "netProfitMargin" : 4.33,
    "netProfit" : 1.25
  }, {
    "date" : "2015-03-31",
    "sales" : 29.48,
    "salesGrowthYoY" : 16.38,
    "grossProfitMargin" : 67.44,
    "grossProfit" : 19.88,
    "operatingProfitMargin" : 18.05,
    "operatingProfit" : 5.32,
    "netProfitMargin" : 3.80,
    "netProfit" : 1.12
  }, {
    "date" : "2015-06-30",
    "sales" : 28.39,
    "salesGrowthYoY" : 29.10,
    "grossProfitMargin" : 58.72,
    "grossProfit" : 16.67,
    "operatingProfitMargin" : 12.29,
    "operatingProfit" : 3.49,
    "netProfitMargin" : 2.82,
    "netProfit" : 0.80
  }, {
    "date" : "2015-09-30",
    "sales" : 32.01,
    "salesGrowthYoY" : 26.77,
    "grossProfitMargin" : 63.54,
    "grossProfit" : 20.34,
    "operatingProfitMargin" : 12.40,
    "operatingProfit" : 3.97,
    "netProfitMargin" : 3.75,
    "netProfit" : 1.20
  }, {
    "date" : "2015-12-31",
    "sales" : 33.59,
    "salesGrowthYoY" : 16.27,
    "grossProfitMargin" : 62.43,
    "grossProfit" : 20.97,
    "operatingProfitMargin" : 11.43,
    "operatingProfit" : 3.84,
    "netProfitMargin" : 3.87,
    "netProfit" : 1.30
  }, {
    "date" : "2016-03-31",
    "sales" : 27.64,
    "salesGrowthYoY" : -6.24,
    "grossProfitMargin" : 69.83,
    "grossProfit" : 19.30,
    "operatingProfitMargin" : 12.66,
    "operatingProfit" : 3.50,
    "netProfitMargin" : 1.45,
    "netProfit" : 0.40
  }, {
    "date" : "2016-06-30",
    "sales" : 27.02,
    "salesGrowthYoY" : -4.83,
    "grossProfitMargin" : 58.11,
    "grossProfit" : 15.70,
    "operatingProfitMargin" : 7.92,
    "operatingProfit" : 2.14,
    "netProfitMargin" : 2.33,
    "netProfit" : 0.63
  }, {
    "date" : "2016-09-30",
    "sales" : 28.17,
    "salesGrowthYoY" : -12.00,
    "grossProfitMargin" : 60.60,
    "grossProfit" : 17.07,
    "operatingProfitMargin" : 9.69,
    "operatingProfit" : 2.73,
    "netProfitMargin" : 2.38,
    "netProfit" : 0.67
  }, {
    "date" : "2016-12-31",
    "sales" : 30.08,
    "salesGrowthYoY" : -10.45,
    "grossProfitMargin" : 63.53,
    "grossProfit" : 19.11,
    "operatingProfitMargin" : 11.47,
    "operatingProfit" : 3.45,
    "netProfitMargin" : 3.82,
    "netProfit" : 1.15
  }, {
    "date" : "2017-03-31",
    "sales" : 23.85,
    "salesGrowthYoY" : -13.71,
    "grossProfitMargin" : 63.19,
    "grossProfit" : 15.07,
    "operatingProfitMargin" : 22.98,
    "operatingProfit" : 5.48,
    "netProfitMargin" : 11.28,
    "netProfit" : 2.69
  }, {
    "date" : "2017-06-30",
    "sales" : 25.03,
    "salesGrowthYoY" : -7.36,
    "grossProfitMargin" : 64.76,
    "grossProfit" : 16.21,
    "operatingProfitMargin" : 7.71,
    "operatingProfit" : 1.93,
    "netProfitMargin" : 2.60,
    "netProfit" : 0.65
  }, {
    "date" : "2017-09-30",
    "sales" : 31.87,
    "salesGrowthYoY" : 13.13,
    "grossProfitMargin" : 61.12,
    "grossProfit" : 19.48,
    "operatingProfitMargin" : 8.50,
    "operatingProfit" : 2.71,
    "netProfitMargin" : 3.23,
    "netProfit" : 1.03
  }, {
    "date" : "2017-12-31",
    "sales" : 35.69,
    "salesGrowthYoY" : 18.65,
    "grossProfitMargin" : 59.23,
    "grossProfit" : 21.14,
    "operatingProfitMargin" : 8.80,
    "operatingProfit" : 3.14,
    "netProfitMargin" : 4.68,
    "netProfit" : 1.67
  }, {
    "date" : "2018-03-31",
    "sales" : 42.22,
    "salesGrowthYoY" : 77.02,
    "grossProfitMargin" : 64.95,
    "grossProfit" : 27.42,
    "operatingProfitMargin" : 14.76,
    "operatingProfit" : 6.23,
    "netProfitMargin" : 10.71,
    "netProfit" : 4.52
  }, {
    "date" : "2018-06-30",
    "sales" : 38.31,
    "salesGrowthYoY" : 53.06,
    "grossProfitMargin" : 66.01,
    "grossProfit" : 25.29,
    "operatingProfitMargin" : 13.36,
    "operatingProfit" : 5.12,
    "netProfitMargin" : 4.20,
    "netProfit" : 1.61
  }, {
    "date" : "2018-09-30",
    "sales" : 44.57,
    "salesGrowthYoY" : 39.85,
    "grossProfitMargin" : 64.46,
    "grossProfit" : 28.73,
    "operatingProfitMargin" : 14.61,
    "operatingProfit" : 6.51,
    "netProfitMargin" : 5.95,
    "netProfit" : 2.65
  }, {
    "date" : "2018-12-31",
    "sales" : 52.88,
    "salesGrowthYoY" : 48.16,
    "grossProfitMargin" : 64.83,
    "grossProfit" : 34.28,
    "operatingProfitMargin" : 16.81,
    "operatingProfit" : 8.89,
    "netProfitMargin" : 7.02,
    "netProfit" : 3.71
  }, {
    "date" : "2019-03-31",
    "sales" : 54.20,
    "salesGrowthYoY" : 28.38,
    "grossProfitMargin" : 69.93,
    "grossProfit" : 37.90,
    "operatingProfitMargin" : 18.76,
    "operatingProfit" : 10.17,
    "netProfitMargin" : 3.32,
    "netProfit" : 1.80
  }, {
    "date" : "2019-06-30",
    "sales" : 52.82,
    "salesGrowthYoY" : 37.88,
    "grossProfitMargin" : 64.71,
    "grossProfit" : 34.18,
    "operatingProfitMargin" : 16.45,
    "operatingProfit" : 8.69,
    "netProfitMargin" : 6.02,
    "netProfit" : 3.18
  }, {
    "date" : "2019-09-30",
    "sales" : 55.96,
    "salesGrowthYoY" : 25.56,
    "grossProfitMargin" : 65.81,
    "grossProfit" : 36.83,
    "operatingProfitMargin" : 18.85,
    "operatingProfit" : 10.55,
    "netProfitMargin" : 9.17,
    "netProfit" : 5.13
  }, {
    "date" : "2019-12-31",
    "sales" : 55.81,
    "salesGrowthYoY" : 5.54,
    "grossProfitMargin" : 67.64,
    "grossProfit" : 37.75,
    "operatingProfitMargin" : 21.77,
    "operatingProfit" : 12.15,
    "netProfitMargin" : 10.02,
    "netProfit" : 5.59
  }, {
    "date" : "2020-03-31",
    "sales" : 47.74,
    "salesGrowthYoY" : -11.92,
    "grossProfitMargin" : 74.17,
    "grossProfit" : 35.41,
    "operatingProfitMargin" : 20.34,
    "operatingProfit" : 9.71,
    "netProfitMargin" : 6.47,
    "netProfit" : 3.09
  }, {
    "date" : "2020-06-30",
    "sales" : 22.66,
    "salesGrowthYoY" : -57.10,
    "grossProfitMargin" : 66.37,
    "grossProfit" : 15.04,
    "operatingProfitMargin" : 18.31,
    "operatingProfit" : 4.15,
    "netProfitMargin" : 6.66,
    "netProfit" : 1.51
  }, {
    "date" : "2020-09-30",
    "sales" : 48.45,
    "salesGrowthYoY" : -13.42,
    "grossProfitMargin" : 73.64,
    "grossProfit" : 35.68,
    "operatingProfitMargin" : 25.06,
    "operatingProfit" : 12.14,
    "netProfitMargin" : 11.48,
    "netProfit" : 5.56
  }, {
    "date" : "2020-12-31",
    "sales" : 65.24,
    "salesGrowthYoY" : 16.90,
    "grossProfitMargin" : 65.71,
    "grossProfit" : 42.87,
    "operatingProfitMargin" : 26.66,
    "operatingProfit" : 17.39,
    "netProfitMargin" : 13.92,
    "netProfit" : 9.08
  }, {
    "date" : "2021-03-31",
    "sales" : 67.26,
    "salesGrowthYoY" : 40.89,
    "grossProfitMargin" : 72.88,
    "grossProfit" : 49.02,
    "operatingProfitMargin" : 25.60,
    "operatingProfit" : 17.22,
    "netProfitMargin" : 10.76,
    "netProfit" : 7.24
  }, {
    "date" : "2021-06-30",
    "sales" : 57.17,
    "salesGrowthYoY" : 152.29,
    "grossProfitMargin" : 67.54,
    "grossProfit" : 38.61,
    "operatingProfitMargin" : 22.65,
    "operatingProfit" : 12.95,
    "netProfitMargin" : 8.83,
    "netProfit" : 5.05
  }, {
    "date" : "2021-09-30",
    "sales" : 69.01,
    "salesGrowthYoY" : 42.44,
    "grossProfitMargin" : 65.38,
    "grossProfit" : 45.12,
    "operatingProfitMargin" : 22.23,
    "operatingProfit" : 15.34,
    "netProfitMargin" : 9.48,
    "netProfit" : 6.54
  }, {
    "date" : "2021-12-31",
    "sales" : 74.82,
    "salesGrowthYoY" : 14.68,
    "grossProfitMargin" : 67.12,
    "grossProfit" : 50.22,
    "operatingProfitMargin" : 21.50,
    "operatingProfit" : 16.09,
    "netProfitMargin" : 10.06,
    "netProfit" : 7.53
  }, {
    "date" : "2022-03-31",
    "sales" : 70.21,
    "salesGrowthYoY" : 4.39,
    "grossProfitMargin" : 67.36,
    "grossProfit" : 47.29,
    "operatingProfitMargin" : 18.23,
    "operatingProfit" : 12.80,
    "netProfitMargin" : 6.89,
    "netProfit" : 4.84
  }, {
    "date" : "2022-06-30",
    "sales" : 78.23,
    "salesGrowthYoY" : 36.84,
    "grossProfitMargin" : 65.24,
    "grossProfit" : 51.04,
    "operatingProfitMargin" : 19.25,
    "operatingProfit" : 15.06,
    "netProfitMargin" : 7.73,
    "netProfit" : 6.05
  }, {
    "date" : "2022-09-30",
    "sales" : 87.68,
    "salesGrowthYoY" : 27.05,
    "grossProfitMargin" : 69.73,
    "grossProfit" : 61.14,
    "operatingProfitMargin" : 23.18,
    "operatingProfit" : 20.32,
    "netProfitMargin" : 11.25,
    "netProfit" : 9.86
  }, {
    "date" : "2022-12-31",
    "sales" : 96.88,
    "salesGrowthYoY" : 29.48,
    "grossProfitMargin" : 71.81,
    "grossProfit" : 69.57,
    "operatingProfitMargin" : 24.18,
    "operatingProfit" : 23.43,
    "netProfitMargin" : 12.39,
    "netProfit" : 12.00
  }, {
    "date" : "2023-03-31",
    "sales" : 95.43,
    "salesGrowthYoY" : 35.92,
    "grossProfitMargin" : 70.18,
    "grossProfit" : 66.97,
    "operatingProfitMargin" : 23.82,
    "operatingProfit" : 22.73,
    "netProfitMargin" : 10.00,
    "netProfit" : 9.54
  }, {
    "date" : "2023-06-30",
    "sales" : 88.44,
    "salesGrowthYoY" : 13.05,
    "grossProfitMargin" : 74.58,
    "grossProfit" : 65.96,
    "operatingProfitMargin" : 24.89,
    "operatingProfit" : 22.01,
    "netProfitMargin" : 9.93,
    "netProfit" : 8.78
  }, {
    "date" : "2023-09-30",
    "sales" : 101.56,
    "salesGrowthYoY" : 15.83,
    "grossProfitMargin" : 69.72,
    "grossProfit" : 70.81,
    "operatingProfitMargin" : 23.25,
    "operatingProfit" : 23.61,
    "netProfitMargin" : 10.04,
    "netProfit" : 10.20
  }, {
    "date" : "2023-12-31",
    "sales" : 113.43,
    "salesGrowthYoY" : 17.08,
    "grossProfitMargin" : 69.66,
    "grossProfit" : 79.02,
    "operatingProfitMargin" : 23.95,
    "operatingProfit" : 27.17,
    "netProfitMargin" : 10.94,
    "netProfit" : 12.41
  }, {
    "date" : "2024-03-31",
    "sales" : 113.86,
    "salesGrowthYoY" : 19.31,
    "grossProfitMargin" : 69.44,
    "grossProfit" : 79.06,
    "operatingProfitMargin" : 20.54,
    "operatingProfit" : 23.39,
    "netProfitMargin" : 7.40,
    "netProfit" : 8.43
  }, {
    "date" : "2024-06-30",
    "sales" : 105.28,
    "salesGrowthYoY" : 19.04,
    "grossProfitMargin" : 71.51,
    "grossProfit" : 75.29,
    "operatingProfitMargin" : 20.73,
    "operatingProfit" : 21.82,
    "netProfitMargin" : 5.95,
    "netProfit" : 6.26
  }, {
    "date" : "2024-09-30",
    "sales" : 101.51,
    "salesGrowthYoY" : -0.05,
    "grossProfitMargin" : 70.66,
    "grossProfit" : 71.73,
    "operatingProfitMargin" : 17.79,
    "operatingProfit" : 18.06,
    "netProfitMargin" : 4.92,
    "netProfit" : 4.99
  }, {
    "date" : "2024-12-31",
    "sales" : 109.49,
    "salesGrowthYoY" : -3.47,
    "grossProfitMargin" : 68.99,
    "grossProfit" : 75.54,
    "operatingProfitMargin" : 22.67,
    "operatingProfit" : 24.82,
    "netProfitMargin" : 7.01,
    "netProfit" : 7.68
  }, {
    "date" : "2025-03-31",
    "sales" : 101.09,
    "salesGrowthYoY" : -11.22,
    "grossProfitMargin" : 70.53,
    "grossProfit" : 71.30,
    "operatingProfitMargin" : 18.90,
    "operatingProfit" : 19.11,
    "netProfitMargin" : 6.60,
    "netProfit" : 6.67
  }, {
    "date" : "2025-06-30",
    "sales" : 99.91,
    "salesGrowthYoY" : -5.10,
    "grossProfitMargin" : 72.53,
    "grossProfit" : 72.46,
    "operatingProfitMargin" : 18.78,
    "operatingProfit" : 18.76,
    "netProfitMargin" : 8.30,
    "netProfit" : 8.29
  }, {
    "date" : "2025-09-30",
    "sales" : 117.28,
    "salesGrowthYoY" : 15.54,
    "grossProfitMargin" : 73.69,
    "grossProfit" : 86.42,
    "operatingProfitMargin" : 20.66,
    "operatingProfit" : 24.23,
    "netProfitMargin" : 10.25,
    "netProfit" : 12.02
  } ],
  "latestQuarterlyResult" : {
    "date" : "2025-09-30",
    "sales" : 117.28,
    "salesGrowthYoY" : 15.54,
    "grossProfitMargin" : 73.69,
    "grossProfit" : 86.42,
    "operatingProfitMargin" : 20.66,
    "operatingProfit" : 24.23,
    "netProfitMargin" : 10.25,
    "netProfit" : 12.02
  },
  "companyScore" : {
    "priceHigherThanDma50" : 0.00,
    "priceHigherThanDma100" : 5.00,
    "priceHigherThanDma200" : 5.00,
    "dma50HigherThanDma100" : 5.00,
    "dma50HigherThanDma200" : 5.00,
    "dma100HigherThanDma200" : 5.00,
    "pricePercentageAboveDma50" : 5.01,
    "pricePercentageAboveDma100" : 4.71,
    "pricePercentageAboveDma200" : 4.57,
    "weeklyVolumeHigherThanYearlyVolume" : 0.00,
    "salesGrowthPercentile" : 9.37,
    "operatingProfitMarginPercentile" : 16.14,
    "netProfitMarginPercentile" : 9.04,
    "totalTechnicalScore" : 39.29,
    "totalFundamentalScore" : 34.55,
    "totalScore" : 73.84
  }
}