{
  "metadata" : {
    "screenerCompanyId" : "2625",
    "companyCode" : "RAIN",
    "companyName" : "Rain Industries",
    "screenerCompanyLink" : "https://www.screener.in/company/RAIN",
    "screenerTechnicalHistoryLink" : "https://www.screener.in/api/company/2625/chart/?q=Price-DMA50-DMA200-Volume&days=365",
    "screenerQuarterlyResultsLink" : "https://www.screener.in/api/company/2625/chart/?q=GPM-OPM-NPM-Quarter+Sales&days=10000",
    "attributes" : {
      "companyCode" : "RAIN",
      "companyName" : "Rain Industries",
      "marketCap" : 3542.00,
      "peRatio" : 142.00,
      "description" : "Rain Industries Limited (RAIN) is a leading vertically integrated producer of carbon, cement and Advanced materials products. Headquartered in India, RAIN has manufacturing facilities in eight countries across three continents. [1]"
    },
    "companyScore" : {
      "priceHigherThanDma50" : 0.00,
      "priceHigherThanDma100" : 0.00,
      "priceHigherThanDma200" : 0.00,
      "dma50HigherThanDma100" : 0.00,
      "dma50HigherThanDma200" : 0.00,
      "dma100HigherThanDma200" : 0.00,
      "pricePercentageAboveDma50" : 5.71,
      "pricePercentageAboveDma100" : 6.13,
      "pricePercentageAboveDma200" : 6.20,
      "weeklyVolumeHigherThanYearlyVolume" : 0.00,
      "salesGrowthPercentile" : 4.81,
      "operatingProfitMarginPercentile" : 19.88,
      "netProfitMarginPercentile" : 8.19,
      "totalTechnicalScore" : 18.03,
      "totalFundamentalScore" : 32.88,
      "totalScore" : 50.91
    }
  },
  "attributes" : {
    "companyCode" : "RAIN",
    "companyName" : "Rain Industries",
    "marketCap" : 3542.00,
    "peRatio" : 142.00,
    "description" : "Rain Industries Limited (RAIN) is a leading vertically integrated producer of carbon, cement and Advanced materials products. Headquartered in India, RAIN has manufacturing facilities in eight countries across three continents. [1]"
  },
  "technicalHistory" : [ {
    "date" : "2024-12-05",
    "price" : 166.29,
    "dma50" : 160.45,
    "dma100" : null,
    "dma200" : 164.99,
    "volume" : 3034733.00
  }, {
    "date" : "2024-12-06",
    "price" : 181.27,
    "dma50" : 161.27,
    "dma100" : null,
    "dma200" : 165.15,
    "volume" : 15206103.00
  }, {
    "date" : "2024-12-09",
    "price" : 187.10,
    "dma50" : 162.28,
    "dma100" : null,
    "dma200" : 165.37,
    "volume" : 6567508.00
  }, {
    "date" : "2024-12-10",
    "price" : 191.14,
    "dma50" : 163.41,
    "dma100" : null,
    "dma200" : 165.62,
    "volume" : 12850553.00
  }, {
    "date" : "2024-12-11",
    "price" : 190.73,
    "dma50" : 164.48,
    "dma100" : null,
    "dma200" : 165.87,
    "volume" : 4234407.00
  }, {
    "date" : "2024-12-12",
    "price" : 193.75,
    "dma50" : 165.63,
    "dma100" : null,
    "dma200" : 166.15,
    "volume" : 6628230.00
  }, {
    "date" : "2024-12-13",
    "price" : 192.55,
    "dma50" : 166.69,
    "dma100" : null,
    "dma200" : 166.41,
    "volume" : 5094656.00
  }, {
    "date" : "2024-12-16",
    "price" : 188.49,
    "dma50" : 167.54,
    "dma100" : null,
    "dma200" : 166.63,
    "volume" : 1687567.00
  }, {
    "date" : "2024-12-17",
    "price" : 185.96,
    "dma50" : 168.26,
    "dma100" : null,
    "dma200" : 166.82,
    "volume" : 3676788.00
  }, {
    "date" : "2024-12-18",
    "price" : 180.24,
    "dma50" : 168.73,
    "dma100" : null,
    "dma200" : 166.96,
    "volume" : 3209094.00
  }, {
    "date" : "2024-12-19",
    "price" : 177.69,
    "dma50" : 169.08,
    "dma100" : null,
    "dma200" : 167.07,
    "volume" : 2401373.00
  }, {
    "date" : "2024-12-20",
    "price" : 172.51,
    "dma50" : 169.22,
    "dma100" : null,
    "dma200" : 167.12,
    "volume" : 2547011.00
  }, {
    "date" : "2024-12-23",
    "price" : 168.66,
    "dma50" : 169.20,
    "dma100" : null,
    "dma200" : 167.13,
    "volume" : 1622062.00
  }, {
    "date" : "2024-12-24",
    "price" : 172.77,
    "dma50" : 169.34,
    "dma100" : null,
    "dma200" : 167.19,
    "volume" : 1242698.00
  }, {
    "date" : "2024-12-26",
    "price" : 168.41,
    "dma50" : 169.30,
    "dma100" : null,
    "dma200" : 167.20,
    "volume" : 1163060.00
  }, {
    "date" : "2024-12-27",
    "price" : 167.52,
    "dma50" : 169.23,
    "dma100" : null,
    "dma200" : 167.21,
    "volume" : 1203476.00
  }, {
    "date" : "2024-12-30",
    "price" : 166.80,
    "dma50" : 169.14,
    "dma100" : null,
    "dma200" : 167.20,
    "volume" : 1873916.00
  }, {
    "date" : "2024-12-31",
    "price" : 169.27,
    "dma50" : 169.14,
    "dma100" : null,
    "dma200" : 167.22,
    "volume" : 1149197.00
  }, {
    "date" : "2025-01-01",
    "price" : 174.75,
    "dma50" : 169.36,
    "dma100" : null,
    "dma200" : 167.30,
    "volume" : 1376742.00
  }, {
    "date" : "2025-01-02",
    "price" : 177.03,
    "dma50" : 169.66,
    "dma100" : null,
    "dma200" : 167.39,
    "volume" : 1405439.00
  }, {
    "date" : "2025-01-03",
    "price" : 178.27,
    "dma50" : 170.00,
    "dma100" : null,
    "dma200" : 167.50,
    "volume" : 947918.00
  }, {
    "date" : "2025-01-06",
    "price" : 167.35,
    "dma50" : 169.90,
    "dma100" : null,
    "dma200" : 167.50,
    "volume" : 2046041.00
  }, {
    "date" : "2025-01-07",
    "price" : 170.69,
    "dma50" : 169.93,
    "dma100" : null,
    "dma200" : 167.53,
    "volume" : 810493.00
  }, {
    "date" : "2025-01-08",
    "price" : 167.74,
    "dma50" : 169.84,
    "dma100" : null,
    "dma200" : 167.53,
    "volume" : 840104.00
  }, {
    "date" : "2025-01-09",
    "price" : 165.74,
    "dma50" : 169.68,
    "dma100" : null,
    "dma200" : 167.52,
    "volume" : 904466.00
  }, {
    "date" : "2025-01-10",
    "price" : 157.05,
    "dma50" : 169.18,
    "dma100" : null,
    "dma200" : 167.41,
    "volume" : 1887916.00
  }, {
    "date" : "2025-01-13",
    "price" : 149.87,
    "dma50" : 168.43,
    "dma100" : null,
    "dma200" : 167.24,
    "volume" : 2653748.00
  }, {
    "date" : "2025-01-14",
    "price" : 153.16,
    "dma50" : 167.83,
    "dma100" : null,
    "dma200" : 167.10,
    "volume" : 1348024.00
  }, {
    "date" : "2025-01-15",
    "price" : 153.99,
    "dma50" : 167.29,
    "dma100" : null,
    "dma200" : 166.97,
    "volume" : 1050272.00
  }, {
    "date" : "2025-01-16",
    "price" : 157.18,
    "dma50" : 166.89,
    "dma100" : null,
    "dma200" : 166.87,
    "volume" : 941033.00
  }, {
    "date" : "2025-01-17",
    "price" : 157.49,
    "dma50" : 166.52,
    "dma100" : null,
    "dma200" : 166.78,
    "volume" : 750114.00
  }, {
    "date" : "2025-01-20",
    "price" : 158.94,
    "dma50" : 166.22,
    "dma100" : null,
    "dma200" : 166.70,
    "volume" : 854685.00
  }, {
    "date" : "2025-01-21",
    "price" : 155.64,
    "dma50" : 165.81,
    "dma100" : null,
    "dma200" : 166.59,
    "volume" : 884216.00
  }, {
    "date" : "2025-01-22",
    "price" : 152.30,
    "dma50" : 165.28,
    "dma100" : null,
    "dma200" : 166.45,
    "volume" : 2128142.00
  }, {
    "date" : "2025-01-23",
    "price" : 152.17,
    "dma50" : 164.76,
    "dma100" : null,
    "dma200" : 166.30,
    "volume" : 620465.00
  }, {
    "date" : "2025-01-24",
    "price" : 146.45,
    "dma50" : 164.05,
    "dma100" : null,
    "dma200" : 166.11,
    "volume" : 1666462.00
  }, {
    "date" : "2025-01-27",
    "price" : 139.38,
    "dma50" : 163.08,
    "dma100" : null,
    "dma200" : 165.84,
    "volume" : 1790750.00
  }, {
    "date" : "2025-01-28",
    "price" : 138.76,
    "dma50" : 162.13,
    "dma100" : null,
    "dma200" : 165.57,
    "volume" : 2008666.00
  }, {
    "date" : "2025-01-29",
    "price" : 142.45,
    "dma50" : 161.35,
    "dma100" : null,
    "dma200" : 165.34,
    "volume" : 781632.00
  }, {
    "date" : "2025-01-30",
    "price" : 142.99,
    "dma50" : 160.63,
    "dma100" : null,
    "dma200" : 165.12,
    "volume" : 737454.00
  }, {
    "date" : "2025-01-31",
    "price" : 144.91,
    "dma50" : 160.02,
    "dma100" : null,
    "dma200" : 164.92,
    "volume" : 994997.00
  }, {
    "date" : "2025-02-01",
    "price" : 144.56,
    "dma50" : 159.41,
    "dma100" : null,
    "dma200" : 164.72,
    "volume" : 861682.00
  }, {
    "date" : "2025-02-03",
    "price" : 142.16,
    "dma50" : 158.73,
    "dma100" : null,
    "dma200" : 164.49,
    "volume" : 613661.00
  }, {
    "date" : "2025-02-04",
    "price" : 145.61,
    "dma50" : 158.22,
    "dma100" : null,
    "dma200" : 164.30,
    "volume" : 762882.00
  }, {
    "date" : "2025-02-05",
    "price" : 145.93,
    "dma50" : 157.74,
    "dma100" : null,
    "dma200" : 164.12,
    "volume" : 711940.00
  }, {
    "date" : "2025-02-06",
    "price" : 146.90,
    "dma50" : 157.31,
    "dma100" : null,
    "dma200" : 163.95,
    "volume" : 774608.00
  }, {
    "date" : "2025-02-07",
    "price" : 146.27,
    "dma50" : 156.88,
    "dma100" : null,
    "dma200" : 163.77,
    "volume" : 551515.00
  }, {
    "date" : "2025-02-10",
    "price" : 141.22,
    "dma50" : 156.27,
    "dma100" : null,
    "dma200" : 163.55,
    "volume" : 772212.00
  }, {
    "date" : "2025-02-11",
    "price" : 136.27,
    "dma50" : 155.48,
    "dma100" : null,
    "dma200" : 163.28,
    "volume" : 1159317.00
  }, {
    "date" : "2025-02-12",
    "price" : 131.60,
    "dma50" : 154.54,
    "dma100" : null,
    "dma200" : 162.96,
    "volume" : 3128252.00
  }, {
    "date" : "2025-02-13",
    "price" : 132.30,
    "dma50" : 153.67,
    "dma100" : null,
    "dma200" : 162.66,
    "volume" : 1185380.00
  }, {
    "date" : "2025-02-14",
    "price" : 124.32,
    "dma50" : 152.52,
    "dma100" : null,
    "dma200" : 162.28,
    "volume" : 2658258.00
  }, {
    "date" : "2025-02-17",
    "price" : 127.06,
    "dma50" : 151.52,
    "dma100" : null,
    "dma200" : 161.93,
    "volume" : 1639428.00
  }, {
    "date" : "2025-02-18",
    "price" : 123.33,
    "dma50" : 150.42,
    "dma100" : null,
    "dma200" : 161.54,
    "volume" : 1474046.00
  }, {
    "date" : "2025-02-19",
    "price" : 127.71,
    "dma50" : 149.53,
    "dma100" : null,
    "dma200" : 161.20,
    "volume" : 1085398.00
  }, {
    "date" : "2025-02-20",
    "price" : 130.08,
    "dma50" : 148.76,
    "dma100" : null,
    "dma200" : 160.89,
    "volume" : 1473581.00
  }, {
    "date" : "2025-02-21",
    "price" : 130.72,
    "dma50" : 148.06,
    "dma100" : null,
    "dma200" : 160.59,
    "volume" : 1787036.00
  }, {
    "date" : "2025-02-24",
    "price" : 126.10,
    "dma50" : 147.20,
    "dma100" : null,
    "dma200" : 160.25,
    "volume" : 842069.00
  }, {
    "date" : "2025-02-25",
    "price" : 125.59,
    "dma50" : 146.35,
    "dma100" : null,
    "dma200" : 159.91,
    "volume" : 621524.00
  }, {
    "date" : "2025-02-27",
    "price" : 125.49,
    "dma50" : 145.53,
    "dma100" : null,
    "dma200" : 159.56,
    "volume" : 1303002.00
  }, {
    "date" : "2025-02-28",
    "price" : 121.57,
    "dma50" : 144.59,
    "dma100" : null,
    "dma200" : 159.19,
    "volume" : 1337507.00
  }, {
    "date" : "2025-03-03",
    "price" : 121.97,
    "dma50" : 143.70,
    "dma100" : null,
    "dma200" : 158.82,
    "volume" : 2437687.00
  }, {
    "date" : "2025-03-04",
    "price" : 124.26,
    "dma50" : 142.94,
    "dma100" : null,
    "dma200" : 158.47,
    "volume" : 991121.00
  }, {
    "date" : "2025-03-05",
    "price" : 127.80,
    "dma50" : 142.35,
    "dma100" : null,
    "dma200" : 158.17,
    "volume" : 927519.00
  }, {
    "date" : "2025-03-06",
    "price" : 130.87,
    "dma50" : 141.90,
    "dma100" : null,
    "dma200" : 157.90,
    "volume" : 1707960.00
  }, {
    "date" : "2025-03-07",
    "price" : 131.17,
    "dma50" : 141.48,
    "dma100" : null,
    "dma200" : 157.63,
    "volume" : 1433067.00
  }, {
    "date" : "2025-03-10",
    "price" : 129.06,
    "dma50" : 140.99,
    "dma100" : null,
    "dma200" : 157.34,
    "volume" : 1060694.00
  }, {
    "date" : "2025-03-11",
    "price" : 127.91,
    "dma50" : 140.48,
    "dma100" : null,
    "dma200" : 157.05,
    "volume" : 1266273.00
  }, {
    "date" : "2025-03-12",
    "price" : 129.75,
    "dma50" : 140.06,
    "dma100" : null,
    "dma200" : 156.78,
    "volume" : 1603522.00
  }, {
    "date" : "2025-03-13",
    "price" : 132.20,
    "dma50" : 139.75,
    "dma100" : null,
    "dma200" : 156.54,
    "volume" : 1706121.00
  }, {
    "date" : "2025-03-17",
    "price" : 131.43,
    "dma50" : 139.42,
    "dma100" : null,
    "dma200" : 156.29,
    "volume" : 1450642.00
  }, {
    "date" : "2025-03-18",
    "price" : 134.14,
    "dma50" : 139.21,
    "dma100" : null,
    "dma200" : 156.07,
    "volume" : 1588552.00
  }, {
    "date" : "2025-03-19",
    "price" : 136.36,
    "dma50" : 139.10,
    "dma100" : null,
    "dma200" : 155.87,
    "volume" : 1261518.00
  }, {
    "date" : "2025-03-20",
    "price" : 138.24,
    "dma50" : 139.07,
    "dma100" : null,
    "dma200" : 155.69,
    "volume" : 1353017.00
  }, {
    "date" : "2025-03-21",
    "price" : 136.12,
    "dma50" : 138.95,
    "dma100" : null,
    "dma200" : 155.50,
    "volume" : 1498975.00
  }, {
    "date" : "2025-03-24",
    "price" : 138.44,
    "dma50" : 138.93,
    "dma100" : null,
    "dma200" : 155.33,
    "volume" : 1761430.00
  }, {
    "date" : "2025-03-25",
    "price" : 136.92,
    "dma50" : 138.85,
    "dma100" : null,
    "dma200" : 155.15,
    "volume" : 2712674.00
  }, {
    "date" : "2025-03-26",
    "price" : 134.63,
    "dma50" : 138.69,
    "dma100" : null,
    "dma200" : 154.94,
    "volume" : 1468112.00
  }, {
    "date" : "2025-03-27",
    "price" : 136.62,
    "dma50" : 138.61,
    "dma100" : null,
    "dma200" : 154.76,
    "volume" : 2126654.00
  }, {
    "date" : "2025-03-28",
    "price" : 134.80,
    "dma50" : 138.46,
    "dma100" : null,
    "dma200" : 154.56,
    "volume" : 1448277.00
  }, {
    "date" : "2025-04-01",
    "price" : 139.36,
    "dma50" : 138.49,
    "dma100" : null,
    "dma200" : 154.41,
    "volume" : 1309090.00
  }, {
    "date" : "2025-04-02",
    "price" : 143.39,
    "dma50" : 138.69,
    "dma100" : null,
    "dma200" : 154.30,
    "volume" : 2154260.00
  }, {
    "date" : "2025-04-03",
    "price" : 143.09,
    "dma50" : 138.86,
    "dma100" : null,
    "dma200" : 154.19,
    "volume" : 634222.00
  }, {
    "date" : "2025-04-04",
    "price" : 138.62,
    "dma50" : 138.85,
    "dma100" : null,
    "dma200" : 154.03,
    "volume" : 816781.00
  }, {
    "date" : "2025-04-07",
    "price" : 133.47,
    "dma50" : 138.64,
    "dma100" : null,
    "dma200" : 153.83,
    "volume" : 1165751.00
  }, {
    "date" : "2025-04-08",
    "price" : 135.73,
    "dma50" : 138.52,
    "dma100" : null,
    "dma200" : 153.65,
    "volume" : 551248.00
  }, {
    "date" : "2025-04-09",
    "price" : 133.57,
    "dma50" : 138.33,
    "dma100" : null,
    "dma200" : 153.45,
    "volume" : 401724.00
  }, {
    "date" : "2025-04-11",
    "price" : 137.68,
    "dma50" : 138.30,
    "dma100" : null,
    "dma200" : 153.29,
    "volume" : 614588.00
  }, {
    "date" : "2025-04-15",
    "price" : 141.61,
    "dma50" : 138.43,
    "dma100" : null,
    "dma200" : 153.18,
    "volume" : 463526.00
  }, {
    "date" : "2025-04-16",
    "price" : 141.41,
    "dma50" : 138.55,
    "dma100" : null,
    "dma200" : 153.06,
    "volume" : 558701.00
  }, {
    "date" : "2025-04-17",
    "price" : 141.26,
    "dma50" : 138.66,
    "dma100" : null,
    "dma200" : 152.94,
    "volume" : 687549.00
  }, {
    "date" : "2025-04-21",
    "price" : 143.95,
    "dma50" : 138.86,
    "dma100" : null,
    "dma200" : 152.85,
    "volume" : 773196.00
  }, {
    "date" : "2025-04-22",
    "price" : 145.63,
    "dma50" : 139.13,
    "dma100" : null,
    "dma200" : 152.78,
    "volume" : 1296278.00
  }, {
    "date" : "2025-04-23",
    "price" : 145.34,
    "dma50" : 139.37,
    "dma100" : null,
    "dma200" : 152.71,
    "volume" : 707451.00
  }, {
    "date" : "2025-04-24",
    "price" : 149.71,
    "dma50" : 139.78,
    "dma100" : null,
    "dma200" : 152.68,
    "volume" : 1935721.00
  }, {
    "date" : "2025-04-25",
    "price" : 145.68,
    "dma50" : 140.01,
    "dma100" : null,
    "dma200" : 152.61,
    "volume" : 1233840.00
  }, {
    "date" : "2025-04-28",
    "price" : 144.93,
    "dma50" : 140.20,
    "dma100" : null,
    "dma200" : 152.53,
    "volume" : 642416.00
  }, {
    "date" : "2025-04-29",
    "price" : 145.35,
    "dma50" : 140.40,
    "dma100" : null,
    "dma200" : 152.46,
    "volume" : 582662.00
  }, {
    "date" : "2025-04-30",
    "price" : 141.53,
    "dma50" : 140.45,
    "dma100" : null,
    "dma200" : 152.35,
    "volume" : 798277.00
  }, {
    "date" : "2025-05-02",
    "price" : 141.96,
    "dma50" : 140.51,
    "dma100" : null,
    "dma200" : 152.25,
    "volume" : 578001.00
  }, {
    "date" : "2025-05-05",
    "price" : 144.40,
    "dma50" : 140.66,
    "dma100" : 148.24,
    "dma200" : 152.17,
    "volume" : 501075.00
  }, {
    "date" : "2025-05-06",
    "price" : 142.04,
    "dma50" : 140.71,
    "dma100" : 147.85,
    "dma200" : 152.07,
    "volume" : 572910.00
  }, {
    "date" : "2025-05-07",
    "price" : 142.14,
    "dma50" : 140.77,
    "dma100" : 147.40,
    "dma200" : 151.97,
    "volume" : 697785.00
  }, {
    "date" : "2025-05-08",
    "price" : 140.81,
    "dma50" : 140.77,
    "dma100" : 146.90,
    "dma200" : 151.86,
    "volume" : 546242.00
  }, {
    "date" : "2025-05-09",
    "price" : 136.91,
    "dma50" : 140.62,
    "dma100" : 146.36,
    "dma200" : 151.71,
    "volume" : 914786.00
  }, {
    "date" : "2025-05-12",
    "price" : 144.16,
    "dma50" : 140.76,
    "dma100" : 145.86,
    "dma200" : 151.63,
    "volume" : 1171907.00
  }, {
    "date" : "2025-05-13",
    "price" : 145.06,
    "dma50" : 140.93,
    "dma100" : 145.39,
    "dma200" : 151.57,
    "volume" : 551834.00
  }, {
    "date" : "2025-05-14",
    "price" : 147.07,
    "dma50" : 141.17,
    "dma100" : 144.97,
    "dma200" : 151.52,
    "volume" : 524369.00
  }, {
    "date" : "2025-05-15",
    "price" : 146.98,
    "dma50" : 141.40,
    "dma100" : 144.58,
    "dma200" : 151.48,
    "volume" : 443926.00
  }, {
    "date" : "2025-05-16",
    "price" : 147.51,
    "dma50" : 141.64,
    "dma100" : 144.26,
    "dma200" : 151.44,
    "volume" : 534221.00
  }, {
    "date" : "2025-05-19",
    "price" : 149.81,
    "dma50" : 141.96,
    "dma100" : 143.98,
    "dma200" : 151.42,
    "volume" : 1299317.00
  }, {
    "date" : "2025-05-20",
    "price" : 145.29,
    "dma50" : 142.09,
    "dma100" : 143.71,
    "dma200" : 151.36,
    "volume" : 548327.00
  }, {
    "date" : "2025-05-21",
    "price" : 145.66,
    "dma50" : 142.23,
    "dma100" : 143.48,
    "dma200" : 151.31,
    "volume" : 601154.00
  }, {
    "date" : "2025-05-22",
    "price" : 144.93,
    "dma50" : 142.33,
    "dma100" : 143.20,
    "dma200" : 151.24,
    "volume" : 595831.00
  }, {
    "date" : "2025-05-23",
    "price" : 144.99,
    "dma50" : 142.44,
    "dma100" : 142.96,
    "dma200" : 151.18,
    "volume" : 461137.00
  }, {
    "date" : "2025-05-26",
    "price" : 144.25,
    "dma50" : 142.51,
    "dma100" : 142.73,
    "dma200" : 151.11,
    "volume" : 502984.00
  }, {
    "date" : "2025-05-27",
    "price" : 143.11,
    "dma50" : 142.53,
    "dma100" : 142.49,
    "dma200" : 151.03,
    "volume" : 548857.00
  }, {
    "date" : "2025-05-28",
    "price" : 142.34,
    "dma50" : 142.53,
    "dma100" : 142.23,
    "dma200" : 150.94,
    "volume" : 401107.00
  }, {
    "date" : "2025-05-29",
    "price" : 142.87,
    "dma50" : 142.54,
    "dma100" : 141.91,
    "dma200" : 150.86,
    "volume" : 568496.00
  }, {
    "date" : "2025-05-30",
    "price" : 141.10,
    "dma50" : 142.48,
    "dma100" : 141.55,
    "dma200" : 150.77,
    "volume" : 766090.00
  }, {
    "date" : "2025-06-02",
    "price" : 143.72,
    "dma50" : 142.53,
    "dma100" : 141.20,
    "dma200" : 150.70,
    "volume" : 697110.00
  }, {
    "date" : "2025-06-03",
    "price" : 145.95,
    "dma50" : 142.66,
    "dma100" : 140.99,
    "dma200" : 150.65,
    "volume" : 1261520.00
  }, {
    "date" : "2025-06-04",
    "price" : 147.97,
    "dma50" : 142.87,
    "dma100" : 140.76,
    "dma200" : 150.62,
    "volume" : 927744.00
  }, {
    "date" : "2025-06-05",
    "price" : 146.79,
    "dma50" : 143.03,
    "dma100" : 140.55,
    "dma200" : 150.59,
    "volume" : 707842.00
  }, {
    "date" : "2025-06-06",
    "price" : 146.34,
    "dma50" : 143.16,
    "dma100" : 140.36,
    "dma200" : 150.54,
    "volume" : 364474.00
  }, {
    "date" : "2025-06-09",
    "price" : 146.65,
    "dma50" : 143.29,
    "dma100" : 140.25,
    "dma200" : 150.50,
    "volume" : 792750.00
  }, {
    "date" : "2025-06-10",
    "price" : 148.61,
    "dma50" : 143.50,
    "dma100" : 140.24,
    "dma200" : 150.49,
    "volume" : 1422487.00
  }, {
    "date" : "2025-06-11",
    "price" : 154.98,
    "dma50" : 143.95,
    "dma100" : 140.26,
    "dma200" : 150.53,
    "volume" : 4744583.00
  }, {
    "date" : "2025-06-12",
    "price" : 150.67,
    "dma50" : 144.22,
    "dma100" : 140.23,
    "dma200" : 150.53,
    "volume" : 1269048.00
  }, {
    "date" : "2025-06-13",
    "price" : 149.03,
    "dma50" : 144.40,
    "dma100" : 140.14,
    "dma200" : 150.52,
    "volume" : 802928.00
  }, {
    "date" : "2025-06-16",
    "price" : 148.04,
    "dma50" : 144.55,
    "dma100" : 140.05,
    "dma200" : 150.49,
    "volume" : 846817.00
  }, {
    "date" : "2025-06-17",
    "price" : 146.06,
    "dma50" : 144.61,
    "dma100" : 139.92,
    "dma200" : 150.45,
    "volume" : 604107.00
  }, {
    "date" : "2025-06-18",
    "price" : 146.09,
    "dma50" : 144.66,
    "dma100" : 139.82,
    "dma200" : 150.40,
    "volume" : 499522.00
  }, {
    "date" : "2025-06-19",
    "price" : 142.41,
    "dma50" : 144.58,
    "dma100" : 139.73,
    "dma200" : 150.32,
    "volume" : 935622.00
  }, {
    "date" : "2025-06-20",
    "price" : 141.50,
    "dma50" : 144.46,
    "dma100" : 139.62,
    "dma200" : 150.24,
    "volume" : 1390184.00
  }, {
    "date" : "2025-06-23",
    "price" : 142.92,
    "dma50" : 144.40,
    "dma100" : 139.58,
    "dma200" : 150.16,
    "volume" : 755591.00
  }, {
    "date" : "2025-06-24",
    "price" : 145.33,
    "dma50" : 144.43,
    "dma100" : 139.64,
    "dma200" : 150.12,
    "volume" : 635740.00
  }, {
    "date" : "2025-06-25",
    "price" : 147.75,
    "dma50" : 144.56,
    "dma100" : 139.73,
    "dma200" : 150.09,
    "volume" : 713437.00
  }, {
    "date" : "2025-06-26",
    "price" : 146.83,
    "dma50" : 144.65,
    "dma100" : 139.78,
    "dma200" : 150.06,
    "volume" : 630662.00
  }, {
    "date" : "2025-06-27",
    "price" : 148.57,
    "dma50" : 144.80,
    "dma100" : 139.83,
    "dma200" : 150.05,
    "volume" : 1120283.00
  }, {
    "date" : "2025-06-30",
    "price" : 147.66,
    "dma50" : 144.92,
    "dma100" : 139.86,
    "dma200" : 150.02,
    "volume" : 417992.00
  }, {
    "date" : "2025-07-01",
    "price" : 147.39,
    "dma50" : 145.01,
    "dma100" : 139.89,
    "dma200" : 150.00,
    "volume" : 275914.00
  }, {
    "date" : "2025-07-02",
    "price" : 146.64,
    "dma50" : 145.08,
    "dma100" : 139.93,
    "dma200" : 149.96,
    "volume" : 601122.00
  }, {
    "date" : "2025-07-03",
    "price" : 150.67,
    "dma50" : 145.30,
    "dma100" : 139.98,
    "dma200" : 149.97,
    "volume" : 2812023.00
  }, {
    "date" : "2025-07-04",
    "price" : 149.23,
    "dma50" : 145.45,
    "dma100" : 140.02,
    "dma200" : 149.96,
    "volume" : 693032.00
  }, {
    "date" : "2025-07-07",
    "price" : 146.35,
    "dma50" : 145.49,
    "dma100" : 140.01,
    "dma200" : 149.93,
    "volume" : 605893.00
  }, {
    "date" : "2025-07-08",
    "price" : 146.09,
    "dma50" : 145.51,
    "dma100" : 140.01,
    "dma200" : 149.89,
    "volume" : 429808.00
  }, {
    "date" : "2025-07-09",
    "price" : 146.24,
    "dma50" : 145.54,
    "dma100" : 140.06,
    "dma200" : 149.85,
    "volume" : 733311.00
  }, {
    "date" : "2025-07-10",
    "price" : 145.99,
    "dma50" : 145.56,
    "dma100" : 140.16,
    "dma200" : 149.81,
    "volume" : 415060.00
  }, {
    "date" : "2025-07-11",
    "price" : 146.00,
    "dma50" : 145.57,
    "dma100" : 140.30,
    "dma200" : 149.78,
    "volume" : 591031.00
  }, {
    "date" : "2025-07-14",
    "price" : 146.23,
    "dma50" : 145.60,
    "dma100" : 140.44,
    "dma200" : 149.74,
    "volume" : 475696.00
  }, {
    "date" : "2025-07-15",
    "price" : 150.63,
    "dma50" : 145.80,
    "dma100" : 140.70,
    "dma200" : 149.75,
    "volume" : 1533738.00
  }, {
    "date" : "2025-07-16",
    "price" : 150.33,
    "dma50" : 145.97,
    "dma100" : 140.94,
    "dma200" : 149.75,
    "volume" : 729608.00
  }, {
    "date" : "2025-07-17",
    "price" : 150.58,
    "dma50" : 146.16,
    "dma100" : 141.21,
    "dma200" : 149.76,
    "volume" : 813622.00
  }, {
    "date" : "2025-07-18",
    "price" : 150.04,
    "dma50" : 146.31,
    "dma100" : 141.43,
    "dma200" : 149.77,
    "volume" : 667298.00
  }, {
    "date" : "2025-07-21",
    "price" : 153.52,
    "dma50" : 146.59,
    "dma100" : 141.67,
    "dma200" : 149.80,
    "volume" : 1215875.00
  }, {
    "date" : "2025-07-22",
    "price" : 152.47,
    "dma50" : 146.82,
    "dma100" : 141.88,
    "dma200" : 149.83,
    "volume" : 1027650.00
  }, {
    "date" : "2025-07-23",
    "price" : 155.51,
    "dma50" : 147.16,
    "dma100" : 142.18,
    "dma200" : 149.89,
    "volume" : 1501644.00
  }, {
    "date" : "2025-07-24",
    "price" : 160.74,
    "dma50" : 147.69,
    "dma100" : 142.53,
    "dma200" : 149.99,
    "volume" : 3831396.00
  }, {
    "date" : "2025-07-25",
    "price" : 155.26,
    "dma50" : 147.99,
    "dma100" : 142.83,
    "dma200" : 150.05,
    "volume" : 2101770.00
  }, {
    "date" : "2025-07-28",
    "price" : 152.45,
    "dma50" : 148.17,
    "dma100" : 143.14,
    "dma200" : 150.07,
    "volume" : 1002413.00
  }, {
    "date" : "2025-07-29",
    "price" : 157.24,
    "dma50" : 148.52,
    "dma100" : 143.49,
    "dma200" : 150.14,
    "volume" : 1264712.00
  }, {
    "date" : "2025-07-30",
    "price" : 156.79,
    "dma50" : 148.85,
    "dma100" : 143.81,
    "dma200" : 150.21,
    "volume" : 749320.00
  }, {
    "date" : "2025-07-31",
    "price" : 157.01,
    "dma50" : 149.17,
    "dma100" : 144.11,
    "dma200" : 150.28,
    "volume" : 1592471.00
  }, {
    "date" : "2025-08-01",
    "price" : 152.79,
    "dma50" : 149.31,
    "dma100" : 144.33,
    "dma200" : 150.30,
    "volume" : 1066339.00
  }, {
    "date" : "2025-08-04",
    "price" : 155.43,
    "dma50" : 149.55,
    "dma100" : 144.57,
    "dma200" : 150.35,
    "volume" : 971960.00
  }, {
    "date" : "2025-08-05",
    "price" : 155.16,
    "dma50" : 149.77,
    "dma100" : 144.83,
    "dma200" : 150.40,
    "volume" : 628947.00
  }, {
    "date" : "2025-08-06",
    "price" : 152.13,
    "dma50" : 149.86,
    "dma100" : 145.07,
    "dma200" : 150.42,
    "volume" : 888173.00
  }, {
    "date" : "2025-08-07",
    "price" : 163.34,
    "dma50" : 150.39,
    "dma100" : 145.41,
    "dma200" : 150.55,
    "volume" : 41928784.00
  }, {
    "date" : "2025-08-08",
    "price" : 160.31,
    "dma50" : 150.78,
    "dma100" : 145.69,
    "dma200" : 150.64,
    "volume" : 2852415.00
  }, {
    "date" : "2025-08-11",
    "price" : 158.04,
    "dma50" : 151.06,
    "dma100" : 145.95,
    "dma200" : 150.72,
    "volume" : 1904978.00
  }, {
    "date" : "2025-08-12",
    "price" : 157.05,
    "dma50" : 151.30,
    "dma100" : 146.18,
    "dma200" : 150.78,
    "volume" : 1093331.00
  }, {
    "date" : "2025-08-13",
    "price" : 157.65,
    "dma50" : 151.55,
    "dma100" : 146.40,
    "dma200" : 150.85,
    "volume" : 1372703.00
  }, {
    "date" : "2025-08-14",
    "price" : 155.55,
    "dma50" : 151.70,
    "dma100" : 146.57,
    "dma200" : 150.89,
    "volume" : 810042.00
  }, {
    "date" : "2025-08-18",
    "price" : 156.21,
    "dma50" : 151.88,
    "dma100" : 146.77,
    "dma200" : 150.95,
    "volume" : 1135724.00
  }, {
    "date" : "2025-08-19",
    "price" : 156.31,
    "dma50" : 152.05,
    "dma100" : 146.95,
    "dma200" : 151.00,
    "volume" : 915636.00
  }, {
    "date" : "2025-08-20",
    "price" : 152.99,
    "dma50" : 152.09,
    "dma100" : 147.11,
    "dma200" : 151.02,
    "volume" : 1195944.00
  }, {
    "date" : "2025-08-21",
    "price" : 150.98,
    "dma50" : 152.05,
    "dma100" : 147.27,
    "dma200" : 151.02,
    "volume" : 1225180.00
  }, {
    "date" : "2025-08-22",
    "price" : 148.70,
    "dma50" : 151.92,
    "dma100" : 147.39,
    "dma200" : 151.00,
    "volume" : 1311816.00
  }, {
    "date" : "2025-08-25",
    "price" : 146.49,
    "dma50" : 151.70,
    "dma100" : 147.51,
    "dma200" : 150.95,
    "volume" : 826027.00
  }, {
    "date" : "2025-08-26",
    "price" : 140.55,
    "dma50" : 151.27,
    "dma100" : 147.52,
    "dma200" : 150.85,
    "volume" : 1866685.00
  }, {
    "date" : "2025-08-28",
    "price" : 136.09,
    "dma50" : 150.67,
    "dma100" : 147.45,
    "dma200" : 150.70,
    "volume" : 1649443.00
  }, {
    "date" : "2025-08-29",
    "price" : 135.85,
    "dma50" : 150.09,
    "dma100" : 147.38,
    "dma200" : 150.55,
    "volume" : 1209393.00
  }, {
    "date" : "2025-09-01",
    "price" : 136.41,
    "dma50" : 149.55,
    "dma100" : 147.36,
    "dma200" : 150.41,
    "volume" : 1120255.00
  }, {
    "date" : "2025-09-02",
    "price" : 137.28,
    "dma50" : 149.07,
    "dma100" : 147.39,
    "dma200" : 150.28,
    "volume" : 1005233.00
  }, {
    "date" : "2025-09-03",
    "price" : 138.88,
    "dma50" : 148.67,
    "dma100" : 147.42,
    "dma200" : 150.17,
    "volume" : 1013155.00
  }, {
    "date" : "2025-09-04",
    "price" : 135.36,
    "dma50" : 148.15,
    "dma100" : 147.44,
    "dma200" : 150.02,
    "volume" : 1297052.00
  }, {
    "date" : "2025-09-05",
    "price" : 138.54,
    "dma50" : 147.77,
    "dma100" : 147.45,
    "dma200" : 149.91,
    "volume" : 2120515.00
  }, {
    "date" : "2025-09-08",
    "price" : 138.68,
    "dma50" : 147.42,
    "dma100" : 147.42,
    "dma200" : 149.80,
    "volume" : 864513.00
  }, {
    "date" : "2025-09-09",
    "price" : 137.49,
    "dma50" : 147.03,
    "dma100" : 147.38,
    "dma200" : 149.67,
    "volume" : 757194.00
  }, {
    "date" : "2025-09-10",
    "price" : 139.84,
    "dma50" : 146.75,
    "dma100" : 147.37,
    "dma200" : 149.58,
    "volume" : 1618888.00
  }, {
    "date" : "2025-09-11",
    "price" : 138.48,
    "dma50" : 146.42,
    "dma100" : 147.31,
    "dma200" : 149.46,
    "volume" : 1074219.00
  }, {
    "date" : "2025-09-12",
    "price" : 138.63,
    "dma50" : 146.12,
    "dma100" : 147.24,
    "dma200" : 149.36,
    "volume" : 862084.00
  }, {
    "date" : "2025-09-15",
    "price" : 138.29,
    "dma50" : 145.81,
    "dma100" : 147.17,
    "dma200" : 149.25,
    "volume" : 726195.00
  }, {
    "date" : "2025-09-16",
    "price" : 139.69,
    "dma50" : 145.57,
    "dma100" : 147.07,
    "dma200" : 149.15,
    "volume" : 1140173.00
  }, {
    "date" : "2025-09-17",
    "price" : 139.31,
    "dma50" : 145.32,
    "dma100" : 147.01,
    "dma200" : 149.05,
    "volume" : 1124528.00
  }, {
    "date" : "2025-09-18",
    "price" : 139.12,
    "dma50" : 145.08,
    "dma100" : 146.95,
    "dma200" : 148.95,
    "volume" : 1054061.00
  }, {
    "date" : "2025-09-19",
    "price" : 138.19,
    "dma50" : 144.81,
    "dma100" : 146.88,
    "dma200" : 148.85,
    "volume" : 1054377.00
  }, {
    "date" : "2025-09-22",
    "price" : 137.58,
    "dma50" : 144.53,
    "dma100" : 146.84,
    "dma200" : 148.74,
    "volume" : 1115417.00
  }, {
    "date" : "2025-09-23",
    "price" : 136.05,
    "dma50" : 144.19,
    "dma100" : 146.78,
    "dma200" : 148.61,
    "volume" : 988533.00
  }, {
    "date" : "2025-09-24",
    "price" : 134.67,
    "dma50" : 143.82,
    "dma100" : 146.68,
    "dma200" : 148.47,
    "volume" : 749990.00
  }, {
    "date" : "2025-09-25",
    "price" : 135.59,
    "dma50" : 143.50,
    "dma100" : 146.62,
    "dma200" : 148.34,
    "volume" : 1021448.00
  }, {
    "date" : "2025-09-26",
    "price" : 129.83,
    "dma50" : 142.96,
    "dma100" : 146.50,
    "dma200" : 148.16,
    "volume" : 1307708.00
  }, {
    "date" : "2025-09-29",
    "price" : 128.16,
    "dma50" : 142.38,
    "dma100" : 146.37,
    "dma200" : 147.96,
    "volume" : 714120.00
  }, {
    "date" : "2025-09-30",
    "price" : 128.23,
    "dma50" : 141.83,
    "dma100" : 146.28,
    "dma200" : 147.76,
    "volume" : 592751.00
  }, {
    "date" : "2025-10-01",
    "price" : 130.03,
    "dma50" : 141.36,
    "dma100" : 146.14,
    "dma200" : 147.59,
    "volume" : 800679.00
  }, {
    "date" : "2025-10-03",
    "price" : 132.97,
    "dma50" : 141.03,
    "dma100" : 146.02,
    "dma200" : 147.44,
    "volume" : 1003812.00
  }, {
    "date" : "2025-10-06",
    "price" : 131.19,
    "dma50" : 140.65,
    "dma100" : 145.86,
    "dma200" : 147.28,
    "volume" : 781662.00
  }, {
    "date" : "2025-10-07",
    "price" : 131.63,
    "dma50" : 140.29,
    "dma100" : 145.71,
    "dma200" : 147.12,
    "volume" : 571056.00
  }, {
    "date" : "2025-10-08",
    "price" : 132.78,
    "dma50" : 140.00,
    "dma100" : 145.56,
    "dma200" : 146.98,
    "volume" : 1314108.00
  }, {
    "date" : "2025-10-09",
    "price" : 133.05,
    "dma50" : 139.73,
    "dma100" : 145.39,
    "dma200" : 146.84,
    "volume" : 739095.00
  }, {
    "date" : "2025-10-10",
    "price" : 130.90,
    "dma50" : 139.38,
    "dma100" : 145.25,
    "dma200" : 146.68,
    "volume" : 627484.00
  }, {
    "date" : "2025-10-13",
    "price" : 129.20,
    "dma50" : 138.98,
    "dma100" : 145.09,
    "dma200" : 146.51,
    "volume" : 679733.00
  }, {
    "date" : "2025-10-14",
    "price" : 126.97,
    "dma50" : 138.51,
    "dma100" : 144.91,
    "dma200" : 146.32,
    "volume" : 732377.00
  }, {
    "date" : "2025-10-15",
    "price" : 126.86,
    "dma50" : 138.05,
    "dma100" : 144.72,
    "dma200" : 146.12,
    "volume" : 740111.00
  }, {
    "date" : "2025-10-16",
    "price" : 128.54,
    "dma50" : 137.68,
    "dma100" : 144.57,
    "dma200" : 145.95,
    "volume" : 1425807.00
  }, {
    "date" : "2025-10-17",
    "price" : 126.19,
    "dma50" : 137.23,
    "dma100" : 144.40,
    "dma200" : 145.75,
    "volume" : 769292.00
  }, {
    "date" : "2025-10-20",
    "price" : 126.60,
    "dma50" : 136.81,
    "dma100" : 144.24,
    "dma200" : 145.56,
    "volume" : 1316728.00
  }, {
    "date" : "2025-10-21",
    "price" : 127.70,
    "dma50" : 136.46,
    "dma100" : 144.09,
    "dma200" : 145.38,
    "volume" : 162697.00
  }, {
    "date" : "2025-10-23",
    "price" : 129.41,
    "dma50" : 136.18,
    "dma100" : 143.97,
    "dma200" : 145.22,
    "volume" : 1030563.00
  }, {
    "date" : "2025-10-24",
    "price" : 129.24,
    "dma50" : 135.91,
    "dma100" : 143.83,
    "dma200" : 145.06,
    "volume" : 932258.00
  }, {
    "date" : "2025-10-27",
    "price" : 130.58,
    "dma50" : 135.70,
    "dma100" : 143.67,
    "dma200" : 144.92,
    "volume" : 569973.00
  }, {
    "date" : "2025-10-28",
    "price" : 133.32,
    "dma50" : 135.61,
    "dma100" : 143.53,
    "dma200" : 144.80,
    "volume" : 1385347.00
  }, {
    "date" : "2025-10-29",
    "price" : 136.58,
    "dma50" : 135.64,
    "dma100" : 143.43,
    "dma200" : 144.72,
    "volume" : 1437025.00
  }, {
    "date" : "2025-10-30",
    "price" : 135.53,
    "dma50" : 135.64,
    "dma100" : 143.32,
    "dma200" : 144.63,
    "volume" : 668163.00
  }, {
    "date" : "2025-10-31",
    "price" : 133.52,
    "dma50" : 135.56,
    "dma100" : 143.19,
    "dma200" : 144.52,
    "volume" : 552597.00
  }, {
    "date" : "2025-11-03",
    "price" : 138.83,
    "dma50" : 135.68,
    "dma100" : 143.09,
    "dma200" : 144.46,
    "volume" : 1711287.00
  }, {
    "date" : "2025-11-04",
    "price" : 134.92,
    "dma50" : 135.65,
    "dma100" : 142.89,
    "dma200" : 144.37,
    "volume" : 1109595.00
  }, {
    "date" : "2025-11-06",
    "price" : 134.79,
    "dma50" : 135.62,
    "dma100" : 142.73,
    "dma200" : 144.27,
    "volume" : 2468615.00
  }, {
    "date" : "2025-11-07",
    "price" : 131.95,
    "dma50" : 135.48,
    "dma100" : 142.56,
    "dma200" : 144.15,
    "volume" : 3369020.00
  }, {
    "date" : "2025-11-10",
    "price" : 127.78,
    "dma50" : 135.17,
    "dma100" : 142.36,
    "dma200" : 143.99,
    "volume" : 1385325.00
  }, {
    "date" : "2025-11-11",
    "price" : 123.70,
    "dma50" : 134.72,
    "dma100" : 142.13,
    "dma200" : 143.79,
    "volume" : 2078561.00
  }, {
    "date" : "2025-11-12",
    "price" : 122.10,
    "dma50" : 134.23,
    "dma100" : 141.89,
    "dma200" : 143.57,
    "volume" : 1823067.00
  }, {
    "date" : "2025-11-13",
    "price" : 119.79,
    "dma50" : 133.66,
    "dma100" : 141.67,
    "dma200" : 143.33,
    "volume" : 1993294.00
  }, {
    "date" : "2025-11-14",
    "price" : 116.87,
    "dma50" : 133.00,
    "dma100" : 141.42,
    "dma200" : 143.07,
    "volume" : 3464064.00
  }, {
    "date" : "2025-11-17",
    "price" : 117.11,
    "dma50" : 132.38,
    "dma100" : 141.16,
    "dma200" : 142.81,
    "volume" : 1925457.00
  }, {
    "date" : "2025-11-18",
    "price" : 115.09,
    "dma50" : 131.70,
    "dma100" : 140.86,
    "dma200" : 142.54,
    "volume" : 1785401.00
  }, {
    "date" : "2025-11-19",
    "price" : 113.01,
    "dma50" : 130.97,
    "dma100" : 140.51,
    "dma200" : 142.24,
    "volume" : 2077593.00
  }, {
    "date" : "2025-11-20",
    "price" : 113.60,
    "dma50" : 130.29,
    "dma100" : 140.18,
    "dma200" : 141.96,
    "volume" : 1512824.00
  }, {
    "date" : "2025-11-21",
    "price" : 112.29,
    "dma50" : 129.58,
    "dma100" : 139.82,
    "dma200" : 141.66,
    "volume" : 1210753.00
  }, {
    "date" : "2025-11-24",
    "price" : 105.96,
    "dma50" : 128.66,
    "dma100" : 139.40,
    "dma200" : 141.31,
    "volume" : 6675653.00
  }, {
    "date" : "2025-11-25",
    "price" : 109.71,
    "dma50" : 127.91,
    "dma100" : 139.02,
    "dma200" : 140.99,
    "volume" : 2236947.00
  }, {
    "date" : "2025-11-26",
    "price" : 109.69,
    "dma50" : 127.20,
    "dma100" : 138.65,
    "dma200" : 140.68,
    "volume" : 1427450.00
  }, {
    "date" : "2025-11-27",
    "price" : 107.60,
    "dma50" : 126.43,
    "dma100" : 138.22,
    "dma200" : 140.35,
    "volume" : 1813704.00
  }, {
    "date" : "2025-11-28",
    "price" : 108.91,
    "dma50" : 125.74,
    "dma100" : 137.82,
    "dma200" : 140.04,
    "volume" : 1144849.00
  }, {
    "date" : "2025-12-01",
    "price" : 106.90,
    "dma50" : 125.00,
    "dma100" : 137.42,
    "dma200" : 139.71,
    "volume" : 1226542.00
  }, {
    "date" : "2025-12-02",
    "price" : 107.80,
    "dma50" : 124.33,
    "dma100" : 137.04,
    "dma200" : 139.39,
    "volume" : 981831.00
  }, {
    "date" : "2025-12-03",
    "price" : 106.90,
    "dma50" : 123.65,
    "dma100" : 136.65,
    "dma200" : 139.07,
    "volume" : 881954.00
  }, {
    "date" : "2025-12-04",
    "price" : 105.55,
    "dma50" : 122.94,
    "dma100" : 136.24,
    "dma200" : 138.74,
    "volume" : 1320109.00
  } ],
  "latestTechnicalAttributes" : {
    "date" : "2025-12-04",
    "price" : 105.55,
    "dma50" : 122.94,
    "dma100" : 136.24,
    "dma200" : 138.74,
    "volume" : 1320109.00
  },
  "quarterlyResults" : [ {
    "date" : "2005-03-31",
    "sales" : 0.00,
    "salesGrowthYoY" : null,
    "grossProfitMargin" : 0.00,
    "grossProfit" : 0.00,
    "operatingProfitMargin" : 0.00,
    "operatingProfit" : 0.00,
    "netProfitMargin" : 0.00,
    "netProfit" : 0.00
  }, {
    "date" : "2005-06-30",
    "sales" : 0.00,
    "salesGrowthYoY" : null,
    "grossProfitMargin" : 0.00,
    "grossProfit" : 0.00,
    "operatingProfitMargin" : 0.00,
    "operatingProfit" : 0.00,
    "netProfitMargin" : 0.00,
    "netProfit" : 0.00
  }, {
    "date" : "2005-09-30",
    "sales" : 0.00,
    "salesGrowthYoY" : null,
    "grossProfitMargin" : 0.00,
    "grossProfit" : 0.00,
    "operatingProfitMargin" : 0.00,
    "operatingProfit" : 0.00,
    "netProfitMargin" : 0.00,
    "netProfit" : 0.00
  }, {
    "date" : "2005-12-31",
    "sales" : 0.00,
    "salesGrowthYoY" : null,
    "grossProfitMargin" : 0.00,
    "grossProfit" : 0.00,
    "operatingProfitMargin" : 0.00,
    "operatingProfit" : 0.00,
    "netProfitMargin" : 0.00,
    "netProfit" : 0.00
  }, {
    "date" : "2006-03-31",
    "sales" : 0.00,
    "salesGrowthYoY" : 0.00,
    "grossProfitMargin" : 0.00,
    "grossProfit" : 0.00,
    "operatingProfitMargin" : 0.00,
    "operatingProfit" : 0.00,
    "netProfitMargin" : 0.00,
    "netProfit" : 0.00
  }, {
    "date" : "2006-06-30",
    "sales" : 0.00,
    "salesGrowthYoY" : 0.00,
    "grossProfitMargin" : 0.00,
    "grossProfit" : 0.00,
    "operatingProfitMargin" : 0.00,
    "operatingProfit" : 0.00,
    "netProfitMargin" : 0.00,
    "netProfit" : 0.00
  }, {
    "date" : "2006-09-30",
    "sales" : 118.22,
    "salesGrowthYoY" : 100.00,
    "grossProfitMargin" : 75.98,
    "grossProfit" : 89.82,
    "operatingProfitMargin" : 29.39,
    "operatingProfit" : 34.74,
    "netProfitMargin" : 19.11,
    "netProfit" : 22.59
  }, {
    "date" : "2006-12-31",
    "sales" : 0.00,
    "salesGrowthYoY" : 0.00,
    "grossProfitMargin" : 0.00,
    "grossProfit" : 0.00,
    "operatingProfitMargin" : 0.00,
    "operatingProfit" : 0.00,
    "netProfitMargin" : 0.00,
    "netProfit" : 0.00
  }, {
    "date" : "2007-03-31",
    "sales" : 0.00,
    "salesGrowthYoY" : 0.00,
    "grossProfitMargin" : 0.00,
    "grossProfit" : 0.00,
    "operatingProfitMargin" : 0.00,
    "operatingProfit" : 0.00,
    "netProfitMargin" : 0.00,
    "netProfit" : 0.00
  }, {
    "date" : "2007-06-30",
    "sales" : 130.05,
    "salesGrowthYoY" : 100.00,
    "grossProfitMargin" : 76.58,
    "grossProfit" : 99.59,
    "operatingProfitMargin" : 33.53,
    "operatingProfit" : 43.61,
    "netProfitMargin" : 22.42,
    "netProfit" : 29.16
  }, {
    "date" : "2007-09-30",
    "sales" : 149.06,
    "salesGrowthYoY" : 26.09,
    "grossProfitMargin" : 73.59,
    "grossProfit" : 109.69,
    "operatingProfitMargin" : 31.27,
    "operatingProfit" : 46.61,
    "netProfitMargin" : 24.41,
    "netProfit" : 36.39
  }, {
    "date" : "2007-12-31",
    "sales" : 182.95,
    "salesGrowthYoY" : 100.00,
    "grossProfitMargin" : 60.98,
    "grossProfit" : 111.56,
    "operatingProfitMargin" : 59.20,
    "operatingProfit" : 108.31,
    "netProfitMargin" : 10.93,
    "netProfit" : 20.00
  }, {
    "date" : "2008-03-31",
    "sales" : 192.90,
    "salesGrowthYoY" : 100.00,
    "grossProfitMargin" : 65.66,
    "grossProfit" : 126.66,
    "operatingProfitMargin" : 24.48,
    "operatingProfit" : 47.22,
    "netProfitMargin" : 15.78,
    "netProfit" : 30.44
  }, {
    "date" : "2008-06-30",
    "sales" : 300.87,
    "salesGrowthYoY" : 131.35,
    "grossProfitMargin" : 47.80,
    "grossProfit" : 143.82,
    "operatingProfitMargin" : 18.42,
    "operatingProfit" : 55.42,
    "netProfitMargin" : 9.13,
    "netProfit" : 27.47
  }, {
    "date" : "2008-09-30",
    "sales" : 253.08,
    "salesGrowthYoY" : 69.78,
    "grossProfitMargin" : 59.65,
    "grossProfit" : 150.96,
    "operatingProfitMargin" : 17.57,
    "operatingProfit" : 44.47,
    "netProfitMargin" : 7.93,
    "netProfit" : 20.07
  }, {
    "date" : "2008-12-31",
    "sales" : 259.29,
    "salesGrowthYoY" : 41.73,
    "grossProfitMargin" : 15.69,
    "grossProfit" : 40.68,
    "operatingProfitMargin" : 16.66,
    "operatingProfit" : 43.20,
    "netProfitMargin" : 2.72,
    "netProfit" : 7.05
  }, {
    "date" : "2009-03-31",
    "sales" : 235.37,
    "salesGrowthYoY" : 22.02,
    "grossProfitMargin" : 63.04,
    "grossProfit" : 148.38,
    "operatingProfitMargin" : 27.26,
    "operatingProfit" : 64.16,
    "netProfitMargin" : 14.07,
    "netProfit" : 33.12
  }, {
    "date" : "2009-06-30",
    "sales" : 228.65,
    "salesGrowthYoY" : -24.00,
    "grossProfitMargin" : 65.03,
    "grossProfit" : 148.69,
    "operatingProfitMargin" : 32.01,
    "operatingProfit" : 73.19,
    "netProfitMargin" : 19.39,
    "netProfit" : 44.34
  }, {
    "date" : "2009-09-30",
    "sales" : 226.49,
    "salesGrowthYoY" : -10.51,
    "grossProfitMargin" : 57.41,
    "grossProfit" : 130.03,
    "operatingProfitMargin" : 22.03,
    "operatingProfit" : 49.90,
    "netProfitMargin" : 13.95,
    "netProfit" : 31.60
  }, {
    "date" : "2009-12-31",
    "sales" : 60.97,
    "salesGrowthYoY" : -76.49,
    "grossProfitMargin" : -26.00,
    "grossProfit" : -15.85,
    "operatingProfitMargin" : 27.98,
    "operatingProfit" : 17.06,
    "netProfitMargin" : 4.07,
    "netProfit" : 2.48
  }, {
    "date" : "2010-03-31",
    "sales" : 246.56,
    "salesGrowthYoY" : 4.75,
    "grossProfitMargin" : 43.59,
    "grossProfit" : 107.48,
    "operatingProfitMargin" : 6.69,
    "operatingProfit" : 16.49,
    "netProfitMargin" : 1.27,
    "netProfit" : 3.13
  }, {
    "date" : "2010-06-30",
    "sales" : 188.89,
    "salesGrowthYoY" : -17.39,
    "grossProfitMargin" : 62.34,
    "grossProfit" : 117.75,
    "operatingProfitMargin" : 14.56,
    "operatingProfit" : 27.50,
    "netProfitMargin" : 17.00,
    "netProfit" : 32.11
  }, {
    "date" : "2010-09-30",
    "sales" : 194.24,
    "salesGrowthYoY" : -14.24,
    "grossProfitMargin" : 47.29,
    "grossProfit" : 91.86,
    "operatingProfitMargin" : 3.37,
    "operatingProfit" : 6.55,
    "netProfitMargin" : -5.37,
    "netProfit" : -10.43
  }, {
    "date" : "2010-12-31",
    "sales" : 57.85,
    "salesGrowthYoY" : -5.12,
    "grossProfitMargin" : 0.86,
    "grossProfit" : 0.50,
    "operatingProfitMargin" : -0.97,
    "operatingProfit" : -0.56,
    "netProfitMargin" : -3.11,
    "netProfit" : -1.80
  }, {
    "date" : "2011-03-31",
    "sales" : 95.37,
    "salesGrowthYoY" : -61.32,
    "grossProfitMargin" : 0.72,
    "grossProfit" : 0.69,
    "operatingProfitMargin" : 0.37,
    "operatingProfit" : 0.35,
    "netProfitMargin" : 27.36,
    "netProfit" : 26.09
  }, {
    "date" : "2011-06-30",
    "sales" : 56.75,
    "salesGrowthYoY" : -69.96,
    "grossProfitMargin" : 0.48,
    "grossProfit" : 0.27,
    "operatingProfitMargin" : -1.22,
    "operatingProfit" : -0.69,
    "netProfitMargin" : 0.83,
    "netProfit" : 0.47
  }, {
    "date" : "2011-09-30",
    "sales" : 54.44,
    "salesGrowthYoY" : -71.97,
    "grossProfitMargin" : 0.61,
    "grossProfit" : 0.33,
    "operatingProfitMargin" : -15.56,
    "operatingProfit" : -8.47,
    "netProfitMargin" : -8.47,
    "netProfit" : -4.61
  }, {
    "date" : "2011-12-31",
    "sales" : 32.98,
    "salesGrowthYoY" : -42.99,
    "grossProfitMargin" : 0.67,
    "grossProfit" : 0.22,
    "operatingProfitMargin" : -32.38,
    "operatingProfit" : -10.68,
    "netProfitMargin" : 22.80,
    "netProfit" : 7.52
  }, {
    "date" : "2012-03-31",
    "sales" : 34.64,
    "salesGrowthYoY" : -63.68,
    "grossProfitMargin" : 0.78,
    "grossProfit" : 0.27,
    "operatingProfitMargin" : -2.37,
    "operatingProfit" : -0.82,
    "netProfitMargin" : 10.59,
    "netProfit" : 3.67
  }, {
    "date" : "2012-06-30",
    "sales" : 0.00,
    "salesGrowthYoY" : -100.00,
    "grossProfitMargin" : 0.00,
    "grossProfit" : 0.00,
    "operatingProfitMargin" : 0.00,
    "operatingProfit" : 0.00,
    "netProfitMargin" : 0.00,
    "netProfit" : 0.00
  }, {
    "date" : "2012-09-30",
    "sales" : 34.45,
    "salesGrowthYoY" : -36.72,
    "grossProfitMargin" : 2.21,
    "grossProfit" : 0.76,
    "operatingProfitMargin" : -2.76,
    "operatingProfit" : -0.95,
    "netProfitMargin" : 28.21,
    "netProfit" : 9.72
  }, {
    "date" : "2012-12-31",
    "sales" : 0.00,
    "salesGrowthYoY" : -100.00,
    "grossProfitMargin" : 0.00,
    "grossProfit" : 0.00,
    "operatingProfitMargin" : 0.00,
    "operatingProfit" : 0.00,
    "netProfitMargin" : 0.00,
    "netProfit" : 0.00
  }, {
    "date" : "2013-03-31",
    "sales" : 41.02,
    "salesGrowthYoY" : 18.42,
    "grossProfitMargin" : 0.41,
    "grossProfit" : 0.17,
    "operatingProfitMargin" : -2.27,
    "operatingProfit" : -0.93,
    "netProfitMargin" : 4.95,
    "netProfit" : 2.03
  }, {
    "date" : "2013-06-30",
    "sales" : 29.60,
    "salesGrowthYoY" : 100.00,
    "grossProfitMargin" : 0.37,
    "grossProfit" : 0.11,
    "operatingProfitMargin" : -43.07,
    "operatingProfit" : -12.75,
    "netProfitMargin" : -37.33,
    "netProfit" : -11.05
  }, {
    "date" : "2013-09-30",
    "sales" : 0.10,
    "salesGrowthYoY" : -99.71,
    "grossProfitMargin" : 0.00,
    "grossProfit" : 0.00,
    "operatingProfitMargin" : -6610.00,
    "operatingProfit" : -6.61,
    "netProfitMargin" : -3490.00,
    "netProfit" : -3.49
  }, {
    "date" : "2013-12-31",
    "sales" : 0.00,
    "salesGrowthYoY" : 0.00,
    "grossProfitMargin" : 0.00,
    "grossProfit" : 0.00,
    "operatingProfitMargin" : 0.00,
    "operatingProfit" : 0.00,
    "netProfitMargin" : 0.00,
    "netProfit" : 0.00
  }, {
    "date" : "2014-03-31",
    "sales" : 2.05,
    "salesGrowthYoY" : -95.00,
    "grossProfitMargin" : 100.00,
    "grossProfit" : 2.05,
    "operatingProfitMargin" : -49.76,
    "operatingProfit" : -1.02,
    "netProfitMargin" : 51.71,
    "netProfit" : 1.06
  }, {
    "date" : "2014-06-30",
    "sales" : 1.39,
    "salesGrowthYoY" : -95.30,
    "grossProfitMargin" : 100.00,
    "grossProfit" : 1.39,
    "operatingProfitMargin" : -91.37,
    "operatingProfit" : -1.27,
    "netProfitMargin" : 3.60,
    "netProfit" : 0.05
  }, {
    "date" : "2014-09-30",
    "sales" : 1.55,
    "salesGrowthYoY" : 1450.00,
    "grossProfitMargin" : 100.00,
    "grossProfit" : 1.55,
    "operatingProfitMargin" : -229.68,
    "operatingProfit" : -3.56,
    "netProfitMargin" : 1665.81,
    "netProfit" : 25.82
  }, {
    "date" : "2014-12-31",
    "sales" : 2.74,
    "salesGrowthYoY" : 100.00,
    "grossProfitMargin" : 100.00,
    "grossProfit" : 2.74,
    "operatingProfitMargin" : -36.13,
    "operatingProfit" : -0.99,
    "netProfitMargin" : -85.77,
    "netProfit" : -2.35
  }, {
    "date" : "2015-03-31",
    "sales" : 3.18,
    "salesGrowthYoY" : 55.12,
    "grossProfitMargin" : 100.00,
    "grossProfit" : 3.18,
    "operatingProfitMargin" : -31.13,
    "operatingProfit" : -0.99,
    "netProfitMargin" : 1.57,
    "netProfit" : 0.05
  }, {
    "date" : "2015-06-30",
    "sales" : 28.68,
    "salesGrowthYoY" : 1963.31,
    "grossProfitMargin" : 7.39,
    "grossProfit" : 2.12,
    "operatingProfitMargin" : -8.33,
    "operatingProfit" : -2.39,
    "netProfitMargin" : -9.14,
    "netProfit" : -2.62
  }, {
    "date" : "2015-09-30",
    "sales" : 31.23,
    "salesGrowthYoY" : 1914.84,
    "grossProfitMargin" : 6.44,
    "grossProfit" : 2.01,
    "operatingProfitMargin" : -7.46,
    "operatingProfit" : -2.33,
    "netProfitMargin" : 99.78,
    "netProfit" : 31.16
  }, {
    "date" : "2015-12-31",
    "sales" : 23.12,
    "salesGrowthYoY" : 743.80,
    "grossProfitMargin" : 9.13,
    "grossProfit" : 2.11,
    "operatingProfitMargin" : -7.18,
    "operatingProfit" : -1.66,
    "netProfitMargin" : -10.86,
    "netProfit" : -2.51
  }, {
    "date" : "2016-03-31",
    "sales" : 4.02,
    "salesGrowthYoY" : 26.42,
    "grossProfitMargin" : 100.00,
    "grossProfit" : 4.02,
    "operatingProfitMargin" : -31.34,
    "operatingProfit" : -1.26,
    "netProfitMargin" : 121.39,
    "netProfit" : 4.88
  }, {
    "date" : "2016-06-30",
    "sales" : 31.18,
    "salesGrowthYoY" : 8.72,
    "grossProfitMargin" : 10.04,
    "grossProfit" : 3.13,
    "operatingProfitMargin" : -3.27,
    "operatingProfit" : -1.02,
    "netProfitMargin" : -5.48,
    "netProfit" : -1.71
  }, {
    "date" : "2016-09-30",
    "sales" : 2.37,
    "salesGrowthYoY" : -92.41,
    "grossProfitMargin" : 100.00,
    "grossProfit" : 2.37,
    "operatingProfitMargin" : -20.25,
    "operatingProfit" : -0.48,
    "netProfitMargin" : 1352.32,
    "netProfit" : 32.05
  }, {
    "date" : "2016-12-31",
    "sales" : 7.28,
    "salesGrowthYoY" : -68.51,
    "grossProfitMargin" : 100.00,
    "grossProfit" : 7.28,
    "operatingProfitMargin" : -6.04,
    "operatingProfit" : -0.44,
    "netProfitMargin" : -31.46,
    "netProfit" : -2.29
  }, {
    "date" : "2017-03-31",
    "sales" : 26.68,
    "salesGrowthYoY" : 563.68,
    "grossProfitMargin" : 23.84,
    "grossProfit" : 6.36,
    "operatingProfitMargin" : -1.95,
    "operatingProfit" : -0.52,
    "netProfitMargin" : 2.44,
    "netProfit" : 0.65
  }, {
    "date" : "2017-06-30",
    "sales" : 6.89,
    "salesGrowthYoY" : -77.90,
    "grossProfitMargin" : 100.00,
    "grossProfit" : 6.89,
    "operatingProfitMargin" : 3.92,
    "operatingProfit" : 0.27,
    "netProfitMargin" : 3.19,
    "netProfit" : 0.22
  }, {
    "date" : "2017-09-30",
    "sales" : 4.04,
    "salesGrowthYoY" : 70.46,
    "grossProfitMargin" : 100.00,
    "grossProfit" : 4.04,
    "operatingProfitMargin" : -30.45,
    "operatingProfit" : -1.23,
    "netProfitMargin" : 783.17,
    "netProfit" : 31.64
  }, {
    "date" : "2017-12-31",
    "sales" : 22.02,
    "salesGrowthYoY" : 202.47,
    "grossProfitMargin" : 28.93,
    "grossProfit" : 6.37,
    "operatingProfitMargin" : -4.77,
    "operatingProfit" : -1.05,
    "netProfitMargin" : -1.82,
    "netProfit" : -0.40
  }, {
    "date" : "2018-03-31",
    "sales" : 33.04,
    "salesGrowthYoY" : 23.84,
    "grossProfitMargin" : 27.42,
    "grossProfit" : 9.06,
    "operatingProfitMargin" : -1.33,
    "operatingProfit" : -0.44,
    "netProfitMargin" : -1.60,
    "netProfit" : -0.53
  }, {
    "date" : "2018-06-30",
    "sales" : 17.30,
    "salesGrowthYoY" : 151.09,
    "grossProfitMargin" : 33.87,
    "grossProfit" : 5.86,
    "operatingProfitMargin" : -24.34,
    "operatingProfit" : -4.21,
    "netProfitMargin" : 162.72,
    "netProfit" : 28.15
  }, {
    "date" : "2018-09-30",
    "sales" : 11.84,
    "salesGrowthYoY" : 193.07,
    "grossProfitMargin" : 62.84,
    "grossProfit" : 7.44,
    "operatingProfitMargin" : -26.86,
    "operatingProfit" : -3.18,
    "netProfitMargin" : -23.31,
    "netProfit" : -2.76
  }, {
    "date" : "2018-12-31",
    "sales" : 43.17,
    "salesGrowthYoY" : 96.05,
    "grossProfitMargin" : 24.16,
    "grossProfit" : 10.43,
    "operatingProfitMargin" : 3.47,
    "operatingProfit" : 1.50,
    "netProfitMargin" : 82.46,
    "netProfit" : 35.60
  }, {
    "date" : "2019-03-31",
    "sales" : 11.52,
    "salesGrowthYoY" : -65.13,
    "grossProfitMargin" : 85.24,
    "grossProfit" : 9.82,
    "operatingProfitMargin" : 1.56,
    "operatingProfit" : 0.18,
    "netProfitMargin" : 1.65,
    "netProfit" : 0.19
  }, {
    "date" : "2019-06-30",
    "sales" : 7.15,
    "salesGrowthYoY" : -58.67,
    "grossProfitMargin" : 100.00,
    "grossProfit" : 7.15,
    "operatingProfitMargin" : -6.57,
    "operatingProfit" : -0.47,
    "netProfitMargin" : 38.74,
    "netProfit" : 2.77
  }, {
    "date" : "2019-09-30",
    "sales" : 15.38,
    "salesGrowthYoY" : 29.90,
    "grossProfitMargin" : 52.73,
    "grossProfit" : 8.11,
    "operatingProfitMargin" : -8.45,
    "operatingProfit" : -1.30,
    "netProfitMargin" : -5.66,
    "netProfit" : -0.87
  }, {
    "date" : "2019-12-31",
    "sales" : 29.75,
    "salesGrowthYoY" : -31.09,
    "grossProfitMargin" : 28.74,
    "grossProfit" : 8.55,
    "operatingProfitMargin" : -4.91,
    "operatingProfit" : -1.46,
    "netProfitMargin" : 112.10,
    "netProfit" : 33.35
  }, {
    "date" : "2020-03-31",
    "sales" : 15.96,
    "salesGrowthYoY" : 38.54,
    "grossProfitMargin" : 61.59,
    "grossProfit" : 9.83,
    "operatingProfitMargin" : -15.73,
    "operatingProfit" : -2.51,
    "netProfitMargin" : -10.53,
    "netProfit" : -1.68
  }, {
    "date" : "2020-06-30",
    "sales" : 9.45,
    "salesGrowthYoY" : 32.17,
    "grossProfitMargin" : 84.55,
    "grossProfit" : 7.99,
    "operatingProfitMargin" : -3.17,
    "operatingProfit" : -0.30,
    "netProfitMargin" : -3.92,
    "netProfit" : -0.37
  }, {
    "date" : "2020-09-30",
    "sales" : 7.55,
    "salesGrowthYoY" : -50.91,
    "grossProfitMargin" : 75.10,
    "grossProfit" : 5.67,
    "operatingProfitMargin" : 4.64,
    "operatingProfit" : 0.35,
    "netProfitMargin" : 3.44,
    "netProfit" : 0.26
  }, {
    "date" : "2020-12-31",
    "sales" : 14.67,
    "salesGrowthYoY" : -50.69,
    "grossProfitMargin" : 61.69,
    "grossProfit" : 9.05,
    "operatingProfitMargin" : -0.68,
    "operatingProfit" : -0.10,
    "netProfitMargin" : 198.30,
    "netProfit" : 29.09
  }, {
    "date" : "2021-03-31",
    "sales" : 12.32,
    "salesGrowthYoY" : -22.81,
    "grossProfitMargin" : 80.36,
    "grossProfit" : 9.90,
    "operatingProfitMargin" : -1.79,
    "operatingProfit" : -0.22,
    "netProfitMargin" : -1.79,
    "netProfit" : -0.22
  }, {
    "date" : "2021-06-30",
    "sales" : 9.26,
    "salesGrowthYoY" : -2.01,
    "grossProfitMargin" : 82.61,
    "grossProfit" : 7.65,
    "operatingProfitMargin" : -11.45,
    "operatingProfit" : -1.06,
    "netProfitMargin" : -11.34,
    "netProfit" : -1.05
  }, {
    "date" : "2021-09-30",
    "sales" : 8.65,
    "salesGrowthYoY" : 14.57,
    "grossProfitMargin" : 79.31,
    "grossProfit" : 6.86,
    "operatingProfitMargin" : -1.73,
    "operatingProfit" : -0.15,
    "netProfitMargin" : 1.85,
    "netProfit" : 0.16
  }, {
    "date" : "2021-12-31",
    "sales" : 23.31,
    "salesGrowthYoY" : 58.90,
    "grossProfitMargin" : 42.04,
    "grossProfit" : 9.80,
    "operatingProfitMargin" : -3.86,
    "operatingProfit" : -0.90,
    "netProfitMargin" : 138.48,
    "netProfit" : 32.28
  }, {
    "date" : "2022-03-31",
    "sales" : 12.89,
    "salesGrowthYoY" : 4.63,
    "grossProfitMargin" : 84.64,
    "grossProfit" : 10.91,
    "operatingProfitMargin" : -11.17,
    "operatingProfit" : -1.44,
    "netProfitMargin" : -12.10,
    "netProfit" : -1.56
  }, {
    "date" : "2022-06-30",
    "sales" : 11.62,
    "salesGrowthYoY" : 25.49,
    "grossProfitMargin" : 89.16,
    "grossProfit" : 10.36,
    "operatingProfitMargin" : -26.42,
    "operatingProfit" : -3.07,
    "netProfitMargin" : -27.54,
    "netProfit" : -3.20
  }, {
    "date" : "2022-09-30",
    "sales" : 10.49,
    "salesGrowthYoY" : 21.27,
    "grossProfitMargin" : 87.99,
    "grossProfit" : 9.23,
    "operatingProfitMargin" : -32.79,
    "operatingProfit" : -3.44,
    "netProfitMargin" : 309.25,
    "netProfit" : 32.44
  }, {
    "date" : "2022-12-31",
    "sales" : 19.08,
    "salesGrowthYoY" : -18.15,
    "grossProfitMargin" : 91.51,
    "grossProfit" : 17.46,
    "operatingProfitMargin" : -6.71,
    "operatingProfit" : -1.28,
    "netProfitMargin" : 0.31,
    "netProfit" : 0.06
  }, {
    "date" : "2023-03-31",
    "sales" : 15.36,
    "salesGrowthYoY" : 19.16,
    "grossProfitMargin" : 89.84,
    "grossProfit" : 13.80,
    "operatingProfitMargin" : 4.75,
    "operatingProfit" : 0.73,
    "netProfitMargin" : -6.45,
    "netProfit" : -0.99
  }, {
    "date" : "2023-06-30",
    "sales" : 26.49,
    "salesGrowthYoY" : 127.97,
    "grossProfitMargin" : 45.41,
    "grossProfit" : 12.03,
    "operatingProfitMargin" : -2.60,
    "operatingProfit" : -0.69,
    "netProfitMargin" : 132.96,
    "netProfit" : 35.22
  }, {
    "date" : "2023-09-30",
    "sales" : 47.52,
    "salesGrowthYoY" : 353.00,
    "grossProfitMargin" : 27.29,
    "grossProfit" : 12.97,
    "operatingProfitMargin" : -2.44,
    "operatingProfit" : -1.16,
    "netProfitMargin" : 49.20,
    "netProfit" : 23.38
  }, {
    "date" : "2023-12-31",
    "sales" : 34.78,
    "salesGrowthYoY" : 82.29,
    "grossProfitMargin" : 64.55,
    "grossProfit" : 22.45,
    "operatingProfitMargin" : -5.18,
    "operatingProfit" : -1.80,
    "netProfitMargin" : -13.08,
    "netProfit" : -4.55
  }, {
    "date" : "2024-03-31",
    "sales" : 27.06,
    "salesGrowthYoY" : 76.17,
    "grossProfitMargin" : 65.56,
    "grossProfit" : 17.74,
    "operatingProfitMargin" : -2.96,
    "operatingProfit" : -0.80,
    "netProfitMargin" : -12.56,
    "netProfit" : -3.40
  }, {
    "date" : "2024-06-30",
    "sales" : 30.42,
    "salesGrowthYoY" : 14.84,
    "grossProfitMargin" : 53.55,
    "grossProfit" : 16.29,
    "operatingProfitMargin" : 1.31,
    "operatingProfit" : 0.40,
    "netProfitMargin" : -10.95,
    "netProfit" : -3.33
  }, {
    "date" : "2024-09-30",
    "sales" : 42.67,
    "salesGrowthYoY" : -10.21,
    "grossProfitMargin" : 33.93,
    "grossProfit" : 14.48,
    "operatingProfitMargin" : 0.21,
    "operatingProfit" : 0.09,
    "netProfitMargin" : 69.23,
    "netProfit" : 29.54
  }, {
    "date" : "2024-12-31",
    "sales" : 41.31,
    "salesGrowthYoY" : 18.78,
    "grossProfitMargin" : 54.61,
    "grossProfit" : 22.56,
    "operatingProfitMargin" : -0.58,
    "operatingProfit" : -0.24,
    "netProfitMargin" : 39.05,
    "netProfit" : 16.13
  }, {
    "date" : "2025-03-31",
    "sales" : 36.99,
    "salesGrowthYoY" : 36.70,
    "grossProfitMargin" : 55.88,
    "grossProfit" : 20.67,
    "operatingProfitMargin" : 0.32,
    "operatingProfit" : 0.12,
    "netProfitMargin" : -7.19,
    "netProfit" : -2.66
  }, {
    "date" : "2025-06-30",
    "sales" : 24.31,
    "salesGrowthYoY" : -20.09,
    "grossProfitMargin" : 79.19,
    "grossProfit" : 19.25,
    "operatingProfitMargin" : 14.64,
    "operatingProfit" : 3.56,
    "netProfitMargin" : 0.86,
    "netProfit" : 0.21
  }, {
    "date" : "2025-09-30",
    "sales" : 24.56,
    "salesGrowthYoY" : -42.44,
    "grossProfitMargin" : 75.16,
    "grossProfit" : 18.46,
    "operatingProfitMargin" : 18.57,
    "operatingProfit" : 4.56,
    "netProfitMargin" : 45.89,
    "netProfit" : 11.27
  } ],
  "latestQuarterlyResult" : {
    "date" : "2025-09-30",
    "sales" : 24.56,
    "salesGrowthYoY" : -42.44,
    "grossProfitMargin" : 75.16,
    "grossProfit" : 18.46,
    "operatingProfitMargin" : 18.57,
    "operatingProfit" : 4.56,
    "netProfitMargin" : 45.89,
    "netProfit" : 11.27
  },
  "companyScore" : {
    "priceHigherThanDma50" : 0.00,
    "priceHigherThanDma100" : 0.00,
    "priceHigherThanDma200" : 0.00,
    "dma50HigherThanDma100" : 0.00,
    "dma50HigherThanDma200" : 0.00,
    "dma100HigherThanDma200" : 0.00,
    "pricePercentageAboveDma50" : 5.71,
    "pricePercentageAboveDma100" : 6.13,
    "pricePercentageAboveDma200" : 6.20,
    "weeklyVolumeHigherThanYearlyVolume" : 0.00,
    "salesGrowthPercentile" : 4.81,
    "operatingProfitMarginPercentile" : 19.88,
    "netProfitMarginPercentile" : 8.19,
    "totalTechnicalScore" : 18.03,
    "totalFundamentalScore" : 32.88,
    "totalScore" : 50.91
  }
}