{
  "metadata" : {
    "screenerCompanyId" : "2632",
    "companyCode" : "RAJRILTD",
    "companyName" : "Raj Rayon Inds.",
    "screenerCompanyLink" : "https://www.screener.in/company/RAJRILTD/",
    "screenerTechnicalHistoryLink" : "https://www.screener.in/api/company/2632/chart/?q=Price-DMA50-DMA200-Volume&days=365",
    "screenerQuarterlyResultsLink" : "https://www.screener.in/api/company/2632/chart/?q=GPM-OPM-NPM-Quarter+Sales&days=10000",
    "attributes" : {
      "companyCode" : "RAJRILTD",
      "companyName" : "Raj Rayon Inds.",
      "marketCap" : 1279.00,
      "peRatio" : 35.80,
      "description" : "Incorporated in 1993, Raj Rayon Ltd manufactures and trades polyester chips, polyester yarn and processed yarn[1]"
    },
    "companyScore" : {
      "priceHigherThanDma50" : 0.00,
      "priceHigherThanDma100" : 0.00,
      "priceHigherThanDma200" : 0.00,
      "dma50HigherThanDma100" : 0.00,
      "dma50HigherThanDma200" : 0.00,
      "dma100HigherThanDma200" : 5.00,
      "pricePercentageAboveDma50" : 5.04,
      "pricePercentageAboveDma100" : 5.34,
      "pricePercentageAboveDma200" : 5.28,
      "weeklyVolumeHigherThanYearlyVolume" : 0.00,
      "salesGrowthPercentile" : 16.46,
      "operatingProfitMarginPercentile" : 19.88,
      "netProfitMarginPercentile" : 10.00,
      "totalTechnicalScore" : 20.66,
      "totalFundamentalScore" : 46.33,
      "totalScore" : 66.99
    }
  },
  "attributes" : {
    "companyCode" : "RAJRILTD",
    "companyName" : "Raj Rayon Inds.",
    "marketCap" : 1279.00,
    "peRatio" : 35.80,
    "description" : "Incorporated in 1993, Raj Rayon Ltd manufactures and trades polyester chips, polyester yarn and processed yarn[1]"
  },
  "technicalHistory" : [ {
    "date" : "2024-12-27",
    "price" : 23.28,
    "dma50" : 23.36,
    "dma100" : null,
    "dma200" : 24.36,
    "volume" : 14120.00
  }, {
    "date" : "2024-12-30",
    "price" : 23.28,
    "dma50" : 23.36,
    "dma100" : null,
    "dma200" : 24.35,
    "volume" : 16268.00
  }, {
    "date" : "2024-12-31",
    "price" : 23.35,
    "dma50" : 23.36,
    "dma100" : null,
    "dma200" : 24.34,
    "volume" : 19619.00
  }, {
    "date" : "2025-01-01",
    "price" : 23.57,
    "dma50" : 23.36,
    "dma100" : null,
    "dma200" : 24.33,
    "volume" : 27583.00
  }, {
    "date" : "2025-01-02",
    "price" : 23.96,
    "dma50" : 23.39,
    "dma100" : null,
    "dma200" : 24.33,
    "volume" : 68059.00
  }, {
    "date" : "2025-01-03",
    "price" : 23.48,
    "dma50" : 23.39,
    "dma100" : null,
    "dma200" : 24.32,
    "volume" : 53048.00
  }, {
    "date" : "2025-01-06",
    "price" : 23.01,
    "dma50" : 23.38,
    "dma100" : null,
    "dma200" : 24.31,
    "volume" : 19054.00
  }, {
    "date" : "2025-01-07",
    "price" : 22.54,
    "dma50" : 23.34,
    "dma100" : null,
    "dma200" : 24.29,
    "volume" : 13808.00
  }, {
    "date" : "2025-01-08",
    "price" : 22.08,
    "dma50" : 23.29,
    "dma100" : null,
    "dma200" : 24.27,
    "volume" : 28745.00
  }, {
    "date" : "2025-01-09",
    "price" : 21.63,
    "dma50" : 23.23,
    "dma100" : null,
    "dma200" : 24.24,
    "volume" : 37835.00
  }, {
    "date" : "2025-01-10",
    "price" : 21.47,
    "dma50" : 23.16,
    "dma100" : null,
    "dma200" : 24.21,
    "volume" : 8764.00
  }, {
    "date" : "2025-01-13",
    "price" : 21.04,
    "dma50" : 23.08,
    "dma100" : null,
    "dma200" : 24.18,
    "volume" : 13208.00
  }, {
    "date" : "2025-01-14",
    "price" : 20.61,
    "dma50" : 22.98,
    "dma100" : null,
    "dma200" : 24.15,
    "volume" : 21920.00
  }, {
    "date" : "2025-01-15",
    "price" : 20.51,
    "dma50" : 22.88,
    "dma100" : null,
    "dma200" : 24.11,
    "volume" : 36097.00
  }, {
    "date" : "2025-01-16",
    "price" : 20.90,
    "dma50" : 22.81,
    "dma100" : null,
    "dma200" : 24.08,
    "volume" : 20335.00
  }, {
    "date" : "2025-01-17",
    "price" : 20.48,
    "dma50" : 22.71,
    "dma100" : null,
    "dma200" : 24.04,
    "volume" : 27199.00
  }, {
    "date" : "2025-01-20",
    "price" : 20.82,
    "dma50" : 22.64,
    "dma100" : null,
    "dma200" : 24.01,
    "volume" : 16459.00
  }, {
    "date" : "2025-01-21",
    "price" : 20.74,
    "dma50" : 22.57,
    "dma100" : null,
    "dma200" : 23.98,
    "volume" : 15822.00
  }, {
    "date" : "2025-01-22",
    "price" : 20.32,
    "dma50" : 22.48,
    "dma100" : null,
    "dma200" : 23.94,
    "volume" : 6759.00
  }, {
    "date" : "2025-01-23",
    "price" : 19.91,
    "dma50" : 22.38,
    "dma100" : null,
    "dma200" : 23.90,
    "volume" : 28277.00
  }, {
    "date" : "2025-01-24",
    "price" : 19.51,
    "dma50" : 22.26,
    "dma100" : null,
    "dma200" : 23.86,
    "volume" : 12955.00
  }, {
    "date" : "2025-01-27",
    "price" : 19.11,
    "dma50" : 22.14,
    "dma100" : null,
    "dma200" : 23.81,
    "volume" : 8473.00
  }, {
    "date" : "2025-01-28",
    "price" : 18.72,
    "dma50" : 22.01,
    "dma100" : null,
    "dma200" : 23.76,
    "volume" : 11370.00
  }, {
    "date" : "2025-01-29",
    "price" : 18.34,
    "dma50" : 21.86,
    "dma100" : null,
    "dma200" : 23.71,
    "volume" : 18485.00
  }, {
    "date" : "2025-01-30",
    "price" : 18.70,
    "dma50" : 21.74,
    "dma100" : null,
    "dma200" : 23.66,
    "volume" : 22696.00
  }, {
    "date" : "2025-01-31",
    "price" : 19.07,
    "dma50" : 21.63,
    "dma100" : null,
    "dma200" : 23.61,
    "volume" : 6470.00
  }, {
    "date" : "2025-02-01",
    "price" : 19.45,
    "dma50" : 21.55,
    "dma100" : null,
    "dma200" : 23.57,
    "volume" : 8450.00
  }, {
    "date" : "2025-02-03",
    "price" : 19.64,
    "dma50" : 21.47,
    "dma100" : null,
    "dma200" : 23.53,
    "volume" : 69031.00
  }, {
    "date" : "2025-02-04",
    "price" : 20.03,
    "dma50" : 21.42,
    "dma100" : null,
    "dma200" : 23.50,
    "volume" : 21632.00
  }, {
    "date" : "2025-02-05",
    "price" : 20.43,
    "dma50" : 21.38,
    "dma100" : null,
    "dma200" : 23.46,
    "volume" : 12856.00
  }, {
    "date" : "2025-02-06",
    "price" : 20.83,
    "dma50" : 21.36,
    "dma100" : null,
    "dma200" : 23.44,
    "volume" : 9464.00
  }, {
    "date" : "2025-02-07",
    "price" : 21.24,
    "dma50" : 21.35,
    "dma100" : null,
    "dma200" : 23.42,
    "volume" : 18876.00
  }, {
    "date" : "2025-02-10",
    "price" : 21.66,
    "dma50" : 21.36,
    "dma100" : null,
    "dma200" : 23.40,
    "volume" : 40174.00
  }, {
    "date" : "2025-02-11",
    "price" : 22.09,
    "dma50" : 21.39,
    "dma100" : null,
    "dma200" : 23.39,
    "volume" : 30031.00
  }, {
    "date" : "2025-02-12",
    "price" : 22.53,
    "dma50" : 21.44,
    "dma100" : null,
    "dma200" : 23.38,
    "volume" : 22678.00
  }, {
    "date" : "2025-02-13",
    "price" : 22.98,
    "dma50" : 21.50,
    "dma100" : null,
    "dma200" : 23.37,
    "volume" : 6639.00
  }, {
    "date" : "2025-02-14",
    "price" : 23.37,
    "dma50" : 21.57,
    "dma100" : null,
    "dma200" : 23.37,
    "volume" : 236908.00
  }, {
    "date" : "2025-02-17",
    "price" : 23.83,
    "dma50" : 21.66,
    "dma100" : null,
    "dma200" : 23.38,
    "volume" : 91919.00
  }, {
    "date" : "2025-02-18",
    "price" : 24.30,
    "dma50" : 21.76,
    "dma100" : null,
    "dma200" : 23.39,
    "volume" : 59878.00
  }, {
    "date" : "2025-02-19",
    "price" : 24.78,
    "dma50" : 21.88,
    "dma100" : null,
    "dma200" : 23.40,
    "volume" : 24826.00
  }, {
    "date" : "2025-02-20",
    "price" : 25.27,
    "dma50" : 22.01,
    "dma100" : null,
    "dma200" : 23.42,
    "volume" : 9432.00
  }, {
    "date" : "2025-02-21",
    "price" : 25.77,
    "dma50" : 22.16,
    "dma100" : null,
    "dma200" : 23.44,
    "volume" : 82506.00
  }, {
    "date" : "2025-02-24",
    "price" : 25.25,
    "dma50" : 22.28,
    "dma100" : null,
    "dma200" : 23.46,
    "volume" : 82550.00
  }, {
    "date" : "2025-02-25",
    "price" : 24.74,
    "dma50" : 22.38,
    "dma100" : null,
    "dma200" : 23.47,
    "volume" : 9380.00
  }, {
    "date" : "2025-02-27",
    "price" : 24.24,
    "dma50" : 22.45,
    "dma100" : null,
    "dma200" : 23.48,
    "volume" : 5588.00
  }, {
    "date" : "2025-02-28",
    "price" : 23.75,
    "dma50" : 22.50,
    "dma100" : null,
    "dma200" : 23.48,
    "volume" : 13307.00
  }, {
    "date" : "2025-03-03",
    "price" : 23.27,
    "dma50" : 22.53,
    "dma100" : null,
    "dma200" : 23.48,
    "volume" : 4548.00
  }, {
    "date" : "2025-03-04",
    "price" : 22.80,
    "dma50" : 22.54,
    "dma100" : null,
    "dma200" : 23.48,
    "volume" : 9179.00
  }, {
    "date" : "2025-03-05",
    "price" : 22.34,
    "dma50" : 22.54,
    "dma100" : null,
    "dma200" : 23.46,
    "volume" : 5899.00
  }, {
    "date" : "2025-03-06",
    "price" : 21.89,
    "dma50" : 22.51,
    "dma100" : null,
    "dma200" : 23.45,
    "volume" : 21128.00
  }, {
    "date" : "2025-03-07",
    "price" : 21.45,
    "dma50" : 22.47,
    "dma100" : null,
    "dma200" : 23.43,
    "volume" : 21107.00
  }, {
    "date" : "2025-03-10",
    "price" : 21.02,
    "dma50" : 22.41,
    "dma100" : null,
    "dma200" : 23.40,
    "volume" : 17393.00
  }, {
    "date" : "2025-03-11",
    "price" : 21.44,
    "dma50" : 22.37,
    "dma100" : null,
    "dma200" : 23.38,
    "volume" : 99264.00
  }, {
    "date" : "2025-03-12",
    "price" : 21.19,
    "dma50" : 22.33,
    "dma100" : null,
    "dma200" : 23.36,
    "volume" : 95880.00
  }, {
    "date" : "2025-03-13",
    "price" : 21.61,
    "dma50" : 22.30,
    "dma100" : null,
    "dma200" : 23.35,
    "volume" : 20848.00
  }, {
    "date" : "2025-03-17",
    "price" : 21.95,
    "dma50" : 22.29,
    "dma100" : null,
    "dma200" : 23.33,
    "volume" : 18225.00
  }, {
    "date" : "2025-03-18",
    "price" : 21.71,
    "dma50" : 22.26,
    "dma100" : null,
    "dma200" : 23.32,
    "volume" : 47090.00
  }, {
    "date" : "2025-03-19",
    "price" : 21.32,
    "dma50" : 22.23,
    "dma100" : null,
    "dma200" : 23.30,
    "volume" : 45213.00
  }, {
    "date" : "2025-03-20",
    "price" : 20.96,
    "dma50" : 22.18,
    "dma100" : null,
    "dma200" : 23.27,
    "volume" : 35742.00
  }, {
    "date" : "2025-03-21",
    "price" : 20.89,
    "dma50" : 22.13,
    "dma100" : null,
    "dma200" : 23.25,
    "volume" : 42206.00
  }, {
    "date" : "2025-03-24",
    "price" : 20.47,
    "dma50" : 22.06,
    "dma100" : null,
    "dma200" : 23.22,
    "volume" : 25049.00
  }, {
    "date" : "2025-03-25",
    "price" : 20.07,
    "dma50" : 21.98,
    "dma100" : null,
    "dma200" : 23.19,
    "volume" : 18586.00
  }, {
    "date" : "2025-03-26",
    "price" : 19.76,
    "dma50" : 21.90,
    "dma100" : null,
    "dma200" : 23.16,
    "volume" : 27808.00
  }, {
    "date" : "2025-03-27",
    "price" : 19.96,
    "dma50" : 21.82,
    "dma100" : null,
    "dma200" : 23.12,
    "volume" : 35562.00
  }, {
    "date" : "2025-03-28",
    "price" : 20.25,
    "dma50" : 21.76,
    "dma100" : null,
    "dma200" : 23.10,
    "volume" : 36919.00
  }, {
    "date" : "2025-04-01",
    "price" : 20.65,
    "dma50" : 21.71,
    "dma100" : null,
    "dma200" : 23.07,
    "volume" : 12051.00
  }, {
    "date" : "2025-04-02",
    "price" : 21.06,
    "dma50" : 21.69,
    "dma100" : null,
    "dma200" : 23.05,
    "volume" : 9695.00
  }, {
    "date" : "2025-04-03",
    "price" : 21.48,
    "dma50" : 21.68,
    "dma100" : null,
    "dma200" : 23.04,
    "volume" : 10592.00
  }, {
    "date" : "2025-04-04",
    "price" : 21.90,
    "dma50" : 21.69,
    "dma100" : null,
    "dma200" : 23.02,
    "volume" : 33950.00
  }, {
    "date" : "2025-04-07",
    "price" : 22.33,
    "dma50" : 21.71,
    "dma100" : null,
    "dma200" : 23.02,
    "volume" : 59741.00
  }, {
    "date" : "2025-04-08",
    "price" : 22.63,
    "dma50" : 21.75,
    "dma100" : null,
    "dma200" : 23.01,
    "volume" : 15370.00
  }, {
    "date" : "2025-04-09",
    "price" : 22.97,
    "dma50" : 21.80,
    "dma100" : null,
    "dma200" : 23.01,
    "volume" : 7484.00
  }, {
    "date" : "2025-04-11",
    "price" : 23.42,
    "dma50" : 21.86,
    "dma100" : null,
    "dma200" : 23.02,
    "volume" : 39375.00
  }, {
    "date" : "2025-04-15",
    "price" : 23.45,
    "dma50" : 21.92,
    "dma100" : null,
    "dma200" : 23.02,
    "volume" : 22754.00
  }, {
    "date" : "2025-04-16",
    "price" : 23.91,
    "dma50" : 22.00,
    "dma100" : null,
    "dma200" : 23.03,
    "volume" : 35951.00
  }, {
    "date" : "2025-04-17",
    "price" : 24.38,
    "dma50" : 22.10,
    "dma100" : null,
    "dma200" : 23.04,
    "volume" : 48353.00
  }, {
    "date" : "2025-04-21",
    "price" : 24.81,
    "dma50" : 22.20,
    "dma100" : null,
    "dma200" : 23.06,
    "volume" : 48425.00
  }, {
    "date" : "2025-04-22",
    "price" : 24.90,
    "dma50" : 22.31,
    "dma100" : null,
    "dma200" : 23.08,
    "volume" : 52863.00
  }, {
    "date" : "2025-04-23",
    "price" : 24.44,
    "dma50" : 22.39,
    "dma100" : null,
    "dma200" : 23.09,
    "volume" : 22068.00
  }, {
    "date" : "2025-04-24",
    "price" : 24.71,
    "dma50" : 22.48,
    "dma100" : null,
    "dma200" : 23.11,
    "volume" : 41282.00
  }, {
    "date" : "2025-04-25",
    "price" : 24.68,
    "dma50" : 22.57,
    "dma100" : null,
    "dma200" : 23.12,
    "volume" : 123209.00
  }, {
    "date" : "2025-04-28",
    "price" : 24.44,
    "dma50" : 22.64,
    "dma100" : null,
    "dma200" : 23.14,
    "volume" : 15763.00
  }, {
    "date" : "2025-04-29",
    "price" : 23.95,
    "dma50" : 22.69,
    "dma100" : null,
    "dma200" : 23.15,
    "volume" : 8516.00
  }, {
    "date" : "2025-04-30",
    "price" : 23.63,
    "dma50" : 22.73,
    "dma100" : null,
    "dma200" : 23.15,
    "volume" : 6160.00
  }, {
    "date" : "2025-05-02",
    "price" : 23.19,
    "dma50" : 22.75,
    "dma100" : null,
    "dma200" : 23.15,
    "volume" : 10828.00
  }, {
    "date" : "2025-05-05",
    "price" : 22.72,
    "dma50" : 22.75,
    "dma100" : null,
    "dma200" : 23.15,
    "volume" : 6864.00
  }, {
    "date" : "2025-05-06",
    "price" : 22.26,
    "dma50" : 22.73,
    "dma100" : null,
    "dma200" : 23.14,
    "volume" : 13492.00
  }, {
    "date" : "2025-05-07",
    "price" : 21.86,
    "dma50" : 22.69,
    "dma100" : null,
    "dma200" : 23.13,
    "volume" : 10038.00
  }, {
    "date" : "2025-05-08",
    "price" : 21.61,
    "dma50" : 22.65,
    "dma100" : null,
    "dma200" : 23.11,
    "volume" : 11286.00
  }, {
    "date" : "2025-05-09",
    "price" : 21.45,
    "dma50" : 22.60,
    "dma100" : null,
    "dma200" : 23.09,
    "volume" : 14403.00
  }, {
    "date" : "2025-05-12",
    "price" : 21.87,
    "dma50" : 22.58,
    "dma100" : null,
    "dma200" : 23.08,
    "volume" : 13422.00
  }, {
    "date" : "2025-05-13",
    "price" : 22.30,
    "dma50" : 22.56,
    "dma100" : null,
    "dma200" : 23.07,
    "volume" : 12844.00
  }, {
    "date" : "2025-05-14",
    "price" : 22.74,
    "dma50" : 22.57,
    "dma100" : null,
    "dma200" : 23.07,
    "volume" : 7665.00
  }, {
    "date" : "2025-05-15",
    "price" : 23.19,
    "dma50" : 22.60,
    "dma100" : null,
    "dma200" : 23.07,
    "volume" : 35384.00
  }, {
    "date" : "2025-05-16",
    "price" : 23.65,
    "dma50" : 22.64,
    "dma100" : null,
    "dma200" : 23.08,
    "volume" : 4959.00
  }, {
    "date" : "2025-05-19",
    "price" : 24.12,
    "dma50" : 22.70,
    "dma100" : null,
    "dma200" : 23.09,
    "volume" : 5816.00
  }, {
    "date" : "2025-05-20",
    "price" : 24.60,
    "dma50" : 22.77,
    "dma100" : null,
    "dma200" : 23.10,
    "volume" : 17510.00
  }, {
    "date" : "2025-05-21",
    "price" : 25.09,
    "dma50" : 22.86,
    "dma100" : null,
    "dma200" : 23.12,
    "volume" : 17710.00
  }, {
    "date" : "2025-05-22",
    "price" : 25.59,
    "dma50" : 22.97,
    "dma100" : null,
    "dma200" : 23.15,
    "volume" : 48599.00
  }, {
    "date" : "2025-05-23",
    "price" : 26.10,
    "dma50" : 23.09,
    "dma100" : null,
    "dma200" : 23.18,
    "volume" : 147272.00
  }, {
    "date" : "2025-05-26",
    "price" : 26.62,
    "dma50" : 23.23,
    "dma100" : 22.30,
    "dma200" : 23.21,
    "volume" : 27644.00
  }, {
    "date" : "2025-05-27",
    "price" : 27.15,
    "dma50" : 23.38,
    "dma100" : 22.34,
    "dma200" : 23.25,
    "volume" : 87829.00
  }, {
    "date" : "2025-05-28",
    "price" : 26.66,
    "dma50" : 23.51,
    "dma100" : 22.38,
    "dma200" : 23.28,
    "volume" : 37713.00
  }, {
    "date" : "2025-05-29",
    "price" : 26.34,
    "dma50" : 23.62,
    "dma100" : 22.40,
    "dma200" : 23.31,
    "volume" : 40608.00
  }, {
    "date" : "2025-05-30",
    "price" : 26.74,
    "dma50" : 23.74,
    "dma100" : 22.43,
    "dma200" : 23.35,
    "volume" : 29694.00
  }, {
    "date" : "2025-06-02",
    "price" : 27.26,
    "dma50" : 23.88,
    "dma100" : 22.47,
    "dma200" : 23.39,
    "volume" : 39814.00
  }, {
    "date" : "2025-06-03",
    "price" : 27.73,
    "dma50" : 24.03,
    "dma100" : 22.52,
    "dma200" : 23.43,
    "volume" : 44449.00
  }, {
    "date" : "2025-06-04",
    "price" : 28.28,
    "dma50" : 24.20,
    "dma100" : 22.57,
    "dma200" : 23.48,
    "volume" : 42638.00
  }, {
    "date" : "2025-06-05",
    "price" : 28.84,
    "dma50" : 24.38,
    "dma100" : 22.64,
    "dma200" : 23.53,
    "volume" : 13194.00
  }, {
    "date" : "2025-06-06",
    "price" : 29.41,
    "dma50" : 24.58,
    "dma100" : 22.72,
    "dma200" : 23.59,
    "volume" : 16927.00
  }, {
    "date" : "2025-06-09",
    "price" : 29.79,
    "dma50" : 24.78,
    "dma100" : 22.80,
    "dma200" : 23.65,
    "volume" : 148932.00
  }, {
    "date" : "2025-06-10",
    "price" : 30.38,
    "dma50" : 25.00,
    "dma100" : 22.90,
    "dma200" : 23.72,
    "volume" : 87912.00
  }, {
    "date" : "2025-06-11",
    "price" : 30.98,
    "dma50" : 25.24,
    "dma100" : 23.00,
    "dma200" : 23.79,
    "volume" : 132749.00
  }, {
    "date" : "2025-06-12",
    "price" : 31.40,
    "dma50" : 25.48,
    "dma100" : 23.11,
    "dma200" : 23.87,
    "volume" : 170770.00
  }, {
    "date" : "2025-06-13",
    "price" : 30.77,
    "dma50" : 25.69,
    "dma100" : 23.21,
    "dma200" : 23.94,
    "volume" : 57565.00
  }, {
    "date" : "2025-06-16",
    "price" : 30.15,
    "dma50" : 25.86,
    "dma100" : 23.30,
    "dma200" : 24.00,
    "volume" : 8896.00
  }, {
    "date" : "2025-06-17",
    "price" : 29.54,
    "dma50" : 26.01,
    "dma100" : 23.39,
    "dma200" : 24.05,
    "volume" : 11956.00
  }, {
    "date" : "2025-06-18",
    "price" : 28.94,
    "dma50" : 26.12,
    "dma100" : 23.47,
    "dma200" : 24.10,
    "volume" : 1697.00
  }, {
    "date" : "2025-06-19",
    "price" : 28.36,
    "dma50" : 26.21,
    "dma100" : 23.55,
    "dma200" : 24.14,
    "volume" : 24717.00
  }, {
    "date" : "2025-06-20",
    "price" : 27.79,
    "dma50" : 26.27,
    "dma100" : 23.63,
    "dma200" : 24.18,
    "volume" : 2911.00
  }, {
    "date" : "2025-06-23",
    "price" : 27.23,
    "dma50" : 26.31,
    "dma100" : 23.71,
    "dma200" : 24.21,
    "volume" : 4356.00
  }, {
    "date" : "2025-06-24",
    "price" : 26.68,
    "dma50" : 26.32,
    "dma100" : 23.78,
    "dma200" : 24.23,
    "volume" : 36815.00
  }, {
    "date" : "2025-06-25",
    "price" : 27.21,
    "dma50" : 26.36,
    "dma100" : 23.87,
    "dma200" : 24.26,
    "volume" : 81746.00
  }, {
    "date" : "2025-06-26",
    "price" : 27.75,
    "dma50" : 26.41,
    "dma100" : 23.96,
    "dma200" : 24.30,
    "volume" : 48892.00
  }, {
    "date" : "2025-06-27",
    "price" : 28.02,
    "dma50" : 26.48,
    "dma100" : 24.06,
    "dma200" : 24.34,
    "volume" : 38206.00
  }, {
    "date" : "2025-06-30",
    "price" : 28.57,
    "dma50" : 26.56,
    "dma100" : 24.15,
    "dma200" : 24.38,
    "volume" : 33421.00
  }, {
    "date" : "2025-07-01",
    "price" : 28.43,
    "dma50" : 26.63,
    "dma100" : 24.24,
    "dma200" : 24.42,
    "volume" : 27663.00
  }, {
    "date" : "2025-07-02",
    "price" : 28.84,
    "dma50" : 26.72,
    "dma100" : 24.33,
    "dma200" : 24.46,
    "volume" : 19507.00
  }, {
    "date" : "2025-07-03",
    "price" : 29.24,
    "dma50" : 26.82,
    "dma100" : 24.43,
    "dma200" : 24.51,
    "volume" : 49718.00
  }, {
    "date" : "2025-07-04",
    "price" : 28.65,
    "dma50" : 26.89,
    "dma100" : 24.51,
    "dma200" : 24.55,
    "volume" : 23110.00
  }, {
    "date" : "2025-07-07",
    "price" : 28.19,
    "dma50" : 26.94,
    "dma100" : 24.58,
    "dma200" : 24.59,
    "volume" : 17691.00
  }, {
    "date" : "2025-07-08",
    "price" : 27.75,
    "dma50" : 26.97,
    "dma100" : 24.65,
    "dma200" : 24.62,
    "volume" : 27140.00
  }, {
    "date" : "2025-07-09",
    "price" : 27.20,
    "dma50" : 26.98,
    "dma100" : 24.70,
    "dma200" : 24.64,
    "volume" : 21753.00
  }, {
    "date" : "2025-07-10",
    "price" : 27.23,
    "dma50" : 26.99,
    "dma100" : 24.75,
    "dma200" : 24.67,
    "volume" : 24264.00
  }, {
    "date" : "2025-07-11",
    "price" : 26.74,
    "dma50" : 26.98,
    "dma100" : 24.80,
    "dma200" : 24.69,
    "volume" : 14265.00
  }, {
    "date" : "2025-07-14",
    "price" : 27.26,
    "dma50" : 26.99,
    "dma100" : 24.84,
    "dma200" : 24.72,
    "volume" : 27218.00
  }, {
    "date" : "2025-07-15",
    "price" : 26.77,
    "dma50" : 26.98,
    "dma100" : 24.87,
    "dma200" : 24.74,
    "volume" : 31084.00
  }, {
    "date" : "2025-07-16",
    "price" : 26.64,
    "dma50" : 26.97,
    "dma100" : 24.90,
    "dma200" : 24.76,
    "volume" : 25073.00
  }, {
    "date" : "2025-07-17",
    "price" : 26.50,
    "dma50" : 26.95,
    "dma100" : 24.92,
    "dma200" : 24.77,
    "volume" : 33972.00
  }, {
    "date" : "2025-07-18",
    "price" : 26.20,
    "dma50" : 26.92,
    "dma100" : 24.94,
    "dma200" : 24.79,
    "volume" : 28043.00
  }, {
    "date" : "2025-07-21",
    "price" : 26.61,
    "dma50" : 26.91,
    "dma100" : 24.95,
    "dma200" : 24.81,
    "volume" : 39284.00
  }, {
    "date" : "2025-07-22",
    "price" : 27.14,
    "dma50" : 26.92,
    "dma100" : 24.96,
    "dma200" : 24.83,
    "volume" : 19624.00
  }, {
    "date" : "2025-07-23",
    "price" : 27.68,
    "dma50" : 26.95,
    "dma100" : 24.99,
    "dma200" : 24.86,
    "volume" : 42859.00
  }, {
    "date" : "2025-07-24",
    "price" : 28.23,
    "dma50" : 27.00,
    "dma100" : 25.02,
    "dma200" : 24.89,
    "volume" : 100347.00
  }, {
    "date" : "2025-07-25",
    "price" : 27.98,
    "dma50" : 27.04,
    "dma100" : 25.06,
    "dma200" : 24.92,
    "volume" : 34836.00
  }, {
    "date" : "2025-07-28",
    "price" : 27.50,
    "dma50" : 27.05,
    "dma100" : 25.10,
    "dma200" : 24.95,
    "volume" : 20388.00
  }, {
    "date" : "2025-07-29",
    "price" : 28.04,
    "dma50" : 27.09,
    "dma100" : 25.15,
    "dma200" : 24.98,
    "volume" : 17823.00
  }, {
    "date" : "2025-07-30",
    "price" : 27.50,
    "dma50" : 27.11,
    "dma100" : 25.19,
    "dma200" : 25.00,
    "volume" : 10384.00
  }, {
    "date" : "2025-07-31",
    "price" : 26.95,
    "dma50" : 27.10,
    "dma100" : 25.24,
    "dma200" : 25.02,
    "volume" : 6492.00
  }, {
    "date" : "2025-08-01",
    "price" : 26.41,
    "dma50" : 27.08,
    "dma100" : 25.28,
    "dma200" : 25.04,
    "volume" : 7019.00
  }, {
    "date" : "2025-08-04",
    "price" : 26.16,
    "dma50" : 27.04,
    "dma100" : 25.33,
    "dma200" : 25.05,
    "volume" : 12107.00
  }, {
    "date" : "2025-08-05",
    "price" : 26.68,
    "dma50" : 27.03,
    "dma100" : 25.39,
    "dma200" : 25.06,
    "volume" : 16267.00
  }, {
    "date" : "2025-08-06",
    "price" : 27.21,
    "dma50" : 27.03,
    "dma100" : 25.45,
    "dma200" : 25.09,
    "volume" : 19842.00
  }, {
    "date" : "2025-08-07",
    "price" : 27.40,
    "dma50" : 27.05,
    "dma100" : 25.51,
    "dma200" : 25.11,
    "volume" : 27585.00
  }, {
    "date" : "2025-08-08",
    "price" : 27.17,
    "dma50" : 27.05,
    "dma100" : 25.56,
    "dma200" : 25.13,
    "volume" : 12099.00
  }, {
    "date" : "2025-08-11",
    "price" : 26.62,
    "dma50" : 27.04,
    "dma100" : 25.61,
    "dma200" : 25.14,
    "volume" : 11789.00
  }, {
    "date" : "2025-08-12",
    "price" : 26.96,
    "dma50" : 27.03,
    "dma100" : 25.66,
    "dma200" : 25.16,
    "volume" : 22025.00
  }, {
    "date" : "2025-08-13",
    "price" : 27.09,
    "dma50" : 27.03,
    "dma100" : 25.72,
    "dma200" : 25.18,
    "volume" : 18079.00
  }, {
    "date" : "2025-08-14",
    "price" : 26.54,
    "dma50" : 27.02,
    "dma100" : 25.78,
    "dma200" : 25.19,
    "volume" : 14437.00
  }, {
    "date" : "2025-08-18",
    "price" : 26.24,
    "dma50" : 26.98,
    "dma100" : 25.83,
    "dma200" : 25.20,
    "volume" : 19082.00
  }, {
    "date" : "2025-08-19",
    "price" : 26.05,
    "dma50" : 26.95,
    "dma100" : 25.89,
    "dma200" : 25.21,
    "volume" : 24976.00
  }, {
    "date" : "2025-08-20",
    "price" : 25.84,
    "dma50" : 26.90,
    "dma100" : 25.94,
    "dma200" : 25.22,
    "volume" : 15796.00
  }, {
    "date" : "2025-08-21",
    "price" : 25.49,
    "dma50" : 26.85,
    "dma100" : 26.00,
    "dma200" : 25.22,
    "volume" : 10082.00
  }, {
    "date" : "2025-08-22",
    "price" : 25.07,
    "dma50" : 26.78,
    "dma100" : 26.05,
    "dma200" : 25.22,
    "volume" : 13457.00
  }, {
    "date" : "2025-08-25",
    "price" : 25.56,
    "dma50" : 26.73,
    "dma100" : 26.10,
    "dma200" : 25.22,
    "volume" : 12931.00
  }, {
    "date" : "2025-08-26",
    "price" : 25.94,
    "dma50" : 26.70,
    "dma100" : 26.16,
    "dma200" : 25.23,
    "volume" : 6900.00
  }, {
    "date" : "2025-08-28",
    "price" : 25.53,
    "dma50" : 26.65,
    "dma100" : 26.20,
    "dma200" : 25.23,
    "volume" : 14234.00
  }, {
    "date" : "2025-08-29",
    "price" : 25.98,
    "dma50" : 26.63,
    "dma100" : 26.25,
    "dma200" : 25.24,
    "volume" : 19891.00
  }, {
    "date" : "2025-09-01",
    "price" : 26.22,
    "dma50" : 26.61,
    "dma100" : 26.29,
    "dma200" : 25.25,
    "volume" : 17791.00
  }, {
    "date" : "2025-09-02",
    "price" : 26.05,
    "dma50" : 26.59,
    "dma100" : 26.33,
    "dma200" : 25.26,
    "volume" : 32868.00
  }, {
    "date" : "2025-09-03",
    "price" : 25.84,
    "dma50" : 26.56,
    "dma100" : 26.36,
    "dma200" : 25.26,
    "volume" : 10247.00
  }, {
    "date" : "2025-09-04",
    "price" : 25.90,
    "dma50" : 26.53,
    "dma100" : 26.39,
    "dma200" : 25.27,
    "volume" : 9918.00
  }, {
    "date" : "2025-09-05",
    "price" : 25.95,
    "dma50" : 26.51,
    "dma100" : 26.41,
    "dma200" : 25.28,
    "volume" : 13669.00
  }, {
    "date" : "2025-09-08",
    "price" : 25.87,
    "dma50" : 26.49,
    "dma100" : 26.44,
    "dma200" : 25.28,
    "volume" : 13364.00
  }, {
    "date" : "2025-09-09",
    "price" : 25.47,
    "dma50" : 26.45,
    "dma100" : 26.45,
    "dma200" : 25.29,
    "volume" : 14481.00
  }, {
    "date" : "2025-09-10",
    "price" : 25.31,
    "dma50" : 26.40,
    "dma100" : 26.46,
    "dma200" : 25.29,
    "volume" : 9318.00
  }, {
    "date" : "2025-09-11",
    "price" : 25.79,
    "dma50" : 26.38,
    "dma100" : 26.47,
    "dma200" : 25.29,
    "volume" : 16041.00
  }, {
    "date" : "2025-09-12",
    "price" : 26.28,
    "dma50" : 26.37,
    "dma100" : 26.49,
    "dma200" : 25.30,
    "volume" : 14661.00
  }, {
    "date" : "2025-09-15",
    "price" : 26.80,
    "dma50" : 26.39,
    "dma100" : 26.51,
    "dma200" : 25.32,
    "volume" : 29038.00
  }, {
    "date" : "2025-09-16",
    "price" : 27.33,
    "dma50" : 26.43,
    "dma100" : 26.54,
    "dma200" : 25.34,
    "volume" : 22867.00
  }, {
    "date" : "2025-09-17",
    "price" : 27.87,
    "dma50" : 26.48,
    "dma100" : 26.57,
    "dma200" : 25.36,
    "volume" : 34039.00
  }, {
    "date" : "2025-09-18",
    "price" : 27.97,
    "dma50" : 26.54,
    "dma100" : 26.60,
    "dma200" : 25.39,
    "volume" : 47042.00
  }, {
    "date" : "2025-09-19",
    "price" : 27.84,
    "dma50" : 26.59,
    "dma100" : 26.64,
    "dma200" : 25.41,
    "volume" : 18938.00
  }, {
    "date" : "2025-09-22",
    "price" : 27.42,
    "dma50" : 26.63,
    "dma100" : 26.68,
    "dma200" : 25.43,
    "volume" : 42957.00
  }, {
    "date" : "2025-09-23",
    "price" : 27.81,
    "dma50" : 26.67,
    "dma100" : 26.73,
    "dma200" : 25.45,
    "volume" : 22151.00
  }, {
    "date" : "2025-09-24",
    "price" : 28.35,
    "dma50" : 26.74,
    "dma100" : 26.78,
    "dma200" : 25.48,
    "volume" : 43536.00
  }, {
    "date" : "2025-09-25",
    "price" : 28.28,
    "dma50" : 26.80,
    "dma100" : 26.84,
    "dma200" : 25.51,
    "volume" : 30155.00
  }, {
    "date" : "2025-09-26",
    "price" : 28.49,
    "dma50" : 26.87,
    "dma100" : 26.91,
    "dma200" : 25.54,
    "volume" : 49594.00
  }, {
    "date" : "2025-09-29",
    "price" : 28.05,
    "dma50" : 26.91,
    "dma100" : 26.97,
    "dma200" : 25.57,
    "volume" : 23737.00
  }, {
    "date" : "2025-09-30",
    "price" : 27.80,
    "dma50" : 26.95,
    "dma100" : 27.04,
    "dma200" : 25.59,
    "volume" : 5923.00
  }, {
    "date" : "2025-10-01",
    "price" : 27.28,
    "dma50" : 26.96,
    "dma100" : 27.09,
    "dma200" : 25.61,
    "volume" : 9136.00
  }, {
    "date" : "2025-10-03",
    "price" : 27.42,
    "dma50" : 26.98,
    "dma100" : 27.14,
    "dma200" : 25.62,
    "volume" : 10156.00
  }, {
    "date" : "2025-10-06",
    "price" : 27.06,
    "dma50" : 26.98,
    "dma100" : 27.19,
    "dma200" : 25.64,
    "volume" : 24847.00
  }, {
    "date" : "2025-10-07",
    "price" : 26.53,
    "dma50" : 26.96,
    "dma100" : 27.22,
    "dma200" : 25.65,
    "volume" : 10318.00
  }, {
    "date" : "2025-10-08",
    "price" : 25.99,
    "dma50" : 26.92,
    "dma100" : 27.24,
    "dma200" : 25.65,
    "volume" : 12153.00
  }, {
    "date" : "2025-10-09",
    "price" : 25.47,
    "dma50" : 26.87,
    "dma100" : 27.26,
    "dma200" : 25.65,
    "volume" : 14116.00
  }, {
    "date" : "2025-10-10",
    "price" : 25.36,
    "dma50" : 26.81,
    "dma100" : 27.26,
    "dma200" : 25.65,
    "volume" : 16300.00
  }, {
    "date" : "2025-10-13",
    "price" : 25.86,
    "dma50" : 26.77,
    "dma100" : 27.27,
    "dma200" : 25.65,
    "volume" : 23901.00
  }, {
    "date" : "2025-10-14",
    "price" : 25.41,
    "dma50" : 26.72,
    "dma100" : 27.27,
    "dma200" : 25.65,
    "volume" : 22121.00
  }, {
    "date" : "2025-10-15",
    "price" : 24.95,
    "dma50" : 26.65,
    "dma100" : 27.26,
    "dma200" : 25.64,
    "volume" : 34645.00
  }, {
    "date" : "2025-10-16",
    "price" : 24.70,
    "dma50" : 26.57,
    "dma100" : 27.24,
    "dma200" : 25.63,
    "volume" : 23380.00
  }, {
    "date" : "2025-10-17",
    "price" : 24.71,
    "dma50" : 26.50,
    "dma100" : 27.21,
    "dma200" : 25.62,
    "volume" : 11185.00
  }, {
    "date" : "2025-10-20",
    "price" : 24.34,
    "dma50" : 26.41,
    "dma100" : 27.19,
    "dma200" : 25.61,
    "volume" : 12590.00
  }, {
    "date" : "2025-10-21",
    "price" : 24.82,
    "dma50" : 26.35,
    "dma100" : 27.18,
    "dma200" : 25.60,
    "volume" : 8300.00
  }, {
    "date" : "2025-10-23",
    "price" : 24.74,
    "dma50" : 26.29,
    "dma100" : 27.16,
    "dma200" : 25.59,
    "volume" : 18148.00
  }, {
    "date" : "2025-10-24",
    "price" : 24.99,
    "dma50" : 26.24,
    "dma100" : 27.13,
    "dma200" : 25.58,
    "volume" : 11675.00
  }, {
    "date" : "2025-10-27",
    "price" : 24.49,
    "dma50" : 26.17,
    "dma100" : 27.10,
    "dma200" : 25.57,
    "volume" : 27680.00
  }, {
    "date" : "2025-10-28",
    "price" : 24.17,
    "dma50" : 26.09,
    "dma100" : 27.06,
    "dma200" : 25.56,
    "volume" : 30339.00
  }, {
    "date" : "2025-10-29",
    "price" : 24.21,
    "dma50" : 26.02,
    "dma100" : 27.01,
    "dma200" : 25.55,
    "volume" : 33562.00
  }, {
    "date" : "2025-10-30",
    "price" : 24.10,
    "dma50" : 25.94,
    "dma100" : 26.96,
    "dma200" : 25.53,
    "volume" : 6359.00
  }, {
    "date" : "2025-10-31",
    "price" : 24.37,
    "dma50" : 25.88,
    "dma100" : 26.91,
    "dma200" : 25.52,
    "volume" : 26516.00
  }, {
    "date" : "2025-11-03",
    "price" : 24.67,
    "dma50" : 25.83,
    "dma100" : 26.85,
    "dma200" : 25.51,
    "volume" : 7402.00
  }, {
    "date" : "2025-11-04",
    "price" : 24.44,
    "dma50" : 25.78,
    "dma100" : 26.78,
    "dma200" : 25.50,
    "volume" : 14253.00
  }, {
    "date" : "2025-11-06",
    "price" : 23.99,
    "dma50" : 25.71,
    "dma100" : 26.71,
    "dma200" : 25.49,
    "volume" : 26452.00
  }, {
    "date" : "2025-11-07",
    "price" : 23.99,
    "dma50" : 25.64,
    "dma100" : 26.64,
    "dma200" : 25.47,
    "volume" : 10315.00
  }, {
    "date" : "2025-11-10",
    "price" : 24.46,
    "dma50" : 25.59,
    "dma100" : 26.59,
    "dma200" : 25.46,
    "volume" : 20184.00
  }, {
    "date" : "2025-11-11",
    "price" : 24.53,
    "dma50" : 25.55,
    "dma100" : 26.53,
    "dma200" : 25.45,
    "volume" : 21067.00
  }, {
    "date" : "2025-11-12",
    "price" : 24.76,
    "dma50" : 25.52,
    "dma100" : 26.49,
    "dma200" : 25.45,
    "volume" : 11551.00
  }, {
    "date" : "2025-11-13",
    "price" : 25.25,
    "dma50" : 25.51,
    "dma100" : 26.46,
    "dma200" : 25.44,
    "volume" : 25768.00
  }, {
    "date" : "2025-11-14",
    "price" : 25.52,
    "dma50" : 25.51,
    "dma100" : 26.44,
    "dma200" : 25.44,
    "volume" : 30962.00
  }, {
    "date" : "2025-11-17",
    "price" : 25.23,
    "dma50" : 25.50,
    "dma100" : 26.42,
    "dma200" : 25.44,
    "volume" : 17083.00
  }, {
    "date" : "2025-11-18",
    "price" : 24.85,
    "dma50" : 25.47,
    "dma100" : 26.40,
    "dma200" : 25.44,
    "volume" : 29757.00
  }, {
    "date" : "2025-11-19",
    "price" : 24.42,
    "dma50" : 25.43,
    "dma100" : 26.37,
    "dma200" : 25.43,
    "volume" : 44581.00
  }, {
    "date" : "2025-11-20",
    "price" : 24.55,
    "dma50" : 25.40,
    "dma100" : 26.34,
    "dma200" : 25.42,
    "volume" : 11446.00
  }, {
    "date" : "2025-11-21",
    "price" : 24.54,
    "dma50" : 25.37,
    "dma100" : 26.31,
    "dma200" : 25.41,
    "volume" : 24311.00
  }, {
    "date" : "2025-11-24",
    "price" : 24.06,
    "dma50" : 25.31,
    "dma100" : 26.26,
    "dma200" : 25.39,
    "volume" : 10846.00
  }, {
    "date" : "2025-11-25",
    "price" : 23.57,
    "dma50" : 25.25,
    "dma100" : 26.21,
    "dma200" : 25.38,
    "volume" : 18015.00
  }, {
    "date" : "2025-11-26",
    "price" : 23.12,
    "dma50" : 25.16,
    "dma100" : 26.16,
    "dma200" : 25.35,
    "volume" : 20118.00
  }, {
    "date" : "2025-11-27",
    "price" : 22.93,
    "dma50" : 25.07,
    "dma100" : 26.09,
    "dma200" : 25.33,
    "volume" : 5487.00
  }, {
    "date" : "2025-11-28",
    "price" : 22.48,
    "dma50" : 24.97,
    "dma100" : 26.03,
    "dma200" : 25.30,
    "volume" : 23193.00
  }, {
    "date" : "2025-12-01",
    "price" : 22.06,
    "dma50" : 24.86,
    "dma100" : 25.97,
    "dma200" : 25.27,
    "volume" : 33610.00
  }, {
    "date" : "2025-12-02",
    "price" : 21.68,
    "dma50" : 24.73,
    "dma100" : 25.91,
    "dma200" : 25.23,
    "volume" : 18609.00
  }, {
    "date" : "2025-12-03",
    "price" : 21.24,
    "dma50" : 24.60,
    "dma100" : 25.85,
    "dma200" : 25.19,
    "volume" : 33841.00
  }, {
    "date" : "2025-12-04",
    "price" : 21.66,
    "dma50" : 24.48,
    "dma100" : 25.79,
    "dma200" : 25.16,
    "volume" : 22369.00
  }, {
    "date" : "2025-12-05",
    "price" : 21.84,
    "dma50" : 24.38,
    "dma100" : 25.74,
    "dma200" : 25.13,
    "volume" : 18172.00
  }, {
    "date" : "2025-12-08",
    "price" : 21.40,
    "dma50" : 24.26,
    "dma100" : 25.69,
    "dma200" : 25.09,
    "volume" : 11922.00
  }, {
    "date" : "2025-12-09",
    "price" : 21.34,
    "dma50" : 24.15,
    "dma100" : 25.63,
    "dma200" : 25.05,
    "volume" : 8722.00
  }, {
    "date" : "2025-12-10",
    "price" : 21.66,
    "dma50" : 24.05,
    "dma100" : 25.58,
    "dma200" : 25.02,
    "volume" : 5448.00
  }, {
    "date" : "2025-12-11",
    "price" : 21.43,
    "dma50" : 23.95,
    "dma100" : 25.53,
    "dma200" : 24.98,
    "volume" : 9748.00
  }, {
    "date" : "2025-12-12",
    "price" : 21.77,
    "dma50" : 23.86,
    "dma100" : 25.49,
    "dma200" : 24.95,
    "volume" : 6429.00
  }, {
    "date" : "2025-12-15",
    "price" : 22.19,
    "dma50" : 23.80,
    "dma100" : 25.44,
    "dma200" : 24.92,
    "volume" : 17411.00
  }, {
    "date" : "2025-12-16",
    "price" : 22.63,
    "dma50" : 23.75,
    "dma100" : 25.40,
    "dma200" : 24.90,
    "volume" : 11930.00
  }, {
    "date" : "2025-12-17",
    "price" : 22.97,
    "dma50" : 23.72,
    "dma100" : 25.35,
    "dma200" : 24.88,
    "volume" : 18977.00
  }, {
    "date" : "2025-12-18",
    "price" : 23.35,
    "dma50" : 23.70,
    "dma100" : 25.30,
    "dma200" : 24.87,
    "volume" : 12001.00
  }, {
    "date" : "2025-12-19",
    "price" : 23.39,
    "dma50" : 23.69,
    "dma100" : 25.26,
    "dma200" : 24.85,
    "volume" : 6960.00
  }, {
    "date" : "2025-12-22",
    "price" : 23.16,
    "dma50" : 23.67,
    "dma100" : 25.21,
    "dma200" : 24.83,
    "volume" : 7781.00
  }, {
    "date" : "2025-12-23",
    "price" : 23.08,
    "dma50" : 23.65,
    "dma100" : 25.16,
    "dma200" : 24.82,
    "volume" : 17436.00
  }, {
    "date" : "2025-12-24",
    "price" : 22.95,
    "dma50" : 23.62,
    "dma100" : 25.12,
    "dma200" : 24.80,
    "volume" : 11414.00
  }, {
    "date" : "2025-12-26",
    "price" : 23.40,
    "dma50" : 23.61,
    "dma100" : 25.08,
    "dma200" : 24.78,
    "volume" : 53766.00
  } ],
  "latestTechnicalAttributes" : {
    "date" : "2025-12-26",
    "price" : 23.40,
    "dma50" : 23.61,
    "dma100" : 25.08,
    "dma200" : 24.78,
    "volume" : 53766.00
  },
  "quarterlyResults" : [ {
    "date" : "2005-03-31",
    "sales" : 33.05,
    "salesGrowthYoY" : null,
    "grossProfitMargin" : 18.49,
    "grossProfit" : 6.11,
    "operatingProfitMargin" : 8.20,
    "operatingProfit" : 2.71,
    "netProfitMargin" : -0.57,
    "netProfit" : -0.19
  }, {
    "date" : "2005-06-30",
    "sales" : 45.34,
    "salesGrowthYoY" : null,
    "grossProfitMargin" : 18.17,
    "grossProfit" : 8.24,
    "operatingProfitMargin" : 10.52,
    "operatingProfit" : 4.77,
    "netProfitMargin" : 5.91,
    "netProfit" : 2.68
  }, {
    "date" : "2005-09-30",
    "sales" : 40.90,
    "salesGrowthYoY" : null,
    "grossProfitMargin" : 18.34,
    "grossProfit" : 7.50,
    "operatingProfitMargin" : 10.64,
    "operatingProfit" : 4.35,
    "netProfitMargin" : 6.77,
    "netProfit" : 2.77
  }, {
    "date" : "2005-12-31",
    "sales" : 36.35,
    "salesGrowthYoY" : null,
    "grossProfitMargin" : 23.08,
    "grossProfit" : 8.39,
    "operatingProfitMargin" : 13.59,
    "operatingProfit" : 4.94,
    "netProfitMargin" : 7.98,
    "netProfit" : 2.90
  }, {
    "date" : "2006-03-31",
    "sales" : 43.49,
    "salesGrowthYoY" : 31.59,
    "grossProfitMargin" : 25.55,
    "grossProfit" : 11.11,
    "operatingProfitMargin" : 13.22,
    "operatingProfit" : 5.75,
    "netProfitMargin" : 4.48,
    "netProfit" : 1.95
  }, {
    "date" : "2006-06-30",
    "sales" : 53.64,
    "salesGrowthYoY" : 18.31,
    "grossProfitMargin" : 23.06,
    "grossProfit" : 12.37,
    "operatingProfitMargin" : 12.79,
    "operatingProfit" : 6.86,
    "netProfitMargin" : 4.72,
    "netProfit" : 2.53
  }, {
    "date" : "2006-09-30",
    "sales" : 53.04,
    "salesGrowthYoY" : 29.68,
    "grossProfitMargin" : 27.39,
    "grossProfit" : 14.53,
    "operatingProfitMargin" : 12.84,
    "operatingProfit" : 6.81,
    "netProfitMargin" : 4.79,
    "netProfit" : 2.54
  }, {
    "date" : "2006-12-31",
    "sales" : 83.20,
    "salesGrowthYoY" : 128.89,
    "grossProfitMargin" : 19.66,
    "grossProfit" : 16.36,
    "operatingProfitMargin" : 8.62,
    "operatingProfit" : 7.17,
    "netProfitMargin" : 3.20,
    "netProfit" : 2.66
  }, {
    "date" : "2007-03-31",
    "sales" : 75.41,
    "salesGrowthYoY" : 73.40,
    "grossProfitMargin" : 21.76,
    "grossProfit" : 16.41,
    "operatingProfitMargin" : 7.69,
    "operatingProfit" : 5.80,
    "netProfitMargin" : -2.27,
    "netProfit" : -1.71
  }, {
    "date" : "2007-06-30",
    "sales" : 68.11,
    "salesGrowthYoY" : 26.98,
    "grossProfitMargin" : 27.02,
    "grossProfit" : 18.40,
    "operatingProfitMargin" : 10.94,
    "operatingProfit" : 7.45,
    "netProfitMargin" : 2.66,
    "netProfit" : 1.81
  }, {
    "date" : "2007-09-30",
    "sales" : 73.31,
    "salesGrowthYoY" : 38.22,
    "grossProfitMargin" : 29.18,
    "grossProfit" : 21.39,
    "operatingProfitMargin" : 11.59,
    "operatingProfit" : 8.50,
    "netProfitMargin" : 1.94,
    "netProfit" : 1.42
  }, {
    "date" : "2007-12-31",
    "sales" : 76.71,
    "salesGrowthYoY" : -7.80,
    "grossProfitMargin" : 25.52,
    "grossProfit" : 19.58,
    "operatingProfitMargin" : 8.43,
    "operatingProfit" : 6.47,
    "netProfitMargin" : 0.09,
    "netProfit" : 0.07
  }, {
    "date" : "2008-03-31",
    "sales" : 62.04,
    "salesGrowthYoY" : -17.73,
    "grossProfitMargin" : 31.95,
    "grossProfit" : 19.82,
    "operatingProfitMargin" : 12.19,
    "operatingProfit" : 7.56,
    "netProfitMargin" : 1.55,
    "netProfit" : 0.96
  }, {
    "date" : "2008-06-30",
    "sales" : 77.20,
    "salesGrowthYoY" : 13.35,
    "grossProfitMargin" : 25.87,
    "grossProfit" : 19.97,
    "operatingProfitMargin" : 7.99,
    "operatingProfit" : 6.17,
    "netProfitMargin" : 1.59,
    "netProfit" : 1.23
  }, {
    "date" : "2008-09-30",
    "sales" : 77.24,
    "salesGrowthYoY" : 5.36,
    "grossProfitMargin" : 15.89,
    "grossProfit" : 12.27,
    "operatingProfitMargin" : -4.89,
    "operatingProfit" : -3.78,
    "netProfitMargin" : -11.54,
    "netProfit" : -8.91
  }, {
    "date" : "2008-12-31",
    "sales" : 72.70,
    "salesGrowthYoY" : -5.23,
    "grossProfitMargin" : 24.11,
    "grossProfit" : 17.53,
    "operatingProfitMargin" : -0.61,
    "operatingProfit" : -0.44,
    "netProfitMargin" : -9.31,
    "netProfit" : -6.77
  }, {
    "date" : "2009-03-31",
    "sales" : 86.36,
    "salesGrowthYoY" : 39.20,
    "grossProfitMargin" : 28.32,
    "grossProfit" : 24.46,
    "operatingProfitMargin" : 11.06,
    "operatingProfit" : 9.55,
    "netProfitMargin" : 3.53,
    "netProfit" : 3.05
  }, {
    "date" : "2009-06-30",
    "sales" : 59.94,
    "salesGrowthYoY" : -22.36,
    "grossProfitMargin" : 37.52,
    "grossProfit" : 22.49,
    "operatingProfitMargin" : 13.96,
    "operatingProfit" : 8.37,
    "netProfitMargin" : 1.72,
    "netProfit" : 1.03
  }, {
    "date" : "2009-09-30",
    "sales" : 83.69,
    "salesGrowthYoY" : 8.35,
    "grossProfitMargin" : 27.92,
    "grossProfit" : 23.37,
    "operatingProfitMargin" : 9.79,
    "operatingProfit" : 8.19,
    "netProfitMargin" : 1.19,
    "netProfit" : 1.00
  }, {
    "date" : "2009-12-31",
    "sales" : 83.15,
    "salesGrowthYoY" : 14.37,
    "grossProfitMargin" : 15.60,
    "grossProfit" : 12.97,
    "operatingProfitMargin" : 3.38,
    "operatingProfit" : 2.81,
    "netProfitMargin" : -1.44,
    "netProfit" : -1.20
  }, {
    "date" : "2010-03-31",
    "sales" : 102.49,
    "salesGrowthYoY" : 18.68,
    "grossProfitMargin" : 24.89,
    "grossProfit" : 25.51,
    "operatingProfitMargin" : 6.29,
    "operatingProfit" : 6.45,
    "netProfitMargin" : 1.64,
    "netProfit" : 1.68
  }, {
    "date" : "2010-06-30",
    "sales" : 89.94,
    "salesGrowthYoY" : 50.05,
    "grossProfitMargin" : 25.49,
    "grossProfit" : 22.93,
    "operatingProfitMargin" : 10.53,
    "operatingProfit" : 9.47,
    "netProfitMargin" : 1.15,
    "netProfit" : 1.03
  }, {
    "date" : "2010-09-30",
    "sales" : 105.30,
    "salesGrowthYoY" : 25.82,
    "grossProfitMargin" : 25.51,
    "grossProfit" : 26.86,
    "operatingProfitMargin" : 9.53,
    "operatingProfit" : 10.04,
    "netProfitMargin" : 1.08,
    "netProfit" : 1.14
  }, {
    "date" : "2010-12-31",
    "sales" : 109.86,
    "salesGrowthYoY" : 32.12,
    "grossProfitMargin" : 25.21,
    "grossProfit" : 27.70,
    "operatingProfitMargin" : 10.92,
    "operatingProfit" : 12.00,
    "netProfitMargin" : 1.56,
    "netProfit" : 1.71
  }, {
    "date" : "2011-03-31",
    "sales" : 125.63,
    "salesGrowthYoY" : 22.58,
    "grossProfitMargin" : 23.71,
    "grossProfit" : 29.79,
    "operatingProfitMargin" : 9.50,
    "operatingProfit" : 11.93,
    "netProfitMargin" : 1.21,
    "netProfit" : 1.52
  }, {
    "date" : "2011-06-30",
    "sales" : 124.38,
    "salesGrowthYoY" : 38.29,
    "grossProfitMargin" : 20.90,
    "grossProfit" : 26.00,
    "operatingProfitMargin" : 10.03,
    "operatingProfit" : 12.48,
    "netProfitMargin" : 0.76,
    "netProfit" : 0.95
  }, {
    "date" : "2011-09-30",
    "sales" : 136.88,
    "salesGrowthYoY" : 29.99,
    "grossProfitMargin" : 22.70,
    "grossProfit" : 31.07,
    "operatingProfitMargin" : 8.81,
    "operatingProfit" : 12.06,
    "netProfitMargin" : 0.76,
    "netProfit" : 1.04
  }, {
    "date" : "2011-12-31",
    "sales" : 152.28,
    "salesGrowthYoY" : 38.61,
    "grossProfitMargin" : 21.25,
    "grossProfit" : 32.36,
    "operatingProfitMargin" : 7.75,
    "operatingProfit" : 11.80,
    "netProfitMargin" : 0.76,
    "netProfit" : 1.16
  }, {
    "date" : "2012-03-31",
    "sales" : 269.30,
    "salesGrowthYoY" : 114.36,
    "grossProfitMargin" : 14.61,
    "grossProfit" : 39.34,
    "operatingProfitMargin" : 5.95,
    "operatingProfit" : 16.02,
    "netProfitMargin" : 0.25,
    "netProfit" : 0.67
  }, {
    "date" : "2012-06-30",
    "sales" : 127.58,
    "salesGrowthYoY" : 2.57,
    "grossProfitMargin" : 24.42,
    "grossProfit" : 31.16,
    "operatingProfitMargin" : 12.82,
    "operatingProfit" : 16.36,
    "netProfitMargin" : 1.40,
    "netProfit" : 1.79
  }, {
    "date" : "2012-09-30",
    "sales" : 150.71,
    "salesGrowthYoY" : 10.10,
    "grossProfitMargin" : 20.72,
    "grossProfit" : 31.23,
    "operatingProfitMargin" : 10.26,
    "operatingProfit" : 15.46,
    "netProfitMargin" : 0.60,
    "netProfit" : 0.90
  }, {
    "date" : "2012-12-31",
    "sales" : 184.38,
    "salesGrowthYoY" : 21.08,
    "grossProfitMargin" : 17.15,
    "grossProfit" : 31.62,
    "operatingProfitMargin" : 8.60,
    "operatingProfit" : 15.86,
    "netProfitMargin" : 0.53,
    "netProfit" : 0.98
  }, {
    "date" : "2013-03-31",
    "sales" : 250.69,
    "salesGrowthYoY" : -6.91,
    "grossProfitMargin" : 13.23,
    "grossProfit" : 33.17,
    "operatingProfitMargin" : 5.39,
    "operatingProfit" : 13.51,
    "netProfitMargin" : 0.01,
    "netProfit" : 0.03
  }, {
    "date" : "2013-06-30",
    "sales" : 185.46,
    "salesGrowthYoY" : 45.37,
    "grossProfitMargin" : 12.34,
    "grossProfit" : 22.89,
    "operatingProfitMargin" : 4.94,
    "operatingProfit" : 9.16,
    "netProfitMargin" : -1.87,
    "netProfit" : -3.47
  }, {
    "date" : "2013-09-30",
    "sales" : 155.69,
    "salesGrowthYoY" : 3.30,
    "grossProfitMargin" : 0.31,
    "grossProfit" : 0.48,
    "operatingProfitMargin" : -24.09,
    "operatingProfit" : -37.51,
    "netProfitMargin" : -26.85,
    "netProfit" : -41.80
  }, {
    "date" : "2013-12-31",
    "sales" : 88.40,
    "salesGrowthYoY" : -52.06,
    "grossProfitMargin" : 8.00,
    "grossProfit" : 7.07,
    "operatingProfitMargin" : -16.52,
    "operatingProfit" : -14.60,
    "netProfitMargin" : -30.38,
    "netProfit" : -26.86
  }, {
    "date" : "2014-03-31",
    "sales" : 40.55,
    "salesGrowthYoY" : -83.82,
    "grossProfitMargin" : 12.87,
    "grossProfit" : 5.22,
    "operatingProfitMargin" : -17.71,
    "operatingProfit" : -7.18,
    "netProfitMargin" : -39.04,
    "netProfit" : -15.83
  }, {
    "date" : "2014-06-30",
    "sales" : 10.68,
    "salesGrowthYoY" : -94.24,
    "grossProfitMargin" : 1.69,
    "grossProfit" : 0.18,
    "operatingProfitMargin" : -31.65,
    "operatingProfit" : -3.38,
    "netProfitMargin" : -143.45,
    "netProfit" : -15.32
  }, {
    "date" : "2014-09-30",
    "sales" : 9.34,
    "salesGrowthYoY" : -94.00,
    "grossProfitMargin" : 64.67,
    "grossProfit" : 6.04,
    "operatingProfitMargin" : 22.91,
    "operatingProfit" : 2.14,
    "netProfitMargin" : -170.77,
    "netProfit" : -15.95
  }, {
    "date" : "2014-12-31",
    "sales" : 69.55,
    "salesGrowthYoY" : -21.32,
    "grossProfitMargin" : 26.02,
    "grossProfit" : 18.10,
    "operatingProfitMargin" : -0.93,
    "operatingProfit" : -0.65,
    "netProfitMargin" : -29.94,
    "netProfit" : -20.82
  }, {
    "date" : "2015-03-31",
    "sales" : 94.01,
    "salesGrowthYoY" : 131.84,
    "grossProfitMargin" : 27.29,
    "grossProfit" : 25.66,
    "operatingProfitMargin" : -0.61,
    "operatingProfit" : -0.57,
    "netProfitMargin" : -24.23,
    "netProfit" : -22.78
  }, {
    "date" : "2015-06-30",
    "sales" : 144.20,
    "salesGrowthYoY" : 1250.19,
    "grossProfitMargin" : 12.79,
    "grossProfit" : 18.44,
    "operatingProfitMargin" : -4.30,
    "operatingProfit" : -6.20,
    "netProfitMargin" : -18.92,
    "netProfit" : -27.28
  }, {
    "date" : "2015-09-30",
    "sales" : 112.14,
    "salesGrowthYoY" : 1100.64,
    "grossProfitMargin" : 7.91,
    "grossProfit" : 8.87,
    "operatingProfitMargin" : -14.29,
    "operatingProfit" : -16.02,
    "netProfitMargin" : -28.38,
    "netProfit" : -31.83
  }, {
    "date" : "2015-12-31",
    "sales" : 99.74,
    "salesGrowthYoY" : 43.41,
    "grossProfitMargin" : 9.41,
    "grossProfit" : 9.39,
    "operatingProfitMargin" : -13.23,
    "operatingProfit" : -13.20,
    "netProfitMargin" : -33.23,
    "netProfit" : -33.14
  }, {
    "date" : "2016-03-31",
    "sales" : 95.69,
    "salesGrowthYoY" : 1.79,
    "grossProfitMargin" : 15.13,
    "grossProfit" : 14.48,
    "operatingProfitMargin" : -121.51,
    "operatingProfit" : -116.27,
    "netProfitMargin" : -203.19,
    "netProfit" : -194.43
  }, {
    "date" : "2016-06-30",
    "sales" : 72.44,
    "salesGrowthYoY" : -49.76,
    "grossProfitMargin" : 16.73,
    "grossProfit" : 12.12,
    "operatingProfitMargin" : -6.54,
    "operatingProfit" : -4.74,
    "netProfitMargin" : -22.96,
    "netProfit" : -16.63
  }, {
    "date" : "2016-09-30",
    "sales" : 80.86,
    "salesGrowthYoY" : -27.89,
    "grossProfitMargin" : 27.94,
    "grossProfit" : 22.59,
    "operatingProfitMargin" : 0.59,
    "operatingProfit" : 0.48,
    "netProfitMargin" : -13.52,
    "netProfit" : -10.93
  }, {
    "date" : "2016-12-31",
    "sales" : 68.75,
    "salesGrowthYoY" : -31.07,
    "grossProfitMargin" : 13.34,
    "grossProfit" : 9.17,
    "operatingProfitMargin" : -12.26,
    "operatingProfit" : -8.43,
    "netProfitMargin" : -28.71,
    "netProfit" : -19.74
  }, {
    "date" : "2017-03-31",
    "sales" : 52.25,
    "salesGrowthYoY" : -45.40,
    "grossProfitMargin" : 20.11,
    "grossProfit" : 10.51,
    "operatingProfitMargin" : -14.60,
    "operatingProfit" : -7.63,
    "netProfitMargin" : -36.50,
    "netProfit" : -19.07
  }, {
    "date" : "2017-06-30",
    "sales" : 17.75,
    "salesGrowthYoY" : -75.50,
    "grossProfitMargin" : 9.24,
    "grossProfit" : 1.64,
    "operatingProfitMargin" : -29.41,
    "operatingProfit" : -5.22,
    "netProfitMargin" : -81.35,
    "netProfit" : -14.44
  }, {
    "date" : "2017-09-30",
    "sales" : 9.04,
    "salesGrowthYoY" : -88.82,
    "grossProfitMargin" : 3.21,
    "grossProfit" : 0.29,
    "operatingProfitMargin" : -42.70,
    "operatingProfit" : -3.86,
    "netProfitMargin" : -141.81,
    "netProfit" : -12.82
  }, {
    "date" : "2017-12-31",
    "sales" : 23.20,
    "salesGrowthYoY" : -66.25,
    "grossProfitMargin" : 15.60,
    "grossProfit" : 3.62,
    "operatingProfitMargin" : -8.06,
    "operatingProfit" : -1.87,
    "netProfitMargin" : -46.38,
    "netProfit" : -10.76
  }, {
    "date" : "2018-03-31",
    "sales" : 26.29,
    "salesGrowthYoY" : -49.68,
    "grossProfitMargin" : 2.78,
    "grossProfit" : 0.73,
    "operatingProfitMargin" : -19.82,
    "operatingProfit" : -5.21,
    "netProfitMargin" : -55.99,
    "netProfit" : -14.72
  }, {
    "date" : "2018-06-30",
    "sales" : 18.16,
    "salesGrowthYoY" : 2.31,
    "grossProfitMargin" : 10.90,
    "grossProfit" : 1.98,
    "operatingProfitMargin" : 1.98,
    "operatingProfit" : 0.36,
    "netProfitMargin" : -48.46,
    "netProfit" : -8.80
  }, {
    "date" : "2018-09-30",
    "sales" : 0.00,
    "salesGrowthYoY" : -100.00,
    "grossProfitMargin" : 0.00,
    "grossProfit" : 0.00,
    "operatingProfitMargin" : 0.00,
    "operatingProfit" : 0.00,
    "netProfitMargin" : 0.00,
    "netProfit" : 0.00
  }, {
    "date" : "2018-12-31",
    "sales" : 0.00,
    "salesGrowthYoY" : -100.00,
    "grossProfitMargin" : 0.00,
    "grossProfit" : 0.00,
    "operatingProfitMargin" : 0.00,
    "operatingProfit" : 0.00,
    "netProfitMargin" : 0.00,
    "netProfit" : 0.00
  }, {
    "date" : "2019-03-31",
    "sales" : 0.00,
    "salesGrowthYoY" : -100.00,
    "grossProfitMargin" : 0.00,
    "grossProfit" : 0.00,
    "operatingProfitMargin" : 0.00,
    "operatingProfit" : 0.00,
    "netProfitMargin" : 0.00,
    "netProfit" : 0.00
  }, {
    "date" : "2019-06-30",
    "sales" : 0.00,
    "salesGrowthYoY" : -100.00,
    "grossProfitMargin" : 0.00,
    "grossProfit" : 0.00,
    "operatingProfitMargin" : 0.00,
    "operatingProfit" : 0.00,
    "netProfitMargin" : 0.00,
    "netProfit" : 0.00
  }, {
    "date" : "2019-09-30",
    "sales" : 0.00,
    "salesGrowthYoY" : 0.00,
    "grossProfitMargin" : 0.00,
    "grossProfit" : 0.00,
    "operatingProfitMargin" : 0.00,
    "operatingProfit" : 0.00,
    "netProfitMargin" : 0.00,
    "netProfit" : 0.00
  }, {
    "date" : "2019-12-31",
    "sales" : 0.00,
    "salesGrowthYoY" : 0.00,
    "grossProfitMargin" : 0.00,
    "grossProfit" : 0.00,
    "operatingProfitMargin" : 0.00,
    "operatingProfit" : 0.00,
    "netProfitMargin" : 0.00,
    "netProfit" : 0.00
  }, {
    "date" : "2020-03-31",
    "sales" : 0.00,
    "salesGrowthYoY" : 0.00,
    "grossProfitMargin" : 0.00,
    "grossProfit" : 0.00,
    "operatingProfitMargin" : 0.00,
    "operatingProfit" : 0.00,
    "netProfitMargin" : 0.00,
    "netProfit" : 0.00
  }, {
    "date" : "2020-06-30",
    "sales" : 0.00,
    "salesGrowthYoY" : 0.00,
    "grossProfitMargin" : 0.00,
    "grossProfit" : 0.00,
    "operatingProfitMargin" : 0.00,
    "operatingProfit" : 0.00,
    "netProfitMargin" : 0.00,
    "netProfit" : 0.00
  }, {
    "date" : "2020-09-30",
    "sales" : 0.00,
    "salesGrowthYoY" : 0.00,
    "grossProfitMargin" : 0.00,
    "grossProfit" : 0.00,
    "operatingProfitMargin" : 0.00,
    "operatingProfit" : 0.00,
    "netProfitMargin" : 0.00,
    "netProfit" : 0.00
  }, {
    "date" : "2020-12-31",
    "sales" : 0.00,
    "salesGrowthYoY" : 0.00,
    "grossProfitMargin" : 0.00,
    "grossProfit" : 0.00,
    "operatingProfitMargin" : 0.00,
    "operatingProfit" : 0.00,
    "netProfitMargin" : 0.00,
    "netProfit" : 0.00
  }, {
    "date" : "2021-03-31",
    "sales" : 0.00,
    "salesGrowthYoY" : 0.00,
    "grossProfitMargin" : 0.00,
    "grossProfit" : 0.00,
    "operatingProfitMargin" : 0.00,
    "operatingProfit" : 0.00,
    "netProfitMargin" : 0.00,
    "netProfit" : 0.00
  }, {
    "date" : "2021-06-30",
    "sales" : 0.00,
    "salesGrowthYoY" : 0.00,
    "grossProfitMargin" : 0.00,
    "grossProfit" : 0.00,
    "operatingProfitMargin" : 0.00,
    "operatingProfit" : 0.00,
    "netProfitMargin" : 0.00,
    "netProfit" : 0.00
  }, {
    "date" : "2021-09-30",
    "sales" : 0.00,
    "salesGrowthYoY" : 0.00,
    "grossProfitMargin" : 0.00,
    "grossProfit" : 0.00,
    "operatingProfitMargin" : 0.00,
    "operatingProfit" : 0.00,
    "netProfitMargin" : 0.00,
    "netProfit" : 0.00
  }, {
    "date" : "2021-12-31",
    "sales" : 0.06,
    "salesGrowthYoY" : 100.00,
    "grossProfitMargin" : 100.00,
    "grossProfit" : 0.06,
    "operatingProfitMargin" : -3000.00,
    "operatingProfit" : -1.80,
    "netProfitMargin" : -14483.33,
    "netProfit" : -8.69
  }, {
    "date" : "2022-03-31",
    "sales" : 0.00,
    "salesGrowthYoY" : 0.00,
    "grossProfitMargin" : 0.00,
    "grossProfit" : 0.00,
    "operatingProfitMargin" : 0.00,
    "operatingProfit" : 0.00,
    "netProfitMargin" : 0.00,
    "netProfit" : 0.00
  }, {
    "date" : "2022-06-30",
    "sales" : 0.00,
    "salesGrowthYoY" : 0.00,
    "grossProfitMargin" : 0.00,
    "grossProfit" : 0.00,
    "operatingProfitMargin" : 0.00,
    "operatingProfit" : 0.00,
    "netProfitMargin" : 0.00,
    "netProfit" : 0.00
  }, {
    "date" : "2022-09-30",
    "sales" : 0.57,
    "salesGrowthYoY" : 100.00,
    "grossProfitMargin" : 19.30,
    "grossProfit" : 0.11,
    "operatingProfitMargin" : -100.00,
    "operatingProfit" : -0.57,
    "netProfitMargin" : -661.40,
    "netProfit" : -3.77
  }, {
    "date" : "2022-12-31",
    "sales" : 26.26,
    "salesGrowthYoY" : 43666.67,
    "grossProfitMargin" : 17.67,
    "grossProfit" : 4.64,
    "operatingProfitMargin" : 4.27,
    "operatingProfit" : 1.12,
    "netProfitMargin" : -8.72,
    "netProfit" : -2.29
  }, {
    "date" : "2023-03-31",
    "sales" : 110.40,
    "salesGrowthYoY" : 100.00,
    "grossProfitMargin" : 21.03,
    "grossProfit" : 23.22,
    "operatingProfitMargin" : 1.48,
    "operatingProfit" : 1.63,
    "netProfitMargin" : -2.60,
    "netProfit" : -2.87
  }, {
    "date" : "2023-06-30",
    "sales" : 153.07,
    "salesGrowthYoY" : 100.00,
    "grossProfitMargin" : 16.45,
    "grossProfit" : 25.18,
    "operatingProfitMargin" : 1.44,
    "operatingProfit" : 2.20,
    "netProfitMargin" : 0.19,
    "netProfit" : 0.29
  }, {
    "date" : "2023-09-30",
    "sales" : 179.65,
    "salesGrowthYoY" : 31417.54,
    "grossProfitMargin" : 19.20,
    "grossProfit" : 34.49,
    "operatingProfitMargin" : 4.44,
    "operatingProfit" : 7.98,
    "netProfitMargin" : 2.14,
    "netProfit" : 3.84
  }, {
    "date" : "2023-12-31",
    "sales" : 195.37,
    "salesGrowthYoY" : 643.98,
    "grossProfitMargin" : 20.79,
    "grossProfit" : 40.62,
    "operatingProfitMargin" : 5.24,
    "operatingProfit" : 10.24,
    "netProfitMargin" : 1.05,
    "netProfit" : 2.05
  }, {
    "date" : "2024-03-31",
    "sales" : 217.08,
    "salesGrowthYoY" : 96.63,
    "grossProfitMargin" : 21.03,
    "grossProfit" : 45.65,
    "operatingProfitMargin" : 3.19,
    "operatingProfit" : 6.92,
    "netProfitMargin" : -0.99,
    "netProfit" : -2.15
  }, {
    "date" : "2024-06-30",
    "sales" : 202.22,
    "salesGrowthYoY" : 32.11,
    "grossProfitMargin" : 16.63,
    "grossProfit" : 33.63,
    "operatingProfitMargin" : 1.63,
    "operatingProfit" : 3.30,
    "netProfitMargin" : -1.72,
    "netProfit" : -3.48
  }, {
    "date" : "2024-09-30",
    "sales" : 211.98,
    "salesGrowthYoY" : 18.00,
    "grossProfitMargin" : 15.71,
    "grossProfit" : 33.30,
    "operatingProfitMargin" : 0.99,
    "operatingProfit" : 2.10,
    "netProfitMargin" : -2.03,
    "netProfit" : -4.30
  }, {
    "date" : "2024-12-31",
    "sales" : 229.33,
    "salesGrowthYoY" : 17.38,
    "grossProfitMargin" : 19.80,
    "grossProfit" : 45.41,
    "operatingProfitMargin" : 5.88,
    "operatingProfit" : 13.48,
    "netProfitMargin" : 3.55,
    "netProfit" : 8.14
  }, {
    "date" : "2025-03-31",
    "sales" : 205.85,
    "salesGrowthYoY" : -5.17,
    "grossProfitMargin" : 21.66,
    "grossProfit" : 44.59,
    "operatingProfitMargin" : 5.16,
    "operatingProfit" : 10.62,
    "netProfitMargin" : 6.53,
    "netProfit" : 13.44
  }, {
    "date" : "2025-06-30",
    "sales" : 260.19,
    "salesGrowthYoY" : 28.67,
    "grossProfitMargin" : 21.52,
    "grossProfit" : 55.99,
    "operatingProfitMargin" : 5.90,
    "operatingProfit" : 15.35,
    "netProfitMargin" : 2.33,
    "netProfit" : 6.06
  }, {
    "date" : "2025-09-30",
    "sales" : 319.32,
    "salesGrowthYoY" : 50.64,
    "grossProfitMargin" : 19.09,
    "grossProfit" : 60.96,
    "operatingProfitMargin" : 4.88,
    "operatingProfit" : 15.58,
    "netProfitMargin" : 2.51,
    "netProfit" : 8.01
  } ],
  "latestQuarterlyResult" : {
    "date" : "2025-09-30",
    "sales" : 319.32,
    "salesGrowthYoY" : 50.64,
    "grossProfitMargin" : 19.09,
    "grossProfit" : 60.96,
    "operatingProfitMargin" : 4.88,
    "operatingProfit" : 15.58,
    "netProfitMargin" : 2.51,
    "netProfit" : 8.01
  },
  "companyScore" : {
    "priceHigherThanDma50" : 0.00,
    "priceHigherThanDma100" : 0.00,
    "priceHigherThanDma200" : 0.00,
    "dma50HigherThanDma100" : 0.00,
    "dma50HigherThanDma200" : 0.00,
    "dma100HigherThanDma200" : 5.00,
    "pricePercentageAboveDma50" : 5.04,
    "pricePercentageAboveDma100" : 5.34,
    "pricePercentageAboveDma200" : 5.28,
    "weeklyVolumeHigherThanYearlyVolume" : 0.00,
    "salesGrowthPercentile" : 16.46,
    "operatingProfitMarginPercentile" : 19.88,
    "netProfitMarginPercentile" : 10.00,
    "totalTechnicalScore" : 20.66,
    "totalFundamentalScore" : 46.33,
    "totalScore" : 66.99
  }
}