{
  "metadata" : {
    "screenerCompanyId" : "2647",
    "companyCode" : "RAJRATAN",
    "companyName" : "Rajratan Global",
    "screenerCompanyLink" : "https://www.screener.in/company/RAJRATAN/consolidated/",
    "screenerTechnicalHistoryLink" : "https://www.screener.in/api/company/2647/chart/?q=Price-DMA50-DMA200-Volume&days=365",
    "screenerQuarterlyResultsLink" : "https://www.screener.in/api/company/2647/chart/?q=GPM-OPM-NPM-Quarter+Sales&days=10000",
    "attributes" : {
      "companyCode" : "RAJRATAN",
      "companyName" : "Rajratan Global",
      "marketCap" : 2187.00,
      "peRatio" : 31.30,
      "description" : "The Company is engaged in the manufacturing of bead wire, a high-carbon steel wire utilized in the production of tires. Additionally, the Company produces drawn steel wire, commonly referred to as black wire, which finds applications in various industries such as automobile, construction, and engineering. [1]"
    },
    "companyScore" : {
      "priceHigherThanDma50" : 0.00,
      "priceHigherThanDma100" : 5.00,
      "priceHigherThanDma200" : 5.00,
      "dma50HigherThanDma100" : 5.00,
      "dma50HigherThanDma200" : 5.00,
      "dma100HigherThanDma200" : 0.00,
      "pricePercentageAboveDma50" : 5.30,
      "pricePercentageAboveDma100" : 4.77,
      "pricePercentageAboveDma200" : 4.93,
      "weeklyVolumeHigherThanYearlyVolume" : 5.00,
      "salesGrowthPercentile" : 17.25,
      "operatingProfitMarginPercentile" : 12.62,
      "netProfitMarginPercentile" : 7.02,
      "totalTechnicalScore" : 40.00,
      "totalFundamentalScore" : 36.89,
      "totalScore" : 76.89
    }
  },
  "attributes" : {
    "companyCode" : "RAJRATAN",
    "companyName" : "Rajratan Global",
    "marketCap" : 2187.00,
    "peRatio" : 31.30,
    "description" : "The Company is engaged in the manufacturing of bead wire, a high-carbon steel wire utilized in the production of tires. Additionally, the Company produces drawn steel wire, commonly referred to as black wire, which finds applications in various industries such as automobile, construction, and engineering. [1]"
  },
  "technicalHistory" : [ {
    "date" : "2025-01-28",
    "price" : 414.75,
    "dma50" : 490.12,
    "dma100" : null,
    "dma200" : 557.89,
    "volume" : 46544.00
  }, {
    "date" : "2025-01-29",
    "price" : 435.85,
    "dma50" : 487.99,
    "dma100" : null,
    "dma200" : 556.67,
    "volume" : 70907.00
  }, {
    "date" : "2025-01-30",
    "price" : 432.95,
    "dma50" : 485.83,
    "dma100" : null,
    "dma200" : 555.44,
    "volume" : 67672.00
  }, {
    "date" : "2025-01-31",
    "price" : 436.15,
    "dma50" : 483.88,
    "dma100" : null,
    "dma200" : 554.26,
    "volume" : 19665.00
  }, {
    "date" : "2025-02-01",
    "price" : 435.60,
    "dma50" : 481.99,
    "dma100" : null,
    "dma200" : 553.07,
    "volume" : 9850.00
  }, {
    "date" : "2025-02-03",
    "price" : 431.00,
    "dma50" : 479.99,
    "dma100" : null,
    "dma200" : 551.86,
    "volume" : 13383.00
  }, {
    "date" : "2025-02-04",
    "price" : 426.10,
    "dma50" : 477.88,
    "dma100" : null,
    "dma200" : 550.61,
    "volume" : 16247.00
  }, {
    "date" : "2025-02-05",
    "price" : 420.55,
    "dma50" : 475.63,
    "dma100" : null,
    "dma200" : 549.31,
    "volume" : 31292.00
  }, {
    "date" : "2025-02-06",
    "price" : 420.50,
    "dma50" : 473.47,
    "dma100" : null,
    "dma200" : 548.03,
    "volume" : 24891.00
  }, {
    "date" : "2025-02-07",
    "price" : 420.30,
    "dma50" : 471.38,
    "dma100" : null,
    "dma200" : 546.76,
    "volume" : 23427.00
  }, {
    "date" : "2025-02-10",
    "price" : 417.25,
    "dma50" : 469.26,
    "dma100" : null,
    "dma200" : 545.47,
    "volume" : 24090.00
  }, {
    "date" : "2025-02-11",
    "price" : 404.80,
    "dma50" : 466.73,
    "dma100" : null,
    "dma200" : 544.07,
    "volume" : 29165.00
  }, {
    "date" : "2025-02-12",
    "price" : 406.55,
    "dma50" : 464.37,
    "dma100" : null,
    "dma200" : 542.71,
    "volume" : 49405.00
  }, {
    "date" : "2025-02-13",
    "price" : 407.35,
    "dma50" : 462.13,
    "dma100" : null,
    "dma200" : 541.36,
    "volume" : 17287.00
  }, {
    "date" : "2025-02-14",
    "price" : 395.45,
    "dma50" : 459.52,
    "dma100" : null,
    "dma200" : 539.91,
    "volume" : 23717.00
  }, {
    "date" : "2025-02-17",
    "price" : 383.20,
    "dma50" : 456.53,
    "dma100" : null,
    "dma200" : 538.35,
    "volume" : 29806.00
  }, {
    "date" : "2025-02-18",
    "price" : 378.00,
    "dma50" : 453.45,
    "dma100" : null,
    "dma200" : 536.75,
    "volume" : 27574.00
  }, {
    "date" : "2025-02-19",
    "price" : 383.70,
    "dma50" : 450.71,
    "dma100" : null,
    "dma200" : 535.23,
    "volume" : 19224.00
  }, {
    "date" : "2025-02-20",
    "price" : 388.05,
    "dma50" : 448.25,
    "dma100" : null,
    "dma200" : 533.76,
    "volume" : 17466.00
  }, {
    "date" : "2025-02-21",
    "price" : 396.45,
    "dma50" : 446.22,
    "dma100" : null,
    "dma200" : 532.40,
    "volume" : 193245.00
  }, {
    "date" : "2025-02-24",
    "price" : 385.70,
    "dma50" : 443.85,
    "dma100" : null,
    "dma200" : 530.94,
    "volume" : 104613.00
  }, {
    "date" : "2025-02-25",
    "price" : 374.45,
    "dma50" : 441.13,
    "dma100" : null,
    "dma200" : 529.38,
    "volume" : 33906.00
  }, {
    "date" : "2025-02-27",
    "price" : 360.15,
    "dma50" : 437.95,
    "dma100" : null,
    "dma200" : 527.70,
    "volume" : 34562.00
  }, {
    "date" : "2025-02-28",
    "price" : 338.25,
    "dma50" : 434.04,
    "dma100" : null,
    "dma200" : 525.81,
    "volume" : 207250.00
  }, {
    "date" : "2025-03-03",
    "price" : 324.00,
    "dma50" : 429.73,
    "dma100" : null,
    "dma200" : 523.80,
    "volume" : 192361.00
  }, {
    "date" : "2025-03-04",
    "price" : 316.25,
    "dma50" : 425.28,
    "dma100" : null,
    "dma200" : 521.74,
    "volume" : 54314.00
  }, {
    "date" : "2025-03-05",
    "price" : 325.15,
    "dma50" : 421.35,
    "dma100" : null,
    "dma200" : 519.78,
    "volume" : 60828.00
  }, {
    "date" : "2025-03-06",
    "price" : 330.75,
    "dma50" : 417.80,
    "dma100" : null,
    "dma200" : 517.90,
    "volume" : 70513.00
  }, {
    "date" : "2025-03-07",
    "price" : 337.00,
    "dma50" : 414.63,
    "dma100" : null,
    "dma200" : 516.10,
    "volume" : 53593.00
  }, {
    "date" : "2025-03-10",
    "price" : 320.70,
    "dma50" : 410.95,
    "dma100" : null,
    "dma200" : 514.16,
    "volume" : 120591.00
  }, {
    "date" : "2025-03-11",
    "price" : 313.55,
    "dma50" : 407.13,
    "dma100" : null,
    "dma200" : 512.16,
    "volume" : 70422.00
  }, {
    "date" : "2025-03-12",
    "price" : 303.15,
    "dma50" : 403.05,
    "dma100" : null,
    "dma200" : 510.08,
    "volume" : 122850.00
  }, {
    "date" : "2025-03-13",
    "price" : 300.70,
    "dma50" : 399.03,
    "dma100" : null,
    "dma200" : 508.00,
    "volume" : 99049.00
  }, {
    "date" : "2025-03-17",
    "price" : 294.90,
    "dma50" : 394.95,
    "dma100" : null,
    "dma200" : 505.88,
    "volume" : 58233.00
  }, {
    "date" : "2025-03-18",
    "price" : 294.15,
    "dma50" : 391.00,
    "dma100" : null,
    "dma200" : 503.77,
    "volume" : 122586.00
  }, {
    "date" : "2025-03-19",
    "price" : 305.30,
    "dma50" : 387.64,
    "dma100" : null,
    "dma200" : 501.80,
    "volume" : 88548.00
  }, {
    "date" : "2025-03-20",
    "price" : 301.40,
    "dma50" : 384.26,
    "dma100" : null,
    "dma200" : 499.80,
    "volume" : 127397.00
  }, {
    "date" : "2025-03-21",
    "price" : 325.25,
    "dma50" : 381.94,
    "dma100" : null,
    "dma200" : 498.07,
    "volume" : 218187.00
  }, {
    "date" : "2025-03-24",
    "price" : 328.35,
    "dma50" : 379.84,
    "dma100" : null,
    "dma200" : 496.38,
    "volume" : 179838.00
  }, {
    "date" : "2025-03-25",
    "price" : 316.50,
    "dma50" : 377.36,
    "dma100" : null,
    "dma200" : 494.59,
    "volume" : 118438.00
  }, {
    "date" : "2025-03-26",
    "price" : 304.55,
    "dma50" : 374.50,
    "dma100" : null,
    "dma200" : 492.70,
    "volume" : 80593.00
  }, {
    "date" : "2025-03-27",
    "price" : 296.70,
    "dma50" : 371.45,
    "dma100" : null,
    "dma200" : 490.75,
    "volume" : 112788.00
  }, {
    "date" : "2025-03-28",
    "price" : 293.10,
    "dma50" : 368.38,
    "dma100" : null,
    "dma200" : 488.78,
    "volume" : 119190.00
  }, {
    "date" : "2025-04-01",
    "price" : 294.35,
    "dma50" : 365.47,
    "dma100" : null,
    "dma200" : 486.84,
    "volume" : 105034.00
  }, {
    "date" : "2025-04-02",
    "price" : 293.75,
    "dma50" : 362.66,
    "dma100" : null,
    "dma200" : 484.92,
    "volume" : 79047.00
  }, {
    "date" : "2025-04-03",
    "price" : 295.65,
    "dma50" : 360.03,
    "dma100" : null,
    "dma200" : 483.04,
    "volume" : 38725.00
  }, {
    "date" : "2025-04-04",
    "price" : 282.25,
    "dma50" : 356.98,
    "dma100" : null,
    "dma200" : 481.04,
    "volume" : 97835.00
  }, {
    "date" : "2025-04-07",
    "price" : 287.10,
    "dma50" : 354.24,
    "dma100" : null,
    "dma200" : 479.11,
    "volume" : 101120.00
  }, {
    "date" : "2025-04-08",
    "price" : 288.75,
    "dma50" : 351.67,
    "dma100" : null,
    "dma200" : 477.22,
    "volume" : 69510.00
  }, {
    "date" : "2025-04-09",
    "price" : 288.60,
    "dma50" : 349.20,
    "dma100" : null,
    "dma200" : 475.34,
    "volume" : 29648.00
  }, {
    "date" : "2025-04-11",
    "price" : 290.05,
    "dma50" : 346.88,
    "dma100" : null,
    "dma200" : 473.50,
    "volume" : 38519.00
  }, {
    "date" : "2025-04-15",
    "price" : 304.50,
    "dma50" : 345.22,
    "dma100" : null,
    "dma200" : 471.82,
    "volume" : 46076.00
  }, {
    "date" : "2025-04-16",
    "price" : 299.90,
    "dma50" : 343.44,
    "dma100" : null,
    "dma200" : 470.11,
    "volume" : 62516.00
  }, {
    "date" : "2025-04-17",
    "price" : 311.50,
    "dma50" : 342.19,
    "dma100" : null,
    "dma200" : 468.53,
    "volume" : 81418.00
  }, {
    "date" : "2025-04-21",
    "price" : 325.15,
    "dma50" : 341.52,
    "dma100" : null,
    "dma200" : 467.10,
    "volume" : 115257.00
  }, {
    "date" : "2025-04-22",
    "price" : 390.15,
    "dma50" : 343.43,
    "dma100" : null,
    "dma200" : 466.34,
    "volume" : 841435.00
  }, {
    "date" : "2025-04-23",
    "price" : 438.00,
    "dma50" : 347.14,
    "dma100" : null,
    "dma200" : 466.05,
    "volume" : 2615258.00
  }, {
    "date" : "2025-04-24",
    "price" : 424.15,
    "dma50" : 350.16,
    "dma100" : null,
    "dma200" : 465.64,
    "volume" : 260199.00
  }, {
    "date" : "2025-04-25",
    "price" : 411.40,
    "dma50" : 352.56,
    "dma100" : null,
    "dma200" : 465.10,
    "volume" : 190988.00
  }, {
    "date" : "2025-04-28",
    "price" : 421.90,
    "dma50" : 355.28,
    "dma100" : null,
    "dma200" : 464.67,
    "volume" : 162278.00
  }, {
    "date" : "2025-04-29",
    "price" : 407.75,
    "dma50" : 357.34,
    "dma100" : null,
    "dma200" : 464.10,
    "volume" : 81709.00
  }, {
    "date" : "2025-04-30",
    "price" : 411.25,
    "dma50" : 359.45,
    "dma100" : null,
    "dma200" : 463.57,
    "volume" : 106015.00
  }, {
    "date" : "2025-05-02",
    "price" : 410.55,
    "dma50" : 361.45,
    "dma100" : null,
    "dma200" : 463.05,
    "volume" : 55993.00
  }, {
    "date" : "2025-05-05",
    "price" : 410.30,
    "dma50" : 363.37,
    "dma100" : null,
    "dma200" : 462.52,
    "volume" : 39041.00
  }, {
    "date" : "2025-05-06",
    "price" : 387.10,
    "dma50" : 364.30,
    "dma100" : null,
    "dma200" : 461.77,
    "volume" : 90890.00
  }, {
    "date" : "2025-05-07",
    "price" : 393.50,
    "dma50" : 365.45,
    "dma100" : null,
    "dma200" : 461.09,
    "volume" : 62787.00
  }, {
    "date" : "2025-05-08",
    "price" : 395.45,
    "dma50" : 366.62,
    "dma100" : null,
    "dma200" : 460.44,
    "volume" : 60347.00
  }, {
    "date" : "2025-05-09",
    "price" : 384.40,
    "dma50" : 367.32,
    "dma100" : null,
    "dma200" : 459.68,
    "volume" : 60897.00
  }, {
    "date" : "2025-05-12",
    "price" : 409.40,
    "dma50" : 368.97,
    "dma100" : null,
    "dma200" : 459.18,
    "volume" : 59097.00
  }, {
    "date" : "2025-05-13",
    "price" : 418.85,
    "dma50" : 370.93,
    "dma100" : null,
    "dma200" : 458.78,
    "volume" : 53787.00
  }, {
    "date" : "2025-05-14",
    "price" : 413.85,
    "dma50" : 372.61,
    "dma100" : null,
    "dma200" : 458.33,
    "volume" : 29318.00
  }, {
    "date" : "2025-05-15",
    "price" : 409.40,
    "dma50" : 374.05,
    "dma100" : null,
    "dma200" : 457.85,
    "volume" : 57338.00
  }, {
    "date" : "2025-05-16",
    "price" : 411.20,
    "dma50" : 375.51,
    "dma100" : null,
    "dma200" : 457.38,
    "volume" : 57739.00
  }, {
    "date" : "2025-05-19",
    "price" : 410.55,
    "dma50" : 376.88,
    "dma100" : null,
    "dma200" : 456.92,
    "volume" : 46654.00
  }, {
    "date" : "2025-05-20",
    "price" : 403.25,
    "dma50" : 377.92,
    "dma100" : null,
    "dma200" : 456.38,
    "volume" : 46614.00
  }, {
    "date" : "2025-05-21",
    "price" : 407.45,
    "dma50" : 379.07,
    "dma100" : null,
    "dma200" : 455.90,
    "volume" : 27666.00
  }, {
    "date" : "2025-05-22",
    "price" : 410.30,
    "dma50" : 380.30,
    "dma100" : null,
    "dma200" : 455.44,
    "volume" : 73161.00
  }, {
    "date" : "2025-05-23",
    "price" : 423.30,
    "dma50" : 381.99,
    "dma100" : null,
    "dma200" : 455.12,
    "volume" : 63430.00
  }, {
    "date" : "2025-05-26",
    "price" : 440.50,
    "dma50" : 384.28,
    "dma100" : null,
    "dma200" : 454.98,
    "volume" : 114564.00
  }, {
    "date" : "2025-05-27",
    "price" : 418.75,
    "dma50" : 385.63,
    "dma100" : null,
    "dma200" : 454.62,
    "volume" : 125523.00
  }, {
    "date" : "2025-05-28",
    "price" : 422.70,
    "dma50" : 387.09,
    "dma100" : null,
    "dma200" : 454.30,
    "volume" : 24994.00
  }, {
    "date" : "2025-05-29",
    "price" : 414.25,
    "dma50" : 388.15,
    "dma100" : null,
    "dma200" : 453.90,
    "volume" : 35322.00
  }, {
    "date" : "2025-05-30",
    "price" : 411.05,
    "dma50" : 389.05,
    "dma100" : null,
    "dma200" : 453.47,
    "volume" : 34690.00
  }, {
    "date" : "2025-06-02",
    "price" : 418.60,
    "dma50" : 390.21,
    "dma100" : null,
    "dma200" : 453.13,
    "volume" : 46574.00
  }, {
    "date" : "2025-06-03",
    "price" : 415.30,
    "dma50" : 391.19,
    "dma100" : null,
    "dma200" : 452.75,
    "volume" : 28708.00
  }, {
    "date" : "2025-06-04",
    "price" : 438.65,
    "dma50" : 393.05,
    "dma100" : null,
    "dma200" : 452.61,
    "volume" : 174476.00
  }, {
    "date" : "2025-06-05",
    "price" : 429.55,
    "dma50" : 394.48,
    "dma100" : null,
    "dma200" : 452.38,
    "volume" : 36236.00
  }, {
    "date" : "2025-06-06",
    "price" : 436.30,
    "dma50" : 396.12,
    "dma100" : null,
    "dma200" : 452.22,
    "volume" : 57191.00
  }, {
    "date" : "2025-06-09",
    "price" : 448.30,
    "dma50" : 398.17,
    "dma100" : null,
    "dma200" : 452.18,
    "volume" : 127420.00
  }, {
    "date" : "2025-06-10",
    "price" : 428.35,
    "dma50" : 399.35,
    "dma100" : null,
    "dma200" : 451.94,
    "volume" : 254111.00
  }, {
    "date" : "2025-06-11",
    "price" : 416.35,
    "dma50" : 400.02,
    "dma100" : null,
    "dma200" : 451.59,
    "volume" : 84948.00
  }, {
    "date" : "2025-06-12",
    "price" : 421.60,
    "dma50" : 400.87,
    "dma100" : null,
    "dma200" : 451.29,
    "volume" : 85835.00
  }, {
    "date" : "2025-06-13",
    "price" : 427.70,
    "dma50" : 401.92,
    "dma100" : null,
    "dma200" : 451.06,
    "volume" : 48772.00
  }, {
    "date" : "2025-06-16",
    "price" : 417.35,
    "dma50" : 402.52,
    "dma100" : null,
    "dma200" : 450.72,
    "volume" : 36233.00
  }, {
    "date" : "2025-06-17",
    "price" : 418.70,
    "dma50" : 403.16,
    "dma100" : null,
    "dma200" : 450.40,
    "volume" : 29474.00
  }, {
    "date" : "2025-06-18",
    "price" : 412.90,
    "dma50" : 403.54,
    "dma100" : null,
    "dma200" : 450.03,
    "volume" : 38313.00
  }, {
    "date" : "2025-06-19",
    "price" : 407.60,
    "dma50" : 403.70,
    "dma100" : null,
    "dma200" : 449.61,
    "volume" : 36827.00
  }, {
    "date" : "2025-06-20",
    "price" : 405.25,
    "dma50" : 403.76,
    "dma100" : null,
    "dma200" : 449.17,
    "volume" : 19124.00
  }, {
    "date" : "2025-06-23",
    "price" : 401.90,
    "dma50" : 403.69,
    "dma100" : null,
    "dma200" : 448.70,
    "volume" : 27600.00
  }, {
    "date" : "2025-06-24",
    "price" : 410.35,
    "dma50" : 403.95,
    "dma100" : null,
    "dma200" : 448.31,
    "volume" : 25592.00
  }, {
    "date" : "2025-06-25",
    "price" : 411.75,
    "dma50" : 404.25,
    "dma100" : 378.49,
    "dma200" : 447.95,
    "volume" : 21939.00
  }, {
    "date" : "2025-06-26",
    "price" : 410.50,
    "dma50" : 404.50,
    "dma100" : 378.23,
    "dma200" : 447.58,
    "volume" : 27884.00
  }, {
    "date" : "2025-06-27",
    "price" : 412.45,
    "dma50" : 404.81,
    "dma100" : 378.03,
    "dma200" : 447.23,
    "volume" : 22900.00
  }, {
    "date" : "2025-06-30",
    "price" : 410.95,
    "dma50" : 405.05,
    "dma100" : 377.77,
    "dma200" : 446.87,
    "volume" : 28591.00
  }, {
    "date" : "2025-07-01",
    "price" : 423.50,
    "dma50" : 405.78,
    "dma100" : 377.65,
    "dma200" : 446.64,
    "volume" : 59829.00
  }, {
    "date" : "2025-07-02",
    "price" : 431.35,
    "dma50" : 406.78,
    "dma100" : 377.66,
    "dma200" : 446.48,
    "volume" : 121755.00
  }, {
    "date" : "2025-07-03",
    "price" : 429.65,
    "dma50" : 407.68,
    "dma100" : 377.69,
    "dma200" : 446.32,
    "volume" : 52380.00
  }, {
    "date" : "2025-07-04",
    "price" : 422.60,
    "dma50" : 408.26,
    "dma100" : 377.71,
    "dma200" : 446.08,
    "volume" : 32011.00
  }, {
    "date" : "2025-07-07",
    "price" : 416.80,
    "dma50" : 408.60,
    "dma100" : 377.68,
    "dma200" : 445.79,
    "volume" : 19333.00
  }, {
    "date" : "2025-07-08",
    "price" : 411.35,
    "dma50" : 408.70,
    "dma100" : 377.59,
    "dma200" : 445.45,
    "volume" : 59010.00
  }, {
    "date" : "2025-07-09",
    "price" : 423.60,
    "dma50" : 409.29,
    "dma100" : 377.65,
    "dma200" : 445.23,
    "volume" : 55808.00
  }, {
    "date" : "2025-07-10",
    "price" : 420.60,
    "dma50" : 409.73,
    "dma100" : 377.81,
    "dma200" : 444.98,
    "volume" : 78243.00
  }, {
    "date" : "2025-07-11",
    "price" : 417.55,
    "dma50" : 410.04,
    "dma100" : 377.92,
    "dma200" : 444.71,
    "volume" : 52960.00
  }, {
    "date" : "2025-07-14",
    "price" : 409.05,
    "dma50" : 410.00,
    "dma100" : 377.94,
    "dma200" : 444.36,
    "volume" : 46735.00
  }, {
    "date" : "2025-07-15",
    "price" : 405.80,
    "dma50" : 409.83,
    "dma100" : 378.04,
    "dma200" : 443.97,
    "volume" : 45424.00
  }, {
    "date" : "2025-07-16",
    "price" : 408.35,
    "dma50" : 409.78,
    "dma100" : 378.29,
    "dma200" : 443.62,
    "volume" : 53747.00
  }, {
    "date" : "2025-07-17",
    "price" : 422.70,
    "dma50" : 410.28,
    "dma100" : 378.74,
    "dma200" : 443.41,
    "volume" : 107436.00
  }, {
    "date" : "2025-07-18",
    "price" : 420.65,
    "dma50" : 410.69,
    "dma100" : 379.11,
    "dma200" : 443.18,
    "volume" : 21378.00
  }, {
    "date" : "2025-07-21",
    "price" : 435.85,
    "dma50" : 411.68,
    "dma100" : 379.58,
    "dma200" : 443.11,
    "volume" : 337166.00
  }, {
    "date" : "2025-07-22",
    "price" : 421.60,
    "dma50" : 412.07,
    "dma100" : 379.84,
    "dma200" : 442.90,
    "volume" : 89205.00
  }, {
    "date" : "2025-07-23",
    "price" : 409.05,
    "dma50" : 411.95,
    "dma100" : 380.07,
    "dma200" : 442.56,
    "volume" : 112960.00
  }, {
    "date" : "2025-07-24",
    "price" : 406.60,
    "dma50" : 411.74,
    "dma100" : 380.39,
    "dma200" : 442.20,
    "volume" : 26819.00
  }, {
    "date" : "2025-07-25",
    "price" : 403.55,
    "dma50" : 411.42,
    "dma100" : 380.83,
    "dma200" : 441.82,
    "volume" : 20168.00
  }, {
    "date" : "2025-07-28",
    "price" : 394.65,
    "dma50" : 410.76,
    "dma100" : 381.39,
    "dma200" : 441.35,
    "volume" : 36257.00
  }, {
    "date" : "2025-07-29",
    "price" : 391.00,
    "dma50" : 409.98,
    "dma100" : 382.06,
    "dma200" : 440.85,
    "volume" : 33785.00
  }, {
    "date" : "2025-07-30",
    "price" : 392.00,
    "dma50" : 409.28,
    "dma100" : 382.82,
    "dma200" : 440.36,
    "volume" : 31291.00
  }, {
    "date" : "2025-07-31",
    "price" : 386.90,
    "dma50" : 408.40,
    "dma100" : 383.43,
    "dma200" : 439.83,
    "volume" : 35968.00
  }, {
    "date" : "2025-08-01",
    "price" : 379.70,
    "dma50" : 407.28,
    "dma100" : 383.92,
    "dma200" : 439.23,
    "volume" : 29271.00
  }, {
    "date" : "2025-08-04",
    "price" : 369.75,
    "dma50" : 405.80,
    "dma100" : 384.25,
    "dma200" : 438.54,
    "volume" : 61810.00
  }, {
    "date" : "2025-08-05",
    "price" : 358.55,
    "dma50" : 403.95,
    "dma100" : 384.63,
    "dma200" : 437.74,
    "volume" : 72981.00
  }, {
    "date" : "2025-08-06",
    "price" : 348.50,
    "dma50" : 401.78,
    "dma100" : 384.98,
    "dma200" : 436.85,
    "volume" : 68272.00
  }, {
    "date" : "2025-08-07",
    "price" : 349.85,
    "dma50" : 399.74,
    "dma100" : 385.45,
    "dma200" : 435.99,
    "volume" : 95327.00
  }, {
    "date" : "2025-08-08",
    "price" : 340.15,
    "dma50" : 397.40,
    "dma100" : 385.84,
    "dma200" : 435.04,
    "volume" : 55915.00
  }, {
    "date" : "2025-08-11",
    "price" : 333.55,
    "dma50" : 394.90,
    "dma100" : 386.23,
    "dma200" : 434.03,
    "volume" : 95414.00
  }, {
    "date" : "2025-08-12",
    "price" : 327.70,
    "dma50" : 392.26,
    "dma100" : 386.56,
    "dma200" : 432.97,
    "volume" : 56441.00
  }, {
    "date" : "2025-08-13",
    "price" : 329.30,
    "dma50" : 389.79,
    "dma100" : 386.80,
    "dma200" : 431.94,
    "volume" : 34924.00
  }, {
    "date" : "2025-08-14",
    "price" : 323.80,
    "dma50" : 387.21,
    "dma100" : 387.03,
    "dma200" : 430.86,
    "volume" : 38416.00
  }, {
    "date" : "2025-08-18",
    "price" : 326.00,
    "dma50" : 384.81,
    "dma100" : 387.03,
    "dma200" : 429.82,
    "volume" : 141133.00
  }, {
    "date" : "2025-08-19",
    "price" : 327.35,
    "dma50" : 382.55,
    "dma100" : 387.02,
    "dma200" : 428.80,
    "volume" : 82074.00
  }, {
    "date" : "2025-08-20",
    "price" : 327.55,
    "dma50" : 380.40,
    "dma100" : 387.14,
    "dma200" : 427.79,
    "volume" : 100112.00
  }, {
    "date" : "2025-08-21",
    "price" : 323.75,
    "dma50" : 378.17,
    "dma100" : 387.33,
    "dma200" : 426.75,
    "volume" : 201518.00
  }, {
    "date" : "2025-08-22",
    "price" : 325.50,
    "dma50" : 376.11,
    "dma100" : 387.62,
    "dma200" : 425.75,
    "volume" : 58402.00
  }, {
    "date" : "2025-08-25",
    "price" : 321.05,
    "dma50" : 373.95,
    "dma100" : 387.89,
    "dma200" : 424.71,
    "volume" : 54758.00
  }, {
    "date" : "2025-08-26",
    "price" : 318.90,
    "dma50" : 371.79,
    "dma100" : 388.14,
    "dma200" : 423.65,
    "volume" : 65551.00
  }, {
    "date" : "2025-08-28",
    "price" : 309.10,
    "dma50" : 369.33,
    "dma100" : 388.29,
    "dma200" : 422.51,
    "volume" : 88680.00
  }, {
    "date" : "2025-08-29",
    "price" : 311.55,
    "dma50" : 367.07,
    "dma100" : 388.45,
    "dma200" : 421.41,
    "volume" : 77007.00
  }, {
    "date" : "2025-09-01",
    "price" : 309.35,
    "dma50" : 364.80,
    "dma100" : 388.72,
    "dma200" : 420.29,
    "volume" : 121298.00
  }, {
    "date" : "2025-09-02",
    "price" : 312.75,
    "dma50" : 362.76,
    "dma100" : 388.98,
    "dma200" : 419.22,
    "volume" : 124202.00
  }, {
    "date" : "2025-09-03",
    "price" : 316.20,
    "dma50" : 360.94,
    "dma100" : 389.25,
    "dma200" : 418.20,
    "volume" : 127186.00
  }, {
    "date" : "2025-09-04",
    "price" : 313.20,
    "dma50" : 359.06,
    "dma100" : 389.50,
    "dma200" : 417.15,
    "volume" : 74263.00
  }, {
    "date" : "2025-09-05",
    "price" : 333.05,
    "dma50" : 358.04,
    "dma100" : 389.93,
    "dma200" : 416.32,
    "volume" : 241011.00
  }, {
    "date" : "2025-09-08",
    "price" : 328.50,
    "dma50" : 356.89,
    "dma100" : 390.17,
    "dma200" : 415.44,
    "volume" : 65206.00
  }, {
    "date" : "2025-09-09",
    "price" : 326.00,
    "dma50" : 355.67,
    "dma100" : 390.43,
    "dma200" : 414.55,
    "volume" : 42739.00
  }, {
    "date" : "2025-09-10",
    "price" : 328.65,
    "dma50" : 354.61,
    "dma100" : 390.60,
    "dma200" : 413.70,
    "volume" : 41307.00
  }, {
    "date" : "2025-09-11",
    "price" : 344.25,
    "dma50" : 354.21,
    "dma100" : 390.79,
    "dma200" : 413.01,
    "volume" : 1018111.00
  }, {
    "date" : "2025-09-12",
    "price" : 344.45,
    "dma50" : 353.83,
    "dma100" : 390.34,
    "dma200" : 412.33,
    "volume" : 196042.00
  }, {
    "date" : "2025-09-15",
    "price" : 355.90,
    "dma50" : 353.91,
    "dma100" : 389.52,
    "dma200" : 411.76,
    "volume" : 199204.00
  }, {
    "date" : "2025-09-16",
    "price" : 351.70,
    "dma50" : 353.82,
    "dma100" : 388.79,
    "dma200" : 411.17,
    "volume" : 69460.00
  }, {
    "date" : "2025-09-17",
    "price" : 349.45,
    "dma50" : 353.65,
    "dma100" : 388.17,
    "dma200" : 410.55,
    "volume" : 47543.00
  }, {
    "date" : "2025-09-18",
    "price" : 349.75,
    "dma50" : 353.50,
    "dma100" : 387.45,
    "dma200" : 409.95,
    "volume" : 36247.00
  }, {
    "date" : "2025-09-19",
    "price" : 346.25,
    "dma50" : 353.21,
    "dma100" : 386.84,
    "dma200" : 409.31,
    "volume" : 55996.00
  }, {
    "date" : "2025-09-22",
    "price" : 348.75,
    "dma50" : 353.04,
    "dma100" : 386.21,
    "dma200" : 408.71,
    "volume" : 107867.00
  }, {
    "date" : "2025-09-23",
    "price" : 347.55,
    "dma50" : 352.82,
    "dma100" : 385.58,
    "dma200" : 408.10,
    "volume" : 50846.00
  }, {
    "date" : "2025-09-24",
    "price" : 334.55,
    "dma50" : 352.10,
    "dma100" : 384.82,
    "dma200" : 407.37,
    "volume" : 113093.00
  }, {
    "date" : "2025-09-25",
    "price" : 327.85,
    "dma50" : 351.15,
    "dma100" : 384.23,
    "dma200" : 406.58,
    "volume" : 58943.00
  }, {
    "date" : "2025-09-26",
    "price" : 323.40,
    "dma50" : 350.07,
    "dma100" : 383.53,
    "dma200" : 405.75,
    "volume" : 57912.00
  }, {
    "date" : "2025-09-29",
    "price" : 315.85,
    "dma50" : 348.72,
    "dma100" : 382.73,
    "dma200" : 404.86,
    "volume" : 71476.00
  }, {
    "date" : "2025-09-30",
    "price" : 315.45,
    "dma50" : 347.42,
    "dma100" : 382.04,
    "dma200" : 403.97,
    "volume" : 62209.00
  }, {
    "date" : "2025-10-01",
    "price" : 318.40,
    "dma50" : 346.28,
    "dma100" : 381.13,
    "dma200" : 403.12,
    "volume" : 75003.00
  }, {
    "date" : "2025-10-03",
    "price" : 320.65,
    "dma50" : 345.28,
    "dma100" : 380.15,
    "dma200" : 402.29,
    "volume" : 128841.00
  }, {
    "date" : "2025-10-06",
    "price" : 315.10,
    "dma50" : 344.09,
    "dma100" : 379.16,
    "dma200" : 401.43,
    "volume" : 60717.00
  }, {
    "date" : "2025-10-07",
    "price" : 314.25,
    "dma50" : 342.92,
    "dma100" : 378.21,
    "dma200" : 400.56,
    "volume" : 58691.00
  }, {
    "date" : "2025-10-08",
    "price" : 309.00,
    "dma50" : 341.59,
    "dma100" : 377.19,
    "dma200" : 399.65,
    "volume" : 59801.00
  }, {
    "date" : "2025-10-09",
    "price" : 319.90,
    "dma50" : 340.74,
    "dma100" : 376.28,
    "dma200" : 398.86,
    "volume" : 143797.00
  }, {
    "date" : "2025-10-10",
    "price" : 320.20,
    "dma50" : 339.94,
    "dma100" : 375.45,
    "dma200" : 398.07,
    "volume" : 58256.00
  }, {
    "date" : "2025-10-13",
    "price" : 315.30,
    "dma50" : 338.97,
    "dma100" : 374.53,
    "dma200" : 397.25,
    "volume" : 53582.00
  }, {
    "date" : "2025-10-14",
    "price" : 312.60,
    "dma50" : 337.94,
    "dma100" : 373.56,
    "dma200" : 396.41,
    "volume" : 48683.00
  }, {
    "date" : "2025-10-15",
    "price" : 312.10,
    "dma50" : 336.92,
    "dma100" : 372.44,
    "dma200" : 395.57,
    "volume" : 48561.00
  }, {
    "date" : "2025-10-16",
    "price" : 320.50,
    "dma50" : 336.28,
    "dma100" : 371.24,
    "dma200" : 394.82,
    "volume" : 97861.00
  }, {
    "date" : "2025-10-17",
    "price" : 325.45,
    "dma50" : 335.85,
    "dma100" : 370.31,
    "dma200" : 394.13,
    "volume" : 132921.00
  }, {
    "date" : "2025-10-20",
    "price" : 381.75,
    "dma50" : 337.65,
    "dma100" : 369.90,
    "dma200" : 394.01,
    "volume" : 4964960.00
  }, {
    "date" : "2025-10-21",
    "price" : 413.70,
    "dma50" : 340.64,
    "dma100" : 369.90,
    "dma200" : 394.20,
    "volume" : 2046610.00
  }, {
    "date" : "2025-10-23",
    "price" : 396.70,
    "dma50" : 342.83,
    "dma100" : 369.75,
    "dma200" : 394.23,
    "volume" : 928785.00
  }, {
    "date" : "2025-10-24",
    "price" : 396.75,
    "dma50" : 344.95,
    "dma100" : 369.53,
    "dma200" : 394.25,
    "volume" : 326050.00
  }, {
    "date" : "2025-10-27",
    "price" : 383.10,
    "dma50" : 346.44,
    "dma100" : 369.21,
    "dma200" : 394.14,
    "volume" : 267179.00
  }, {
    "date" : "2025-10-28",
    "price" : 387.35,
    "dma50" : 348.05,
    "dma100" : 368.70,
    "dma200" : 394.07,
    "volume" : 228079.00
  }, {
    "date" : "2025-10-29",
    "price" : 400.00,
    "dma50" : 350.09,
    "dma100" : 368.40,
    "dma200" : 394.13,
    "volume" : 368805.00
  }, {
    "date" : "2025-10-30",
    "price" : 404.05,
    "dma50" : 352.20,
    "dma100" : 368.08,
    "dma200" : 394.23,
    "volume" : 834136.00
  }, {
    "date" : "2025-10-31",
    "price" : 431.55,
    "dma50" : 355.31,
    "dma100" : 367.91,
    "dma200" : 394.60,
    "volume" : 2633693.00
  }, {
    "date" : "2025-11-03",
    "price" : 448.90,
    "dma50" : 358.98,
    "dma100" : 368.12,
    "dma200" : 395.14,
    "volume" : 4021228.00
  }, {
    "date" : "2025-11-04",
    "price" : 446.80,
    "dma50" : 362.43,
    "dma100" : 368.42,
    "dma200" : 395.66,
    "volume" : 534675.00
  }, {
    "date" : "2025-11-06",
    "price" : 452.35,
    "dma50" : 365.95,
    "dma100" : 368.73,
    "dma200" : 396.22,
    "volume" : 472205.00
  }, {
    "date" : "2025-11-07",
    "price" : 479.05,
    "dma50" : 370.39,
    "dma100" : 369.24,
    "dma200" : 397.05,
    "volume" : 935874.00
  }, {
    "date" : "2025-11-10",
    "price" : 477.50,
    "dma50" : 374.59,
    "dma100" : 369.85,
    "dma200" : 397.85,
    "volume" : 476936.00
  }, {
    "date" : "2025-11-11",
    "price" : 478.45,
    "dma50" : 378.66,
    "dma100" : 370.44,
    "dma200" : 398.65,
    "volume" : 234366.00
  }, {
    "date" : "2025-11-12",
    "price" : 464.75,
    "dma50" : 382.04,
    "dma100" : 370.96,
    "dma200" : 399.31,
    "volume" : 187264.00
  }, {
    "date" : "2025-11-13",
    "price" : 488.05,
    "dma50" : 386.20,
    "dma100" : 371.77,
    "dma200" : 400.19,
    "volume" : 603996.00
  }, {
    "date" : "2025-11-14",
    "price" : 473.25,
    "dma50" : 389.61,
    "dma100" : 372.45,
    "dma200" : 400.92,
    "volume" : 132557.00
  }, {
    "date" : "2025-11-17",
    "price" : 490.40,
    "dma50" : 393.56,
    "dma100" : 373.33,
    "dma200" : 401.81,
    "volume" : 289229.00
  }, {
    "date" : "2025-11-18",
    "price" : 478.90,
    "dma50" : 396.91,
    "dma100" : 374.02,
    "dma200" : 402.57,
    "volume" : 78735.00
  }, {
    "date" : "2025-11-19",
    "price" : 449.00,
    "dma50" : 398.95,
    "dma100" : 374.39,
    "dma200" : 403.04,
    "volume" : 374377.00
  }, {
    "date" : "2025-11-20",
    "price" : 448.10,
    "dma50" : 400.88,
    "dma100" : 374.76,
    "dma200" : 403.48,
    "volume" : 158487.00
  }, {
    "date" : "2025-11-21",
    "price" : 437.50,
    "dma50" : 402.32,
    "dma100" : 375.02,
    "dma200" : 403.82,
    "volume" : 186086.00
  }, {
    "date" : "2025-11-24",
    "price" : 422.70,
    "dma50" : 403.11,
    "dma100" : 375.13,
    "dma200" : 404.01,
    "volume" : 146168.00
  }, {
    "date" : "2025-11-25",
    "price" : 440.85,
    "dma50" : 404.59,
    "dma100" : 375.31,
    "dma200" : 404.38,
    "volume" : 211804.00
  }, {
    "date" : "2025-11-26",
    "price" : 430.25,
    "dma50" : 405.60,
    "dma100" : 375.30,
    "dma200" : 404.63,
    "volume" : 94433.00
  }, {
    "date" : "2025-11-27",
    "price" : 432.30,
    "dma50" : 406.65,
    "dma100" : 375.32,
    "dma200" : 404.91,
    "volume" : 137763.00
  }, {
    "date" : "2025-11-28",
    "price" : 433.95,
    "dma50" : 407.72,
    "dma100" : 375.44,
    "dma200" : 405.20,
    "volume" : 103655.00
  }, {
    "date" : "2025-12-01",
    "price" : 438.95,
    "dma50" : 408.94,
    "dma100" : 375.66,
    "dma200" : 405.53,
    "volume" : 95688.00
  }, {
    "date" : "2025-12-02",
    "price" : 436.35,
    "dma50" : 410.02,
    "dma100" : 375.91,
    "dma200" : 405.84,
    "volume" : 79700.00
  }, {
    "date" : "2025-12-03",
    "price" : 437.60,
    "dma50" : 411.10,
    "dma100" : 376.05,
    "dma200" : 406.16,
    "volume" : 50319.00
  }, {
    "date" : "2025-12-04",
    "price" : 447.60,
    "dma50" : 412.53,
    "dma100" : 376.32,
    "dma200" : 406.57,
    "volume" : 184542.00
  }, {
    "date" : "2025-12-05",
    "price" : 446.90,
    "dma50" : 413.88,
    "dma100" : 376.61,
    "dma200" : 406.97,
    "volume" : 138815.00
  }, {
    "date" : "2025-12-08",
    "price" : 425.30,
    "dma50" : 414.33,
    "dma100" : 376.77,
    "dma200" : 407.15,
    "volume" : 125063.00
  }, {
    "date" : "2025-12-09",
    "price" : 441.90,
    "dma50" : 415.41,
    "dma100" : 377.13,
    "dma200" : 407.50,
    "volume" : 153234.00
  }, {
    "date" : "2025-12-10",
    "price" : 433.90,
    "dma50" : 416.13,
    "dma100" : 377.39,
    "dma200" : 407.76,
    "volume" : 65659.00
  }, {
    "date" : "2025-12-11",
    "price" : 439.85,
    "dma50" : 417.06,
    "dma100" : 377.56,
    "dma200" : 408.08,
    "volume" : 64652.00
  }, {
    "date" : "2025-12-12",
    "price" : 445.30,
    "dma50" : 418.17,
    "dma100" : 377.81,
    "dma200" : 408.45,
    "volume" : 86762.00
  }, {
    "date" : "2025-12-15",
    "price" : 466.15,
    "dma50" : 420.05,
    "dma100" : 378.11,
    "dma200" : 409.03,
    "volume" : 242927.00
  }, {
    "date" : "2025-12-16",
    "price" : 462.70,
    "dma50" : 421.72,
    "dma100" : 378.52,
    "dma200" : 409.56,
    "volume" : 80481.00
  }, {
    "date" : "2025-12-17",
    "price" : 445.25,
    "dma50" : 422.65,
    "dma100" : 378.88,
    "dma200" : 409.91,
    "volume" : 100366.00
  }, {
    "date" : "2025-12-18",
    "price" : 448.65,
    "dma50" : 423.67,
    "dma100" : 379.30,
    "dma200" : 410.30,
    "volume" : 101652.00
  }, {
    "date" : "2025-12-19",
    "price" : 452.00,
    "dma50" : 424.78,
    "dma100" : 379.79,
    "dma200" : 410.72,
    "volume" : 128295.00
  }, {
    "date" : "2025-12-22",
    "price" : 467.85,
    "dma50" : 426.47,
    "dma100" : 380.52,
    "dma200" : 411.28,
    "volume" : 153760.00
  }, {
    "date" : "2025-12-23",
    "price" : 474.20,
    "dma50" : 428.34,
    "dma100" : 381.35,
    "dma200" : 411.91,
    "volume" : 181404.00
  }, {
    "date" : "2025-12-24",
    "price" : 472.05,
    "dma50" : 430.05,
    "dma100" : 382.15,
    "dma200" : 412.51,
    "volume" : 73072.00
  }, {
    "date" : "2025-12-26",
    "price" : 460.95,
    "dma50" : 431.26,
    "dma100" : 382.89,
    "dma200" : 412.99,
    "volume" : 62332.00
  }, {
    "date" : "2025-12-29",
    "price" : 447.25,
    "dma50" : 431.89,
    "dma100" : 383.57,
    "dma200" : 413.33,
    "volume" : 136803.00
  }, {
    "date" : "2025-12-30",
    "price" : 442.55,
    "dma50" : 432.31,
    "dma100" : 384.30,
    "dma200" : 413.62,
    "volume" : 90466.00
  }, {
    "date" : "2025-12-31",
    "price" : 465.75,
    "dma50" : 433.62,
    "dma100" : 385.37,
    "dma200" : 414.14,
    "volume" : 124196.00
  }, {
    "date" : "2026-01-01",
    "price" : 461.15,
    "dma50" : 434.70,
    "dma100" : 386.50,
    "dma200" : 414.61,
    "volume" : 61419.00
  }, {
    "date" : "2026-01-02",
    "price" : 463.90,
    "dma50" : 435.85,
    "dma100" : 387.64,
    "dma200" : 415.10,
    "volume" : 68349.00
  }, {
    "date" : "2026-01-05",
    "price" : 489.80,
    "dma50" : 437.96,
    "dma100" : 389.13,
    "dma200" : 415.84,
    "volume" : 501488.00
  }, {
    "date" : "2026-01-06",
    "price" : 487.60,
    "dma50" : 439.91,
    "dma100" : 390.67,
    "dma200" : 416.56,
    "volume" : 151052.00
  }, {
    "date" : "2026-01-07",
    "price" : 519.55,
    "dma50" : 443.03,
    "dma100" : 392.59,
    "dma200" : 417.58,
    "volume" : 995074.00
  }, {
    "date" : "2026-01-08",
    "price" : 513.90,
    "dma50" : 445.81,
    "dma100" : 394.44,
    "dma200" : 418.54,
    "volume" : 938718.00
  }, {
    "date" : "2026-01-09",
    "price" : 462.75,
    "dma50" : 446.47,
    "dma100" : 395.83,
    "dma200" : 418.98,
    "volume" : 564919.00
  }, {
    "date" : "2026-01-12",
    "price" : 483.30,
    "dma50" : 447.92,
    "dma100" : 397.40,
    "dma200" : 419.62,
    "volume" : 388407.00
  }, {
    "date" : "2026-01-13",
    "price" : 526.10,
    "dma50" : 450.98,
    "dma100" : 399.39,
    "dma200" : 420.68,
    "volume" : 1018980.00
  }, {
    "date" : "2026-01-14",
    "price" : 524.65,
    "dma50" : 453.87,
    "dma100" : 401.36,
    "dma200" : 421.71,
    "volume" : 327863.00
  }, {
    "date" : "2026-01-16",
    "price" : 524.75,
    "dma50" : 456.65,
    "dma100" : 403.37,
    "dma200" : 422.74,
    "volume" : 154428.00
  }, {
    "date" : "2026-01-19",
    "price" : 501.10,
    "dma50" : 458.40,
    "dma100" : 405.12,
    "dma200" : 423.52,
    "volume" : 160950.00
  }, {
    "date" : "2026-01-20",
    "price" : 468.30,
    "dma50" : 458.78,
    "dma100" : 406.60,
    "dma200" : 423.96,
    "volume" : 219412.00
  }, {
    "date" : "2026-01-21",
    "price" : 474.60,
    "dma50" : 459.40,
    "dma100" : 408.15,
    "dma200" : 424.47,
    "volume" : 866106.00
  }, {
    "date" : "2026-01-22",
    "price" : 472.90,
    "dma50" : 459.93,
    "dma100" : 409.79,
    "dma200" : 424.95,
    "volume" : 213481.00
  }, {
    "date" : "2026-01-23",
    "price" : 455.30,
    "dma50" : 459.75,
    "dma100" : 411.23,
    "dma200" : 425.25,
    "volume" : 225403.00
  }, {
    "date" : "2026-01-27",
    "price" : 431.35,
    "dma50" : 458.64,
    "dma100" : 412.45,
    "dma200" : 425.31,
    "volume" : 274416.00
  } ],
  "latestTechnicalAttributes" : {
    "date" : "2026-01-27",
    "price" : 431.35,
    "dma50" : 458.64,
    "dma100" : 412.45,
    "dma200" : 425.31,
    "volume" : 274416.00
  },
  "quarterlyResults" : [ {
    "date" : "2005-03-31",
    "sales" : 30.33,
    "salesGrowthYoY" : null,
    "grossProfitMargin" : 32.54,
    "grossProfit" : 9.87,
    "operatingProfitMargin" : 9.53,
    "operatingProfit" : 2.89,
    "netProfitMargin" : 4.35,
    "netProfit" : 1.32
  }, {
    "date" : "2005-06-30",
    "sales" : 21.24,
    "salesGrowthYoY" : null,
    "grossProfitMargin" : 33.33,
    "grossProfit" : 7.08,
    "operatingProfitMargin" : 8.29,
    "operatingProfit" : 1.76,
    "netProfitMargin" : 2.31,
    "netProfit" : 0.49
  }, {
    "date" : "2005-09-30",
    "sales" : 24.09,
    "salesGrowthYoY" : null,
    "grossProfitMargin" : 27.90,
    "grossProfit" : 6.72,
    "operatingProfitMargin" : 8.55,
    "operatingProfit" : 2.06,
    "netProfitMargin" : 3.15,
    "netProfit" : 0.76
  }, {
    "date" : "2005-12-31",
    "sales" : 27.10,
    "salesGrowthYoY" : null,
    "grossProfitMargin" : 38.45,
    "grossProfit" : 10.42,
    "operatingProfitMargin" : 15.68,
    "operatingProfit" : 4.25,
    "netProfitMargin" : 7.05,
    "netProfit" : 1.91
  }, {
    "date" : "2006-03-31",
    "sales" : 24.67,
    "salesGrowthYoY" : -18.66,
    "grossProfitMargin" : 40.94,
    "grossProfit" : 10.10,
    "operatingProfitMargin" : 17.88,
    "operatingProfit" : 4.41,
    "netProfitMargin" : 11.35,
    "netProfit" : 2.80
  }, {
    "date" : "2006-06-30",
    "sales" : 22.78,
    "salesGrowthYoY" : 7.25,
    "grossProfitMargin" : 36.96,
    "grossProfit" : 8.42,
    "operatingProfitMargin" : 10.32,
    "operatingProfit" : 2.35,
    "netProfitMargin" : 3.42,
    "netProfit" : 0.78
  }, {
    "date" : "2006-09-30",
    "sales" : 23.66,
    "salesGrowthYoY" : -1.78,
    "grossProfitMargin" : 35.63,
    "grossProfit" : 8.43,
    "operatingProfitMargin" : 10.31,
    "operatingProfit" : 2.44,
    "netProfitMargin" : 3.38,
    "netProfit" : 0.80
  }, {
    "date" : "2006-12-31",
    "sales" : 22.39,
    "salesGrowthYoY" : -17.38,
    "grossProfitMargin" : 39.04,
    "grossProfit" : 8.74,
    "operatingProfitMargin" : 11.70,
    "operatingProfit" : 2.62,
    "netProfitMargin" : 2.86,
    "netProfit" : 0.64
  }, {
    "date" : "2007-03-31",
    "sales" : 26.52,
    "salesGrowthYoY" : 7.50,
    "grossProfitMargin" : 31.67,
    "grossProfit" : 8.40,
    "operatingProfitMargin" : 10.18,
    "operatingProfit" : 2.70,
    "netProfitMargin" : 4.22,
    "netProfit" : 1.12
  }, {
    "date" : "2007-06-30",
    "sales" : 21.59,
    "salesGrowthYoY" : -5.22,
    "grossProfitMargin" : 30.15,
    "grossProfit" : 6.51,
    "operatingProfitMargin" : 9.63,
    "operatingProfit" : 2.08,
    "netProfitMargin" : 0.32,
    "netProfit" : 0.07
  }, {
    "date" : "2007-09-30",
    "sales" : 24.72,
    "salesGrowthYoY" : 4.48,
    "grossProfitMargin" : 28.68,
    "grossProfit" : 7.09,
    "operatingProfitMargin" : 7.69,
    "operatingProfit" : 1.90,
    "netProfitMargin" : 0.08,
    "netProfit" : 0.02
  }, {
    "date" : "2007-12-31",
    "sales" : 27.23,
    "salesGrowthYoY" : 21.62,
    "grossProfitMargin" : 27.47,
    "grossProfit" : 7.48,
    "operatingProfitMargin" : 7.12,
    "operatingProfit" : 1.94,
    "netProfitMargin" : 0.40,
    "netProfit" : 0.11
  }, {
    "date" : "2008-03-31",
    "sales" : 32.53,
    "salesGrowthYoY" : 22.66,
    "grossProfitMargin" : 27.57,
    "grossProfit" : 8.97,
    "operatingProfitMargin" : 9.93,
    "operatingProfit" : 3.23,
    "netProfitMargin" : 3.20,
    "netProfit" : 1.04
  }, {
    "date" : "2008-06-30",
    "sales" : 38.33,
    "salesGrowthYoY" : 77.54,
    "grossProfitMargin" : 31.67,
    "grossProfit" : 12.14,
    "operatingProfitMargin" : 15.21,
    "operatingProfit" : 5.83,
    "netProfitMargin" : 6.13,
    "netProfit" : 2.35
  }, {
    "date" : "2008-09-30",
    "sales" : 43.90,
    "salesGrowthYoY" : 77.59,
    "grossProfitMargin" : 31.25,
    "grossProfit" : 13.72,
    "operatingProfitMargin" : 12.89,
    "operatingProfit" : 5.66,
    "netProfitMargin" : 4.37,
    "netProfit" : 1.92
  }, {
    "date" : "2008-12-31",
    "sales" : 32.57,
    "salesGrowthYoY" : 19.61,
    "grossProfitMargin" : 29.97,
    "grossProfit" : 9.76,
    "operatingProfitMargin" : 11.94,
    "operatingProfit" : 3.89,
    "netProfitMargin" : 1.47,
    "netProfit" : 0.48
  }, {
    "date" : "2009-03-31",
    "sales" : 30.17,
    "salesGrowthYoY" : -7.25,
    "grossProfitMargin" : 30.56,
    "grossProfit" : 9.22,
    "operatingProfitMargin" : 10.31,
    "operatingProfit" : 3.11,
    "netProfitMargin" : 3.22,
    "netProfit" : 0.97
  }, {
    "date" : "2009-06-30",
    "sales" : 31.41,
    "salesGrowthYoY" : -18.05,
    "grossProfitMargin" : 32.22,
    "grossProfit" : 10.12,
    "operatingProfitMargin" : 12.23,
    "operatingProfit" : 3.84,
    "netProfitMargin" : 4.04,
    "netProfit" : 1.27
  }, {
    "date" : "2009-09-30",
    "sales" : 33.81,
    "salesGrowthYoY" : -22.98,
    "grossProfitMargin" : 35.70,
    "grossProfit" : 12.07,
    "operatingProfitMargin" : 13.78,
    "operatingProfit" : 4.66,
    "netProfitMargin" : 4.76,
    "netProfit" : 1.61
  }, {
    "date" : "2009-12-31",
    "sales" : 38.05,
    "salesGrowthYoY" : 16.83,
    "grossProfitMargin" : 33.90,
    "grossProfit" : 12.90,
    "operatingProfitMargin" : 14.93,
    "operatingProfit" : 5.68,
    "netProfitMargin" : 6.60,
    "netProfit" : 2.51
  }, {
    "date" : "2010-03-31",
    "sales" : 44.97,
    "salesGrowthYoY" : 49.06,
    "grossProfitMargin" : 32.89,
    "grossProfit" : 14.79,
    "operatingProfitMargin" : 17.23,
    "operatingProfit" : 7.75,
    "netProfitMargin" : 8.23,
    "netProfit" : 3.70
  }, {
    "date" : "2010-06-30",
    "sales" : 37.68,
    "salesGrowthYoY" : 19.96,
    "grossProfitMargin" : 36.25,
    "grossProfit" : 13.66,
    "operatingProfitMargin" : 15.02,
    "operatingProfit" : 5.66,
    "netProfitMargin" : 6.85,
    "netProfit" : 2.58
  }, {
    "date" : "2010-09-30",
    "sales" : 42.33,
    "salesGrowthYoY" : 25.20,
    "grossProfitMargin" : 32.67,
    "grossProfit" : 13.83,
    "operatingProfitMargin" : 12.83,
    "operatingProfit" : 5.43,
    "netProfitMargin" : 4.25,
    "netProfit" : 1.80
  }, {
    "date" : "2010-12-31",
    "sales" : 43.05,
    "salesGrowthYoY" : 13.14,
    "grossProfitMargin" : 34.89,
    "grossProfit" : 15.02,
    "operatingProfitMargin" : 13.87,
    "operatingProfit" : 5.97,
    "netProfitMargin" : 5.34,
    "netProfit" : 2.30
  }, {
    "date" : "2011-03-31",
    "sales" : 38.57,
    "salesGrowthYoY" : -14.23,
    "grossProfitMargin" : 32.82,
    "grossProfit" : 12.66,
    "operatingProfitMargin" : 13.09,
    "operatingProfit" : 5.05,
    "netProfitMargin" : 4.69,
    "netProfit" : 1.81
  }, {
    "date" : "2011-06-30",
    "sales" : 45.60,
    "salesGrowthYoY" : 21.02,
    "grossProfitMargin" : 33.36,
    "grossProfit" : 15.21,
    "operatingProfitMargin" : 14.06,
    "operatingProfit" : 6.41,
    "netProfitMargin" : 5.83,
    "netProfit" : 2.66
  }, {
    "date" : "2011-09-30",
    "sales" : 41.35,
    "salesGrowthYoY" : -2.32,
    "grossProfitMargin" : 30.57,
    "grossProfit" : 12.64,
    "operatingProfitMargin" : 10.06,
    "operatingProfit" : 4.16,
    "netProfitMargin" : 2.73,
    "netProfit" : 1.13
  }, {
    "date" : "2011-12-31",
    "sales" : 45.11,
    "salesGrowthYoY" : 4.79,
    "grossProfitMargin" : 29.22,
    "grossProfit" : 13.18,
    "operatingProfitMargin" : 8.60,
    "operatingProfit" : 3.88,
    "netProfitMargin" : 2.04,
    "netProfit" : 0.92
  }, {
    "date" : "2012-03-31",
    "sales" : 50.43,
    "salesGrowthYoY" : 30.75,
    "grossProfitMargin" : 29.53,
    "grossProfit" : 14.89,
    "operatingProfitMargin" : 9.60,
    "operatingProfit" : 4.84,
    "netProfitMargin" : 2.44,
    "netProfit" : 1.23
  }, {
    "date" : "2012-06-30",
    "sales" : 48.65,
    "salesGrowthYoY" : 6.69,
    "grossProfitMargin" : 32.91,
    "grossProfit" : 16.01,
    "operatingProfitMargin" : 12.81,
    "operatingProfit" : 6.23,
    "netProfitMargin" : 4.60,
    "netProfit" : 2.24
  }, {
    "date" : "2012-09-30",
    "sales" : 48.64,
    "salesGrowthYoY" : 17.63,
    "grossProfitMargin" : 30.02,
    "grossProfit" : 14.60,
    "operatingProfitMargin" : 9.91,
    "operatingProfit" : 4.82,
    "netProfitMargin" : 2.22,
    "netProfit" : 1.08
  }, {
    "date" : "2012-12-31",
    "sales" : 46.89,
    "salesGrowthYoY" : 3.95,
    "grossProfitMargin" : 32.82,
    "grossProfit" : 15.39,
    "operatingProfitMargin" : 11.30,
    "operatingProfit" : 5.30,
    "netProfitMargin" : 3.80,
    "netProfit" : 1.78
  }, {
    "date" : "2013-03-31",
    "sales" : 52.65,
    "salesGrowthYoY" : 4.40,
    "grossProfitMargin" : 28.83,
    "grossProfit" : 15.18,
    "operatingProfitMargin" : 8.91,
    "operatingProfit" : 4.69,
    "netProfitMargin" : 3.23,
    "netProfit" : 1.70
  }, {
    "date" : "2013-06-30",
    "sales" : 54.05,
    "salesGrowthYoY" : 11.10,
    "grossProfitMargin" : 26.86,
    "grossProfit" : 14.52,
    "operatingProfitMargin" : 8.16,
    "operatingProfit" : 4.41,
    "netProfitMargin" : 2.26,
    "netProfit" : 1.22
  }, {
    "date" : "2013-09-30",
    "sales" : 60.33,
    "salesGrowthYoY" : 24.03,
    "grossProfitMargin" : 27.58,
    "grossProfit" : 16.64,
    "operatingProfitMargin" : 9.10,
    "operatingProfit" : 5.49,
    "netProfitMargin" : 3.03,
    "netProfit" : 1.83
  }, {
    "date" : "2013-12-31",
    "sales" : 57.36,
    "salesGrowthYoY" : 22.33,
    "grossProfitMargin" : 32.67,
    "grossProfit" : 18.74,
    "operatingProfitMargin" : 11.89,
    "operatingProfit" : 6.82,
    "netProfitMargin" : 4.67,
    "netProfit" : 2.68
  }, {
    "date" : "2014-03-31",
    "sales" : 60.31,
    "salesGrowthYoY" : 14.55,
    "grossProfitMargin" : 29.05,
    "grossProfit" : 17.52,
    "operatingProfitMargin" : 8.89,
    "operatingProfit" : 5.36,
    "netProfitMargin" : 2.50,
    "netProfit" : 1.51
  }, {
    "date" : "2014-06-30",
    "sales" : 63.73,
    "salesGrowthYoY" : 17.91,
    "grossProfitMargin" : 27.76,
    "grossProfit" : 17.69,
    "operatingProfitMargin" : 9.15,
    "operatingProfit" : 5.83,
    "netProfitMargin" : 3.03,
    "netProfit" : 1.93
  }, {
    "date" : "2014-09-30",
    "sales" : 54.35,
    "salesGrowthYoY" : -9.91,
    "grossProfitMargin" : 29.42,
    "grossProfit" : 15.99,
    "operatingProfitMargin" : 8.39,
    "operatingProfit" : 4.56,
    "netProfitMargin" : 2.24,
    "netProfit" : 1.22
  }, {
    "date" : "2014-12-31",
    "sales" : 58.47,
    "salesGrowthYoY" : 1.94,
    "grossProfitMargin" : 27.40,
    "grossProfit" : 16.02,
    "operatingProfitMargin" : 7.32,
    "operatingProfit" : 4.28,
    "netProfitMargin" : 1.33,
    "netProfit" : 0.78
  }, {
    "date" : "2015-03-31",
    "sales" : 62.47,
    "salesGrowthYoY" : 3.58,
    "grossProfitMargin" : 28.48,
    "grossProfit" : 17.79,
    "operatingProfitMargin" : 9.65,
    "operatingProfit" : 6.03,
    "netProfitMargin" : 3.92,
    "netProfit" : 2.45
  }, {
    "date" : "2015-06-30",
    "sales" : 54.84,
    "salesGrowthYoY" : -13.95,
    "grossProfitMargin" : 31.04,
    "grossProfit" : 17.02,
    "operatingProfitMargin" : 8.66,
    "operatingProfit" : 4.75,
    "netProfitMargin" : 2.48,
    "netProfit" : 1.36
  }, {
    "date" : "2015-09-30",
    "sales" : 63.38,
    "salesGrowthYoY" : 16.61,
    "grossProfitMargin" : 28.46,
    "grossProfit" : 18.04,
    "operatingProfitMargin" : 8.57,
    "operatingProfit" : 5.43,
    "netProfitMargin" : 3.39,
    "netProfit" : 2.15
  }, {
    "date" : "2015-12-31",
    "sales" : 43.09,
    "salesGrowthYoY" : -26.30,
    "grossProfitMargin" : 43.84,
    "grossProfit" : 18.89,
    "operatingProfitMargin" : 14.13,
    "operatingProfit" : 6.09,
    "netProfitMargin" : 5.52,
    "netProfit" : 2.38
  }, {
    "date" : "2016-03-31",
    "sales" : 45.58,
    "salesGrowthYoY" : -27.04,
    "grossProfitMargin" : 45.50,
    "grossProfit" : 20.74,
    "operatingProfitMargin" : 18.17,
    "operatingProfit" : 8.28,
    "netProfitMargin" : 8.25,
    "netProfit" : 3.76
  }, {
    "date" : "2016-06-30",
    "sales" : 37.75,
    "salesGrowthYoY" : -31.16,
    "grossProfitMargin" : 45.56,
    "grossProfit" : 17.20,
    "operatingProfitMargin" : 15.26,
    "operatingProfit" : 5.76,
    "netProfitMargin" : 6.97,
    "netProfit" : 2.63
  }, {
    "date" : "2016-09-30",
    "sales" : 47.30,
    "salesGrowthYoY" : -25.37,
    "grossProfitMargin" : 36.68,
    "grossProfit" : 17.35,
    "operatingProfitMargin" : 11.54,
    "operatingProfit" : 5.46,
    "netProfitMargin" : 4.16,
    "netProfit" : 1.97
  }, {
    "date" : "2016-12-31",
    "sales" : 44.02,
    "salesGrowthYoY" : 2.16,
    "grossProfitMargin" : 34.46,
    "grossProfit" : 15.17,
    "operatingProfitMargin" : 6.70,
    "operatingProfit" : 2.95,
    "netProfitMargin" : 1.86,
    "netProfit" : 0.82
  }, {
    "date" : "2017-03-31",
    "sales" : 47.54,
    "salesGrowthYoY" : 4.30,
    "grossProfitMargin" : 39.29,
    "grossProfit" : 18.68,
    "operatingProfitMargin" : 12.49,
    "operatingProfit" : 5.94,
    "netProfitMargin" : 6.04,
    "netProfit" : 2.87
  }, {
    "date" : "2017-06-30",
    "sales" : 44.92,
    "salesGrowthYoY" : 18.99,
    "grossProfitMargin" : 36.15,
    "grossProfit" : 16.24,
    "operatingProfitMargin" : 8.41,
    "operatingProfit" : 3.78,
    "netProfitMargin" : 2.89,
    "netProfit" : 1.30
  }, {
    "date" : "2017-09-30",
    "sales" : 54.41,
    "salesGrowthYoY" : 15.03,
    "grossProfitMargin" : 32.29,
    "grossProfit" : 17.57,
    "operatingProfitMargin" : 8.33,
    "operatingProfit" : 4.53,
    "netProfitMargin" : 2.94,
    "netProfit" : 1.60
  }, {
    "date" : "2017-12-31",
    "sales" : 57.84,
    "salesGrowthYoY" : 31.39,
    "grossProfitMargin" : 30.84,
    "grossProfit" : 17.84,
    "operatingProfitMargin" : 6.69,
    "operatingProfit" : 3.87,
    "netProfitMargin" : 3.03,
    "netProfit" : 1.75
  }, {
    "date" : "2018-03-31",
    "sales" : 61.20,
    "salesGrowthYoY" : 28.73,
    "grossProfitMargin" : 34.22,
    "grossProfit" : 20.94,
    "operatingProfitMargin" : 10.98,
    "operatingProfit" : 6.72,
    "netProfitMargin" : 4.97,
    "netProfit" : 3.04
  }, {
    "date" : "2018-06-30",
    "sales" : 75.06,
    "salesGrowthYoY" : 67.10,
    "grossProfitMargin" : 32.93,
    "grossProfit" : 24.72,
    "operatingProfitMargin" : 12.66,
    "operatingProfit" : 9.50,
    "netProfitMargin" : 8.54,
    "netProfit" : 6.41
  }, {
    "date" : "2018-09-30",
    "sales" : 81.02,
    "salesGrowthYoY" : 48.91,
    "grossProfitMargin" : 27.60,
    "grossProfit" : 22.36,
    "operatingProfitMargin" : 7.95,
    "operatingProfit" : 6.44,
    "netProfitMargin" : 3.88,
    "netProfit" : 3.14
  }, {
    "date" : "2018-12-31",
    "sales" : 75.89,
    "salesGrowthYoY" : 31.21,
    "grossProfitMargin" : 30.82,
    "grossProfit" : 23.39,
    "operatingProfitMargin" : 9.54,
    "operatingProfit" : 7.24,
    "netProfitMargin" : 4.60,
    "netProfit" : 3.49
  }, {
    "date" : "2019-03-31",
    "sales" : 82.59,
    "salesGrowthYoY" : 34.95,
    "grossProfitMargin" : 33.51,
    "grossProfit" : 27.68,
    "operatingProfitMargin" : 13.08,
    "operatingProfit" : 10.80,
    "netProfitMargin" : 6.84,
    "netProfit" : 5.65
  }, {
    "date" : "2019-06-30",
    "sales" : 86.60,
    "salesGrowthYoY" : 15.37,
    "grossProfitMargin" : 36.73,
    "grossProfit" : 31.81,
    "operatingProfitMargin" : 15.61,
    "operatingProfit" : 13.52,
    "netProfitMargin" : 8.34,
    "netProfit" : 7.22
  }, {
    "date" : "2019-09-30",
    "sales" : 71.41,
    "salesGrowthYoY" : -11.86,
    "grossProfitMargin" : 40.65,
    "grossProfit" : 29.03,
    "operatingProfitMargin" : 17.84,
    "operatingProfit" : 12.74,
    "netProfitMargin" : 9.61,
    "netProfit" : 6.86
  }, {
    "date" : "2019-12-31",
    "sales" : 61.33,
    "salesGrowthYoY" : -19.19,
    "grossProfitMargin" : 43.44,
    "grossProfit" : 26.64,
    "operatingProfitMargin" : 15.05,
    "operatingProfit" : 9.23,
    "netProfitMargin" : 7.63,
    "netProfit" : 4.68
  }, {
    "date" : "2020-03-31",
    "sales" : 66.79,
    "salesGrowthYoY" : -19.13,
    "grossProfitMargin" : 42.40,
    "grossProfit" : 28.32,
    "operatingProfitMargin" : 15.20,
    "operatingProfit" : 10.15,
    "netProfitMargin" : 6.50,
    "netProfit" : 4.34
  }, {
    "date" : "2020-06-30",
    "sales" : 32.71,
    "salesGrowthYoY" : -62.23,
    "grossProfitMargin" : 37.94,
    "grossProfit" : 12.41,
    "operatingProfitMargin" : 12.44,
    "operatingProfit" : 4.07,
    "netProfitMargin" : 1.38,
    "netProfit" : 0.45
  }, {
    "date" : "2020-09-30",
    "sales" : 84.26,
    "salesGrowthYoY" : 17.99,
    "grossProfitMargin" : 42.88,
    "grossProfit" : 36.13,
    "operatingProfitMargin" : 21.67,
    "operatingProfit" : 18.26,
    "netProfitMargin" : 12.26,
    "netProfit" : 10.33
  }, {
    "date" : "2020-12-31",
    "sales" : 103.39,
    "salesGrowthYoY" : 68.58,
    "grossProfitMargin" : 36.07,
    "grossProfit" : 37.29,
    "operatingProfitMargin" : 17.03,
    "operatingProfit" : 17.61,
    "netProfitMargin" : 9.39,
    "netProfit" : 9.71
  }, {
    "date" : "2021-03-31",
    "sales" : 117.09,
    "salesGrowthYoY" : 75.31,
    "grossProfitMargin" : 37.10,
    "grossProfit" : 43.44,
    "operatingProfitMargin" : 19.34,
    "operatingProfit" : 22.65,
    "netProfitMargin" : 14.07,
    "netProfit" : 16.47
  }, {
    "date" : "2021-06-30",
    "sales" : 118.47,
    "salesGrowthYoY" : 262.18,
    "grossProfitMargin" : 39.40,
    "grossProfit" : 46.68,
    "operatingProfitMargin" : 20.38,
    "operatingProfit" : 24.14,
    "netProfitMargin" : 12.48,
    "netProfit" : 14.79
  }, {
    "date" : "2021-09-30",
    "sales" : 141.07,
    "salesGrowthYoY" : 67.42,
    "grossProfitMargin" : 40.19,
    "grossProfit" : 56.70,
    "operatingProfitMargin" : 20.95,
    "operatingProfit" : 29.55,
    "netProfitMargin" : 12.56,
    "netProfit" : 17.72
  }, {
    "date" : "2021-12-31",
    "sales" : 135.98,
    "salesGrowthYoY" : 31.52,
    "grossProfitMargin" : 40.51,
    "grossProfit" : 55.09,
    "operatingProfitMargin" : 20.45,
    "operatingProfit" : 27.81,
    "netProfitMargin" : 12.65,
    "netProfit" : 17.20
  }, {
    "date" : "2022-03-31",
    "sales" : 144.35,
    "salesGrowthYoY" : 23.28,
    "grossProfitMargin" : 39.13,
    "grossProfit" : 56.48,
    "operatingProfitMargin" : 18.93,
    "operatingProfit" : 27.33,
    "netProfitMargin" : 13.19,
    "netProfit" : 19.04
  }, {
    "date" : "2022-06-30",
    "sales" : 166.03,
    "salesGrowthYoY" : 40.15,
    "grossProfitMargin" : 41.64,
    "grossProfit" : 69.13,
    "operatingProfitMargin" : 21.67,
    "operatingProfit" : 35.98,
    "netProfitMargin" : 13.79,
    "netProfit" : 22.90
  }, {
    "date" : "2022-09-30",
    "sales" : 152.02,
    "salesGrowthYoY" : 7.76,
    "grossProfitMargin" : 39.48,
    "grossProfit" : 60.02,
    "operatingProfitMargin" : 17.75,
    "operatingProfit" : 26.98,
    "netProfitMargin" : 10.47,
    "netProfit" : 15.92
  }, {
    "date" : "2022-12-31",
    "sales" : 133.22,
    "salesGrowthYoY" : -2.03,
    "grossProfitMargin" : 41.40,
    "grossProfit" : 55.15,
    "operatingProfitMargin" : 19.40,
    "operatingProfit" : 25.84,
    "netProfitMargin" : 11.02,
    "netProfit" : 14.68
  }, {
    "date" : "2023-03-31",
    "sales" : 161.14,
    "salesGrowthYoY" : 11.63,
    "grossProfitMargin" : 36.91,
    "grossProfit" : 59.48,
    "operatingProfitMargin" : 18.11,
    "operatingProfit" : 29.18,
    "netProfitMargin" : 10.79,
    "netProfit" : 17.39
  }, {
    "date" : "2023-06-30",
    "sales" : 140.82,
    "salesGrowthYoY" : -15.18,
    "grossProfitMargin" : 38.84,
    "grossProfit" : 54.69,
    "operatingProfitMargin" : 17.08,
    "operatingProfit" : 24.05,
    "netProfitMargin" : 9.25,
    "netProfit" : 13.03
  }, {
    "date" : "2023-09-30",
    "sales" : 138.43,
    "salesGrowthYoY" : -8.94,
    "grossProfitMargin" : 36.95,
    "grossProfit" : 51.15,
    "operatingProfitMargin" : 18.56,
    "operatingProfit" : 25.69,
    "netProfitMargin" : 10.68,
    "netProfit" : 14.78
  }, {
    "date" : "2023-12-31",
    "sales" : 137.69,
    "salesGrowthYoY" : 3.36,
    "grossProfitMargin" : 37.93,
    "grossProfit" : 52.23,
    "operatingProfitMargin" : 15.96,
    "operatingProfit" : 21.98,
    "netProfitMargin" : 8.84,
    "netProfit" : 12.17
  }, {
    "date" : "2024-03-31",
    "sales" : 139.52,
    "salesGrowthYoY" : -13.42,
    "grossProfitMargin" : 39.41,
    "grossProfit" : 54.98,
    "operatingProfitMargin" : 18.69,
    "operatingProfit" : 26.08,
    "netProfitMargin" : 11.37,
    "netProfit" : 15.86
  }, {
    "date" : "2024-06-30",
    "sales" : 140.63,
    "salesGrowthYoY" : -0.13,
    "grossProfitMargin" : 37.09,
    "grossProfit" : 52.16,
    "operatingProfitMargin" : 15.63,
    "operatingProfit" : 21.98,
    "netProfitMargin" : 8.55,
    "netProfit" : 12.02
  }, {
    "date" : "2024-09-30",
    "sales" : 152.52,
    "salesGrowthYoY" : 10.18,
    "grossProfitMargin" : 40.58,
    "grossProfit" : 61.89,
    "operatingProfitMargin" : 17.96,
    "operatingProfit" : 27.39,
    "netProfitMargin" : 9.71,
    "netProfit" : 14.81
  }, {
    "date" : "2024-12-31",
    "sales" : 138.22,
    "salesGrowthYoY" : 0.38,
    "grossProfitMargin" : 40.78,
    "grossProfit" : 56.37,
    "operatingProfitMargin" : 13.23,
    "operatingProfit" : 18.29,
    "netProfitMargin" : 4.65,
    "netProfit" : 6.43
  }, {
    "date" : "2025-03-31",
    "sales" : 160.15,
    "salesGrowthYoY" : 14.79,
    "grossProfitMargin" : 42.10,
    "grossProfit" : 67.42,
    "operatingProfitMargin" : 16.92,
    "operatingProfit" : 27.10,
    "netProfitMargin" : 8.14,
    "netProfit" : 13.04
  }, {
    "date" : "2025-06-30",
    "sales" : 158.38,
    "salesGrowthYoY" : 12.62,
    "grossProfitMargin" : 43.77,
    "grossProfit" : 69.32,
    "operatingProfitMargin" : 15.14,
    "operatingProfit" : 23.98,
    "netProfitMargin" : 6.71,
    "netProfit" : 10.63
  }, {
    "date" : "2025-09-30",
    "sales" : 190.06,
    "salesGrowthYoY" : 24.61,
    "grossProfitMargin" : 42.50,
    "grossProfit" : 80.78,
    "operatingProfitMargin" : 13.67,
    "operatingProfit" : 25.98,
    "netProfitMargin" : 6.57,
    "netProfit" : 12.49
  }, {
    "date" : "2025-12-31",
    "sales" : 184.90,
    "salesGrowthYoY" : 33.77,
    "grossProfitMargin" : 39.20,
    "grossProfit" : 72.48,
    "operatingProfitMargin" : 14.68,
    "operatingProfit" : 27.14,
    "netProfitMargin" : 7.23,
    "netProfit" : 13.37
  } ],
  "latestQuarterlyResult" : {
    "date" : "2025-12-31",
    "sales" : 184.90,
    "salesGrowthYoY" : 33.77,
    "grossProfitMargin" : 39.20,
    "grossProfit" : 72.48,
    "operatingProfitMargin" : 14.68,
    "operatingProfit" : 27.14,
    "netProfitMargin" : 7.23,
    "netProfit" : 13.37
  },
  "companyScore" : {
    "priceHigherThanDma50" : 0.00,
    "priceHigherThanDma100" : 5.00,
    "priceHigherThanDma200" : 5.00,
    "dma50HigherThanDma100" : 5.00,
    "dma50HigherThanDma200" : 5.00,
    "dma100HigherThanDma200" : 0.00,
    "pricePercentageAboveDma50" : 5.30,
    "pricePercentageAboveDma100" : 4.77,
    "pricePercentageAboveDma200" : 4.93,
    "weeklyVolumeHigherThanYearlyVolume" : 5.00,
    "salesGrowthPercentile" : 17.25,
    "operatingProfitMarginPercentile" : 12.62,
    "netProfitMarginPercentile" : 7.02,
    "totalTechnicalScore" : 40.00,
    "totalFundamentalScore" : 36.89,
    "totalScore" : 76.89
  }
}