{
  "metadata" : {
    "screenerCompanyId" : "2659",
    "companyCode" : "RAMCOIND",
    "companyName" : "Ramco Inds.",
    "screenerCompanyLink" : "https://www.screener.in/company/RAMCOIND",
    "screenerTechnicalHistoryLink" : "https://www.screener.in/api/company/2659/chart/?q=Price-DMA50-DMA200-Volume&days=365",
    "screenerQuarterlyResultsLink" : "https://www.screener.in/api/company/2659/chart/?q=GPM-OPM-NPM-Quarter+Sales&days=10000",
    "attributes" : {
      "companyCode" : "RAMCOIND",
      "companyName" : "Ramco Inds.",
      "marketCap" : 2678.00,
      "peRatio" : 28.30,
      "description" : "Part of the Chennai-based Ramco Group; Ramco Industries Ltd. is engaged in the manufacture of Fiber Cement (FC) sheets and Calcium Silicate Boards (CSBs). Company is also engaged in the spinning of cotton yarn; sale of surplus electricity generated from its windmills and computer software."
    },
    "companyScore" : {
      "priceHigherThanDma50" : 0.00,
      "priceHigherThanDma100" : 0.00,
      "priceHigherThanDma200" : 5.00,
      "dma50HigherThanDma100" : 5.00,
      "dma50HigherThanDma200" : 5.00,
      "dma100HigherThanDma200" : 5.00,
      "pricePercentageAboveDma50" : 5.30,
      "pricePercentageAboveDma100" : 5.24,
      "pricePercentageAboveDma200" : 4.86,
      "weeklyVolumeHigherThanYearlyVolume" : 0.00,
      "salesGrowthPercentile" : 4.45,
      "operatingProfitMarginPercentile" : 7.23,
      "netProfitMarginPercentile" : 9.04,
      "totalTechnicalScore" : 35.40,
      "totalFundamentalScore" : 20.72,
      "totalScore" : 56.12
    }
  },
  "attributes" : {
    "companyCode" : "RAMCOIND",
    "companyName" : "Ramco Inds.",
    "marketCap" : 2678.00,
    "peRatio" : 28.30,
    "description" : "Part of the Chennai-based Ramco Group; Ramco Industries Ltd. is engaged in the manufacture of Fiber Cement (FC) sheets and Calcium Silicate Boards (CSBs). Company is also engaged in the spinning of cotton yarn; sale of surplus electricity generated from its windmills and computer software."
  },
  "technicalHistory" : [ {
    "date" : "2024-12-09",
    "price" : 314.20,
    "dma50" : 273.86,
    "dma100" : null,
    "dma200" : 244.69,
    "volume" : 118021.00
  }, {
    "date" : "2024-12-10",
    "price" : 301.15,
    "dma50" : 274.93,
    "dma100" : null,
    "dma200" : 245.25,
    "volume" : 373454.00
  }, {
    "date" : "2024-12-11",
    "price" : 296.85,
    "dma50" : 275.79,
    "dma100" : null,
    "dma200" : 245.77,
    "volume" : 305302.00
  }, {
    "date" : "2024-12-12",
    "price" : 287.40,
    "dma50" : 276.24,
    "dma100" : null,
    "dma200" : 246.18,
    "volume" : 272952.00
  }, {
    "date" : "2024-12-13",
    "price" : 294.05,
    "dma50" : 276.94,
    "dma100" : null,
    "dma200" : 246.66,
    "volume" : 303960.00
  }, {
    "date" : "2024-12-16",
    "price" : 299.65,
    "dma50" : 277.83,
    "dma100" : null,
    "dma200" : 247.18,
    "volume" : 164768.00
  }, {
    "date" : "2024-12-17",
    "price" : 302.00,
    "dma50" : 278.78,
    "dma100" : null,
    "dma200" : 247.73,
    "volume" : 591378.00
  }, {
    "date" : "2024-12-18",
    "price" : 290.10,
    "dma50" : 279.22,
    "dma100" : null,
    "dma200" : 248.15,
    "volume" : 199384.00
  }, {
    "date" : "2024-12-19",
    "price" : 290.70,
    "dma50" : 279.67,
    "dma100" : null,
    "dma200" : 248.57,
    "volume" : 148636.00
  }, {
    "date" : "2024-12-20",
    "price" : 284.00,
    "dma50" : 279.84,
    "dma100" : null,
    "dma200" : 248.93,
    "volume" : 122141.00
  }, {
    "date" : "2024-12-23",
    "price" : 280.65,
    "dma50" : 279.87,
    "dma100" : null,
    "dma200" : 249.24,
    "volume" : 104828.00
  }, {
    "date" : "2024-12-24",
    "price" : 274.80,
    "dma50" : 279.68,
    "dma100" : null,
    "dma200" : 249.50,
    "volume" : 132373.00
  }, {
    "date" : "2024-12-26",
    "price" : 269.95,
    "dma50" : 279.29,
    "dma100" : null,
    "dma200" : 249.70,
    "volume" : 145858.00
  }, {
    "date" : "2024-12-27",
    "price" : 271.10,
    "dma50" : 278.97,
    "dma100" : null,
    "dma200" : 249.91,
    "volume" : 69942.00
  }, {
    "date" : "2024-12-30",
    "price" : 262.85,
    "dma50" : 278.34,
    "dma100" : null,
    "dma200" : 250.04,
    "volume" : 135861.00
  }, {
    "date" : "2024-12-31",
    "price" : 270.65,
    "dma50" : 278.04,
    "dma100" : null,
    "dma200" : 250.25,
    "volume" : 85866.00
  }, {
    "date" : "2025-01-01",
    "price" : 278.15,
    "dma50" : 278.04,
    "dma100" : null,
    "dma200" : 250.52,
    "volume" : 60686.00
  }, {
    "date" : "2025-01-02",
    "price" : 271.65,
    "dma50" : 277.79,
    "dma100" : null,
    "dma200" : 250.73,
    "volume" : 191728.00
  }, {
    "date" : "2025-01-03",
    "price" : 273.25,
    "dma50" : 277.61,
    "dma100" : null,
    "dma200" : 250.96,
    "volume" : 62993.00
  }, {
    "date" : "2025-01-06",
    "price" : 258.15,
    "dma50" : 276.85,
    "dma100" : null,
    "dma200" : 251.03,
    "volume" : 173212.00
  }, {
    "date" : "2025-01-07",
    "price" : 269.30,
    "dma50" : 276.55,
    "dma100" : null,
    "dma200" : 251.21,
    "volume" : 186500.00
  }, {
    "date" : "2025-01-08",
    "price" : 264.90,
    "dma50" : 276.10,
    "dma100" : null,
    "dma200" : 251.35,
    "volume" : 115155.00
  }, {
    "date" : "2025-01-09",
    "price" : 261.45,
    "dma50" : 275.52,
    "dma100" : null,
    "dma200" : 251.45,
    "volume" : 46737.00
  }, {
    "date" : "2025-01-10",
    "price" : 257.80,
    "dma50" : 274.83,
    "dma100" : null,
    "dma200" : 251.51,
    "volume" : 177388.00
  }, {
    "date" : "2025-01-13",
    "price" : 250.75,
    "dma50" : 273.88,
    "dma100" : null,
    "dma200" : 251.50,
    "volume" : 187163.00
  }, {
    "date" : "2025-01-14",
    "price" : 257.20,
    "dma50" : 273.23,
    "dma100" : null,
    "dma200" : 251.56,
    "volume" : 210273.00
  }, {
    "date" : "2025-01-15",
    "price" : 256.95,
    "dma50" : 272.59,
    "dma100" : null,
    "dma200" : 251.61,
    "volume" : 59553.00
  }, {
    "date" : "2025-01-16",
    "price" : 261.55,
    "dma50" : 272.16,
    "dma100" : null,
    "dma200" : 251.71,
    "volume" : 72066.00
  }, {
    "date" : "2025-01-17",
    "price" : 261.70,
    "dma50" : 271.75,
    "dma100" : null,
    "dma200" : 251.81,
    "volume" : 42157.00
  }, {
    "date" : "2025-01-20",
    "price" : 260.95,
    "dma50" : 271.32,
    "dma100" : null,
    "dma200" : 251.90,
    "volume" : 63967.00
  }, {
    "date" : "2025-01-21",
    "price" : 254.85,
    "dma50" : 270.68,
    "dma100" : null,
    "dma200" : 251.93,
    "volume" : 100063.00
  }, {
    "date" : "2025-01-22",
    "price" : 250.45,
    "dma50" : 269.89,
    "dma100" : null,
    "dma200" : 251.92,
    "volume" : 134286.00
  }, {
    "date" : "2025-01-23",
    "price" : 259.65,
    "dma50" : 269.48,
    "dma100" : null,
    "dma200" : 251.99,
    "volume" : 108267.00
  }, {
    "date" : "2025-01-24",
    "price" : 253.90,
    "dma50" : 268.87,
    "dma100" : null,
    "dma200" : 252.01,
    "volume" : 72409.00
  }, {
    "date" : "2025-01-27",
    "price" : 240.65,
    "dma50" : 267.77,
    "dma100" : null,
    "dma200" : 251.90,
    "volume" : 371211.00
  }, {
    "date" : "2025-01-28",
    "price" : 239.75,
    "dma50" : 266.67,
    "dma100" : null,
    "dma200" : 251.78,
    "volume" : 164427.00
  }, {
    "date" : "2025-01-29",
    "price" : 245.95,
    "dma50" : 265.86,
    "dma100" : null,
    "dma200" : 251.72,
    "volume" : 75330.00
  }, {
    "date" : "2025-01-30",
    "price" : 245.10,
    "dma50" : 265.04,
    "dma100" : null,
    "dma200" : 251.66,
    "volume" : 45453.00
  }, {
    "date" : "2025-01-31",
    "price" : 249.45,
    "dma50" : 264.43,
    "dma100" : null,
    "dma200" : 251.63,
    "volume" : 82600.00
  }, {
    "date" : "2025-02-01",
    "price" : 248.66,
    "dma50" : 263.81,
    "dma100" : null,
    "dma200" : 251.60,
    "volume" : 38636.00
  }, {
    "date" : "2025-02-03",
    "price" : 243.20,
    "dma50" : 263.00,
    "dma100" : null,
    "dma200" : 251.52,
    "volume" : 45586.00
  }, {
    "date" : "2025-02-04",
    "price" : 252.00,
    "dma50" : 262.57,
    "dma100" : null,
    "dma200" : 251.53,
    "volume" : 57347.00
  }, {
    "date" : "2025-02-05",
    "price" : 251.78,
    "dma50" : 262.15,
    "dma100" : null,
    "dma200" : 251.53,
    "volume" : 27990.00
  }, {
    "date" : "2025-02-06",
    "price" : 256.41,
    "dma50" : 261.92,
    "dma100" : null,
    "dma200" : 251.58,
    "volume" : 87652.00
  }, {
    "date" : "2025-02-07",
    "price" : 251.49,
    "dma50" : 261.51,
    "dma100" : null,
    "dma200" : 251.58,
    "volume" : 74125.00
  }, {
    "date" : "2025-02-10",
    "price" : 244.35,
    "dma50" : 260.84,
    "dma100" : null,
    "dma200" : 251.50,
    "volume" : 434534.00
  }, {
    "date" : "2025-02-11",
    "price" : 243.43,
    "dma50" : 260.16,
    "dma100" : null,
    "dma200" : 251.42,
    "volume" : 188856.00
  }, {
    "date" : "2025-02-12",
    "price" : 237.92,
    "dma50" : 259.29,
    "dma100" : null,
    "dma200" : 251.29,
    "volume" : 92820.00
  }, {
    "date" : "2025-02-13",
    "price" : 232.57,
    "dma50" : 258.24,
    "dma100" : null,
    "dma200" : 251.10,
    "volume" : 75578.00
  }, {
    "date" : "2025-02-14",
    "price" : 231.17,
    "dma50" : 257.18,
    "dma100" : null,
    "dma200" : 250.90,
    "volume" : 114638.00
  }, {
    "date" : "2025-02-17",
    "price" : 236.79,
    "dma50" : 256.38,
    "dma100" : null,
    "dma200" : 250.76,
    "volume" : 222428.00
  }, {
    "date" : "2025-02-18",
    "price" : 231.36,
    "dma50" : 255.40,
    "dma100" : null,
    "dma200" : 250.57,
    "volume" : 72493.00
  }, {
    "date" : "2025-02-19",
    "price" : 233.55,
    "dma50" : 254.54,
    "dma100" : null,
    "dma200" : 250.40,
    "volume" : 78348.00
  }, {
    "date" : "2025-02-20",
    "price" : 234.26,
    "dma50" : 253.74,
    "dma100" : null,
    "dma200" : 250.24,
    "volume" : 52527.00
  }, {
    "date" : "2025-02-21",
    "price" : 232.25,
    "dma50" : 252.90,
    "dma100" : null,
    "dma200" : 250.06,
    "volume" : 104686.00
  }, {
    "date" : "2025-02-24",
    "price" : 230.74,
    "dma50" : 252.03,
    "dma100" : null,
    "dma200" : 249.87,
    "volume" : 50071.00
  }, {
    "date" : "2025-02-25",
    "price" : 231.94,
    "dma50" : 251.24,
    "dma100" : null,
    "dma200" : 249.69,
    "volume" : 103235.00
  }, {
    "date" : "2025-02-27",
    "price" : 230.33,
    "dma50" : 250.42,
    "dma100" : null,
    "dma200" : 249.50,
    "volume" : 126978.00
  }, {
    "date" : "2025-02-28",
    "price" : 229.46,
    "dma50" : 249.60,
    "dma100" : null,
    "dma200" : 249.30,
    "volume" : 154142.00
  }, {
    "date" : "2025-03-03",
    "price" : 227.35,
    "dma50" : 248.73,
    "dma100" : null,
    "dma200" : 249.08,
    "volume" : 256371.00
  }, {
    "date" : "2025-03-04",
    "price" : 230.32,
    "dma50" : 248.01,
    "dma100" : null,
    "dma200" : 248.89,
    "volume" : 77837.00
  }, {
    "date" : "2025-03-05",
    "price" : 236.66,
    "dma50" : 247.56,
    "dma100" : null,
    "dma200" : 248.77,
    "volume" : 56852.00
  }, {
    "date" : "2025-03-06",
    "price" : 240.11,
    "dma50" : 247.27,
    "dma100" : null,
    "dma200" : 248.69,
    "volume" : 70633.00
  }, {
    "date" : "2025-03-07",
    "price" : 244.47,
    "dma50" : 247.16,
    "dma100" : null,
    "dma200" : 248.64,
    "volume" : 91633.00
  }, {
    "date" : "2025-03-10",
    "price" : 235.40,
    "dma50" : 246.70,
    "dma100" : null,
    "dma200" : 248.51,
    "volume" : 71342.00
  }, {
    "date" : "2025-03-11",
    "price" : 230.18,
    "dma50" : 246.05,
    "dma100" : null,
    "dma200" : 248.33,
    "volume" : 90937.00
  }, {
    "date" : "2025-03-12",
    "price" : 227.29,
    "dma50" : 245.32,
    "dma100" : null,
    "dma200" : 248.12,
    "volume" : 89562.00
  }, {
    "date" : "2025-03-13",
    "price" : 225.76,
    "dma50" : 244.55,
    "dma100" : null,
    "dma200" : 247.90,
    "volume" : 63932.00
  }, {
    "date" : "2025-03-17",
    "price" : 223.62,
    "dma50" : 243.73,
    "dma100" : null,
    "dma200" : 247.66,
    "volume" : 142561.00
  }, {
    "date" : "2025-03-18",
    "price" : 233.76,
    "dma50" : 243.34,
    "dma100" : null,
    "dma200" : 247.52,
    "volume" : 118374.00
  }, {
    "date" : "2025-03-19",
    "price" : 235.54,
    "dma50" : 243.03,
    "dma100" : null,
    "dma200" : 247.40,
    "volume" : 46438.00
  }, {
    "date" : "2025-03-20",
    "price" : 229.96,
    "dma50" : 242.52,
    "dma100" : null,
    "dma200" : 247.23,
    "volume" : 73342.00
  }, {
    "date" : "2025-03-21",
    "price" : 230.87,
    "dma50" : 242.06,
    "dma100" : null,
    "dma200" : 247.06,
    "volume" : 86623.00
  }, {
    "date" : "2025-03-24",
    "price" : 238.39,
    "dma50" : 241.92,
    "dma100" : null,
    "dma200" : 246.98,
    "volume" : 318023.00
  }, {
    "date" : "2025-03-25",
    "price" : 230.59,
    "dma50" : 241.47,
    "dma100" : null,
    "dma200" : 246.81,
    "volume" : 111143.00
  }, {
    "date" : "2025-03-26",
    "price" : 228.49,
    "dma50" : 240.96,
    "dma100" : null,
    "dma200" : 246.63,
    "volume" : 100663.00
  }, {
    "date" : "2025-03-27",
    "price" : 228.88,
    "dma50" : 240.49,
    "dma100" : null,
    "dma200" : 246.45,
    "volume" : 124560.00
  }, {
    "date" : "2025-03-28",
    "price" : 226.66,
    "dma50" : 239.95,
    "dma100" : null,
    "dma200" : 246.26,
    "volume" : 81104.00
  }, {
    "date" : "2025-04-01",
    "price" : 233.45,
    "dma50" : 239.69,
    "dma100" : null,
    "dma200" : 246.13,
    "volume" : 55248.00
  }, {
    "date" : "2025-04-02",
    "price" : 238.41,
    "dma50" : 239.64,
    "dma100" : null,
    "dma200" : 246.05,
    "volume" : 77292.00
  }, {
    "date" : "2025-04-03",
    "price" : 241.51,
    "dma50" : 239.72,
    "dma100" : null,
    "dma200" : 246.01,
    "volume" : 68497.00
  }, {
    "date" : "2025-04-04",
    "price" : 237.16,
    "dma50" : 239.62,
    "dma100" : null,
    "dma200" : 245.92,
    "volume" : 115815.00
  }, {
    "date" : "2025-04-07",
    "price" : 230.54,
    "dma50" : 239.26,
    "dma100" : null,
    "dma200" : 245.77,
    "volume" : 102733.00
  }, {
    "date" : "2025-04-08",
    "price" : 235.33,
    "dma50" : 239.11,
    "dma100" : null,
    "dma200" : 245.66,
    "volume" : 70802.00
  }, {
    "date" : "2025-04-09",
    "price" : 231.17,
    "dma50" : 238.79,
    "dma100" : null,
    "dma200" : 245.52,
    "volume" : 126636.00
  }, {
    "date" : "2025-04-11",
    "price" : 233.84,
    "dma50" : 238.60,
    "dma100" : null,
    "dma200" : 245.40,
    "volume" : 52404.00
  }, {
    "date" : "2025-04-15",
    "price" : 241.76,
    "dma50" : 238.72,
    "dma100" : null,
    "dma200" : 245.37,
    "volume" : 60721.00
  }, {
    "date" : "2025-04-16",
    "price" : 243.25,
    "dma50" : 238.90,
    "dma100" : null,
    "dma200" : 245.35,
    "volume" : 82095.00
  }, {
    "date" : "2025-04-17",
    "price" : 242.36,
    "dma50" : 239.04,
    "dma100" : null,
    "dma200" : 245.32,
    "volume" : 34487.00
  }, {
    "date" : "2025-04-21",
    "price" : 241.26,
    "dma50" : 239.12,
    "dma100" : null,
    "dma200" : 245.28,
    "volume" : 70329.00
  }, {
    "date" : "2025-04-22",
    "price" : 242.40,
    "dma50" : 239.25,
    "dma100" : null,
    "dma200" : 245.25,
    "volume" : 50276.00
  }, {
    "date" : "2025-04-23",
    "price" : 243.35,
    "dma50" : 239.41,
    "dma100" : null,
    "dma200" : 245.23,
    "volume" : 105451.00
  }, {
    "date" : "2025-04-24",
    "price" : 243.89,
    "dma50" : 239.59,
    "dma100" : null,
    "dma200" : 245.21,
    "volume" : 73394.00
  }, {
    "date" : "2025-04-25",
    "price" : 235.13,
    "dma50" : 239.41,
    "dma100" : null,
    "dma200" : 245.11,
    "volume" : 80819.00
  }, {
    "date" : "2025-04-28",
    "price" : 234.85,
    "dma50" : 239.24,
    "dma100" : null,
    "dma200" : 245.01,
    "volume" : 43022.00
  }, {
    "date" : "2025-04-29",
    "price" : 229.33,
    "dma50" : 238.85,
    "dma100" : null,
    "dma200" : 244.86,
    "volume" : 105270.00
  }, {
    "date" : "2025-04-30",
    "price" : 228.66,
    "dma50" : 238.45,
    "dma100" : null,
    "dma200" : 244.70,
    "volume" : 45864.00
  }, {
    "date" : "2025-05-02",
    "price" : 229.78,
    "dma50" : 238.11,
    "dma100" : null,
    "dma200" : 244.55,
    "volume" : 54680.00
  }, {
    "date" : "2025-05-05",
    "price" : 237.75,
    "dma50" : 238.09,
    "dma100" : null,
    "dma200" : 244.48,
    "volume" : 77115.00
  }, {
    "date" : "2025-05-06",
    "price" : 229.51,
    "dma50" : 237.76,
    "dma100" : null,
    "dma200" : 244.33,
    "volume" : 178377.00
  }, {
    "date" : "2025-05-07",
    "price" : 232.83,
    "dma50" : 237.56,
    "dma100" : 248.25,
    "dma200" : 244.22,
    "volume" : 51710.00
  }, {
    "date" : "2025-05-08",
    "price" : 230.09,
    "dma50" : 237.27,
    "dma100" : 247.54,
    "dma200" : 244.08,
    "volume" : 32215.00
  }, {
    "date" : "2025-05-09",
    "price" : 226.45,
    "dma50" : 236.85,
    "dma100" : 246.83,
    "dma200" : 243.90,
    "volume" : 97312.00
  }, {
    "date" : "2025-05-12",
    "price" : 238.59,
    "dma50" : 236.91,
    "dma100" : 246.35,
    "dma200" : 243.85,
    "volume" : 92670.00
  }, {
    "date" : "2025-05-13",
    "price" : 242.32,
    "dma50" : 237.13,
    "dma100" : 245.83,
    "dma200" : 243.83,
    "volume" : 60876.00
  }, {
    "date" : "2025-05-14",
    "price" : 250.69,
    "dma50" : 237.66,
    "dma100" : 245.34,
    "dma200" : 243.90,
    "volume" : 141308.00
  }, {
    "date" : "2025-05-15",
    "price" : 253.25,
    "dma50" : 238.27,
    "dma100" : 244.85,
    "dma200" : 243.99,
    "volume" : 153413.00
  }, {
    "date" : "2025-05-16",
    "price" : 253.28,
    "dma50" : 238.86,
    "dma100" : 244.48,
    "dma200" : 244.09,
    "volume" : 103149.00
  }, {
    "date" : "2025-05-19",
    "price" : 257.48,
    "dma50" : 239.59,
    "dma100" : 244.15,
    "dma200" : 244.22,
    "volume" : 201703.00
  }, {
    "date" : "2025-05-20",
    "price" : 259.30,
    "dma50" : 240.36,
    "dma100" : 243.90,
    "dma200" : 244.37,
    "volume" : 241190.00
  }, {
    "date" : "2025-05-21",
    "price" : 258.98,
    "dma50" : 241.09,
    "dma100" : 243.69,
    "dma200" : 244.51,
    "volume" : 90756.00
  }, {
    "date" : "2025-05-22",
    "price" : 254.35,
    "dma50" : 241.61,
    "dma100" : 243.48,
    "dma200" : 244.61,
    "volume" : 301272.00
  }, {
    "date" : "2025-05-23",
    "price" : 252.88,
    "dma50" : 242.05,
    "dma100" : 243.31,
    "dma200" : 244.69,
    "volume" : 449566.00
  }, {
    "date" : "2025-05-26",
    "price" : 257.43,
    "dma50" : 242.66,
    "dma100" : 243.18,
    "dma200" : 244.82,
    "volume" : 145161.00
  }, {
    "date" : "2025-05-27",
    "price" : 258.36,
    "dma50" : 243.27,
    "dma100" : 243.13,
    "dma200" : 244.96,
    "volume" : 240359.00
  }, {
    "date" : "2025-05-28",
    "price" : 255.08,
    "dma50" : 243.74,
    "dma100" : 242.98,
    "dma200" : 245.06,
    "volume" : 66317.00
  }, {
    "date" : "2025-05-29",
    "price" : 257.46,
    "dma50" : 244.27,
    "dma100" : 242.77,
    "dma200" : 245.18,
    "volume" : 106164.00
  }, {
    "date" : "2025-05-30",
    "price" : 257.03,
    "dma50" : 244.77,
    "dma100" : 242.62,
    "dma200" : 245.30,
    "volume" : 56880.00
  }, {
    "date" : "2025-06-02",
    "price" : 261.65,
    "dma50" : 245.44,
    "dma100" : 242.51,
    "dma200" : 245.46,
    "volume" : 88781.00
  }, {
    "date" : "2025-06-03",
    "price" : 269.95,
    "dma50" : 246.40,
    "dma100" : 242.62,
    "dma200" : 245.70,
    "volume" : 282734.00
  }, {
    "date" : "2025-06-04",
    "price" : 274.80,
    "dma50" : 247.51,
    "dma100" : 242.68,
    "dma200" : 245.99,
    "volume" : 126047.00
  }, {
    "date" : "2025-06-05",
    "price" : 264.70,
    "dma50" : 248.19,
    "dma100" : 242.68,
    "dma200" : 246.18,
    "volume" : 109731.00
  }, {
    "date" : "2025-06-06",
    "price" : 263.05,
    "dma50" : 248.77,
    "dma100" : 242.69,
    "dma200" : 246.35,
    "volume" : 44587.00
  }, {
    "date" : "2025-06-09",
    "price" : 268.35,
    "dma50" : 249.54,
    "dma100" : 242.80,
    "dma200" : 246.57,
    "volume" : 66758.00
  }, {
    "date" : "2025-06-10",
    "price" : 272.35,
    "dma50" : 250.43,
    "dma100" : 243.01,
    "dma200" : 246.82,
    "volume" : 92132.00
  }, {
    "date" : "2025-06-11",
    "price" : 267.85,
    "dma50" : 251.11,
    "dma100" : 243.12,
    "dma200" : 247.03,
    "volume" : 145593.00
  }, {
    "date" : "2025-06-12",
    "price" : 274.40,
    "dma50" : 252.03,
    "dma100" : 243.30,
    "dma200" : 247.30,
    "volume" : 342733.00
  }, {
    "date" : "2025-06-13",
    "price" : 274.30,
    "dma50" : 252.90,
    "dma100" : 243.42,
    "dma200" : 247.57,
    "volume" : 91701.00
  }, {
    "date" : "2025-06-16",
    "price" : 270.10,
    "dma50" : 253.57,
    "dma100" : 243.51,
    "dma200" : 247.80,
    "volume" : 78190.00
  }, {
    "date" : "2025-06-17",
    "price" : 269.90,
    "dma50" : 254.22,
    "dma100" : 243.60,
    "dma200" : 248.02,
    "volume" : 87060.00
  }, {
    "date" : "2025-06-18",
    "price" : 267.90,
    "dma50" : 254.75,
    "dma100" : 243.73,
    "dma200" : 248.22,
    "volume" : 67569.00
  }, {
    "date" : "2025-06-19",
    "price" : 260.35,
    "dma50" : 254.97,
    "dma100" : 243.83,
    "dma200" : 248.34,
    "volume" : 55106.00
  }, {
    "date" : "2025-06-20",
    "price" : 259.10,
    "dma50" : 255.13,
    "dma100" : 243.82,
    "dma200" : 248.44,
    "volume" : 76582.00
  }, {
    "date" : "2025-06-23",
    "price" : 253.40,
    "dma50" : 255.07,
    "dma100" : 243.82,
    "dma200" : 248.49,
    "volume" : 244037.00
  }, {
    "date" : "2025-06-24",
    "price" : 253.65,
    "dma50" : 255.01,
    "dma100" : 243.95,
    "dma200" : 248.54,
    "volume" : 85739.00
  }, {
    "date" : "2025-06-25",
    "price" : 267.40,
    "dma50" : 255.50,
    "dma100" : 244.22,
    "dma200" : 248.73,
    "volume" : 407130.00
  }, {
    "date" : "2025-06-26",
    "price" : 278.50,
    "dma50" : 256.40,
    "dma100" : 244.55,
    "dma200" : 249.03,
    "volume" : 1479572.00
  }, {
    "date" : "2025-06-27",
    "price" : 279.05,
    "dma50" : 257.29,
    "dma100" : 244.89,
    "dma200" : 249.33,
    "volume" : 214277.00
  }, {
    "date" : "2025-06-30",
    "price" : 276.20,
    "dma50" : 258.03,
    "dma100" : 245.15,
    "dma200" : 249.59,
    "volume" : 266807.00
  }, {
    "date" : "2025-07-01",
    "price" : 289.15,
    "dma50" : 259.25,
    "dma100" : 245.56,
    "dma200" : 249.99,
    "volume" : 383849.00
  }, {
    "date" : "2025-07-02",
    "price" : 287.75,
    "dma50" : 260.37,
    "dma100" : 246.00,
    "dma200" : 250.36,
    "volume" : 269677.00
  }, {
    "date" : "2025-07-03",
    "price" : 287.30,
    "dma50" : 261.42,
    "dma100" : 246.36,
    "dma200" : 250.73,
    "volume" : 185399.00
  }, {
    "date" : "2025-07-04",
    "price" : 290.25,
    "dma50" : 262.55,
    "dma100" : 246.74,
    "dma200" : 251.12,
    "volume" : 143553.00
  }, {
    "date" : "2025-07-07",
    "price" : 287.55,
    "dma50" : 263.53,
    "dma100" : 247.05,
    "dma200" : 251.49,
    "volume" : 130036.00
  }, {
    "date" : "2025-07-08",
    "price" : 286.35,
    "dma50" : 264.43,
    "dma100" : 247.40,
    "dma200" : 251.83,
    "volume" : 112286.00
  }, {
    "date" : "2025-07-09",
    "price" : 284.50,
    "dma50" : 265.21,
    "dma100" : 247.80,
    "dma200" : 252.16,
    "volume" : 148841.00
  }, {
    "date" : "2025-07-10",
    "price" : 282.25,
    "dma50" : 265.88,
    "dma100" : 248.19,
    "dma200" : 252.46,
    "volume" : 104868.00
  }, {
    "date" : "2025-07-11",
    "price" : 285.35,
    "dma50" : 266.65,
    "dma100" : 248.67,
    "dma200" : 252.78,
    "volume" : 217648.00
  }, {
    "date" : "2025-07-14",
    "price" : 281.90,
    "dma50" : 267.24,
    "dma100" : 249.16,
    "dma200" : 253.07,
    "volume" : 83073.00
  }, {
    "date" : "2025-07-15",
    "price" : 282.35,
    "dma50" : 267.84,
    "dma100" : 249.67,
    "dma200" : 253.37,
    "volume" : 31349.00
  }, {
    "date" : "2025-07-16",
    "price" : 284.60,
    "dma50" : 268.49,
    "dma100" : 250.15,
    "dma200" : 253.68,
    "volume" : 66292.00
  }, {
    "date" : "2025-07-17",
    "price" : 288.60,
    "dma50" : 269.28,
    "dma100" : 250.72,
    "dma200" : 254.02,
    "volume" : 145007.00
  }, {
    "date" : "2025-07-18",
    "price" : 289.90,
    "dma50" : 270.09,
    "dma100" : 251.29,
    "dma200" : 254.38,
    "volume" : 80338.00
  }, {
    "date" : "2025-07-21",
    "price" : 293.85,
    "dma50" : 271.02,
    "dma100" : 251.88,
    "dma200" : 254.77,
    "volume" : 167154.00
  }, {
    "date" : "2025-07-22",
    "price" : 293.85,
    "dma50" : 271.92,
    "dma100" : 252.50,
    "dma200" : 255.16,
    "volume" : 166239.00
  }, {
    "date" : "2025-07-23",
    "price" : 288.90,
    "dma50" : 272.58,
    "dma100" : 253.08,
    "dma200" : 255.50,
    "volume" : 70978.00
  }, {
    "date" : "2025-07-24",
    "price" : 286.90,
    "dma50" : 273.15,
    "dma100" : 253.63,
    "dma200" : 255.81,
    "volume" : 67820.00
  }, {
    "date" : "2025-07-25",
    "price" : 286.05,
    "dma50" : 273.65,
    "dma100" : 254.19,
    "dma200" : 256.11,
    "volume" : 81555.00
  }, {
    "date" : "2025-07-28",
    "price" : 282.70,
    "dma50" : 274.01,
    "dma100" : 254.72,
    "dma200" : 256.38,
    "volume" : 105003.00
  }, {
    "date" : "2025-07-29",
    "price" : 287.75,
    "dma50" : 274.55,
    "dma100" : 255.32,
    "dma200" : 256.69,
    "volume" : 102594.00
  }, {
    "date" : "2025-07-30",
    "price" : 299.65,
    "dma50" : 275.53,
    "dma100" : 256.02,
    "dma200" : 257.12,
    "volume" : 564844.00
  }, {
    "date" : "2025-07-31",
    "price" : 293.40,
    "dma50" : 276.23,
    "dma100" : 256.58,
    "dma200" : 257.48,
    "volume" : 274891.00
  }, {
    "date" : "2025-08-01",
    "price" : 283.40,
    "dma50" : 276.51,
    "dma100" : 257.02,
    "dma200" : 257.73,
    "volume" : 149643.00
  }, {
    "date" : "2025-08-04",
    "price" : 284.60,
    "dma50" : 276.83,
    "dma100" : 257.42,
    "dma200" : 258.00,
    "volume" : 927072.00
  }, {
    "date" : "2025-08-05",
    "price" : 294.65,
    "dma50" : 277.53,
    "dma100" : 258.01,
    "dma200" : 258.37,
    "volume" : 322840.00
  }, {
    "date" : "2025-08-06",
    "price" : 296.30,
    "dma50" : 278.26,
    "dma100" : 258.67,
    "dma200" : 258.74,
    "volume" : 227265.00
  }, {
    "date" : "2025-08-07",
    "price" : 297.45,
    "dma50" : 279.02,
    "dma100" : 259.37,
    "dma200" : 259.13,
    "volume" : 173264.00
  }, {
    "date" : "2025-08-08",
    "price" : 289.90,
    "dma50" : 279.44,
    "dma100" : 260.01,
    "dma200" : 259.44,
    "volume" : 155806.00
  }, {
    "date" : "2025-08-11",
    "price" : 288.70,
    "dma50" : 279.81,
    "dma100" : 260.66,
    "dma200" : 259.73,
    "volume" : 91072.00
  }, {
    "date" : "2025-08-12",
    "price" : 287.00,
    "dma50" : 280.09,
    "dma100" : 261.20,
    "dma200" : 260.00,
    "volume" : 56905.00
  }, {
    "date" : "2025-08-13",
    "price" : 291.40,
    "dma50" : 280.53,
    "dma100" : 261.76,
    "dma200" : 260.31,
    "volume" : 179085.00
  }, {
    "date" : "2025-08-14",
    "price" : 289.65,
    "dma50" : 280.89,
    "dma100" : 262.35,
    "dma200" : 260.60,
    "volume" : 73448.00
  }, {
    "date" : "2025-08-18",
    "price" : 292.15,
    "dma50" : 281.33,
    "dma100" : 262.97,
    "dma200" : 260.92,
    "volume" : 118805.00
  }, {
    "date" : "2025-08-19",
    "price" : 295.60,
    "dma50" : 281.89,
    "dma100" : 263.54,
    "dma200" : 261.26,
    "volume" : 76273.00
  }, {
    "date" : "2025-08-20",
    "price" : 294.95,
    "dma50" : 282.40,
    "dma100" : 264.18,
    "dma200" : 261.60,
    "volume" : 119617.00
  }, {
    "date" : "2025-08-21",
    "price" : 304.35,
    "dma50" : 283.26,
    "dma100" : 264.94,
    "dma200" : 262.02,
    "volume" : 537547.00
  }, {
    "date" : "2025-08-22",
    "price" : 307.20,
    "dma50" : 284.20,
    "dma100" : 265.72,
    "dma200" : 262.47,
    "volume" : 304387.00
  }, {
    "date" : "2025-08-25",
    "price" : 307.80,
    "dma50" : 285.13,
    "dma100" : 266.53,
    "dma200" : 262.92,
    "volume" : 133898.00
  }, {
    "date" : "2025-08-26",
    "price" : 311.50,
    "dma50" : 286.16,
    "dma100" : 267.31,
    "dma200" : 263.41,
    "volume" : 441837.00
  }, {
    "date" : "2025-08-28",
    "price" : 306.20,
    "dma50" : 286.95,
    "dma100" : 267.99,
    "dma200" : 263.83,
    "volume" : 159522.00
  }, {
    "date" : "2025-08-29",
    "price" : 306.35,
    "dma50" : 287.71,
    "dma100" : 268.64,
    "dma200" : 264.26,
    "volume" : 119248.00
  }, {
    "date" : "2025-09-01",
    "price" : 309.05,
    "dma50" : 288.55,
    "dma100" : 269.36,
    "dma200" : 264.70,
    "volume" : 121542.00
  }, {
    "date" : "2025-09-02",
    "price" : 308.20,
    "dma50" : 289.32,
    "dma100" : 270.14,
    "dma200" : 265.13,
    "volume" : 168794.00
  }, {
    "date" : "2025-09-03",
    "price" : 308.00,
    "dma50" : 290.05,
    "dma100" : 270.86,
    "dma200" : 265.56,
    "volume" : 78504.00
  }, {
    "date" : "2025-09-04",
    "price" : 314.40,
    "dma50" : 291.00,
    "dma100" : 271.70,
    "dma200" : 266.05,
    "volume" : 427887.00
  }, {
    "date" : "2025-09-05",
    "price" : 314.35,
    "dma50" : 291.92,
    "dma100" : 272.50,
    "dma200" : 266.53,
    "volume" : 118455.00
  }, {
    "date" : "2025-09-08",
    "price" : 339.60,
    "dma50" : 293.79,
    "dma100" : 273.48,
    "dma200" : 267.25,
    "volume" : 1540738.00
  }, {
    "date" : "2025-09-09",
    "price" : 351.10,
    "dma50" : 296.04,
    "dma100" : 274.56,
    "dma200" : 268.09,
    "volume" : 2841723.00
  }, {
    "date" : "2025-09-10",
    "price" : 347.05,
    "dma50" : 298.04,
    "dma100" : 275.60,
    "dma200" : 268.87,
    "volume" : 403195.00
  }, {
    "date" : "2025-09-11",
    "price" : 361.00,
    "dma50" : 300.51,
    "dma100" : 276.80,
    "dma200" : 269.79,
    "volume" : 933933.00
  }, {
    "date" : "2025-09-12",
    "price" : 363.35,
    "dma50" : 302.97,
    "dma100" : 278.01,
    "dma200" : 270.72,
    "volume" : 942346.00
  }, {
    "date" : "2025-09-15",
    "price" : 365.55,
    "dma50" : 305.42,
    "dma100" : 279.23,
    "dma200" : 271.66,
    "volume" : 746078.00
  }, {
    "date" : "2025-09-16",
    "price" : 384.10,
    "dma50" : 308.51,
    "dma100" : 280.64,
    "dma200" : 272.78,
    "volume" : 1135759.00
  }, {
    "date" : "2025-09-17",
    "price" : 377.90,
    "dma50" : 311.23,
    "dma100" : 282.06,
    "dma200" : 273.83,
    "volume" : 592653.00
  }, {
    "date" : "2025-09-18",
    "price" : 371.65,
    "dma50" : 313.60,
    "dma100" : 283.43,
    "dma200" : 274.80,
    "volume" : 274975.00
  }, {
    "date" : "2025-09-19",
    "price" : 391.30,
    "dma50" : 316.65,
    "dma100" : 285.05,
    "dma200" : 275.96,
    "volume" : 794950.00
  }, {
    "date" : "2025-09-22",
    "price" : 389.80,
    "dma50" : 319.52,
    "dma100" : 286.66,
    "dma200" : 277.09,
    "volume" : 882615.00
  }, {
    "date" : "2025-09-23",
    "price" : 385.15,
    "dma50" : 322.09,
    "dma100" : 288.22,
    "dma200" : 278.17,
    "volume" : 265606.00
  }, {
    "date" : "2025-09-24",
    "price" : 381.35,
    "dma50" : 324.41,
    "dma100" : 289.65,
    "dma200" : 279.20,
    "volume" : 155681.00
  }, {
    "date" : "2025-09-25",
    "price" : 369.55,
    "dma50" : 326.18,
    "dma100" : 291.05,
    "dma200" : 280.10,
    "volume" : 231534.00
  }, {
    "date" : "2025-09-26",
    "price" : 357.35,
    "dma50" : 327.41,
    "dma100" : 292.30,
    "dma200" : 280.86,
    "volume" : 271265.00
  }, {
    "date" : "2025-09-29",
    "price" : 347.25,
    "dma50" : 328.18,
    "dma100" : 293.47,
    "dma200" : 281.53,
    "volume" : 339007.00
  }, {
    "date" : "2025-09-30",
    "price" : 333.55,
    "dma50" : 328.40,
    "dma100" : 294.54,
    "dma200" : 282.04,
    "volume" : 361377.00
  }, {
    "date" : "2025-10-01",
    "price" : 342.90,
    "dma50" : 328.96,
    "dma100" : 295.58,
    "dma200" : 282.65,
    "volume" : 196297.00
  }, {
    "date" : "2025-10-03",
    "price" : 346.70,
    "dma50" : 329.66,
    "dma100" : 296.63,
    "dma200" : 283.29,
    "volume" : 237128.00
  }, {
    "date" : "2025-10-06",
    "price" : 352.75,
    "dma50" : 330.56,
    "dma100" : 297.65,
    "dma200" : 283.98,
    "volume" : 259216.00
  }, {
    "date" : "2025-10-07",
    "price" : 353.50,
    "dma50" : 331.46,
    "dma100" : 298.65,
    "dma200" : 284.67,
    "volume" : 164438.00
  }, {
    "date" : "2025-10-08",
    "price" : 342.30,
    "dma50" : 331.89,
    "dma100" : 299.54,
    "dma200" : 285.24,
    "volume" : 130557.00
  }, {
    "date" : "2025-10-09",
    "price" : 341.70,
    "dma50" : 332.27,
    "dma100" : 300.38,
    "dma200" : 285.80,
    "volume" : 162684.00
  }, {
    "date" : "2025-10-10",
    "price" : 348.45,
    "dma50" : 332.91,
    "dma100" : 301.27,
    "dma200" : 286.43,
    "volume" : 173885.00
  }, {
    "date" : "2025-10-13",
    "price" : 339.65,
    "dma50" : 333.17,
    "dma100" : 302.08,
    "dma200" : 286.96,
    "volume" : 72202.00
  }, {
    "date" : "2025-10-14",
    "price" : 332.35,
    "dma50" : 333.14,
    "dma100" : 302.86,
    "dma200" : 287.41,
    "volume" : 162374.00
  }, {
    "date" : "2025-10-15",
    "price" : 333.95,
    "dma50" : 333.17,
    "dma100" : 303.67,
    "dma200" : 287.87,
    "volume" : 145230.00
  }, {
    "date" : "2025-10-16",
    "price" : 330.00,
    "dma50" : 333.05,
    "dma100" : 304.40,
    "dma200" : 288.29,
    "volume" : 265687.00
  }, {
    "date" : "2025-10-17",
    "price" : 335.75,
    "dma50" : 333.15,
    "dma100" : 305.17,
    "dma200" : 288.76,
    "volume" : 155520.00
  }, {
    "date" : "2025-10-20",
    "price" : 339.35,
    "dma50" : 333.40,
    "dma100" : 306.01,
    "dma200" : 289.27,
    "volume" : 192820.00
  }, {
    "date" : "2025-10-21",
    "price" : 343.45,
    "dma50" : 333.79,
    "dma100" : 306.87,
    "dma200" : 289.81,
    "volume" : 62992.00
  }, {
    "date" : "2025-10-23",
    "price" : 336.95,
    "dma50" : 333.91,
    "dma100" : 307.67,
    "dma200" : 290.27,
    "volume" : 99429.00
  }, {
    "date" : "2025-10-24",
    "price" : 339.75,
    "dma50" : 334.14,
    "dma100" : 308.45,
    "dma200" : 290.77,
    "volume" : 179800.00
  }, {
    "date" : "2025-10-27",
    "price" : 338.65,
    "dma50" : 334.32,
    "dma100" : 309.14,
    "dma200" : 291.24,
    "volume" : 103492.00
  }, {
    "date" : "2025-10-28",
    "price" : 353.90,
    "dma50" : 335.09,
    "dma100" : 309.93,
    "dma200" : 291.87,
    "volume" : 442348.00
  }, {
    "date" : "2025-10-29",
    "price" : 355.75,
    "dma50" : 335.90,
    "dma100" : 310.84,
    "dma200" : 292.50,
    "volume" : 351211.00
  }, {
    "date" : "2025-10-30",
    "price" : 359.85,
    "dma50" : 336.84,
    "dma100" : 311.81,
    "dma200" : 293.17,
    "volume" : 258115.00
  }, {
    "date" : "2025-10-31",
    "price" : 351.80,
    "dma50" : 337.42,
    "dma100" : 312.64,
    "dma200" : 293.76,
    "volume" : 96299.00
  }, {
    "date" : "2025-11-03",
    "price" : 363.30,
    "dma50" : 338.44,
    "dma100" : 313.55,
    "dma200" : 294.45,
    "volume" : 286230.00
  }, {
    "date" : "2025-11-04",
    "price" : 350.50,
    "dma50" : 338.91,
    "dma100" : 314.38,
    "dma200" : 295.01,
    "volume" : 164290.00
  }, {
    "date" : "2025-11-06",
    "price" : 329.85,
    "dma50" : 338.56,
    "dma100" : 314.94,
    "dma200" : 295.35,
    "volume" : 346391.00
  }, {
    "date" : "2025-11-07",
    "price" : 331.70,
    "dma50" : 338.29,
    "dma100" : 315.51,
    "dma200" : 295.71,
    "volume" : 139967.00
  }, {
    "date" : "2025-11-10",
    "price" : 324.00,
    "dma50" : 337.73,
    "dma100" : 316.05,
    "dma200" : 296.00,
    "volume" : 94220.00
  }, {
    "date" : "2025-11-11",
    "price" : 317.95,
    "dma50" : 336.95,
    "dma100" : 316.53,
    "dma200" : 296.21,
    "volume" : 96415.00
  }, {
    "date" : "2025-11-12",
    "price" : 318.75,
    "dma50" : 336.24,
    "dma100" : 317.04,
    "dma200" : 296.44,
    "volume" : 103476.00
  }, {
    "date" : "2025-11-13",
    "price" : 314.75,
    "dma50" : 335.40,
    "dma100" : 317.58,
    "dma200" : 296.62,
    "volume" : 118137.00
  }, {
    "date" : "2025-11-14",
    "price" : 312.20,
    "dma50" : 334.49,
    "dma100" : 318.11,
    "dma200" : 296.78,
    "volume" : 151345.00
  }, {
    "date" : "2025-11-17",
    "price" : 313.95,
    "dma50" : 333.68,
    "dma100" : 318.72,
    "dma200" : 296.95,
    "volume" : 104340.00
  }, {
    "date" : "2025-11-18",
    "price" : 309.75,
    "dma50" : 332.74,
    "dma100" : 319.28,
    "dma200" : 297.07,
    "volume" : 72466.00
  }, {
    "date" : "2025-11-19",
    "price" : 313.35,
    "dma50" : 331.98,
    "dma100" : 319.74,
    "dma200" : 297.24,
    "volume" : 89820.00
  }, {
    "date" : "2025-11-20",
    "price" : 324.60,
    "dma50" : 331.69,
    "dma100" : 320.20,
    "dma200" : 297.51,
    "volume" : 238641.00
  }, {
    "date" : "2025-11-21",
    "price" : 327.50,
    "dma50" : 331.53,
    "dma100" : 320.68,
    "dma200" : 297.81,
    "volume" : 332042.00
  }, {
    "date" : "2025-11-24",
    "price" : 317.40,
    "dma50" : 330.97,
    "dma100" : 321.10,
    "dma200" : 298.00,
    "volume" : 125057.00
  }, {
    "date" : "2025-11-25",
    "price" : 317.00,
    "dma50" : 330.43,
    "dma100" : 321.37,
    "dma200" : 298.19,
    "volume" : 93375.00
  }, {
    "date" : "2025-11-26",
    "price" : 325.95,
    "dma50" : 330.25,
    "dma100" : 321.76,
    "dma200" : 298.47,
    "volume" : 88988.00
  }, {
    "date" : "2025-11-27",
    "price" : 321.45,
    "dma50" : 329.91,
    "dma100" : 322.10,
    "dma200" : 298.70,
    "volume" : 41020.00
  }, {
    "date" : "2025-11-28",
    "price" : 334.65,
    "dma50" : 330.09,
    "dma100" : 322.54,
    "dma200" : 299.05,
    "volume" : 305901.00
  }, {
    "date" : "2025-12-01",
    "price" : 327.35,
    "dma50" : 329.98,
    "dma100" : 322.94,
    "dma200" : 299.33,
    "volume" : 110396.00
  }, {
    "date" : "2025-12-02",
    "price" : 324.00,
    "dma50" : 329.75,
    "dma100" : 323.32,
    "dma200" : 299.58,
    "volume" : 49728.00
  }, {
    "date" : "2025-12-03",
    "price" : 317.50,
    "dma50" : 329.27,
    "dma100" : 323.65,
    "dma200" : 299.76,
    "volume" : 49227.00
  }, {
    "date" : "2025-12-04",
    "price" : 314.20,
    "dma50" : 328.68,
    "dma100" : 323.97,
    "dma200" : 299.90,
    "volume" : 68019.00
  }, {
    "date" : "2025-12-05",
    "price" : 308.40,
    "dma50" : 327.88,
    "dma100" : 324.20,
    "dma200" : 299.99,
    "volume" : 42903.00
  } ],
  "latestTechnicalAttributes" : {
    "date" : "2025-12-05",
    "price" : 308.40,
    "dma50" : 327.88,
    "dma100" : 324.20,
    "dma200" : 299.99,
    "volume" : 42903.00
  },
  "quarterlyResults" : [ {
    "date" : "2005-03-31",
    "sales" : 55.54,
    "salesGrowthYoY" : null,
    "grossProfitMargin" : 45.28,
    "grossProfit" : 25.15,
    "operatingProfitMargin" : 15.47,
    "operatingProfit" : 8.59,
    "netProfitMargin" : 12.26,
    "netProfit" : 6.81
  }, {
    "date" : "2005-06-30",
    "sales" : 68.49,
    "salesGrowthYoY" : null,
    "grossProfitMargin" : 50.17,
    "grossProfit" : 34.36,
    "operatingProfitMargin" : 28.85,
    "operatingProfit" : 19.76,
    "netProfitMargin" : 16.95,
    "netProfit" : 11.61
  }, {
    "date" : "2005-09-30",
    "sales" : 48.19,
    "salesGrowthYoY" : null,
    "grossProfitMargin" : 57.96,
    "grossProfit" : 27.93,
    "operatingProfitMargin" : 24.24,
    "operatingProfit" : 11.68,
    "netProfitMargin" : 19.65,
    "netProfit" : 9.47
  }, {
    "date" : "2005-12-31",
    "sales" : 53.91,
    "salesGrowthYoY" : null,
    "grossProfitMargin" : 50.06,
    "grossProfit" : 26.99,
    "operatingProfitMargin" : 18.88,
    "operatingProfit" : 10.18,
    "netProfitMargin" : 11.54,
    "netProfit" : 6.22
  }, {
    "date" : "2006-03-31",
    "sales" : 68.69,
    "salesGrowthYoY" : 23.68,
    "grossProfitMargin" : 43.18,
    "grossProfit" : 29.66,
    "operatingProfitMargin" : 15.98,
    "operatingProfit" : 10.98,
    "netProfitMargin" : 8.41,
    "netProfit" : 5.78
  }, {
    "date" : "2006-06-30",
    "sales" : 81.55,
    "salesGrowthYoY" : 19.07,
    "grossProfitMargin" : 44.24,
    "grossProfit" : 36.08,
    "operatingProfitMargin" : 22.61,
    "operatingProfit" : 18.44,
    "netProfitMargin" : 14.38,
    "netProfit" : 11.73
  }, {
    "date" : "2006-09-30",
    "sales" : 57.97,
    "salesGrowthYoY" : 20.29,
    "grossProfitMargin" : 44.28,
    "grossProfit" : 25.67,
    "operatingProfitMargin" : 8.35,
    "operatingProfit" : 4.84,
    "netProfitMargin" : 7.75,
    "netProfit" : 4.49
  }, {
    "date" : "2006-12-31",
    "sales" : 72.59,
    "salesGrowthYoY" : 34.65,
    "grossProfitMargin" : 35.56,
    "grossProfit" : 25.81,
    "operatingProfitMargin" : 8.73,
    "operatingProfit" : 6.34,
    "netProfitMargin" : 3.88,
    "netProfit" : 2.82
  }, {
    "date" : "2007-03-31",
    "sales" : 80.99,
    "salesGrowthYoY" : 17.91,
    "grossProfitMargin" : 39.33,
    "grossProfit" : 31.85,
    "operatingProfitMargin" : 9.67,
    "operatingProfit" : 7.83,
    "netProfitMargin" : 6.52,
    "netProfit" : 5.28
  }, {
    "date" : "2007-06-30",
    "sales" : 96.31,
    "salesGrowthYoY" : 18.10,
    "grossProfitMargin" : 39.51,
    "grossProfit" : 38.05,
    "operatingProfitMargin" : 18.47,
    "operatingProfit" : 17.79,
    "netProfitMargin" : 10.13,
    "netProfit" : 9.76
  }, {
    "date" : "2007-09-30",
    "sales" : 66.34,
    "salesGrowthYoY" : 14.44,
    "grossProfitMargin" : 49.53,
    "grossProfit" : 32.86,
    "operatingProfitMargin" : 16.66,
    "operatingProfit" : 11.05,
    "netProfitMargin" : 12.69,
    "netProfit" : 8.42
  }, {
    "date" : "2007-12-31",
    "sales" : 78.97,
    "salesGrowthYoY" : 8.79,
    "grossProfitMargin" : 36.76,
    "grossProfit" : 29.03,
    "operatingProfitMargin" : 10.23,
    "operatingProfit" : 8.08,
    "netProfitMargin" : 4.66,
    "netProfit" : 3.68
  }, {
    "date" : "2008-03-31",
    "sales" : 108.71,
    "salesGrowthYoY" : 34.23,
    "grossProfitMargin" : 47.33,
    "grossProfit" : 51.45,
    "operatingProfitMargin" : 20.43,
    "operatingProfit" : 22.21,
    "netProfitMargin" : 3.33,
    "netProfit" : 3.62
  }, {
    "date" : "2008-06-30",
    "sales" : 129.85,
    "salesGrowthYoY" : 34.83,
    "grossProfitMargin" : 46.47,
    "grossProfit" : 60.34,
    "operatingProfitMargin" : 27.42,
    "operatingProfit" : 35.60,
    "netProfitMargin" : 11.47,
    "netProfit" : 14.89
  }, {
    "date" : "2008-09-30",
    "sales" : 94.38,
    "salesGrowthYoY" : 42.27,
    "grossProfitMargin" : 49.15,
    "grossProfit" : 46.39,
    "operatingProfitMargin" : 21.52,
    "operatingProfit" : 20.31,
    "netProfitMargin" : 11.56,
    "netProfit" : 10.91
  }, {
    "date" : "2008-12-31",
    "sales" : 77.97,
    "salesGrowthYoY" : -1.27,
    "grossProfitMargin" : 49.43,
    "grossProfit" : 38.54,
    "operatingProfitMargin" : 17.63,
    "operatingProfit" : 13.75,
    "netProfitMargin" : 3.83,
    "netProfit" : 2.99
  }, {
    "date" : "2009-03-31",
    "sales" : 123.41,
    "salesGrowthYoY" : 13.52,
    "grossProfitMargin" : 35.65,
    "grossProfit" : 44.00,
    "operatingProfitMargin" : 13.00,
    "operatingProfit" : 16.04,
    "netProfitMargin" : 5.55,
    "netProfit" : 6.85
  }, {
    "date" : "2009-06-30",
    "sales" : 155.86,
    "salesGrowthYoY" : 20.03,
    "grossProfitMargin" : 40.36,
    "grossProfit" : 62.91,
    "operatingProfitMargin" : 23.21,
    "operatingProfit" : 36.18,
    "netProfitMargin" : 10.01,
    "netProfit" : 15.60
  }, {
    "date" : "2009-09-30",
    "sales" : 101.31,
    "salesGrowthYoY" : 7.34,
    "grossProfitMargin" : 49.28,
    "grossProfit" : 49.93,
    "operatingProfitMargin" : 22.46,
    "operatingProfit" : 22.75,
    "netProfitMargin" : 13.57,
    "netProfit" : 13.75
  }, {
    "date" : "2009-12-31",
    "sales" : 106.50,
    "salesGrowthYoY" : 36.59,
    "grossProfitMargin" : 45.34,
    "grossProfit" : 48.29,
    "operatingProfitMargin" : 19.10,
    "operatingProfit" : 20.34,
    "netProfitMargin" : 12.60,
    "netProfit" : 13.42
  }, {
    "date" : "2010-03-31",
    "sales" : 134.71,
    "salesGrowthYoY" : 9.16,
    "grossProfitMargin" : 42.25,
    "grossProfit" : 56.91,
    "operatingProfitMargin" : 18.50,
    "operatingProfit" : 24.92,
    "netProfitMargin" : 8.04,
    "netProfit" : 10.83
  }, {
    "date" : "2010-06-30",
    "sales" : 171.11,
    "salesGrowthYoY" : 9.78,
    "grossProfitMargin" : 51.72,
    "grossProfit" : 88.50,
    "operatingProfitMargin" : 23.19,
    "operatingProfit" : 39.68,
    "netProfitMargin" : 12.10,
    "netProfit" : 20.70
  }, {
    "date" : "2010-09-30",
    "sales" : 110.02,
    "salesGrowthYoY" : 8.60,
    "grossProfitMargin" : 53.25,
    "grossProfit" : 58.59,
    "operatingProfitMargin" : 21.28,
    "operatingProfit" : 23.41,
    "netProfitMargin" : 9.38,
    "netProfit" : 10.32
  }, {
    "date" : "2010-12-31",
    "sales" : 151.36,
    "salesGrowthYoY" : 42.12,
    "grossProfitMargin" : 52.58,
    "grossProfit" : 79.59,
    "operatingProfitMargin" : 15.97,
    "operatingProfit" : 24.17,
    "netProfitMargin" : 5.62,
    "netProfit" : 8.51
  }, {
    "date" : "2011-03-31",
    "sales" : 187.66,
    "salesGrowthYoY" : 39.31,
    "grossProfitMargin" : 52.73,
    "grossProfit" : 98.95,
    "operatingProfitMargin" : 14.95,
    "operatingProfit" : 28.06,
    "netProfitMargin" : 7.02,
    "netProfit" : 13.17
  }, {
    "date" : "2011-06-30",
    "sales" : 188.93,
    "salesGrowthYoY" : 10.41,
    "grossProfitMargin" : 41.72,
    "grossProfit" : 78.82,
    "operatingProfitMargin" : 16.29,
    "operatingProfit" : 30.78,
    "netProfitMargin" : 8.91,
    "netProfit" : 16.83
  }, {
    "date" : "2011-09-30",
    "sales" : 143.70,
    "salesGrowthYoY" : 30.61,
    "grossProfitMargin" : 43.78,
    "grossProfit" : 62.91,
    "operatingProfitMargin" : 13.81,
    "operatingProfit" : 19.84,
    "netProfitMargin" : 7.84,
    "netProfit" : 11.27
  }, {
    "date" : "2011-12-31",
    "sales" : 165.42,
    "salesGrowthYoY" : 9.29,
    "grossProfitMargin" : 41.70,
    "grossProfit" : 68.98,
    "operatingProfitMargin" : 12.30,
    "operatingProfit" : 20.35,
    "netProfitMargin" : 4.29,
    "netProfit" : 7.10
  }, {
    "date" : "2012-03-31",
    "sales" : 193.28,
    "salesGrowthYoY" : 2.99,
    "grossProfitMargin" : 44.17,
    "grossProfit" : 85.37,
    "operatingProfitMargin" : 17.95,
    "operatingProfit" : 34.69,
    "netProfitMargin" : 12.93,
    "netProfit" : 24.99
  }, {
    "date" : "2012-06-30",
    "sales" : 268.89,
    "salesGrowthYoY" : 42.32,
    "grossProfitMargin" : 42.17,
    "grossProfit" : 113.39,
    "operatingProfitMargin" : 15.74,
    "operatingProfit" : 42.32,
    "netProfitMargin" : 7.69,
    "netProfit" : 20.68
  }, {
    "date" : "2012-09-30",
    "sales" : 160.35,
    "salesGrowthYoY" : 11.59,
    "grossProfitMargin" : 41.81,
    "grossProfit" : 67.04,
    "operatingProfitMargin" : 16.30,
    "operatingProfit" : 26.14,
    "netProfitMargin" : 7.13,
    "netProfit" : 11.43
  }, {
    "date" : "2012-12-31",
    "sales" : 175.54,
    "salesGrowthYoY" : 6.12,
    "grossProfitMargin" : 38.94,
    "grossProfit" : 68.36,
    "operatingProfitMargin" : 12.58,
    "operatingProfit" : 22.08,
    "netProfitMargin" : 5.29,
    "netProfit" : 9.29
  }, {
    "date" : "2013-03-31",
    "sales" : 186.60,
    "salesGrowthYoY" : -3.46,
    "grossProfitMargin" : 39.59,
    "grossProfit" : 73.87,
    "operatingProfitMargin" : 11.97,
    "operatingProfit" : 22.34,
    "netProfitMargin" : 6.76,
    "netProfit" : 12.61
  }, {
    "date" : "2013-06-30",
    "sales" : 222.67,
    "salesGrowthYoY" : -17.19,
    "grossProfitMargin" : 35.64,
    "grossProfit" : 79.36,
    "operatingProfitMargin" : 13.40,
    "operatingProfit" : 29.84,
    "netProfitMargin" : 4.84,
    "netProfit" : 10.78
  }, {
    "date" : "2013-09-30",
    "sales" : 139.64,
    "salesGrowthYoY" : -12.92,
    "grossProfitMargin" : 37.66,
    "grossProfit" : 52.59,
    "operatingProfitMargin" : 7.44,
    "operatingProfit" : 10.39,
    "netProfitMargin" : -0.73,
    "netProfit" : -1.02
  }, {
    "date" : "2013-12-31",
    "sales" : 141.90,
    "salesGrowthYoY" : -19.16,
    "grossProfitMargin" : 36.81,
    "grossProfit" : 52.23,
    "operatingProfitMargin" : 4.28,
    "operatingProfit" : 6.07,
    "netProfitMargin" : -8.15,
    "netProfit" : -11.56
  }, {
    "date" : "2014-03-31",
    "sales" : 181.79,
    "salesGrowthYoY" : -2.58,
    "grossProfitMargin" : 36.73,
    "grossProfit" : 66.77,
    "operatingProfitMargin" : 5.39,
    "operatingProfit" : 9.80,
    "netProfitMargin" : -2.30,
    "netProfit" : -4.18
  }, {
    "date" : "2014-06-30",
    "sales" : 246.70,
    "salesGrowthYoY" : 10.79,
    "grossProfitMargin" : 33.68,
    "grossProfit" : 83.09,
    "operatingProfitMargin" : 9.35,
    "operatingProfit" : 23.07,
    "netProfitMargin" : 3.12,
    "netProfit" : 7.70
  }, {
    "date" : "2014-09-30",
    "sales" : 158.55,
    "salesGrowthYoY" : 13.54,
    "grossProfitMargin" : 40.62,
    "grossProfit" : 64.40,
    "operatingProfitMargin" : 6.65,
    "operatingProfit" : 10.54,
    "netProfitMargin" : 3.22,
    "netProfit" : 5.11
  }, {
    "date" : "2014-12-31",
    "sales" : 158.07,
    "salesGrowthYoY" : 11.40,
    "grossProfitMargin" : 38.98,
    "grossProfit" : 61.62,
    "operatingProfitMargin" : 4.90,
    "operatingProfit" : 7.75,
    "netProfitMargin" : -3.02,
    "netProfit" : -4.77
  }, {
    "date" : "2015-03-31",
    "sales" : 189.83,
    "salesGrowthYoY" : 4.42,
    "grossProfitMargin" : 43.50,
    "grossProfit" : 82.58,
    "operatingProfitMargin" : 8.63,
    "operatingProfit" : 16.38,
    "netProfitMargin" : 1.46,
    "netProfit" : 2.77
  }, {
    "date" : "2015-06-30",
    "sales" : 233.19,
    "salesGrowthYoY" : -5.48,
    "grossProfitMargin" : 37.52,
    "grossProfit" : 87.49,
    "operatingProfitMargin" : 9.51,
    "operatingProfit" : 22.18,
    "netProfitMargin" : 3.19,
    "netProfit" : 7.44
  }, {
    "date" : "2015-09-30",
    "sales" : 129.50,
    "salesGrowthYoY" : -18.32,
    "grossProfitMargin" : 45.21,
    "grossProfit" : 58.55,
    "operatingProfitMargin" : 2.77,
    "operatingProfit" : 3.59,
    "netProfitMargin" : -0.80,
    "netProfit" : -1.04
  }, {
    "date" : "2015-12-31",
    "sales" : 149.58,
    "salesGrowthYoY" : -5.37,
    "grossProfitMargin" : 34.81,
    "grossProfit" : 52.07,
    "operatingProfitMargin" : 2.50,
    "operatingProfit" : 3.74,
    "netProfitMargin" : -5.39,
    "netProfit" : -8.06
  }, {
    "date" : "2016-03-31",
    "sales" : 195.13,
    "salesGrowthYoY" : 2.79,
    "grossProfitMargin" : 38.51,
    "grossProfit" : 75.14,
    "operatingProfitMargin" : 5.02,
    "operatingProfit" : 9.80,
    "netProfitMargin" : 11.18,
    "netProfit" : 21.82
  }, {
    "date" : "2016-06-30",
    "sales" : 233.90,
    "salesGrowthYoY" : 0.30,
    "grossProfitMargin" : 42.22,
    "grossProfit" : 98.75,
    "operatingProfitMargin" : 15.13,
    "operatingProfit" : 35.39,
    "netProfitMargin" : 7.93,
    "netProfit" : 18.55
  }, {
    "date" : "2016-09-30",
    "sales" : 150.14,
    "salesGrowthYoY" : 15.94,
    "grossProfitMargin" : 52.69,
    "grossProfit" : 79.11,
    "operatingProfitMargin" : 12.45,
    "operatingProfit" : 18.69,
    "netProfitMargin" : 7.23,
    "netProfit" : 10.86
  }, {
    "date" : "2016-12-31",
    "sales" : 146.12,
    "salesGrowthYoY" : -2.31,
    "grossProfitMargin" : 46.12,
    "grossProfit" : 67.39,
    "operatingProfitMargin" : 4.87,
    "operatingProfit" : 7.12,
    "netProfitMargin" : 3.17,
    "netProfit" : 4.63
  }, {
    "date" : "2017-03-31",
    "sales" : 181.90,
    "salesGrowthYoY" : -6.78,
    "grossProfitMargin" : 41.68,
    "grossProfit" : 75.82,
    "operatingProfitMargin" : 6.54,
    "operatingProfit" : 11.90,
    "netProfitMargin" : 7.79,
    "netProfit" : 14.17
  }, {
    "date" : "2017-06-30",
    "sales" : 238.93,
    "salesGrowthYoY" : 2.15,
    "grossProfitMargin" : 41.88,
    "grossProfit" : 100.06,
    "operatingProfitMargin" : 11.17,
    "operatingProfit" : 26.69,
    "netProfitMargin" : 6.58,
    "netProfit" : 15.72
  }, {
    "date" : "2017-09-30",
    "sales" : 160.99,
    "salesGrowthYoY" : 7.23,
    "grossProfitMargin" : 53.33,
    "grossProfit" : 85.86,
    "operatingProfitMargin" : 13.73,
    "operatingProfit" : 22.10,
    "netProfitMargin" : 13.70,
    "netProfit" : 22.06
  }, {
    "date" : "2017-12-31",
    "sales" : 181.38,
    "salesGrowthYoY" : 24.13,
    "grossProfitMargin" : 49.86,
    "grossProfit" : 90.44,
    "operatingProfitMargin" : 9.17,
    "operatingProfit" : 16.63,
    "netProfitMargin" : 6.46,
    "netProfit" : 11.72
  }, {
    "date" : "2018-03-31",
    "sales" : 217.34,
    "salesGrowthYoY" : 19.48,
    "grossProfitMargin" : 45.97,
    "grossProfit" : 99.91,
    "operatingProfitMargin" : 11.11,
    "operatingProfit" : 24.15,
    "netProfitMargin" : 6.33,
    "netProfit" : 13.76
  }, {
    "date" : "2018-06-30",
    "sales" : 304.13,
    "salesGrowthYoY" : 27.29,
    "grossProfitMargin" : 45.45,
    "grossProfit" : 138.23,
    "operatingProfitMargin" : 14.58,
    "operatingProfit" : 44.34,
    "netProfitMargin" : 7.10,
    "netProfit" : 21.59
  }, {
    "date" : "2018-09-30",
    "sales" : 188.40,
    "salesGrowthYoY" : 17.03,
    "grossProfitMargin" : 51.73,
    "grossProfit" : 97.46,
    "operatingProfitMargin" : 9.86,
    "operatingProfit" : 18.58,
    "netProfitMargin" : 13.96,
    "netProfit" : 26.30
  }, {
    "date" : "2018-12-31",
    "sales" : 181.72,
    "salesGrowthYoY" : 0.19,
    "grossProfitMargin" : 52.33,
    "grossProfit" : 95.09,
    "operatingProfitMargin" : 9.83,
    "operatingProfit" : 17.86,
    "netProfitMargin" : 5.92,
    "netProfit" : 10.76
  }, {
    "date" : "2019-03-31",
    "sales" : 223.50,
    "salesGrowthYoY" : 2.83,
    "grossProfitMargin" : 50.15,
    "grossProfit" : 112.09,
    "operatingProfitMargin" : 10.15,
    "operatingProfit" : 22.69,
    "netProfitMargin" : 6.50,
    "netProfit" : 14.53
  }, {
    "date" : "2019-06-30",
    "sales" : 296.03,
    "salesGrowthYoY" : -2.66,
    "grossProfitMargin" : 45.46,
    "grossProfit" : 134.58,
    "operatingProfitMargin" : 13.36,
    "operatingProfit" : 39.55,
    "netProfitMargin" : 8.68,
    "netProfit" : 25.70
  }, {
    "date" : "2019-09-30",
    "sales" : 176.98,
    "salesGrowthYoY" : -6.06,
    "grossProfitMargin" : 54.49,
    "grossProfit" : 96.44,
    "operatingProfitMargin" : 8.41,
    "operatingProfit" : 14.88,
    "netProfitMargin" : 10.33,
    "netProfit" : 18.28
  }, {
    "date" : "2019-12-31",
    "sales" : 160.00,
    "salesGrowthYoY" : -11.95,
    "grossProfitMargin" : 58.14,
    "grossProfit" : 93.02,
    "operatingProfitMargin" : 6.78,
    "operatingProfit" : 10.85,
    "netProfitMargin" : 4.89,
    "netProfit" : 7.82
  }, {
    "date" : "2020-03-31",
    "sales" : 193.30,
    "salesGrowthYoY" : -13.51,
    "grossProfitMargin" : 50.66,
    "grossProfit" : 97.93,
    "operatingProfitMargin" : 4.06,
    "operatingProfit" : 7.85,
    "netProfitMargin" : 5.05,
    "netProfit" : 9.76
  }, {
    "date" : "2020-06-30",
    "sales" : 273.96,
    "salesGrowthYoY" : -7.46,
    "grossProfitMargin" : 44.65,
    "grossProfit" : 122.32,
    "operatingProfitMargin" : 19.98,
    "operatingProfit" : 54.74,
    "netProfitMargin" : 10.95,
    "netProfit" : 30.00
  }, {
    "date" : "2020-09-30",
    "sales" : 205.58,
    "salesGrowthYoY" : 16.16,
    "grossProfitMargin" : 52.89,
    "grossProfit" : 108.73,
    "operatingProfitMargin" : 15.50,
    "operatingProfit" : 31.86,
    "netProfitMargin" : 13.18,
    "netProfit" : 27.10
  }, {
    "date" : "2020-12-31",
    "sales" : 245.92,
    "salesGrowthYoY" : 53.70,
    "grossProfitMargin" : 53.01,
    "grossProfit" : 130.36,
    "operatingProfitMargin" : 14.99,
    "operatingProfit" : 36.86,
    "netProfitMargin" : 11.63,
    "netProfit" : 28.60
  }, {
    "date" : "2021-03-31",
    "sales" : 277.48,
    "salesGrowthYoY" : 43.55,
    "grossProfitMargin" : 51.33,
    "grossProfit" : 142.43,
    "operatingProfitMargin" : 9.90,
    "operatingProfit" : 27.47,
    "netProfitMargin" : 9.05,
    "netProfit" : 25.11
  }, {
    "date" : "2021-06-30",
    "sales" : 372.91,
    "salesGrowthYoY" : 36.12,
    "grossProfitMargin" : 47.34,
    "grossProfit" : 176.54,
    "operatingProfitMargin" : 18.74,
    "operatingProfit" : 69.88,
    "netProfitMargin" : 15.31,
    "netProfit" : 57.09
  }, {
    "date" : "2021-09-30",
    "sales" : 238.46,
    "salesGrowthYoY" : 15.99,
    "grossProfitMargin" : 54.71,
    "grossProfit" : 130.46,
    "operatingProfitMargin" : 15.16,
    "operatingProfit" : 36.15,
    "netProfitMargin" : 7.79,
    "netProfit" : 18.58
  }, {
    "date" : "2021-12-31",
    "sales" : 268.00,
    "salesGrowthYoY" : 8.98,
    "grossProfitMargin" : 53.08,
    "grossProfit" : 142.25,
    "operatingProfitMargin" : 12.13,
    "operatingProfit" : 32.51,
    "netProfitMargin" : 5.95,
    "netProfit" : 15.95
  }, {
    "date" : "2022-03-31",
    "sales" : 305.34,
    "salesGrowthYoY" : 10.04,
    "grossProfitMargin" : 49.89,
    "grossProfit" : 152.33,
    "operatingProfitMargin" : 9.76,
    "operatingProfit" : 29.80,
    "netProfitMargin" : 5.02,
    "netProfit" : 15.33
  }, {
    "date" : "2022-06-30",
    "sales" : 449.08,
    "salesGrowthYoY" : 20.43,
    "grossProfitMargin" : 44.79,
    "grossProfit" : 201.14,
    "operatingProfitMargin" : 14.68,
    "operatingProfit" : 65.92,
    "netProfitMargin" : 8.92,
    "netProfit" : 40.06
  }, {
    "date" : "2022-09-30",
    "sales" : 264.57,
    "salesGrowthYoY" : 10.95,
    "grossProfitMargin" : 47.47,
    "grossProfit" : 125.59,
    "operatingProfitMargin" : 6.55,
    "operatingProfit" : 17.33,
    "netProfitMargin" : 6.36,
    "netProfit" : 16.83
  }, {
    "date" : "2022-12-31",
    "sales" : 283.71,
    "salesGrowthYoY" : 5.86,
    "grossProfitMargin" : 43.52,
    "grossProfit" : 123.47,
    "operatingProfitMargin" : 5.71,
    "operatingProfit" : 16.20,
    "netProfitMargin" : 1.77,
    "netProfit" : 5.02
  }, {
    "date" : "2023-03-31",
    "sales" : 310.10,
    "salesGrowthYoY" : 1.56,
    "grossProfitMargin" : 42.39,
    "grossProfit" : 131.45,
    "operatingProfitMargin" : 6.55,
    "operatingProfit" : 20.31,
    "netProfitMargin" : 9.98,
    "netProfit" : 30.95
  }, {
    "date" : "2023-06-30",
    "sales" : 453.16,
    "salesGrowthYoY" : 0.91,
    "grossProfitMargin" : 39.00,
    "grossProfit" : 176.73,
    "operatingProfitMargin" : 10.14,
    "operatingProfit" : 45.95,
    "netProfitMargin" : 5.81,
    "netProfit" : 26.33
  }, {
    "date" : "2023-09-30",
    "sales" : 264.30,
    "salesGrowthYoY" : -0.10,
    "grossProfitMargin" : 44.43,
    "grossProfit" : 117.43,
    "operatingProfitMargin" : 6.41,
    "operatingProfit" : 16.94,
    "netProfitMargin" : 6.05,
    "netProfit" : 15.99
  }, {
    "date" : "2023-12-31",
    "sales" : 269.93,
    "salesGrowthYoY" : -4.86,
    "grossProfitMargin" : 46.78,
    "grossProfit" : 126.27,
    "operatingProfitMargin" : 7.02,
    "operatingProfit" : 18.95,
    "netProfitMargin" : 4.62,
    "netProfit" : 12.47
  }, {
    "date" : "2024-03-31",
    "sales" : 311.13,
    "salesGrowthYoY" : 0.33,
    "grossProfitMargin" : 44.89,
    "grossProfit" : 139.67,
    "operatingProfitMargin" : 6.97,
    "operatingProfit" : 21.69,
    "netProfitMargin" : 1.54,
    "netProfit" : 4.79
  }, {
    "date" : "2024-06-30",
    "sales" : 492.59,
    "salesGrowthYoY" : 8.70,
    "grossProfitMargin" : 35.32,
    "grossProfit" : 173.98,
    "operatingProfitMargin" : 9.30,
    "operatingProfit" : 45.81,
    "netProfitMargin" : 5.60,
    "netProfit" : 27.59
  }, {
    "date" : "2024-09-30",
    "sales" : 280.94,
    "salesGrowthYoY" : 6.30,
    "grossProfitMargin" : 47.26,
    "grossProfit" : 132.77,
    "operatingProfitMargin" : 8.02,
    "operatingProfit" : 22.53,
    "netProfitMargin" : 12.26,
    "netProfit" : 34.44
  }, {
    "date" : "2024-12-31",
    "sales" : 272.17,
    "salesGrowthYoY" : 0.83,
    "grossProfitMargin" : 47.89,
    "grossProfit" : 130.34,
    "operatingProfitMargin" : 7.06,
    "operatingProfit" : 19.22,
    "netProfitMargin" : 4.75,
    "netProfit" : 12.93
  }, {
    "date" : "2025-03-31",
    "sales" : 341.32,
    "salesGrowthYoY" : 9.70,
    "grossProfitMargin" : 43.48,
    "grossProfit" : 148.41,
    "operatingProfitMargin" : 7.27,
    "operatingProfit" : 24.81,
    "netProfitMargin" : 3.93,
    "netProfit" : 13.41
  }, {
    "date" : "2025-06-30",
    "sales" : 458.88,
    "salesGrowthYoY" : -6.84,
    "grossProfitMargin" : 40.27,
    "grossProfit" : 184.79,
    "operatingProfitMargin" : 11.18,
    "operatingProfit" : 51.30,
    "netProfitMargin" : 7.10,
    "netProfit" : 32.58
  }, {
    "date" : "2025-09-30",
    "sales" : 272.67,
    "salesGrowthYoY" : -2.94,
    "grossProfitMargin" : 49.59,
    "grossProfit" : 135.22,
    "operatingProfitMargin" : 9.54,
    "operatingProfit" : 26.01,
    "netProfitMargin" : 13.11,
    "netProfit" : 35.75
  } ],
  "latestQuarterlyResult" : {
    "date" : "2025-09-30",
    "sales" : 272.67,
    "salesGrowthYoY" : -2.94,
    "grossProfitMargin" : 49.59,
    "grossProfit" : 135.22,
    "operatingProfitMargin" : 9.54,
    "operatingProfit" : 26.01,
    "netProfitMargin" : 13.11,
    "netProfit" : 35.75
  },
  "companyScore" : {
    "priceHigherThanDma50" : 0.00,
    "priceHigherThanDma100" : 0.00,
    "priceHigherThanDma200" : 5.00,
    "dma50HigherThanDma100" : 5.00,
    "dma50HigherThanDma200" : 5.00,
    "dma100HigherThanDma200" : 5.00,
    "pricePercentageAboveDma50" : 5.30,
    "pricePercentageAboveDma100" : 5.24,
    "pricePercentageAboveDma200" : 4.86,
    "weeklyVolumeHigherThanYearlyVolume" : 0.00,
    "salesGrowthPercentile" : 4.45,
    "operatingProfitMarginPercentile" : 7.23,
    "netProfitMarginPercentile" : 9.04,
    "totalTechnicalScore" : 35.40,
    "totalFundamentalScore" : 20.72,
    "totalScore" : 56.12
  }
}