{
  "metadata" : {
    "screenerCompanyId" : "2660",
    "companyCode" : "RAMCOSYS",
    "companyName" : "Ramco Systems",
    "screenerCompanyLink" : "https://www.screener.in/company/RAMCOSYS/consolidated/",
    "screenerTechnicalHistoryLink" : "https://www.screener.in/api/company/2660/chart/?q=Price-DMA50-DMA200-Volume&days=365",
    "screenerQuarterlyResultsLink" : "https://www.screener.in/api/company/2660/chart/?q=GPM-OPM-NPM-Quarter+Sales&days=10000",
    "attributes" : {
      "companyCode" : "RAMCOSYS",
      "companyName" : "Ramco Systems",
      "marketCap" : 1936.00,
      "peRatio" : 44.40,
      "description" : "Incorporated in 1997, Ramco Systems Ltd develops ERP Software solutions, and provides that with related solutions and services[1]"
    },
    "companyScore" : {
      "priceHigherThanDma50" : 0.00,
      "priceHigherThanDma100" : 0.00,
      "priceHigherThanDma200" : 5.00,
      "dma50HigherThanDma100" : 0.00,
      "dma50HigherThanDma200" : 5.00,
      "dma100HigherThanDma200" : 5.00,
      "pricePercentageAboveDma50" : 5.08,
      "pricePercentageAboveDma100" : 5.35,
      "pricePercentageAboveDma200" : 4.77,
      "weeklyVolumeHigherThanYearlyVolume" : 5.00,
      "salesGrowthPercentile" : 6.00,
      "operatingProfitMarginPercentile" : 16.31,
      "netProfitMarginPercentile" : 7.26,
      "totalTechnicalScore" : 35.21,
      "totalFundamentalScore" : 29.58,
      "totalScore" : 64.78
    }
  },
  "attributes" : {
    "companyCode" : "RAMCOSYS",
    "companyName" : "Ramco Systems",
    "marketCap" : 1936.00,
    "peRatio" : 44.40,
    "description" : "Incorporated in 1997, Ramco Systems Ltd develops ERP Software solutions, and provides that with related solutions and services[1]"
  },
  "technicalHistory" : [ {
    "date" : "2025-02-17",
    "price" : 303.15,
    "dma50" : 380.36,
    "dma100" : null,
    "dma200" : 381.36,
    "volume" : 46463.00
  }, {
    "date" : "2025-02-18",
    "price" : 287.45,
    "dma50" : 376.71,
    "dma100" : null,
    "dma200" : 380.43,
    "volume" : 72392.00
  }, {
    "date" : "2025-02-19",
    "price" : 310.25,
    "dma50" : 374.11,
    "dma100" : null,
    "dma200" : 379.73,
    "volume" : 117946.00
  }, {
    "date" : "2025-02-20",
    "price" : 312.90,
    "dma50" : 371.71,
    "dma100" : null,
    "dma200" : 379.07,
    "volume" : 69116.00
  }, {
    "date" : "2025-02-21",
    "price" : 315.75,
    "dma50" : 369.51,
    "dma100" : null,
    "dma200" : 378.44,
    "volume" : 131499.00
  }, {
    "date" : "2025-02-24",
    "price" : 313.15,
    "dma50" : 367.30,
    "dma100" : null,
    "dma200" : 377.79,
    "volume" : 51068.00
  }, {
    "date" : "2025-02-25",
    "price" : 304.10,
    "dma50" : 364.82,
    "dma100" : null,
    "dma200" : 377.05,
    "volume" : 32842.00
  }, {
    "date" : "2025-02-27",
    "price" : 304.25,
    "dma50" : 362.45,
    "dma100" : null,
    "dma200" : 376.33,
    "volume" : 49041.00
  }, {
    "date" : "2025-02-28",
    "price" : 290.30,
    "dma50" : 359.62,
    "dma100" : null,
    "dma200" : 375.47,
    "volume" : 54685.00
  }, {
    "date" : "2025-03-03",
    "price" : 274.60,
    "dma50" : 356.29,
    "dma100" : null,
    "dma200" : 374.47,
    "volume" : 99924.00
  }, {
    "date" : "2025-03-04",
    "price" : 301.70,
    "dma50" : 354.15,
    "dma100" : null,
    "dma200" : 373.75,
    "volume" : 132574.00
  }, {
    "date" : "2025-03-05",
    "price" : 310.50,
    "dma50" : 352.43,
    "dma100" : null,
    "dma200" : 373.12,
    "volume" : 96102.00
  }, {
    "date" : "2025-03-06",
    "price" : 315.25,
    "dma50" : 350.98,
    "dma100" : null,
    "dma200" : 372.54,
    "volume" : 95991.00
  }, {
    "date" : "2025-03-07",
    "price" : 337.95,
    "dma50" : 350.46,
    "dma100" : null,
    "dma200" : 372.20,
    "volume" : 103848.00
  }, {
    "date" : "2025-03-10",
    "price" : 318.10,
    "dma50" : 349.20,
    "dma100" : null,
    "dma200" : 371.66,
    "volume" : 69492.00
  }, {
    "date" : "2025-03-11",
    "price" : 312.85,
    "dma50" : 347.77,
    "dma100" : null,
    "dma200" : 371.07,
    "volume" : 46962.00
  }, {
    "date" : "2025-03-12",
    "price" : 313.20,
    "dma50" : 346.41,
    "dma100" : null,
    "dma200" : 370.50,
    "volume" : 49444.00
  }, {
    "date" : "2025-03-13",
    "price" : 304.70,
    "dma50" : 344.78,
    "dma100" : null,
    "dma200" : 369.84,
    "volume" : 31904.00
  }, {
    "date" : "2025-03-17",
    "price" : 289.70,
    "dma50" : 342.62,
    "dma100" : null,
    "dma200" : 369.04,
    "volume" : 66553.00
  }, {
    "date" : "2025-03-18",
    "price" : 297.90,
    "dma50" : 340.86,
    "dma100" : null,
    "dma200" : 368.34,
    "volume" : 49833.00
  }, {
    "date" : "2025-03-19",
    "price" : 306.50,
    "dma50" : 339.52,
    "dma100" : null,
    "dma200" : 367.72,
    "volume" : 47909.00
  }, {
    "date" : "2025-03-20",
    "price" : 309.90,
    "dma50" : 338.36,
    "dma100" : null,
    "dma200" : 367.15,
    "volume" : 51754.00
  }, {
    "date" : "2025-03-21",
    "price" : 310.25,
    "dma50" : 337.25,
    "dma100" : null,
    "dma200" : 366.58,
    "volume" : 48630.00
  }, {
    "date" : "2025-03-24",
    "price" : 310.85,
    "dma50" : 336.22,
    "dma100" : null,
    "dma200" : 366.03,
    "volume" : 171468.00
  }, {
    "date" : "2025-03-25",
    "price" : 340.50,
    "dma50" : 336.39,
    "dma100" : null,
    "dma200" : 365.77,
    "volume" : 403189.00
  }, {
    "date" : "2025-03-26",
    "price" : 339.50,
    "dma50" : 336.51,
    "dma100" : null,
    "dma200" : 365.51,
    "volume" : 378789.00
  }, {
    "date" : "2025-03-27",
    "price" : 351.10,
    "dma50" : 337.08,
    "dma100" : null,
    "dma200" : 365.37,
    "volume" : 109768.00
  }, {
    "date" : "2025-03-28",
    "price" : 330.90,
    "dma50" : 336.84,
    "dma100" : null,
    "dma200" : 365.02,
    "volume" : 77620.00
  }, {
    "date" : "2025-04-01",
    "price" : 330.95,
    "dma50" : 336.61,
    "dma100" : null,
    "dma200" : 364.68,
    "volume" : 51845.00
  }, {
    "date" : "2025-04-02",
    "price" : 343.40,
    "dma50" : 336.87,
    "dma100" : null,
    "dma200" : 364.47,
    "volume" : 61194.00
  }, {
    "date" : "2025-04-03",
    "price" : 352.15,
    "dma50" : 337.47,
    "dma100" : null,
    "dma200" : 364.35,
    "volume" : 157445.00
  }, {
    "date" : "2025-04-04",
    "price" : 347.60,
    "dma50" : 337.87,
    "dma100" : null,
    "dma200" : 364.18,
    "volume" : 108987.00
  }, {
    "date" : "2025-04-07",
    "price" : 342.95,
    "dma50" : 338.07,
    "dma100" : null,
    "dma200" : 363.97,
    "volume" : 125976.00
  }, {
    "date" : "2025-04-08",
    "price" : 360.80,
    "dma50" : 338.96,
    "dma100" : null,
    "dma200" : 363.94,
    "volume" : 133232.00
  }, {
    "date" : "2025-04-09",
    "price" : 371.05,
    "dma50" : 340.22,
    "dma100" : null,
    "dma200" : 364.01,
    "volume" : 154831.00
  }, {
    "date" : "2025-04-11",
    "price" : 370.85,
    "dma50" : 341.42,
    "dma100" : null,
    "dma200" : 364.08,
    "volume" : 93443.00
  }, {
    "date" : "2025-04-15",
    "price" : 387.65,
    "dma50" : 343.23,
    "dma100" : null,
    "dma200" : 364.31,
    "volume" : 93462.00
  }, {
    "date" : "2025-04-16",
    "price" : 384.85,
    "dma50" : 344.87,
    "dma100" : null,
    "dma200" : 364.52,
    "volume" : 106809.00
  }, {
    "date" : "2025-04-17",
    "price" : 386.20,
    "dma50" : 346.49,
    "dma100" : null,
    "dma200" : 364.73,
    "volume" : 94014.00
  }, {
    "date" : "2025-04-21",
    "price" : 397.00,
    "dma50" : 348.47,
    "dma100" : null,
    "dma200" : 365.06,
    "volume" : 80702.00
  }, {
    "date" : "2025-04-22",
    "price" : 406.40,
    "dma50" : 350.74,
    "dma100" : null,
    "dma200" : 365.47,
    "volume" : 148947.00
  }, {
    "date" : "2025-04-23",
    "price" : 407.75,
    "dma50" : 352.97,
    "dma100" : null,
    "dma200" : 365.89,
    "volume" : 82287.00
  }, {
    "date" : "2025-04-24",
    "price" : 420.10,
    "dma50" : 355.61,
    "dma100" : null,
    "dma200" : 366.43,
    "volume" : 110679.00
  }, {
    "date" : "2025-04-25",
    "price" : 399.65,
    "dma50" : 357.33,
    "dma100" : null,
    "dma200" : 366.76,
    "volume" : 85178.00
  }, {
    "date" : "2025-04-28",
    "price" : 392.15,
    "dma50" : 358.70,
    "dma100" : null,
    "dma200" : 367.01,
    "volume" : 55702.00
  }, {
    "date" : "2025-04-29",
    "price" : 395.00,
    "dma50" : 360.12,
    "dma100" : null,
    "dma200" : 367.29,
    "volume" : 37497.00
  }, {
    "date" : "2025-04-30",
    "price" : 377.15,
    "dma50" : 360.79,
    "dma100" : null,
    "dma200" : 367.39,
    "volume" : 63128.00
  }, {
    "date" : "2025-05-02",
    "price" : 376.55,
    "dma50" : 361.41,
    "dma100" : null,
    "dma200" : 367.48,
    "volume" : 39605.00
  }, {
    "date" : "2025-05-05",
    "price" : 383.35,
    "dma50" : 362.27,
    "dma100" : null,
    "dma200" : 367.64,
    "volume" : 27983.00
  }, {
    "date" : "2025-05-06",
    "price" : 368.20,
    "dma50" : 362.50,
    "dma100" : null,
    "dma200" : 367.64,
    "volume" : 43480.00
  }, {
    "date" : "2025-05-07",
    "price" : 370.00,
    "dma50" : 362.80,
    "dma100" : null,
    "dma200" : 367.66,
    "volume" : 45753.00
  }, {
    "date" : "2025-05-08",
    "price" : 361.05,
    "dma50" : 362.73,
    "dma100" : null,
    "dma200" : 367.60,
    "volume" : 45567.00
  }, {
    "date" : "2025-05-09",
    "price" : 354.40,
    "dma50" : 362.40,
    "dma100" : null,
    "dma200" : 367.47,
    "volume" : 68924.00
  }, {
    "date" : "2025-05-12",
    "price" : 381.00,
    "dma50" : 363.13,
    "dma100" : null,
    "dma200" : 367.60,
    "volume" : 88523.00
  }, {
    "date" : "2025-05-13",
    "price" : 382.65,
    "dma50" : 363.90,
    "dma100" : null,
    "dma200" : 367.75,
    "volume" : 35178.00
  }, {
    "date" : "2025-05-14",
    "price" : 388.50,
    "dma50" : 364.86,
    "dma100" : null,
    "dma200" : 367.96,
    "volume" : 50061.00
  }, {
    "date" : "2025-05-15",
    "price" : 385.80,
    "dma50" : 365.68,
    "dma100" : null,
    "dma200" : 368.14,
    "volume" : 53051.00
  }, {
    "date" : "2025-05-16",
    "price" : 378.95,
    "dma50" : 366.20,
    "dma100" : null,
    "dma200" : 368.24,
    "volume" : 66653.00
  }, {
    "date" : "2025-05-19",
    "price" : 380.50,
    "dma50" : 366.76,
    "dma100" : null,
    "dma200" : 368.37,
    "volume" : 89005.00
  }, {
    "date" : "2025-05-20",
    "price" : 373.15,
    "dma50" : 367.01,
    "dma100" : null,
    "dma200" : 368.41,
    "volume" : 106613.00
  }, {
    "date" : "2025-05-21",
    "price" : 366.90,
    "dma50" : 367.01,
    "dma100" : null,
    "dma200" : 368.40,
    "volume" : 77450.00
  }, {
    "date" : "2025-05-22",
    "price" : 440.25,
    "dma50" : 369.88,
    "dma100" : null,
    "dma200" : 369.11,
    "volume" : 1959366.00
  }, {
    "date" : "2025-05-23",
    "price" : 442.75,
    "dma50" : 372.74,
    "dma100" : null,
    "dma200" : 369.85,
    "volume" : 1985761.00
  }, {
    "date" : "2025-05-26",
    "price" : 425.50,
    "dma50" : 374.81,
    "dma100" : null,
    "dma200" : 370.40,
    "volume" : 193251.00
  }, {
    "date" : "2025-05-27",
    "price" : 434.15,
    "dma50" : 377.13,
    "dma100" : null,
    "dma200" : 371.03,
    "volume" : 241723.00
  }, {
    "date" : "2025-05-28",
    "price" : 430.80,
    "dma50" : 379.24,
    "dma100" : null,
    "dma200" : 371.63,
    "volume" : 82032.00
  }, {
    "date" : "2025-05-29",
    "price" : 428.75,
    "dma50" : 381.18,
    "dma100" : null,
    "dma200" : 372.20,
    "volume" : 52695.00
  }, {
    "date" : "2025-05-30",
    "price" : 430.05,
    "dma50" : 383.10,
    "dma100" : null,
    "dma200" : 372.77,
    "volume" : 116342.00
  }, {
    "date" : "2025-06-02",
    "price" : 443.10,
    "dma50" : 385.45,
    "dma100" : null,
    "dma200" : 373.47,
    "volume" : 203826.00
  }, {
    "date" : "2025-06-03",
    "price" : 434.45,
    "dma50" : 387.37,
    "dma100" : null,
    "dma200" : 374.08,
    "volume" : 72658.00
  }, {
    "date" : "2025-06-04",
    "price" : 465.95,
    "dma50" : 390.45,
    "dma100" : null,
    "dma200" : 374.99,
    "volume" : 378478.00
  }, {
    "date" : "2025-06-05",
    "price" : 468.05,
    "dma50" : 393.50,
    "dma100" : null,
    "dma200" : 375.92,
    "volume" : 313443.00
  }, {
    "date" : "2025-06-06",
    "price" : 461.15,
    "dma50" : 396.15,
    "dma100" : null,
    "dma200" : 376.77,
    "volume" : 161918.00
  }, {
    "date" : "2025-06-09",
    "price" : 456.80,
    "dma50" : 398.53,
    "dma100" : null,
    "dma200" : 377.56,
    "volume" : 78848.00
  }, {
    "date" : "2025-06-10",
    "price" : 458.15,
    "dma50" : 400.87,
    "dma100" : null,
    "dma200" : 378.37,
    "volume" : 131332.00
  }, {
    "date" : "2025-06-11",
    "price" : 454.95,
    "dma50" : 402.99,
    "dma100" : null,
    "dma200" : 379.13,
    "volume" : 94137.00
  }, {
    "date" : "2025-06-12",
    "price" : 444.55,
    "dma50" : 404.62,
    "dma100" : null,
    "dma200" : 379.78,
    "volume" : 63811.00
  }, {
    "date" : "2025-06-13",
    "price" : 425.15,
    "dma50" : 405.42,
    "dma100" : null,
    "dma200" : 380.23,
    "volume" : 115249.00
  }, {
    "date" : "2025-06-16",
    "price" : 421.65,
    "dma50" : 406.06,
    "dma100" : null,
    "dma200" : 380.64,
    "volume" : 79971.00
  }, {
    "date" : "2025-06-17",
    "price" : 400.60,
    "dma50" : 405.84,
    "dma100" : null,
    "dma200" : 380.84,
    "volume" : 25909.00
  }, {
    "date" : "2025-06-18",
    "price" : 393.10,
    "dma50" : 405.34,
    "dma100" : null,
    "dma200" : 380.96,
    "volume" : 46636.00
  }, {
    "date" : "2025-06-19",
    "price" : 381.95,
    "dma50" : 404.43,
    "dma100" : null,
    "dma200" : 380.97,
    "volume" : 19063.00
  }, {
    "date" : "2025-06-20",
    "price" : 384.35,
    "dma50" : 403.64,
    "dma100" : null,
    "dma200" : 381.01,
    "volume" : 19463.00
  }, {
    "date" : "2025-06-23",
    "price" : 381.90,
    "dma50" : 402.79,
    "dma100" : null,
    "dma200" : 381.01,
    "volume" : 13007.00
  }, {
    "date" : "2025-06-24",
    "price" : 400.95,
    "dma50" : 402.72,
    "dma100" : null,
    "dma200" : 381.21,
    "volume" : 24157.00
  }, {
    "date" : "2025-06-25",
    "price" : 419.85,
    "dma50" : 403.39,
    "dma100" : null,
    "dma200" : 381.60,
    "volume" : 39902.00
  }, {
    "date" : "2025-06-26",
    "price" : 407.50,
    "dma50" : 403.55,
    "dma100" : null,
    "dma200" : 381.86,
    "volume" : 18292.00
  }, {
    "date" : "2025-06-27",
    "price" : 412.65,
    "dma50" : 403.91,
    "dma100" : null,
    "dma200" : 382.16,
    "volume" : 21661.00
  }, {
    "date" : "2025-06-30",
    "price" : 408.25,
    "dma50" : 404.08,
    "dma100" : null,
    "dma200" : 382.42,
    "volume" : 17830.00
  }, {
    "date" : "2025-07-01",
    "price" : 398.90,
    "dma50" : 403.87,
    "dma100" : null,
    "dma200" : 382.59,
    "volume" : 29302.00
  }, {
    "date" : "2025-07-02",
    "price" : 396.95,
    "dma50" : 403.60,
    "dma100" : null,
    "dma200" : 382.73,
    "volume" : 14947.00
  }, {
    "date" : "2025-07-03",
    "price" : 402.55,
    "dma50" : 403.56,
    "dma100" : null,
    "dma200" : 382.93,
    "volume" : 24892.00
  }, {
    "date" : "2025-07-04",
    "price" : 400.70,
    "dma50" : 403.45,
    "dma100" : null,
    "dma200" : 383.10,
    "volume" : 13082.00
  }, {
    "date" : "2025-07-07",
    "price" : 395.90,
    "dma50" : 403.15,
    "dma100" : null,
    "dma200" : 383.23,
    "volume" : 15424.00
  }, {
    "date" : "2025-07-08",
    "price" : 383.80,
    "dma50" : 402.39,
    "dma100" : null,
    "dma200" : 383.24,
    "volume" : 32311.00
  }, {
    "date" : "2025-07-09",
    "price" : 382.95,
    "dma50" : 401.63,
    "dma100" : null,
    "dma200" : 383.23,
    "volume" : 31384.00
  }, {
    "date" : "2025-07-10",
    "price" : 393.45,
    "dma50" : 401.31,
    "dma100" : null,
    "dma200" : 383.33,
    "volume" : 25148.00
  }, {
    "date" : "2025-07-11",
    "price" : 386.80,
    "dma50" : 400.74,
    "dma100" : null,
    "dma200" : 383.37,
    "volume" : 20487.00
  }, {
    "date" : "2025-07-14",
    "price" : 386.20,
    "dma50" : 400.17,
    "dma100" : null,
    "dma200" : 383.40,
    "volume" : 21940.00
  }, {
    "date" : "2025-07-15",
    "price" : 391.60,
    "dma50" : 399.83,
    "dma100" : null,
    "dma200" : 383.48,
    "volume" : 14842.00
  }, {
    "date" : "2025-07-16",
    "price" : 401.15,
    "dma50" : 399.89,
    "dma100" : 375.17,
    "dma200" : 383.65,
    "volume" : 25065.00
  }, {
    "date" : "2025-07-17",
    "price" : 397.05,
    "dma50" : 399.77,
    "dma100" : 376.27,
    "dma200" : 383.79,
    "volume" : 17186.00
  }, {
    "date" : "2025-07-18",
    "price" : 395.85,
    "dma50" : 399.62,
    "dma100" : 377.12,
    "dma200" : 383.91,
    "volume" : 20948.00
  }, {
    "date" : "2025-07-21",
    "price" : 387.80,
    "dma50" : 399.16,
    "dma100" : 377.87,
    "dma200" : 383.95,
    "volume" : 19044.00
  }, {
    "date" : "2025-07-22",
    "price" : 390.35,
    "dma50" : 398.81,
    "dma100" : 378.62,
    "dma200" : 384.01,
    "volume" : 16594.00
  }, {
    "date" : "2025-07-23",
    "price" : 404.05,
    "dma50" : 399.02,
    "dma100" : 379.53,
    "dma200" : 384.21,
    "volume" : 28392.00
  }, {
    "date" : "2025-07-24",
    "price" : 402.60,
    "dma50" : 399.16,
    "dma100" : 380.51,
    "dma200" : 384.39,
    "volume" : 12609.00
  }, {
    "date" : "2025-07-25",
    "price" : 395.70,
    "dma50" : 399.02,
    "dma100" : 381.43,
    "dma200" : 384.51,
    "volume" : 9831.00
  }, {
    "date" : "2025-07-28",
    "price" : 381.30,
    "dma50" : 398.33,
    "dma100" : 382.34,
    "dma200" : 384.47,
    "volume" : 24367.00
  }, {
    "date" : "2025-07-29",
    "price" : 382.70,
    "dma50" : 397.71,
    "dma100" : 383.42,
    "dma200" : 384.46,
    "volume" : 8988.00
  }, {
    "date" : "2025-07-30",
    "price" : 381.35,
    "dma50" : 397.07,
    "dma100" : 384.21,
    "dma200" : 384.42,
    "volume" : 20115.00
  }, {
    "date" : "2025-07-31",
    "price" : 384.55,
    "dma50" : 396.58,
    "dma100" : 384.95,
    "dma200" : 384.43,
    "volume" : 8910.00
  }, {
    "date" : "2025-08-01",
    "price" : 381.80,
    "dma50" : 396.00,
    "dma100" : 385.62,
    "dma200" : 384.40,
    "volume" : 15105.00
  }, {
    "date" : "2025-08-04",
    "price" : 392.30,
    "dma50" : 395.86,
    "dma100" : 386.16,
    "dma200" : 384.48,
    "volume" : 23861.00
  }, {
    "date" : "2025-08-05",
    "price" : 389.65,
    "dma50" : 395.61,
    "dma100" : 386.88,
    "dma200" : 384.53,
    "volume" : 9099.00
  }, {
    "date" : "2025-08-06",
    "price" : 379.75,
    "dma50" : 394.99,
    "dma100" : 387.55,
    "dma200" : 384.48,
    "volume" : 11977.00
  }, {
    "date" : "2025-08-07",
    "price" : 380.40,
    "dma50" : 394.42,
    "dma100" : 388.22,
    "dma200" : 384.44,
    "volume" : 6754.00
  }, {
    "date" : "2025-08-08",
    "price" : 387.45,
    "dma50" : 394.15,
    "dma100" : 389.05,
    "dma200" : 384.47,
    "volume" : 28925.00
  }, {
    "date" : "2025-08-11",
    "price" : 383.00,
    "dma50" : 393.71,
    "dma100" : 389.98,
    "dma200" : 384.46,
    "volume" : 24627.00
  }, {
    "date" : "2025-08-12",
    "price" : 402.15,
    "dma50" : 394.04,
    "dma100" : 391.02,
    "dma200" : 384.63,
    "volume" : 49985.00
  }, {
    "date" : "2025-08-13",
    "price" : 415.30,
    "dma50" : 394.87,
    "dma100" : 392.11,
    "dma200" : 384.94,
    "volume" : 63702.00
  }, {
    "date" : "2025-08-14",
    "price" : 405.85,
    "dma50" : 395.30,
    "dma100" : 393.07,
    "dma200" : 385.15,
    "volume" : 13185.00
  }, {
    "date" : "2025-08-18",
    "price" : 426.10,
    "dma50" : 396.51,
    "dma100" : 394.23,
    "dma200" : 385.55,
    "volume" : 67293.00
  }, {
    "date" : "2025-08-19",
    "price" : 442.45,
    "dma50" : 398.31,
    "dma100" : 395.54,
    "dma200" : 386.12,
    "volume" : 83585.00
  }, {
    "date" : "2025-08-20",
    "price" : 429.80,
    "dma50" : 399.55,
    "dma100" : 396.44,
    "dma200" : 386.55,
    "volume" : 30496.00
  }, {
    "date" : "2025-08-21",
    "price" : 425.20,
    "dma50" : 400.55,
    "dma100" : 397.29,
    "dma200" : 386.94,
    "volume" : 29294.00
  }, {
    "date" : "2025-08-22",
    "price" : 434.60,
    "dma50" : 401.89,
    "dma100" : 398.13,
    "dma200" : 387.41,
    "volume" : 53113.00
  }, {
    "date" : "2025-08-25",
    "price" : 430.00,
    "dma50" : 402.99,
    "dma100" : 399.12,
    "dma200" : 387.84,
    "volume" : 20400.00
  }, {
    "date" : "2025-08-26",
    "price" : 430.00,
    "dma50" : 404.05,
    "dma100" : 400.11,
    "dma200" : 388.26,
    "volume" : 45376.00
  }, {
    "date" : "2025-08-28",
    "price" : 430.00,
    "dma50" : 405.07,
    "dma100" : 400.98,
    "dma200" : 388.67,
    "volume" : 30419.00
  }, {
    "date" : "2025-08-29",
    "price" : 420.35,
    "dma50" : 405.67,
    "dma100" : 401.66,
    "dma200" : 388.99,
    "volume" : 17663.00
  }, {
    "date" : "2025-09-01",
    "price" : 428.05,
    "dma50" : 406.55,
    "dma100" : 402.46,
    "dma200" : 389.38,
    "volume" : 19422.00
  }, {
    "date" : "2025-09-02",
    "price" : 429.65,
    "dma50" : 407.45,
    "dma100" : 403.33,
    "dma200" : 389.78,
    "volume" : 22598.00
  }, {
    "date" : "2025-09-03",
    "price" : 430.30,
    "dma50" : 408.35,
    "dma100" : 404.03,
    "dma200" : 390.18,
    "volume" : 20646.00
  }, {
    "date" : "2025-09-04",
    "price" : 419.95,
    "dma50" : 408.80,
    "dma100" : 404.51,
    "dma200" : 390.48,
    "volume" : 17506.00
  }, {
    "date" : "2025-09-05",
    "price" : 428.35,
    "dma50" : 409.57,
    "dma100" : 405.09,
    "dma200" : 390.85,
    "volume" : 17785.00
  }, {
    "date" : "2025-09-08",
    "price" : 449.30,
    "dma50" : 411.13,
    "dma100" : 405.71,
    "dma200" : 391.43,
    "volume" : 68255.00
  }, {
    "date" : "2025-09-09",
    "price" : 455.85,
    "dma50" : 412.88,
    "dma100" : 406.42,
    "dma200" : 392.08,
    "volume" : 125947.00
  }, {
    "date" : "2025-09-10",
    "price" : 448.15,
    "dma50" : 414.26,
    "dma100" : 407.04,
    "dma200" : 392.63,
    "volume" : 50519.00
  }, {
    "date" : "2025-09-11",
    "price" : 451.55,
    "dma50" : 415.73,
    "dma100" : 407.58,
    "dma200" : 393.22,
    "volume" : 79392.00
  }, {
    "date" : "2025-09-12",
    "price" : 463.00,
    "dma50" : 417.58,
    "dma100" : 408.15,
    "dma200" : 393.91,
    "volume" : 61498.00
  }, {
    "date" : "2025-09-15",
    "price" : 474.45,
    "dma50" : 419.81,
    "dma100" : 408.81,
    "dma200" : 394.72,
    "volume" : 90114.00
  }, {
    "date" : "2025-09-16",
    "price" : 497.95,
    "dma50" : 422.87,
    "dma100" : 409.59,
    "dma200" : 395.74,
    "volume" : 238092.00
  }, {
    "date" : "2025-09-17",
    "price" : 522.80,
    "dma50" : 426.79,
    "dma100" : 410.82,
    "dma200" : 397.01,
    "volume" : 252979.00
  }, {
    "date" : "2025-09-18",
    "price" : 548.90,
    "dma50" : 431.58,
    "dma100" : 412.39,
    "dma200" : 398.52,
    "volume" : 182066.00
  }, {
    "date" : "2025-09-19",
    "price" : 521.45,
    "dma50" : 435.11,
    "dma100" : 413.66,
    "dma200" : 399.74,
    "volume" : 213136.00
  }, {
    "date" : "2025-09-22",
    "price" : 510.75,
    "dma50" : 438.07,
    "dma100" : 414.99,
    "dma200" : 400.85,
    "volume" : 122055.00
  }, {
    "date" : "2025-09-23",
    "price" : 506.75,
    "dma50" : 440.77,
    "dma100" : 416.29,
    "dma200" : 401.90,
    "volume" : 75430.00
  }, {
    "date" : "2025-09-24",
    "price" : 482.45,
    "dma50" : 442.40,
    "dma100" : 417.28,
    "dma200" : 402.70,
    "volume" : 99568.00
  }, {
    "date" : "2025-09-25",
    "price" : 481.60,
    "dma50" : 443.94,
    "dma100" : 418.42,
    "dma200" : 403.49,
    "volume" : 161297.00
  }, {
    "date" : "2025-09-26",
    "price" : 496.10,
    "dma50" : 445.98,
    "dma100" : 419.68,
    "dma200" : 404.41,
    "volume" : 124797.00
  }, {
    "date" : "2025-09-29",
    "price" : 490.05,
    "dma50" : 447.71,
    "dma100" : 420.97,
    "dma200" : 405.26,
    "volume" : 77042.00
  }, {
    "date" : "2025-09-30",
    "price" : 493.90,
    "dma50" : 449.52,
    "dma100" : 422.36,
    "dma200" : 406.14,
    "volume" : 39983.00
  }, {
    "date" : "2025-10-01",
    "price" : 503.80,
    "dma50" : 451.65,
    "dma100" : 423.59,
    "dma200" : 407.11,
    "volume" : 34425.00
  }, {
    "date" : "2025-10-03",
    "price" : 520.35,
    "dma50" : 454.35,
    "dma100" : 424.97,
    "dma200" : 408.24,
    "volume" : 67641.00
  }, {
    "date" : "2025-10-06",
    "price" : 509.15,
    "dma50" : 456.49,
    "dma100" : 426.18,
    "dma200" : 409.24,
    "volume" : 47219.00
  }, {
    "date" : "2025-10-07",
    "price" : 504.35,
    "dma50" : 458.37,
    "dma100" : 427.36,
    "dma200" : 410.19,
    "volume" : 30659.00
  }, {
    "date" : "2025-10-08",
    "price" : 554.75,
    "dma50" : 462.15,
    "dma100" : 429.12,
    "dma200" : 411.63,
    "volume" : 269025.00
  }, {
    "date" : "2025-10-09",
    "price" : 587.05,
    "dma50" : 467.05,
    "dma100" : 431.19,
    "dma200" : 413.37,
    "volume" : 482073.00
  }, {
    "date" : "2025-10-10",
    "price" : 565.65,
    "dma50" : 470.92,
    "dma100" : 433.11,
    "dma200" : 414.89,
    "volume" : 120792.00
  }, {
    "date" : "2025-10-13",
    "price" : 555.75,
    "dma50" : 474.24,
    "dma100" : 435.00,
    "dma200" : 416.29,
    "volume" : 76860.00
  }, {
    "date" : "2025-10-14",
    "price" : 540.35,
    "dma50" : 476.83,
    "dma100" : 436.00,
    "dma200" : 417.53,
    "volume" : 44035.00
  }, {
    "date" : "2025-10-15",
    "price" : 556.70,
    "dma50" : 479.97,
    "dma100" : 437.14,
    "dma200" : 418.91,
    "volume" : 120787.00
  }, {
    "date" : "2025-10-16",
    "price" : 582.85,
    "dma50" : 484.00,
    "dma100" : 438.71,
    "dma200" : 420.54,
    "volume" : 303534.00
  }, {
    "date" : "2025-10-17",
    "price" : 584.30,
    "dma50" : 487.93,
    "dma100" : 440.21,
    "dma200" : 422.17,
    "volume" : 141208.00
  }, {
    "date" : "2025-10-20",
    "price" : 579.90,
    "dma50" : 491.54,
    "dma100" : 441.71,
    "dma200" : 423.74,
    "volume" : 59827.00
  }, {
    "date" : "2025-10-21",
    "price" : 598.35,
    "dma50" : 495.73,
    "dma100" : 443.40,
    "dma200" : 425.48,
    "volume" : 116649.00
  }, {
    "date" : "2025-10-23",
    "price" : 596.65,
    "dma50" : 499.69,
    "dma100" : 445.07,
    "dma200" : 427.18,
    "volume" : 107264.00
  }, {
    "date" : "2025-10-24",
    "price" : 580.15,
    "dma50" : 502.84,
    "dma100" : 446.44,
    "dma200" : 428.70,
    "volume" : 56321.00
  }, {
    "date" : "2025-10-27",
    "price" : 583.80,
    "dma50" : 506.02,
    "dma100" : 447.93,
    "dma200" : 430.25,
    "volume" : 40509.00
  }, {
    "date" : "2025-10-28",
    "price" : 641.20,
    "dma50" : 511.32,
    "dma100" : 449.68,
    "dma200" : 432.35,
    "volume" : 482130.00
  }, {
    "date" : "2025-10-29",
    "price" : 639.05,
    "dma50" : 516.33,
    "dma100" : 451.39,
    "dma200" : 434.40,
    "volume" : 147592.00
  }, {
    "date" : "2025-10-30",
    "price" : 618.60,
    "dma50" : 520.34,
    "dma100" : 452.97,
    "dma200" : 436.24,
    "volume" : 119414.00
  }, {
    "date" : "2025-10-31",
    "price" : 625.35,
    "dma50" : 524.46,
    "dma100" : 454.65,
    "dma200" : 438.12,
    "volume" : 124171.00
  }, {
    "date" : "2025-11-03",
    "price" : 619.75,
    "dma50" : 528.19,
    "dma100" : 456.27,
    "dma200" : 439.92,
    "volume" : 90440.00
  }, {
    "date" : "2025-11-04",
    "price" : 605.75,
    "dma50" : 531.24,
    "dma100" : 457.78,
    "dma200" : 441.57,
    "volume" : 98153.00
  }, {
    "date" : "2025-11-06",
    "price" : 639.75,
    "dma50" : 535.49,
    "dma100" : 459.73,
    "dma200" : 443.55,
    "volume" : 753241.00
  }, {
    "date" : "2025-11-07",
    "price" : 624.30,
    "dma50" : 538.97,
    "dma100" : 461.72,
    "dma200" : 445.34,
    "volume" : 128477.00
  }, {
    "date" : "2025-11-10",
    "price" : 599.10,
    "dma50" : 541.33,
    "dma100" : 463.50,
    "dma200" : 446.87,
    "volume" : 94339.00
  }, {
    "date" : "2025-11-11",
    "price" : 589.25,
    "dma50" : 543.21,
    "dma100" : 465.38,
    "dma200" : 448.29,
    "volume" : 168938.00
  }, {
    "date" : "2025-11-12",
    "price" : 609.25,
    "dma50" : 545.80,
    "dma100" : 467.54,
    "dma200" : 449.89,
    "volume" : 68295.00
  }, {
    "date" : "2025-11-13",
    "price" : 603.15,
    "dma50" : 548.05,
    "dma100" : 469.76,
    "dma200" : 451.42,
    "volume" : 68204.00
  }, {
    "date" : "2025-11-14",
    "price" : 602.60,
    "dma50" : 550.19,
    "dma100" : 471.94,
    "dma200" : 452.92,
    "volume" : 66254.00
  }, {
    "date" : "2025-11-17",
    "price" : 631.00,
    "dma50" : 553.36,
    "dma100" : 474.43,
    "dma200" : 454.69,
    "volume" : 131413.00
  }, {
    "date" : "2025-11-18",
    "price" : 618.35,
    "dma50" : 555.91,
    "dma100" : 476.60,
    "dma200" : 456.32,
    "volume" : 60597.00
  }, {
    "date" : "2025-11-19",
    "price" : 625.65,
    "dma50" : 558.64,
    "dma100" : 478.66,
    "dma200" : 458.01,
    "volume" : 137065.00
  }, {
    "date" : "2025-11-20",
    "price" : 616.85,
    "dma50" : 560.92,
    "dma100" : 480.75,
    "dma200" : 459.59,
    "volume" : 45208.00
  }, {
    "date" : "2025-11-21",
    "price" : 607.05,
    "dma50" : 562.73,
    "dma100" : 482.70,
    "dma200" : 461.06,
    "volume" : 72605.00
  }, {
    "date" : "2025-11-24",
    "price" : 591.55,
    "dma50" : 563.86,
    "dma100" : 484.53,
    "dma200" : 462.35,
    "volume" : 152664.00
  }, {
    "date" : "2025-11-25",
    "price" : 597.10,
    "dma50" : 565.17,
    "dma100" : 486.51,
    "dma200" : 463.69,
    "volume" : 39359.00
  }, {
    "date" : "2025-11-26",
    "price" : 605.40,
    "dma50" : 566.74,
    "dma100" : 488.60,
    "dma200" : 465.10,
    "volume" : 38754.00
  }, {
    "date" : "2025-11-27",
    "price" : 592.40,
    "dma50" : 567.75,
    "dma100" : 490.50,
    "dma200" : 466.37,
    "volume" : 48619.00
  }, {
    "date" : "2025-11-28",
    "price" : 572.45,
    "dma50" : 567.93,
    "dma100" : 492.21,
    "dma200" : 467.43,
    "volume" : 62878.00
  }, {
    "date" : "2025-12-01",
    "price" : 560.90,
    "dma50" : 567.66,
    "dma100" : 493.86,
    "dma200" : 468.36,
    "volume" : 85889.00
  }, {
    "date" : "2025-12-02",
    "price" : 564.60,
    "dma50" : 567.54,
    "dma100" : 495.67,
    "dma200" : 469.31,
    "volume" : 49082.00
  }, {
    "date" : "2025-12-03",
    "price" : 571.45,
    "dma50" : 567.69,
    "dma100" : 497.56,
    "dma200" : 470.33,
    "volume" : 38029.00
  }, {
    "date" : "2025-12-04",
    "price" : 586.50,
    "dma50" : 568.43,
    "dma100" : 499.49,
    "dma200" : 471.49,
    "volume" : 94799.00
  }, {
    "date" : "2025-12-05",
    "price" : 599.30,
    "dma50" : 569.64,
    "dma100" : 501.61,
    "dma200" : 472.76,
    "volume" : 208980.00
  }, {
    "date" : "2025-12-08",
    "price" : 602.35,
    "dma50" : 570.92,
    "dma100" : 503.77,
    "dma200" : 474.05,
    "volume" : 90999.00
  }, {
    "date" : "2025-12-09",
    "price" : 612.10,
    "dma50" : 572.54,
    "dma100" : 505.98,
    "dma200" : 475.42,
    "volume" : 90824.00
  }, {
    "date" : "2025-12-10",
    "price" : 613.85,
    "dma50" : 574.16,
    "dma100" : 508.11,
    "dma200" : 476.80,
    "volume" : 41801.00
  }, {
    "date" : "2025-12-11",
    "price" : 654.40,
    "dma50" : 577.30,
    "dma100" : 510.68,
    "dma200" : 478.57,
    "volume" : 613205.00
  }, {
    "date" : "2025-12-12",
    "price" : 658.75,
    "dma50" : 580.50,
    "dma100" : 513.31,
    "dma200" : 480.36,
    "volume" : 389157.00
  }, {
    "date" : "2025-12-15",
    "price" : 643.75,
    "dma50" : 582.98,
    "dma100" : 515.87,
    "dma200" : 481.98,
    "volume" : 120394.00
  }, {
    "date" : "2025-12-16",
    "price" : 612.00,
    "dma50" : 584.12,
    "dma100" : 518.08,
    "dma200" : 483.28,
    "volume" : 114273.00
  }, {
    "date" : "2025-12-17",
    "price" : 601.85,
    "dma50" : 584.81,
    "dma100" : 520.06,
    "dma200" : 484.46,
    "volume" : 136012.00
  }, {
    "date" : "2025-12-18",
    "price" : 585.65,
    "dma50" : 584.85,
    "dma100" : 521.89,
    "dma200" : 485.46,
    "volume" : 84292.00
  }, {
    "date" : "2025-12-19",
    "price" : 592.95,
    "dma50" : 585.16,
    "dma100" : 523.87,
    "dma200" : 486.53,
    "volume" : 109100.00
  }, {
    "date" : "2025-12-22",
    "price" : 603.20,
    "dma50" : 585.87,
    "dma100" : 526.08,
    "dma200" : 487.70,
    "volume" : 69569.00
  }, {
    "date" : "2025-12-23",
    "price" : 599.60,
    "dma50" : 586.41,
    "dma100" : 528.25,
    "dma200" : 488.81,
    "volume" : 70829.00
  }, {
    "date" : "2025-12-24",
    "price" : 587.55,
    "dma50" : 586.45,
    "dma100" : 530.32,
    "dma200" : 489.79,
    "volume" : 50987.00
  }, {
    "date" : "2025-12-26",
    "price" : 575.30,
    "dma50" : 586.02,
    "dma100" : 532.22,
    "dma200" : 490.64,
    "volume" : 56001.00
  }, {
    "date" : "2025-12-29",
    "price" : 582.80,
    "dma50" : 585.89,
    "dma100" : 534.23,
    "dma200" : 491.56,
    "volume" : 60153.00
  }, {
    "date" : "2025-12-30",
    "price" : 576.55,
    "dma50" : 585.52,
    "dma100" : 536.08,
    "dma200" : 492.40,
    "volume" : 21325.00
  }, {
    "date" : "2025-12-31",
    "price" : 567.50,
    "dma50" : 584.82,
    "dma100" : 537.85,
    "dma200" : 493.15,
    "volume" : 80816.00
  }, {
    "date" : "2026-01-01",
    "price" : 568.30,
    "dma50" : 584.17,
    "dma100" : 539.74,
    "dma200" : 493.90,
    "volume" : 38238.00
  }, {
    "date" : "2026-01-02",
    "price" : 573.55,
    "dma50" : 583.75,
    "dma100" : 541.67,
    "dma200" : 494.69,
    "volume" : 40520.00
  }, {
    "date" : "2026-01-05",
    "price" : 540.40,
    "dma50" : 582.05,
    "dma100" : 543.20,
    "dma200" : 495.15,
    "volume" : 100059.00
  }, {
    "date" : "2026-01-06",
    "price" : 535.45,
    "dma50" : 580.23,
    "dma100" : 544.73,
    "dma200" : 495.55,
    "volume" : 76347.00
  }, {
    "date" : "2026-01-07",
    "price" : 531.15,
    "dma50" : 578.30,
    "dma100" : 546.02,
    "dma200" : 495.90,
    "volume" : 50225.00
  }, {
    "date" : "2026-01-08",
    "price" : 513.00,
    "dma50" : 575.74,
    "dma100" : 546.99,
    "dma200" : 496.07,
    "volume" : 74514.00
  }, {
    "date" : "2026-01-09",
    "price" : 498.00,
    "dma50" : 572.69,
    "dma100" : 547.91,
    "dma200" : 496.09,
    "volume" : 92423.00
  }, {
    "date" : "2026-01-12",
    "price" : 498.80,
    "dma50" : 569.79,
    "dma100" : 548.64,
    "dma200" : 496.12,
    "volume" : 78819.00
  }, {
    "date" : "2026-01-13",
    "price" : 486.35,
    "dma50" : 566.52,
    "dma100" : 549.08,
    "dma200" : 496.02,
    "volume" : 85834.00
  }, {
    "date" : "2026-01-14",
    "price" : 480.55,
    "dma50" : 563.15,
    "dma100" : 549.59,
    "dma200" : 495.87,
    "volume" : 45532.00
  }, {
    "date" : "2026-01-16",
    "price" : 490.50,
    "dma50" : 560.30,
    "dma100" : 550.24,
    "dma200" : 495.81,
    "volume" : 58658.00
  }, {
    "date" : "2026-01-19",
    "price" : 477.30,
    "dma50" : 557.05,
    "dma100" : 550.67,
    "dma200" : 495.63,
    "volume" : 21847.00
  }, {
    "date" : "2026-01-20",
    "price" : 452.70,
    "dma50" : 552.95,
    "dma100" : 550.89,
    "dma200" : 495.20,
    "volume" : 58151.00
  }, {
    "date" : "2026-01-21",
    "price" : 428.05,
    "dma50" : 548.06,
    "dma100" : 550.87,
    "dma200" : 494.53,
    "volume" : 132295.00
  }, {
    "date" : "2026-01-22",
    "price" : 438.75,
    "dma50" : 543.77,
    "dma100" : 550.96,
    "dma200" : 493.98,
    "volume" : 89585.00
  }, {
    "date" : "2026-01-23",
    "price" : 408.45,
    "dma50" : 538.46,
    "dma100" : 550.84,
    "dma200" : 493.13,
    "volume" : 88555.00
  }, {
    "date" : "2026-01-27",
    "price" : 425.00,
    "dma50" : 534.01,
    "dma100" : 550.81,
    "dma200" : 492.45,
    "volume" : 77526.00
  }, {
    "date" : "2026-01-28",
    "price" : 425.10,
    "dma50" : 529.74,
    "dma100" : 550.77,
    "dma200" : 491.78,
    "volume" : 66788.00
  }, {
    "date" : "2026-01-29",
    "price" : 440.30,
    "dma50" : 526.23,
    "dma100" : 550.87,
    "dma200" : 491.27,
    "volume" : 3043052.00
  }, {
    "date" : "2026-01-30",
    "price" : 466.75,
    "dma50" : 523.90,
    "dma100" : 551.34,
    "dma200" : 491.02,
    "volume" : 1016563.00
  }, {
    "date" : "2026-02-01",
    "price" : 479.95,
    "dma50" : 522.18,
    "dma100" : 551.85,
    "dma200" : 490.91,
    "volume" : 142449.00
  }, {
    "date" : "2026-02-02",
    "price" : 486.25,
    "dma50" : 520.77,
    "dma100" : 552.22,
    "dma200" : 490.87,
    "volume" : 388972.00
  }, {
    "date" : "2026-02-03",
    "price" : 501.35,
    "dma50" : 520.01,
    "dma100" : 552.68,
    "dma200" : 490.97,
    "volume" : 1351823.00
  }, {
    "date" : "2026-02-04",
    "price" : 565.85,
    "dma50" : 521.81,
    "dma100" : 553.85,
    "dma200" : 491.72,
    "volume" : 1943285.00
  }, {
    "date" : "2026-02-05",
    "price" : 568.25,
    "dma50" : 523.63,
    "dma100" : 555.02,
    "dma200" : 492.48,
    "volume" : 251469.00
  }, {
    "date" : "2026-02-06",
    "price" : 519.25,
    "dma50" : 523.46,
    "dma100" : 555.58,
    "dma200" : 492.74,
    "volume" : 205193.00
  }, {
    "date" : "2026-02-09",
    "price" : 510.35,
    "dma50" : 522.94,
    "dma100" : 555.94,
    "dma200" : 492.92,
    "volume" : 229117.00
  }, {
    "date" : "2026-02-10",
    "price" : 547.90,
    "dma50" : 523.92,
    "dma100" : 556.44,
    "dma200" : 493.47,
    "volume" : 465370.00
  }, {
    "date" : "2026-02-11",
    "price" : 561.55,
    "dma50" : 525.40,
    "dma100" : 556.83,
    "dma200" : 494.14,
    "volume" : 198069.00
  }, {
    "date" : "2026-02-12",
    "price" : 545.45,
    "dma50" : 526.18,
    "dma100" : 556.79,
    "dma200" : 494.65,
    "volume" : 63437.00
  }, {
    "date" : "2026-02-13",
    "price" : 523.60,
    "dma50" : 526.08,
    "dma100" : 556.82,
    "dma200" : 494.94,
    "volume" : 72690.00
  }, {
    "date" : "2026-02-16",
    "price" : 517.55,
    "dma50" : 525.75,
    "dma100" : 556.88,
    "dma200" : 495.17,
    "volume" : 117178.00
  } ],
  "latestTechnicalAttributes" : {
    "date" : "2026-02-16",
    "price" : 517.55,
    "dma50" : 525.75,
    "dma100" : 556.88,
    "dma200" : 495.17,
    "volume" : 117178.00
  },
  "quarterlyResults" : [ {
    "date" : "2005-03-31",
    "sales" : 34.60,
    "salesGrowthYoY" : null,
    "grossProfitMargin" : 74.19,
    "grossProfit" : 25.67,
    "operatingProfitMargin" : 10.43,
    "operatingProfit" : 3.61,
    "netProfitMargin" : -7.34,
    "netProfit" : -2.54
  }, {
    "date" : "2005-06-30",
    "sales" : 31.27,
    "salesGrowthYoY" : null,
    "grossProfitMargin" : 100.00,
    "grossProfit" : 31.27,
    "operatingProfitMargin" : 3.58,
    "operatingProfit" : 1.12,
    "netProfitMargin" : -19.28,
    "netProfit" : -6.03
  }, {
    "date" : "2005-09-30",
    "sales" : 33.86,
    "salesGrowthYoY" : null,
    "grossProfitMargin" : 100.00,
    "grossProfit" : 33.86,
    "operatingProfitMargin" : 0.24,
    "operatingProfit" : 0.08,
    "netProfitMargin" : -21.00,
    "netProfit" : -7.11
  }, {
    "date" : "2005-12-31",
    "sales" : 31.99,
    "salesGrowthYoY" : null,
    "grossProfitMargin" : 75.34,
    "grossProfit" : 24.10,
    "operatingProfitMargin" : 8.97,
    "operatingProfit" : 2.87,
    "netProfitMargin" : -11.50,
    "netProfit" : -3.68
  }, {
    "date" : "2006-03-31",
    "sales" : 33.77,
    "salesGrowthYoY" : -2.40,
    "grossProfitMargin" : 70.09,
    "grossProfit" : 23.67,
    "operatingProfitMargin" : 7.76,
    "operatingProfit" : 2.62,
    "netProfitMargin" : -11.31,
    "netProfit" : -3.82
  }, {
    "date" : "2006-06-30",
    "sales" : 33.22,
    "salesGrowthYoY" : 6.24,
    "grossProfitMargin" : 73.99,
    "grossProfit" : 24.58,
    "operatingProfitMargin" : 3.43,
    "operatingProfit" : 1.14,
    "netProfitMargin" : -20.44,
    "netProfit" : -6.79
  }, {
    "date" : "2006-09-30",
    "sales" : 19.46,
    "salesGrowthYoY" : -42.53,
    "grossProfitMargin" : 98.36,
    "grossProfit" : 19.14,
    "operatingProfitMargin" : -5.09,
    "operatingProfit" : -0.99,
    "netProfitMargin" : -18.45,
    "netProfit" : -3.59
  }, {
    "date" : "2006-12-31",
    "sales" : 18.62,
    "salesGrowthYoY" : -41.79,
    "grossProfitMargin" : 99.68,
    "grossProfit" : 18.56,
    "operatingProfitMargin" : 21.80,
    "operatingProfit" : 4.06,
    "netProfitMargin" : -20.78,
    "netProfit" : -3.87
  }, {
    "date" : "2007-03-31",
    "sales" : 19.38,
    "salesGrowthYoY" : -42.61,
    "grossProfitMargin" : 95.20,
    "grossProfit" : 18.45,
    "operatingProfitMargin" : -51.03,
    "operatingProfit" : -9.89,
    "netProfitMargin" : -92.98,
    "netProfit" : -18.02
  }, {
    "date" : "2007-06-30",
    "sales" : 27.61,
    "salesGrowthYoY" : -16.89,
    "grossProfitMargin" : 100.00,
    "grossProfit" : 27.61,
    "operatingProfitMargin" : 23.40,
    "operatingProfit" : 6.46,
    "netProfitMargin" : -10.72,
    "netProfit" : -2.96
  }, {
    "date" : "2007-09-30",
    "sales" : 21.29,
    "salesGrowthYoY" : 9.40,
    "grossProfitMargin" : 100.00,
    "grossProfit" : 21.29,
    "operatingProfitMargin" : 16.63,
    "operatingProfit" : 3.54,
    "netProfitMargin" : -24.57,
    "netProfit" : -5.23
  }, {
    "date" : "2007-12-31",
    "sales" : 25.31,
    "salesGrowthYoY" : 35.93,
    "grossProfitMargin" : 100.00,
    "grossProfit" : 25.31,
    "operatingProfitMargin" : -7.19,
    "operatingProfit" : -1.82,
    "netProfitMargin" : -46.54,
    "netProfit" : -11.78
  }, {
    "date" : "2008-03-31",
    "sales" : 22.34,
    "salesGrowthYoY" : 15.27,
    "grossProfitMargin" : 100.00,
    "grossProfit" : 22.34,
    "operatingProfitMargin" : -39.93,
    "operatingProfit" : -8.92,
    "netProfitMargin" : -72.43,
    "netProfit" : -16.18
  }, {
    "date" : "2008-06-30",
    "sales" : 21.31,
    "salesGrowthYoY" : -22.82,
    "grossProfitMargin" : 100.00,
    "grossProfit" : 21.31,
    "operatingProfitMargin" : 4.65,
    "operatingProfit" : 0.99,
    "netProfitMargin" : -43.41,
    "netProfit" : -9.25
  }, {
    "date" : "2008-09-30",
    "sales" : 31.40,
    "salesGrowthYoY" : 47.49,
    "grossProfitMargin" : 100.00,
    "grossProfit" : 31.40,
    "operatingProfitMargin" : 31.15,
    "operatingProfit" : 9.78,
    "netProfitMargin" : -5.57,
    "netProfit" : -1.75
  }, {
    "date" : "2008-12-31",
    "sales" : 26.08,
    "salesGrowthYoY" : 3.04,
    "grossProfitMargin" : 100.00,
    "grossProfit" : 26.08,
    "operatingProfitMargin" : 16.95,
    "operatingProfit" : 4.42,
    "netProfitMargin" : -28.37,
    "netProfit" : -7.40
  }, {
    "date" : "2009-03-31",
    "sales" : 21.34,
    "salesGrowthYoY" : -4.48,
    "grossProfitMargin" : 100.00,
    "grossProfit" : 21.34,
    "operatingProfitMargin" : -54.12,
    "operatingProfit" : -11.55,
    "netProfitMargin" : 78.91,
    "netProfit" : 16.84
  }, {
    "date" : "2009-06-30",
    "sales" : 25.66,
    "salesGrowthYoY" : 20.41,
    "grossProfitMargin" : 92.13,
    "grossProfit" : 23.64,
    "operatingProfitMargin" : 29.27,
    "operatingProfit" : 7.51,
    "netProfitMargin" : -4.09,
    "netProfit" : -1.05
  }, {
    "date" : "2009-09-30",
    "sales" : 26.54,
    "salesGrowthYoY" : -15.48,
    "grossProfitMargin" : 95.55,
    "grossProfit" : 25.36,
    "operatingProfitMargin" : 28.07,
    "operatingProfit" : 7.45,
    "netProfitMargin" : -2.37,
    "netProfit" : -0.63
  }, {
    "date" : "2009-12-31",
    "sales" : 29.07,
    "salesGrowthYoY" : 11.46,
    "grossProfitMargin" : 99.31,
    "grossProfit" : 28.87,
    "operatingProfitMargin" : 36.53,
    "operatingProfit" : 10.62,
    "netProfitMargin" : 7.67,
    "netProfit" : 2.23
  }, {
    "date" : "2010-03-31",
    "sales" : 27.28,
    "salesGrowthYoY" : 27.84,
    "grossProfitMargin" : 112.46,
    "grossProfit" : 30.68,
    "operatingProfitMargin" : 28.56,
    "operatingProfit" : 7.79,
    "netProfitMargin" : -2.16,
    "netProfit" : -0.59
  }, {
    "date" : "2010-06-30",
    "sales" : 32.98,
    "salesGrowthYoY" : 28.53,
    "grossProfitMargin" : 98.73,
    "grossProfit" : 32.56,
    "operatingProfitMargin" : 29.41,
    "operatingProfit" : 9.70,
    "netProfitMargin" : 2.40,
    "netProfit" : 0.79
  }, {
    "date" : "2010-09-30",
    "sales" : 36.38,
    "salesGrowthYoY" : 37.08,
    "grossProfitMargin" : 100.00,
    "grossProfit" : 36.38,
    "operatingProfitMargin" : 19.96,
    "operatingProfit" : 7.26,
    "netProfitMargin" : -5.39,
    "netProfit" : -1.96
  }, {
    "date" : "2010-12-31",
    "sales" : 36.62,
    "salesGrowthYoY" : 25.97,
    "grossProfitMargin" : 99.51,
    "grossProfit" : 36.44,
    "operatingProfitMargin" : 14.72,
    "operatingProfit" : 5.39,
    "netProfitMargin" : -11.03,
    "netProfit" : -4.04
  }, {
    "date" : "2011-03-31",
    "sales" : 51.75,
    "salesGrowthYoY" : 89.70,
    "grossProfitMargin" : 99.30,
    "grossProfit" : 51.39,
    "operatingProfitMargin" : 40.87,
    "operatingProfit" : 21.15,
    "netProfitMargin" : 19.27,
    "netProfit" : 9.97
  }, {
    "date" : "2011-06-30",
    "sales" : 36.72,
    "salesGrowthYoY" : 11.34,
    "grossProfitMargin" : 99.35,
    "grossProfit" : 36.48,
    "operatingProfitMargin" : 16.75,
    "operatingProfit" : 6.15,
    "netProfitMargin" : -12.23,
    "netProfit" : -4.49
  }, {
    "date" : "2011-09-30",
    "sales" : 33.39,
    "salesGrowthYoY" : -8.22,
    "grossProfitMargin" : 98.41,
    "grossProfit" : 32.86,
    "operatingProfitMargin" : 9.85,
    "operatingProfit" : 3.29,
    "netProfitMargin" : -24.02,
    "netProfit" : -8.02
  }, {
    "date" : "2011-12-31",
    "sales" : 45.57,
    "salesGrowthYoY" : 24.44,
    "grossProfitMargin" : 98.77,
    "grossProfit" : 45.01,
    "operatingProfitMargin" : 26.16,
    "operatingProfit" : 11.92,
    "netProfitMargin" : -0.13,
    "netProfit" : -0.06
  }, {
    "date" : "2012-03-31",
    "sales" : 41.82,
    "salesGrowthYoY" : -19.19,
    "grossProfitMargin" : 99.95,
    "grossProfit" : 41.80,
    "operatingProfitMargin" : 13.37,
    "operatingProfit" : 5.59,
    "netProfitMargin" : 23.00,
    "netProfit" : 9.62
  }, {
    "date" : "2012-06-30",
    "sales" : 37.85,
    "salesGrowthYoY" : 3.08,
    "grossProfitMargin" : 99.82,
    "grossProfit" : 37.78,
    "operatingProfitMargin" : 10.89,
    "operatingProfit" : 4.12,
    "netProfitMargin" : -12.05,
    "netProfit" : -4.56
  }, {
    "date" : "2012-09-30",
    "sales" : 45.60,
    "salesGrowthYoY" : 36.57,
    "grossProfitMargin" : 94.30,
    "grossProfit" : 43.00,
    "operatingProfitMargin" : 2.19,
    "operatingProfit" : 1.00,
    "netProfitMargin" : -18.40,
    "netProfit" : -8.39
  }, {
    "date" : "2012-12-31",
    "sales" : 49.21,
    "salesGrowthYoY" : 7.99,
    "grossProfitMargin" : 92.03,
    "grossProfit" : 45.29,
    "operatingProfitMargin" : 12.52,
    "operatingProfit" : 6.16,
    "netProfitMargin" : -7.86,
    "netProfit" : -3.87
  }, {
    "date" : "2013-03-31",
    "sales" : 42.51,
    "salesGrowthYoY" : 1.65,
    "grossProfitMargin" : 97.46,
    "grossProfit" : 41.43,
    "operatingProfitMargin" : 19.69,
    "operatingProfit" : 8.37,
    "netProfitMargin" : -4.68,
    "netProfit" : -1.99
  }, {
    "date" : "2013-06-30",
    "sales" : 37.82,
    "salesGrowthYoY" : -0.08,
    "grossProfitMargin" : 99.13,
    "grossProfit" : 37.49,
    "operatingProfitMargin" : 6.19,
    "operatingProfit" : 2.34,
    "netProfitMargin" : -24.48,
    "netProfit" : -9.26
  }, {
    "date" : "2013-09-30",
    "sales" : 41.27,
    "salesGrowthYoY" : -9.50,
    "grossProfitMargin" : 99.85,
    "grossProfit" : 41.21,
    "operatingProfitMargin" : 14.66,
    "operatingProfit" : 6.05,
    "netProfitMargin" : -14.59,
    "netProfit" : -6.02
  }, {
    "date" : "2013-12-31",
    "sales" : 39.80,
    "salesGrowthYoY" : -19.12,
    "grossProfitMargin" : 97.86,
    "grossProfit" : 38.95,
    "operatingProfitMargin" : 10.58,
    "operatingProfit" : 4.21,
    "netProfitMargin" : -21.33,
    "netProfit" : -8.49
  }, {
    "date" : "2014-03-31",
    "sales" : 48.61,
    "salesGrowthYoY" : 14.35,
    "grossProfitMargin" : 98.40,
    "grossProfit" : 47.83,
    "operatingProfitMargin" : 34.31,
    "operatingProfit" : 16.68,
    "netProfitMargin" : 9.26,
    "netProfit" : 4.50
  }, {
    "date" : "2014-06-30",
    "sales" : 45.52,
    "salesGrowthYoY" : 20.36,
    "grossProfitMargin" : 98.46,
    "grossProfit" : 44.82,
    "operatingProfitMargin" : 21.59,
    "operatingProfit" : 9.83,
    "netProfitMargin" : -10.30,
    "netProfit" : -4.69
  }, {
    "date" : "2014-09-30",
    "sales" : 57.79,
    "salesGrowthYoY" : 40.03,
    "grossProfitMargin" : 99.83,
    "grossProfit" : 57.69,
    "operatingProfitMargin" : 30.87,
    "operatingProfit" : 17.84,
    "netProfitMargin" : 5.83,
    "netProfit" : 3.37
  }, {
    "date" : "2014-12-31",
    "sales" : 56.17,
    "salesGrowthYoY" : 41.13,
    "grossProfitMargin" : 99.72,
    "grossProfit" : 56.01,
    "operatingProfitMargin" : 21.22,
    "operatingProfit" : 11.92,
    "netProfitMargin" : -3.42,
    "netProfit" : -1.92
  }, {
    "date" : "2015-03-31",
    "sales" : 65.29,
    "salesGrowthYoY" : 34.31,
    "grossProfitMargin" : 99.98,
    "grossProfit" : 65.28,
    "operatingProfitMargin" : 28.78,
    "operatingProfit" : 18.79,
    "netProfitMargin" : 7.35,
    "netProfit" : 4.80
  }, {
    "date" : "2015-06-30",
    "sales" : 58.54,
    "salesGrowthYoY" : 28.60,
    "grossProfitMargin" : 99.59,
    "grossProfit" : 58.30,
    "operatingProfitMargin" : 15.51,
    "operatingProfit" : 9.08,
    "netProfitMargin" : -9.57,
    "netProfit" : -5.60
  }, {
    "date" : "2015-09-30",
    "sales" : 63.62,
    "salesGrowthYoY" : 10.09,
    "grossProfitMargin" : 99.67,
    "grossProfit" : 63.41,
    "operatingProfitMargin" : 22.60,
    "operatingProfit" : 14.38,
    "netProfitMargin" : 3.29,
    "netProfit" : 2.09
  }, {
    "date" : "2015-12-31",
    "sales" : 66.22,
    "salesGrowthYoY" : 17.89,
    "grossProfitMargin" : 99.53,
    "grossProfit" : 65.91,
    "operatingProfitMargin" : 29.84,
    "operatingProfit" : 19.76,
    "netProfitMargin" : 9.05,
    "netProfit" : 5.99
  }, {
    "date" : "2016-03-31",
    "sales" : 75.79,
    "salesGrowthYoY" : 16.08,
    "grossProfitMargin" : 98.23,
    "grossProfit" : 74.45,
    "operatingProfitMargin" : 34.05,
    "operatingProfit" : 25.81,
    "netProfitMargin" : 15.61,
    "netProfit" : 11.83
  }, {
    "date" : "2016-06-30",
    "sales" : 66.85,
    "salesGrowthYoY" : 14.20,
    "grossProfitMargin" : 99.64,
    "grossProfit" : 66.61,
    "operatingProfitMargin" : 29.71,
    "operatingProfit" : 19.86,
    "netProfitMargin" : 10.95,
    "netProfit" : 7.32
  }, {
    "date" : "2016-09-30",
    "sales" : 73.61,
    "salesGrowthYoY" : 15.70,
    "grossProfitMargin" : 99.39,
    "grossProfit" : 73.16,
    "operatingProfitMargin" : 37.73,
    "operatingProfit" : 27.77,
    "netProfitMargin" : 18.60,
    "netProfit" : 13.69
  }, {
    "date" : "2016-12-31",
    "sales" : 69.38,
    "salesGrowthYoY" : 4.77,
    "grossProfitMargin" : 99.74,
    "grossProfit" : 69.20,
    "operatingProfitMargin" : 23.85,
    "operatingProfit" : 16.55,
    "netProfitMargin" : 18.03,
    "netProfit" : 12.51
  }, {
    "date" : "2017-03-31",
    "sales" : 68.11,
    "salesGrowthYoY" : -10.13,
    "grossProfitMargin" : 99.93,
    "grossProfit" : 68.06,
    "operatingProfitMargin" : -25.03,
    "operatingProfit" : -17.05,
    "netProfitMargin" : 25.19,
    "netProfit" : 17.16
  }, {
    "date" : "2017-06-30",
    "sales" : 70.33,
    "salesGrowthYoY" : 5.21,
    "grossProfitMargin" : 99.40,
    "grossProfit" : 69.91,
    "operatingProfitMargin" : 36.57,
    "operatingProfit" : 25.72,
    "netProfitMargin" : 18.98,
    "netProfit" : 13.35
  }, {
    "date" : "2017-09-30",
    "sales" : 67.30,
    "salesGrowthYoY" : -8.57,
    "grossProfitMargin" : 99.97,
    "grossProfit" : 67.28,
    "operatingProfitMargin" : 46.02,
    "operatingProfit" : 30.97,
    "netProfitMargin" : 23.31,
    "netProfit" : 15.69
  }, {
    "date" : "2017-12-31",
    "sales" : 69.84,
    "salesGrowthYoY" : 0.66,
    "grossProfitMargin" : 99.93,
    "grossProfit" : 69.79,
    "operatingProfitMargin" : 32.16,
    "operatingProfit" : 22.46,
    "netProfitMargin" : 13.24,
    "netProfit" : 9.25
  }, {
    "date" : "2018-03-31",
    "sales" : 77.50,
    "salesGrowthYoY" : 13.79,
    "grossProfitMargin" : 99.75,
    "grossProfit" : 77.31,
    "operatingProfitMargin" : 54.59,
    "operatingProfit" : 42.31,
    "netProfitMargin" : 35.55,
    "netProfit" : 27.55
  }, {
    "date" : "2018-06-30",
    "sales" : 74.40,
    "salesGrowthYoY" : 5.79,
    "grossProfitMargin" : 99.81,
    "grossProfit" : 74.26,
    "operatingProfitMargin" : 41.79,
    "operatingProfit" : 31.09,
    "netProfitMargin" : 18.79,
    "netProfit" : 13.98
  }, {
    "date" : "2018-09-30",
    "sales" : 77.67,
    "salesGrowthYoY" : 15.41,
    "grossProfitMargin" : 100.01,
    "grossProfit" : 77.68,
    "operatingProfitMargin" : 44.88,
    "operatingProfit" : 34.86,
    "netProfitMargin" : 21.64,
    "netProfit" : 16.81
  }, {
    "date" : "2018-12-31",
    "sales" : 84.67,
    "salesGrowthYoY" : 21.23,
    "grossProfitMargin" : 99.89,
    "grossProfit" : 84.58,
    "operatingProfitMargin" : 33.85,
    "operatingProfit" : 28.66,
    "netProfitMargin" : 14.14,
    "netProfit" : 11.97
  }, {
    "date" : "2019-03-31",
    "sales" : 78.96,
    "salesGrowthYoY" : 1.88,
    "grossProfitMargin" : 99.99,
    "grossProfit" : 78.95,
    "operatingProfitMargin" : 30.00,
    "operatingProfit" : 23.69,
    "netProfitMargin" : 11.58,
    "netProfit" : 9.14
  }, {
    "date" : "2019-06-30",
    "sales" : 82.96,
    "salesGrowthYoY" : 11.51,
    "grossProfitMargin" : 99.64,
    "grossProfit" : 82.66,
    "operatingProfitMargin" : 39.21,
    "operatingProfit" : 32.53,
    "netProfitMargin" : 18.35,
    "netProfit" : 15.22
  }, {
    "date" : "2019-09-30",
    "sales" : 82.17,
    "salesGrowthYoY" : 5.79,
    "grossProfitMargin" : 99.82,
    "grossProfit" : 82.02,
    "operatingProfitMargin" : 42.67,
    "operatingProfit" : 35.06,
    "netProfitMargin" : 18.35,
    "netProfit" : 15.08
  }, {
    "date" : "2019-12-31",
    "sales" : 69.62,
    "salesGrowthYoY" : -17.77,
    "grossProfitMargin" : 99.80,
    "grossProfit" : 69.48,
    "operatingProfitMargin" : 36.54,
    "operatingProfit" : 25.44,
    "netProfitMargin" : 11.76,
    "netProfit" : 8.19
  }, {
    "date" : "2020-03-31",
    "sales" : 71.10,
    "salesGrowthYoY" : -9.95,
    "grossProfitMargin" : 99.90,
    "grossProfit" : 71.03,
    "operatingProfitMargin" : 36.15,
    "operatingProfit" : 25.70,
    "netProfitMargin" : -19.13,
    "netProfit" : -13.60
  }, {
    "date" : "2020-06-30",
    "sales" : 75.71,
    "salesGrowthYoY" : -8.74,
    "grossProfitMargin" : 100.00,
    "grossProfit" : 75.71,
    "operatingProfitMargin" : 43.07,
    "operatingProfit" : 32.61,
    "netProfitMargin" : 11.58,
    "netProfit" : 8.77
  }, {
    "date" : "2020-09-30",
    "sales" : 82.84,
    "salesGrowthYoY" : 0.82,
    "grossProfitMargin" : 99.81,
    "grossProfit" : 82.68,
    "operatingProfitMargin" : 37.68,
    "operatingProfit" : 31.21,
    "netProfitMargin" : 10.08,
    "netProfit" : 8.35
  }, {
    "date" : "2020-12-31",
    "sales" : 98.42,
    "salesGrowthYoY" : 41.37,
    "grossProfitMargin" : 99.71,
    "grossProfit" : 98.13,
    "operatingProfitMargin" : 45.71,
    "operatingProfit" : 44.99,
    "netProfitMargin" : 16.78,
    "netProfit" : 16.51
  }, {
    "date" : "2021-03-31",
    "sales" : 88.04,
    "salesGrowthYoY" : 23.83,
    "grossProfitMargin" : 95.25,
    "grossProfit" : 83.86,
    "operatingProfitMargin" : 38.18,
    "operatingProfit" : 33.61,
    "netProfitMargin" : 12.04,
    "netProfit" : 10.60
  }, {
    "date" : "2021-06-30",
    "sales" : 68.90,
    "salesGrowthYoY" : -8.99,
    "grossProfitMargin" : 99.93,
    "grossProfit" : 68.85,
    "operatingProfitMargin" : 14.50,
    "operatingProfit" : 9.99,
    "netProfitMargin" : -8.93,
    "netProfit" : -6.15
  }, {
    "date" : "2021-09-30",
    "sales" : 73.54,
    "salesGrowthYoY" : -11.23,
    "grossProfitMargin" : 99.95,
    "grossProfit" : 73.50,
    "operatingProfitMargin" : -4.69,
    "operatingProfit" : -3.45,
    "netProfitMargin" : -23.38,
    "netProfit" : -17.19
  }, {
    "date" : "2021-12-31",
    "sales" : 65.73,
    "salesGrowthYoY" : -33.21,
    "grossProfitMargin" : 99.57,
    "grossProfit" : 65.45,
    "operatingProfitMargin" : 2.31,
    "operatingProfit" : 1.52,
    "netProfitMargin" : -16.86,
    "netProfit" : -11.08
  }, {
    "date" : "2022-03-31",
    "sales" : 71.43,
    "salesGrowthYoY" : -18.87,
    "grossProfitMargin" : 99.80,
    "grossProfit" : 71.29,
    "operatingProfitMargin" : -3.23,
    "operatingProfit" : -2.31,
    "netProfitMargin" : -21.77,
    "netProfit" : -15.55
  }, {
    "date" : "2022-06-30",
    "sales" : 62.29,
    "salesGrowthYoY" : -9.59,
    "grossProfitMargin" : 100.00,
    "grossProfit" : 62.29,
    "operatingProfitMargin" : -13.76,
    "operatingProfit" : -8.57,
    "netProfitMargin" : -41.18,
    "netProfit" : -25.65
  }, {
    "date" : "2022-09-30",
    "sales" : 56.37,
    "salesGrowthYoY" : -23.35,
    "grossProfitMargin" : 99.95,
    "grossProfit" : 56.34,
    "operatingProfitMargin" : -33.48,
    "operatingProfit" : -18.87,
    "netProfitMargin" : -64.54,
    "netProfit" : -36.38
  }, {
    "date" : "2022-12-31",
    "sales" : 66.12,
    "salesGrowthYoY" : 0.59,
    "grossProfitMargin" : 99.97,
    "grossProfit" : 66.10,
    "operatingProfitMargin" : -10.86,
    "operatingProfit" : -7.18,
    "netProfitMargin" : -40.06,
    "netProfit" : -26.49
  }, {
    "date" : "2023-03-31",
    "sales" : 63.03,
    "salesGrowthYoY" : -11.76,
    "grossProfitMargin" : 99.73,
    "grossProfit" : 62.86,
    "operatingProfitMargin" : -23.66,
    "operatingProfit" : -14.91,
    "netProfitMargin" : -38.84,
    "netProfit" : -24.48
  }, {
    "date" : "2023-06-30",
    "sales" : 65.24,
    "salesGrowthYoY" : 4.74,
    "grossProfitMargin" : 99.85,
    "grossProfit" : 65.14,
    "operatingProfitMargin" : -18.56,
    "operatingProfit" : -12.11,
    "netProfitMargin" : -47.88,
    "netProfit" : -31.24
  }, {
    "date" : "2023-09-30",
    "sales" : 57.29,
    "salesGrowthYoY" : 1.63,
    "grossProfitMargin" : 99.14,
    "grossProfit" : 56.80,
    "operatingProfitMargin" : -77.24,
    "operatingProfit" : -44.25,
    "netProfitMargin" : -107.54,
    "netProfit" : -61.61
  }, {
    "date" : "2023-12-31",
    "sales" : 69.03,
    "salesGrowthYoY" : 4.40,
    "grossProfitMargin" : 99.90,
    "grossProfit" : 68.96,
    "operatingProfitMargin" : 2.06,
    "operatingProfit" : 1.42,
    "netProfitMargin" : -26.44,
    "netProfit" : -18.25
  }, {
    "date" : "2024-03-31",
    "sales" : 82.63,
    "salesGrowthYoY" : 31.10,
    "grossProfitMargin" : 99.55,
    "grossProfit" : 82.26,
    "operatingProfitMargin" : 23.65,
    "operatingProfit" : 19.54,
    "netProfitMargin" : -2.52,
    "netProfit" : -2.08
  }, {
    "date" : "2024-06-30",
    "sales" : 65.67,
    "salesGrowthYoY" : 0.66,
    "grossProfitMargin" : 99.95,
    "grossProfit" : 65.64,
    "operatingProfitMargin" : -1.54,
    "operatingProfit" : -1.01,
    "netProfitMargin" : -30.67,
    "netProfit" : -20.14
  }, {
    "date" : "2024-09-30",
    "sales" : 80.63,
    "salesGrowthYoY" : 40.74,
    "grossProfitMargin" : 99.90,
    "grossProfit" : 80.55,
    "operatingProfitMargin" : 18.32,
    "operatingProfit" : 14.77,
    "netProfitMargin" : -8.24,
    "netProfit" : -6.64
  }, {
    "date" : "2024-12-31",
    "sales" : 94.19,
    "salesGrowthYoY" : 36.45,
    "grossProfitMargin" : 100.00,
    "grossProfit" : 94.19,
    "operatingProfitMargin" : 34.15,
    "operatingProfit" : 32.17,
    "netProfitMargin" : 10.55,
    "netProfit" : 9.94
  }, {
    "date" : "2025-03-31",
    "sales" : 84.54,
    "salesGrowthYoY" : 2.31,
    "grossProfitMargin" : 100.00,
    "grossProfit" : 84.54,
    "operatingProfitMargin" : 49.10,
    "operatingProfit" : 41.51,
    "netProfitMargin" : 8.01,
    "netProfit" : 6.77
  }, {
    "date" : "2025-06-30",
    "sales" : 87.77,
    "salesGrowthYoY" : 33.65,
    "grossProfitMargin" : 100.00,
    "grossProfit" : 87.77,
    "operatingProfitMargin" : 30.60,
    "operatingProfit" : 26.86,
    "netProfitMargin" : 5.56,
    "netProfit" : 4.88
  }, {
    "date" : "2025-09-30",
    "sales" : 86.78,
    "salesGrowthYoY" : 7.63,
    "grossProfitMargin" : 100.00,
    "grossProfit" : 86.78,
    "operatingProfitMargin" : 26.33,
    "operatingProfit" : 22.85,
    "netProfitMargin" : 1.08,
    "netProfit" : 0.94
  }, {
    "date" : "2025-12-31",
    "sales" : 90.91,
    "salesGrowthYoY" : -3.48,
    "grossProfitMargin" : 100.00,
    "grossProfit" : 90.91,
    "operatingProfitMargin" : 30.29,
    "operatingProfit" : 27.54,
    "netProfitMargin" : 10.48,
    "netProfit" : 9.53
  } ],
  "latestQuarterlyResult" : {
    "date" : "2025-12-31",
    "sales" : 90.91,
    "salesGrowthYoY" : -3.48,
    "grossProfitMargin" : 100.00,
    "grossProfit" : 90.91,
    "operatingProfitMargin" : 30.29,
    "operatingProfit" : 27.54,
    "netProfitMargin" : 10.48,
    "netProfit" : 9.53
  },
  "companyScore" : {
    "priceHigherThanDma50" : 0.00,
    "priceHigherThanDma100" : 0.00,
    "priceHigherThanDma200" : 5.00,
    "dma50HigherThanDma100" : 0.00,
    "dma50HigherThanDma200" : 5.00,
    "dma100HigherThanDma200" : 5.00,
    "pricePercentageAboveDma50" : 5.08,
    "pricePercentageAboveDma100" : 5.35,
    "pricePercentageAboveDma200" : 4.77,
    "weeklyVolumeHigherThanYearlyVolume" : 5.00,
    "salesGrowthPercentile" : 6.00,
    "operatingProfitMarginPercentile" : 16.31,
    "netProfitMarginPercentile" : 7.26,
    "totalTechnicalScore" : 35.21,
    "totalFundamentalScore" : 29.58,
    "totalScore" : 64.78
  }
}