{
  "metadata" : {
    "screenerCompanyId" : "1947",
    "companyCode" : "RAMCOCEM",
    "companyName" : "The Ramco Cement",
    "screenerCompanyLink" : "https://www.screener.in/company/RAMCOCEM",
    "screenerTechnicalHistoryLink" : "https://www.screener.in/api/company/1947/chart/?q=Price-DMA50-DMA200-Volume&days=365",
    "screenerQuarterlyResultsLink" : "https://www.screener.in/api/company/1947/chart/?q=GPM-OPM-NPM-Quarter+Sales&days=10000",
    "attributes" : {
      "companyCode" : "RAMCOCEM",
      "companyName" : "The Ramco Cement",
      "marketCap" : 24268.00,
      "peRatio" : 126.00,
      "description" : "Ramco Cements Ltd is engaged in manufacture of cement, Ready Mix Concrete (RMC) and Dry mortar products. It primarily caters to the domestic market of India.[1]"
    },
    "companyScore" : {
      "priceHigherThanDma50" : 5.00,
      "priceHigherThanDma100" : 0.00,
      "priceHigherThanDma200" : 5.00,
      "dma50HigherThanDma100" : 0.00,
      "dma50HigherThanDma200" : 5.00,
      "dma100HigherThanDma200" : 5.00,
      "pricePercentageAboveDma50" : 4.97,
      "pricePercentageAboveDma100" : 5.13,
      "pricePercentageAboveDma200" : 4.91,
      "weeklyVolumeHigherThanYearlyVolume" : 0.00,
      "salesGrowthPercentile" : 9.11,
      "operatingProfitMarginPercentile" : 4.58,
      "netProfitMarginPercentile" : 1.33,
      "totalTechnicalScore" : 35.01,
      "totalFundamentalScore" : 15.02,
      "totalScore" : 50.03
    }
  },
  "attributes" : {
    "companyCode" : "RAMCOCEM",
    "companyName" : "The Ramco Cement",
    "marketCap" : 24268.00,
    "peRatio" : 126.00,
    "description" : "Ramco Cements Ltd is engaged in manufacture of cement, Ready Mix Concrete (RMC) and Dry mortar products. It primarily caters to the domestic market of India.[1]"
  },
  "technicalHistory" : [ {
    "date" : "2024-12-10",
    "price" : 1013.95,
    "dma50" : 921.83,
    "dma100" : null,
    "dma200" : 869.34,
    "volume" : 590942.00
  }, {
    "date" : "2024-12-11",
    "price" : 1020.45,
    "dma50" : 925.70,
    "dma100" : null,
    "dma200" : 870.84,
    "volume" : 691559.00
  }, {
    "date" : "2024-12-12",
    "price" : 998.10,
    "dma50" : 928.54,
    "dma100" : null,
    "dma200" : 872.11,
    "volume" : 452939.00
  }, {
    "date" : "2024-12-13",
    "price" : 1040.70,
    "dma50" : 932.93,
    "dma100" : null,
    "dma200" : 873.79,
    "volume" : 1736530.00
  }, {
    "date" : "2024-12-16",
    "price" : 1047.65,
    "dma50" : 937.43,
    "dma100" : null,
    "dma200" : 875.52,
    "volume" : 1045757.00
  }, {
    "date" : "2024-12-17",
    "price" : 1035.10,
    "dma50" : 941.26,
    "dma100" : null,
    "dma200" : 877.11,
    "volume" : 370189.00
  }, {
    "date" : "2024-12-18",
    "price" : 1031.05,
    "dma50" : 944.78,
    "dma100" : null,
    "dma200" : 878.64,
    "volume" : 275253.00
  }, {
    "date" : "2024-12-19",
    "price" : 1027.85,
    "dma50" : 948.04,
    "dma100" : null,
    "dma200" : 880.12,
    "volume" : 232977.00
  }, {
    "date" : "2024-12-20",
    "price" : 986.10,
    "dma50" : 949.53,
    "dma100" : null,
    "dma200" : 881.18,
    "volume" : 459308.00
  }, {
    "date" : "2024-12-23",
    "price" : 1000.05,
    "dma50" : 951.52,
    "dma100" : null,
    "dma200" : 882.36,
    "volume" : 499751.00
  }, {
    "date" : "2024-12-24",
    "price" : 991.45,
    "dma50" : 953.08,
    "dma100" : null,
    "dma200" : 883.45,
    "volume" : 428792.00
  }, {
    "date" : "2024-12-26",
    "price" : 976.55,
    "dma50" : 954.00,
    "dma100" : null,
    "dma200" : 884.37,
    "volume" : 251566.00
  }, {
    "date" : "2024-12-27",
    "price" : 965.75,
    "dma50" : 954.46,
    "dma100" : null,
    "dma200" : 885.18,
    "volume" : 225341.00
  }, {
    "date" : "2024-12-30",
    "price" : 955.15,
    "dma50" : 954.49,
    "dma100" : null,
    "dma200" : 885.88,
    "volume" : 181123.00
  }, {
    "date" : "2024-12-31",
    "price" : 965.65,
    "dma50" : 954.93,
    "dma100" : null,
    "dma200" : 886.67,
    "volume" : 272254.00
  }, {
    "date" : "2025-01-01",
    "price" : 966.05,
    "dma50" : 955.36,
    "dma100" : null,
    "dma200" : 887.46,
    "volume" : 95104.00
  }, {
    "date" : "2025-01-02",
    "price" : 985.80,
    "dma50" : 956.56,
    "dma100" : null,
    "dma200" : 888.44,
    "volume" : 267568.00
  }, {
    "date" : "2025-01-03",
    "price" : 985.70,
    "dma50" : 957.70,
    "dma100" : null,
    "dma200" : 889.41,
    "volume" : 371582.00
  }, {
    "date" : "2025-01-06",
    "price" : 952.15,
    "dma50" : 957.48,
    "dma100" : null,
    "dma200" : 890.03,
    "volume" : 432871.00
  }, {
    "date" : "2025-01-07",
    "price" : 956.80,
    "dma50" : 957.46,
    "dma100" : null,
    "dma200" : 890.70,
    "volume" : 182331.00
  }, {
    "date" : "2025-01-08",
    "price" : 943.50,
    "dma50" : 956.91,
    "dma100" : null,
    "dma200" : 891.22,
    "volume" : 445183.00
  }, {
    "date" : "2025-01-09",
    "price" : 934.65,
    "dma50" : 956.04,
    "dma100" : null,
    "dma200" : 891.65,
    "volume" : 142509.00
  }, {
    "date" : "2025-01-10",
    "price" : 916.25,
    "dma50" : 954.48,
    "dma100" : null,
    "dma200" : 891.90,
    "volume" : 437634.00
  }, {
    "date" : "2025-01-13",
    "price" : 881.75,
    "dma50" : 951.62,
    "dma100" : null,
    "dma200" : 891.80,
    "volume" : 644571.00
  }, {
    "date" : "2025-01-14",
    "price" : 884.10,
    "dma50" : 948.98,
    "dma100" : null,
    "dma200" : 891.72,
    "volume" : 279790.00
  }, {
    "date" : "2025-01-15",
    "price" : 879.15,
    "dma50" : 946.24,
    "dma100" : null,
    "dma200" : 891.60,
    "volume" : 146114.00
  }, {
    "date" : "2025-01-16",
    "price" : 887.90,
    "dma50" : 943.95,
    "dma100" : null,
    "dma200" : 891.56,
    "volume" : 382514.00
  }, {
    "date" : "2025-01-17",
    "price" : 883.95,
    "dma50" : 941.60,
    "dma100" : null,
    "dma200" : 891.48,
    "volume" : 310269.00
  }, {
    "date" : "2025-01-20",
    "price" : 884.05,
    "dma50" : 939.34,
    "dma100" : null,
    "dma200" : 891.41,
    "volume" : 177594.00
  }, {
    "date" : "2025-01-21",
    "price" : 871.05,
    "dma50" : 936.66,
    "dma100" : null,
    "dma200" : 891.21,
    "volume" : 578606.00
  }, {
    "date" : "2025-01-22",
    "price" : 868.90,
    "dma50" : 934.00,
    "dma100" : null,
    "dma200" : 890.98,
    "volume" : 666533.00
  }, {
    "date" : "2025-01-23",
    "price" : 908.55,
    "dma50" : 933.01,
    "dma100" : null,
    "dma200" : 891.16,
    "volume" : 1320667.00
  }, {
    "date" : "2025-01-24",
    "price" : 888.75,
    "dma50" : 931.27,
    "dma100" : null,
    "dma200" : 891.14,
    "volume" : 436166.00
  }, {
    "date" : "2025-01-27",
    "price" : 884.80,
    "dma50" : 929.45,
    "dma100" : null,
    "dma200" : 891.07,
    "volume" : 547671.00
  }, {
    "date" : "2025-01-28",
    "price" : 907.10,
    "dma50" : 928.57,
    "dma100" : null,
    "dma200" : 891.23,
    "volume" : 632649.00
  }, {
    "date" : "2025-01-29",
    "price" : 926.20,
    "dma50" : 928.48,
    "dma100" : null,
    "dma200" : 891.58,
    "volume" : 231257.00
  }, {
    "date" : "2025-01-30",
    "price" : 925.40,
    "dma50" : 928.36,
    "dma100" : null,
    "dma200" : 891.92,
    "volume" : 283713.00
  }, {
    "date" : "2025-01-31",
    "price" : 917.50,
    "dma50" : 927.93,
    "dma100" : null,
    "dma200" : 892.17,
    "volume" : 230090.00
  }, {
    "date" : "2025-02-01",
    "price" : 896.80,
    "dma50" : 926.71,
    "dma100" : null,
    "dma200" : 892.22,
    "volume" : 381061.00
  }, {
    "date" : "2025-02-03",
    "price" : 879.75,
    "dma50" : 924.87,
    "dma100" : null,
    "dma200" : 892.09,
    "volume" : 445741.00
  }, {
    "date" : "2025-02-04",
    "price" : 907.80,
    "dma50" : 924.20,
    "dma100" : null,
    "dma200" : 892.25,
    "volume" : 200257.00
  }, {
    "date" : "2025-02-05",
    "price" : 900.00,
    "dma50" : 923.25,
    "dma100" : null,
    "dma200" : 892.33,
    "volume" : 621095.00
  }, {
    "date" : "2025-02-06",
    "price" : 890.25,
    "dma50" : 921.96,
    "dma100" : null,
    "dma200" : 892.31,
    "volume" : 789774.00
  }, {
    "date" : "2025-02-07",
    "price" : 894.80,
    "dma50" : 920.89,
    "dma100" : null,
    "dma200" : 892.33,
    "volume" : 1889894.00
  }, {
    "date" : "2025-02-10",
    "price" : 893.65,
    "dma50" : 919.82,
    "dma100" : null,
    "dma200" : 892.34,
    "volume" : 274222.00
  }, {
    "date" : "2025-02-11",
    "price" : 876.85,
    "dma50" : 918.14,
    "dma100" : null,
    "dma200" : 892.19,
    "volume" : 375402.00
  }, {
    "date" : "2025-02-12",
    "price" : 867.20,
    "dma50" : 916.14,
    "dma100" : null,
    "dma200" : 891.94,
    "volume" : 523304.00
  }, {
    "date" : "2025-02-13",
    "price" : 861.80,
    "dma50" : 914.01,
    "dma100" : null,
    "dma200" : 891.64,
    "volume" : 438020.00
  }, {
    "date" : "2025-02-14",
    "price" : 844.65,
    "dma50" : 911.29,
    "dma100" : null,
    "dma200" : 891.17,
    "volume" : 269817.00
  }, {
    "date" : "2025-02-17",
    "price" : 860.75,
    "dma50" : 909.31,
    "dma100" : null,
    "dma200" : 890.87,
    "volume" : 321804.00
  }, {
    "date" : "2025-02-18",
    "price" : 850.20,
    "dma50" : 906.99,
    "dma100" : null,
    "dma200" : 890.47,
    "volume" : 462210.00
  }, {
    "date" : "2025-02-19",
    "price" : 862.05,
    "dma50" : 905.23,
    "dma100" : null,
    "dma200" : 890.18,
    "volume" : 328516.00
  }, {
    "date" : "2025-02-20",
    "price" : 860.10,
    "dma50" : 903.46,
    "dma100" : null,
    "dma200" : 889.88,
    "volume" : 128526.00
  }, {
    "date" : "2025-02-21",
    "price" : 852.35,
    "dma50" : 901.45,
    "dma100" : null,
    "dma200" : 889.51,
    "volume" : 354776.00
  }, {
    "date" : "2025-02-24",
    "price" : 849.95,
    "dma50" : 899.43,
    "dma100" : null,
    "dma200" : 889.12,
    "volume" : 191269.00
  }, {
    "date" : "2025-02-25",
    "price" : 850.35,
    "dma50" : 897.51,
    "dma100" : null,
    "dma200" : 888.73,
    "volume" : 298273.00
  }, {
    "date" : "2025-02-27",
    "price" : 842.85,
    "dma50" : 895.37,
    "dma100" : null,
    "dma200" : 888.27,
    "volume" : 434287.00
  }, {
    "date" : "2025-02-28",
    "price" : 829.00,
    "dma50" : 892.76,
    "dma100" : null,
    "dma200" : 887.68,
    "volume" : 500157.00
  }, {
    "date" : "2025-03-03",
    "price" : 841.60,
    "dma50" : 890.76,
    "dma100" : null,
    "dma200" : 887.23,
    "volume" : 270181.00
  }, {
    "date" : "2025-03-04",
    "price" : 846.50,
    "dma50" : 889.02,
    "dma100" : null,
    "dma200" : 886.82,
    "volume" : 311691.00
  }, {
    "date" : "2025-03-05",
    "price" : 860.80,
    "dma50" : 887.91,
    "dma100" : null,
    "dma200" : 886.56,
    "volume" : 493366.00
  }, {
    "date" : "2025-03-06",
    "price" : 876.30,
    "dma50" : 887.46,
    "dma100" : null,
    "dma200" : 886.46,
    "volume" : 557382.00
  }, {
    "date" : "2025-03-07",
    "price" : 871.65,
    "dma50" : 886.84,
    "dma100" : null,
    "dma200" : 886.31,
    "volume" : 180203.00
  }, {
    "date" : "2025-03-10",
    "price" : 863.15,
    "dma50" : 885.91,
    "dma100" : null,
    "dma200" : 886.08,
    "volume" : 193091.00
  }, {
    "date" : "2025-03-11",
    "price" : 854.65,
    "dma50" : 884.68,
    "dma100" : null,
    "dma200" : 885.77,
    "volume" : 140031.00
  }, {
    "date" : "2025-03-12",
    "price" : 820.10,
    "dma50" : 882.15,
    "dma100" : null,
    "dma200" : 885.12,
    "volume" : 3244546.00
  }, {
    "date" : "2025-03-13",
    "price" : 801.55,
    "dma50" : 878.99,
    "dma100" : null,
    "dma200" : 884.28,
    "volume" : 822211.00
  }, {
    "date" : "2025-03-17",
    "price" : 831.30,
    "dma50" : 877.12,
    "dma100" : null,
    "dma200" : 883.76,
    "volume" : 827135.00
  }, {
    "date" : "2025-03-18",
    "price" : 839.90,
    "dma50" : 875.66,
    "dma100" : null,
    "dma200" : 883.32,
    "volume" : 531932.00
  }, {
    "date" : "2025-03-19",
    "price" : 855.95,
    "dma50" : 874.89,
    "dma100" : null,
    "dma200" : 883.05,
    "volume" : 345994.00
  }, {
    "date" : "2025-03-20",
    "price" : 848.95,
    "dma50" : 873.87,
    "dma100" : null,
    "dma200" : 882.71,
    "volume" : 241452.00
  }, {
    "date" : "2025-03-21",
    "price" : 855.85,
    "dma50" : 873.16,
    "dma100" : null,
    "dma200" : 882.44,
    "volume" : 743220.00
  }, {
    "date" : "2025-03-24",
    "price" : 861.10,
    "dma50" : 872.69,
    "dma100" : null,
    "dma200" : 882.23,
    "volume" : 433703.00
  }, {
    "date" : "2025-03-25",
    "price" : 862.50,
    "dma50" : 872.29,
    "dma100" : null,
    "dma200" : 882.03,
    "volume" : 960719.00
  }, {
    "date" : "2025-03-26",
    "price" : 852.15,
    "dma50" : 871.50,
    "dma100" : null,
    "dma200" : 881.74,
    "volume" : 917448.00
  }, {
    "date" : "2025-03-27",
    "price" : 882.75,
    "dma50" : 871.94,
    "dma100" : null,
    "dma200" : 881.75,
    "volume" : 1281714.00
  }, {
    "date" : "2025-03-28",
    "price" : 896.75,
    "dma50" : 872.92,
    "dma100" : null,
    "dma200" : 881.90,
    "volume" : 1185785.00
  }, {
    "date" : "2025-04-01",
    "price" : 901.15,
    "dma50" : 874.02,
    "dma100" : null,
    "dma200" : 882.09,
    "volume" : 397804.00
  }, {
    "date" : "2025-04-02",
    "price" : 916.65,
    "dma50" : 875.69,
    "dma100" : null,
    "dma200" : 882.43,
    "volume" : 658055.00
  }, {
    "date" : "2025-04-03",
    "price" : 941.40,
    "dma50" : 878.27,
    "dma100" : null,
    "dma200" : 883.02,
    "volume" : 2023489.00
  }, {
    "date" : "2025-04-04",
    "price" : 941.55,
    "dma50" : 880.75,
    "dma100" : null,
    "dma200" : 883.60,
    "volume" : 913327.00
  }, {
    "date" : "2025-04-07",
    "price" : 921.15,
    "dma50" : 882.34,
    "dma100" : null,
    "dma200" : 883.97,
    "volume" : 1114761.00
  }, {
    "date" : "2025-04-08",
    "price" : 933.90,
    "dma50" : 884.36,
    "dma100" : null,
    "dma200" : 884.47,
    "volume" : 463199.00
  }, {
    "date" : "2025-04-09",
    "price" : 941.10,
    "dma50" : 886.58,
    "dma100" : null,
    "dma200" : 885.03,
    "volume" : 457545.00
  }, {
    "date" : "2025-04-11",
    "price" : 936.85,
    "dma50" : 888.56,
    "dma100" : null,
    "dma200" : 885.55,
    "volume" : 430147.00
  }, {
    "date" : "2025-04-15",
    "price" : 969.30,
    "dma50" : 891.72,
    "dma100" : null,
    "dma200" : 886.38,
    "volume" : 767971.00
  }, {
    "date" : "2025-04-16",
    "price" : 962.20,
    "dma50" : 894.49,
    "dma100" : null,
    "dma200" : 887.14,
    "volume" : 455600.00
  }, {
    "date" : "2025-04-17",
    "price" : 967.35,
    "dma50" : 897.34,
    "dma100" : null,
    "dma200" : 887.94,
    "volume" : 224419.00
  }, {
    "date" : "2025-04-21",
    "price" : 982.00,
    "dma50" : 900.66,
    "dma100" : null,
    "dma200" : 888.87,
    "volume" : 501497.00
  }, {
    "date" : "2025-04-22",
    "price" : 978.55,
    "dma50" : 903.72,
    "dma100" : null,
    "dma200" : 889.76,
    "volume" : 514706.00
  }, {
    "date" : "2025-04-23",
    "price" : 976.70,
    "dma50" : 906.58,
    "dma100" : null,
    "dma200" : 890.63,
    "volume" : 546392.00
  }, {
    "date" : "2025-04-24",
    "price" : 987.55,
    "dma50" : 909.75,
    "dma100" : null,
    "dma200" : 891.59,
    "volume" : 1269963.00
  }, {
    "date" : "2025-04-25",
    "price" : 968.65,
    "dma50" : 912.06,
    "dma100" : null,
    "dma200" : 892.36,
    "volume" : 673620.00
  }, {
    "date" : "2025-04-28",
    "price" : 966.80,
    "dma50" : 914.21,
    "dma100" : null,
    "dma200" : 893.10,
    "volume" : 644243.00
  }, {
    "date" : "2025-04-29",
    "price" : 956.85,
    "dma50" : 915.88,
    "dma100" : null,
    "dma200" : 893.73,
    "volume" : 594427.00
  }, {
    "date" : "2025-04-30",
    "price" : 943.60,
    "dma50" : 916.97,
    "dma100" : null,
    "dma200" : 894.23,
    "volume" : 416500.00
  }, {
    "date" : "2025-05-02",
    "price" : 941.70,
    "dma50" : 917.94,
    "dma100" : null,
    "dma200" : 894.70,
    "volume" : 283790.00
  }, {
    "date" : "2025-05-05",
    "price" : 946.65,
    "dma50" : 919.07,
    "dma100" : null,
    "dma200" : 895.22,
    "volume" : 504386.00
  }, {
    "date" : "2025-05-06",
    "price" : 949.50,
    "dma50" : 920.26,
    "dma100" : null,
    "dma200" : 895.76,
    "volume" : 241215.00
  }, {
    "date" : "2025-05-07",
    "price" : 949.00,
    "dma50" : 921.39,
    "dma100" : null,
    "dma200" : 896.29,
    "volume" : 617485.00
  }, {
    "date" : "2025-05-08",
    "price" : 951.05,
    "dma50" : 922.55,
    "dma100" : 915.08,
    "dma200" : 896.83,
    "volume" : 1094719.00
  }, {
    "date" : "2025-05-09",
    "price" : 939.45,
    "dma50" : 923.21,
    "dma100" : 914.26,
    "dma200" : 897.26,
    "volume" : 170946.00
  }, {
    "date" : "2025-05-12",
    "price" : 952.30,
    "dma50" : 924.35,
    "dma100" : 913.81,
    "dma200" : 897.81,
    "volume" : 5817028.00
  }, {
    "date" : "2025-05-13",
    "price" : 975.75,
    "dma50" : 926.37,
    "dma100" : 913.16,
    "dma200" : 898.58,
    "volume" : 509427.00
  }, {
    "date" : "2025-05-14",
    "price" : 994.30,
    "dma50" : 929.03,
    "dma100" : 912.62,
    "dma200" : 899.53,
    "volume" : 701567.00
  }, {
    "date" : "2025-05-15",
    "price" : 1002.75,
    "dma50" : 931.92,
    "dma100" : 912.30,
    "dma200" : 900.56,
    "volume" : 588793.00
  }, {
    "date" : "2025-05-16",
    "price" : 1004.15,
    "dma50" : 934.76,
    "dma100" : 912.03,
    "dma200" : 901.59,
    "volume" : 363489.00
  }, {
    "date" : "2025-05-19",
    "price" : 998.95,
    "dma50" : 937.27,
    "dma100" : 911.74,
    "dma200" : 902.56,
    "volume" : 210691.00
  }, {
    "date" : "2025-05-20",
    "price" : 981.15,
    "dma50" : 938.99,
    "dma100" : 911.69,
    "dma200" : 903.34,
    "volume" : 209064.00
  }, {
    "date" : "2025-05-21",
    "price" : 978.80,
    "dma50" : 940.55,
    "dma100" : 911.48,
    "dma200" : 904.09,
    "volume" : 372074.00
  }, {
    "date" : "2025-05-22",
    "price" : 987.80,
    "dma50" : 942.41,
    "dma100" : 911.44,
    "dma200" : 904.93,
    "volume" : 287640.00
  }, {
    "date" : "2025-05-23",
    "price" : 1006.10,
    "dma50" : 944.91,
    "dma100" : 911.74,
    "dma200" : 905.93,
    "volume" : 6341348.00
  }, {
    "date" : "2025-05-26",
    "price" : 982.75,
    "dma50" : 946.39,
    "dma100" : 911.91,
    "dma200" : 906.70,
    "volume" : 813236.00
  }, {
    "date" : "2025-05-27",
    "price" : 973.60,
    "dma50" : 947.46,
    "dma100" : 912.09,
    "dma200" : 907.36,
    "volume" : 985793.00
  }, {
    "date" : "2025-05-28",
    "price" : 956.70,
    "dma50" : 947.82,
    "dma100" : 912.00,
    "dma200" : 907.85,
    "volume" : 807045.00
  }, {
    "date" : "2025-05-29",
    "price" : 952.60,
    "dma50" : 948.01,
    "dma100" : 911.87,
    "dma200" : 908.30,
    "volume" : 1461984.00
  }, {
    "date" : "2025-05-30",
    "price" : 975.95,
    "dma50" : 949.10,
    "dma100" : 911.77,
    "dma200" : 908.97,
    "volume" : 488323.00
  }, {
    "date" : "2025-06-02",
    "price" : 986.95,
    "dma50" : 950.59,
    "dma100" : 911.78,
    "dma200" : 909.75,
    "volume" : 666563.00
  }, {
    "date" : "2025-06-03",
    "price" : 987.65,
    "dma50" : 952.04,
    "dma100" : 912.14,
    "dma200" : 910.52,
    "volume" : 581530.00
  }, {
    "date" : "2025-06-04",
    "price" : 999.40,
    "dma50" : 953.90,
    "dma100" : 912.56,
    "dma200" : 911.41,
    "volume" : 464753.00
  }, {
    "date" : "2025-06-05",
    "price" : 1005.30,
    "dma50" : 955.91,
    "dma100" : 913.18,
    "dma200" : 912.34,
    "volume" : 398942.00
  }, {
    "date" : "2025-06-06",
    "price" : 1005.05,
    "dma50" : 957.84,
    "dma100" : 913.89,
    "dma200" : 913.26,
    "volume" : 280151.00
  }, {
    "date" : "2025-06-09",
    "price" : 1039.15,
    "dma50" : 961.03,
    "dma100" : 915.12,
    "dma200" : 914.52,
    "volume" : 793836.00
  }, {
    "date" : "2025-06-10",
    "price" : 1067.75,
    "dma50" : 965.21,
    "dma100" : 916.98,
    "dma200" : 916.04,
    "volume" : 1047157.00
  }, {
    "date" : "2025-06-11",
    "price" : 1071.15,
    "dma50" : 969.37,
    "dma100" : 918.85,
    "dma200" : 917.59,
    "volume" : 410076.00
  }, {
    "date" : "2025-06-12",
    "price" : 1054.80,
    "dma50" : 972.72,
    "dma100" : 920.60,
    "dma200" : 918.95,
    "volume" : 214608.00
  }, {
    "date" : "2025-06-13",
    "price" : 1062.55,
    "dma50" : 976.24,
    "dma100" : 922.35,
    "dma200" : 920.38,
    "volume" : 213112.00
  }, {
    "date" : "2025-06-16",
    "price" : 1070.85,
    "dma50" : 979.95,
    "dma100" : 924.22,
    "dma200" : 921.88,
    "volume" : 364793.00
  }, {
    "date" : "2025-06-17",
    "price" : 1069.30,
    "dma50" : 983.46,
    "dma100" : 926.07,
    "dma200" : 923.34,
    "volume" : 308722.00
  }, {
    "date" : "2025-06-18",
    "price" : 1032.35,
    "dma50" : 985.37,
    "dma100" : 927.68,
    "dma200" : 924.43,
    "volume" : 963990.00
  }, {
    "date" : "2025-06-19",
    "price" : 1017.15,
    "dma50" : 986.62,
    "dma100" : 929.17,
    "dma200" : 925.35,
    "volume" : 182244.00
  }, {
    "date" : "2025-06-20",
    "price" : 1012.10,
    "dma50" : 987.62,
    "dma100" : 930.20,
    "dma200" : 926.21,
    "volume" : 444414.00
  }, {
    "date" : "2025-06-23",
    "price" : 1015.85,
    "dma50" : 988.73,
    "dma100" : 931.47,
    "dma200" : 927.11,
    "volume" : 471442.00
  }, {
    "date" : "2025-06-24",
    "price" : 1020.85,
    "dma50" : 989.99,
    "dma100" : 932.83,
    "dma200" : 928.04,
    "volume" : 490090.00
  }, {
    "date" : "2025-06-25",
    "price" : 1042.85,
    "dma50" : 992.06,
    "dma100" : 934.19,
    "dma200" : 929.18,
    "volume" : 1264491.00
  }, {
    "date" : "2025-06-26",
    "price" : 1050.40,
    "dma50" : 994.35,
    "dma100" : 935.43,
    "dma200" : 930.39,
    "volume" : 683747.00
  }, {
    "date" : "2025-06-27",
    "price" : 1055.00,
    "dma50" : 996.72,
    "dma100" : 936.73,
    "dma200" : 931.63,
    "volume" : 409350.00
  }, {
    "date" : "2025-06-30",
    "price" : 1075.20,
    "dma50" : 999.80,
    "dma100" : 938.31,
    "dma200" : 933.06,
    "volume" : 382228.00
  }, {
    "date" : "2025-07-01",
    "price" : 1077.20,
    "dma50" : 1002.84,
    "dma100" : 940.11,
    "dma200" : 934.49,
    "volume" : 471315.00
  }, {
    "date" : "2025-07-02",
    "price" : 1088.40,
    "dma50" : 1006.19,
    "dma100" : 942.20,
    "dma200" : 936.02,
    "volume" : 611396.00
  }, {
    "date" : "2025-07-03",
    "price" : 1075.70,
    "dma50" : 1008.92,
    "dma100" : 943.88,
    "dma200" : 937.41,
    "volume" : 182203.00
  }, {
    "date" : "2025-07-04",
    "price" : 1092.40,
    "dma50" : 1012.19,
    "dma100" : 945.80,
    "dma200" : 938.95,
    "volume" : 528458.00
  }, {
    "date" : "2025-07-07",
    "price" : 1085.60,
    "dma50" : 1015.07,
    "dma100" : 947.75,
    "dma200" : 940.41,
    "volume" : 241581.00
  }, {
    "date" : "2025-07-08",
    "price" : 1099.40,
    "dma50" : 1018.38,
    "dma100" : 949.80,
    "dma200" : 941.99,
    "volume" : 470505.00
  }, {
    "date" : "2025-07-09",
    "price" : 1102.20,
    "dma50" : 1021.67,
    "dma100" : 951.88,
    "dma200" : 943.59,
    "volume" : 647190.00
  }, {
    "date" : "2025-07-10",
    "price" : 1105.30,
    "dma50" : 1024.94,
    "dma100" : 954.17,
    "dma200" : 945.20,
    "volume" : 374078.00
  }, {
    "date" : "2025-07-11",
    "price" : 1140.60,
    "dma50" : 1029.48,
    "dma100" : 956.90,
    "dma200" : 947.14,
    "volume" : 1599744.00
  }, {
    "date" : "2025-07-14",
    "price" : 1133.80,
    "dma50" : 1033.57,
    "dma100" : 959.62,
    "dma200" : 949.00,
    "volume" : 1218673.00
  }, {
    "date" : "2025-07-15",
    "price" : 1151.30,
    "dma50" : 1038.19,
    "dma100" : 962.69,
    "dma200" : 951.01,
    "volume" : 326016.00
  }, {
    "date" : "2025-07-16",
    "price" : 1166.90,
    "dma50" : 1043.24,
    "dma100" : 965.75,
    "dma200" : 953.16,
    "volume" : 302465.00
  }, {
    "date" : "2025-07-17",
    "price" : 1177.20,
    "dma50" : 1048.49,
    "dma100" : 969.02,
    "dma200" : 955.39,
    "volume" : 326887.00
  }, {
    "date" : "2025-07-18",
    "price" : 1154.60,
    "dma50" : 1052.65,
    "dma100" : 971.95,
    "dma200" : 957.37,
    "volume" : 342729.00
  }, {
    "date" : "2025-07-21",
    "price" : 1149.60,
    "dma50" : 1056.45,
    "dma100" : 974.84,
    "dma200" : 959.28,
    "volume" : 116653.00
  }, {
    "date" : "2025-07-22",
    "price" : 1190.00,
    "dma50" : 1061.69,
    "dma100" : 978.22,
    "dma200" : 961.58,
    "volume" : 1196729.00
  }, {
    "date" : "2025-07-23",
    "price" : 1189.10,
    "dma50" : 1066.69,
    "dma100" : 981.61,
    "dma200" : 963.84,
    "volume" : 338067.00
  }, {
    "date" : "2025-07-24",
    "price" : 1178.20,
    "dma50" : 1071.06,
    "dma100" : 984.89,
    "dma200" : 965.98,
    "volume" : 273600.00
  }, {
    "date" : "2025-07-25",
    "price" : 1144.10,
    "dma50" : 1073.92,
    "dma100" : 987.90,
    "dma200" : 967.75,
    "volume" : 231343.00
  }, {
    "date" : "2025-07-28",
    "price" : 1170.10,
    "dma50" : 1077.70,
    "dma100" : 991.31,
    "dma200" : 969.76,
    "volume" : 406132.00
  }, {
    "date" : "2025-07-29",
    "price" : 1193.30,
    "dma50" : 1082.23,
    "dma100" : 994.83,
    "dma200" : 971.99,
    "volume" : 385620.00
  }, {
    "date" : "2025-07-30",
    "price" : 1201.40,
    "dma50" : 1086.90,
    "dma100" : 998.38,
    "dma200" : 974.27,
    "volume" : 727879.00
  }, {
    "date" : "2025-07-31",
    "price" : 1177.20,
    "dma50" : 1090.44,
    "dma100" : 1001.54,
    "dma200" : 976.29,
    "volume" : 321148.00
  }, {
    "date" : "2025-08-01",
    "price" : 1151.10,
    "dma50" : 1092.82,
    "dma100" : 1004.29,
    "dma200" : 978.03,
    "volume" : 178952.00
  }, {
    "date" : "2025-08-04",
    "price" : 1171.40,
    "dma50" : 1095.90,
    "dma100" : 1007.29,
    "dma200" : 979.95,
    "volume" : 181838.00
  }, {
    "date" : "2025-08-05",
    "price" : 1161.10,
    "dma50" : 1098.46,
    "dma100" : 1010.27,
    "dma200" : 981.76,
    "volume" : 164620.00
  }, {
    "date" : "2025-08-06",
    "price" : 1149.30,
    "dma50" : 1100.45,
    "dma100" : 1013.21,
    "dma200" : 983.42,
    "volume" : 117065.00
  }, {
    "date" : "2025-08-07",
    "price" : 1136.90,
    "dma50" : 1101.88,
    "dma100" : 1016.38,
    "dma200" : 984.95,
    "volume" : 185359.00
  }, {
    "date" : "2025-08-08",
    "price" : 1071.80,
    "dma50" : 1100.70,
    "dma100" : 1019.08,
    "dma200" : 985.81,
    "volume" : 870327.00
  }, {
    "date" : "2025-08-11",
    "price" : 1070.40,
    "dma50" : 1099.51,
    "dma100" : 1021.47,
    "dma200" : 986.66,
    "volume" : 361281.00
  }, {
    "date" : "2025-08-12",
    "price" : 1059.30,
    "dma50" : 1097.94,
    "dma100" : 1023.67,
    "dma200" : 987.38,
    "volume" : 303549.00
  }, {
    "date" : "2025-08-13",
    "price" : 1065.90,
    "dma50" : 1096.68,
    "dma100" : 1025.77,
    "dma200" : 988.16,
    "volume" : 318167.00
  }, {
    "date" : "2025-08-14",
    "price" : 1066.70,
    "dma50" : 1095.51,
    "dma100" : 1027.95,
    "dma200" : 988.94,
    "volume" : 65219.00
  }, {
    "date" : "2025-08-18",
    "price" : 1087.30,
    "dma50" : 1095.18,
    "dma100" : 1030.26,
    "dma200" : 989.92,
    "volume" : 155900.00
  }, {
    "date" : "2025-08-19",
    "price" : 1086.50,
    "dma50" : 1094.84,
    "dma100" : 1032.51,
    "dma200" : 990.88,
    "volume" : 111145.00
  }, {
    "date" : "2025-08-20",
    "price" : 1114.60,
    "dma50" : 1095.62,
    "dma100" : 1035.04,
    "dma200" : 992.11,
    "volume" : 167048.00
  }, {
    "date" : "2025-08-21",
    "price" : 1111.40,
    "dma50" : 1096.24,
    "dma100" : 1037.63,
    "dma200" : 993.30,
    "volume" : 112920.00
  }, {
    "date" : "2025-08-22",
    "price" : 1073.30,
    "dma50" : 1095.34,
    "dma100" : 1039.53,
    "dma200" : 994.09,
    "volume" : 362071.00
  }, {
    "date" : "2025-08-25",
    "price" : 1063.60,
    "dma50" : 1094.09,
    "dma100" : 1041.20,
    "dma200" : 994.79,
    "volume" : 234411.00
  }, {
    "date" : "2025-08-26",
    "price" : 1043.50,
    "dma50" : 1092.11,
    "dma100" : 1042.63,
    "dma200" : 995.27,
    "volume" : 200902.00
  }, {
    "date" : "2025-08-28",
    "price" : 1034.30,
    "dma50" : 1089.84,
    "dma100" : 1043.80,
    "dma200" : 995.66,
    "volume" : 256993.00
  }, {
    "date" : "2025-08-29",
    "price" : 1046.80,
    "dma50" : 1088.15,
    "dma100" : 1044.86,
    "dma200" : 996.17,
    "volume" : 189632.00
  }, {
    "date" : "2025-09-01",
    "price" : 1058.50,
    "dma50" : 1086.99,
    "dma100" : 1046.03,
    "dma200" : 996.79,
    "volume" : 110430.00
  }, {
    "date" : "2025-09-02",
    "price" : 1080.60,
    "dma50" : 1086.74,
    "dma100" : 1047.62,
    "dma200" : 997.62,
    "volume" : 125420.00
  }, {
    "date" : "2025-09-03",
    "price" : 1084.40,
    "dma50" : 1086.65,
    "dma100" : 1049.12,
    "dma200" : 998.49,
    "volume" : 146921.00
  }, {
    "date" : "2025-09-04",
    "price" : 1090.30,
    "dma50" : 1086.79,
    "dma100" : 1050.62,
    "dma200" : 999.40,
    "volume" : 258223.00
  }, {
    "date" : "2025-09-05",
    "price" : 1069.80,
    "dma50" : 1086.13,
    "dma100" : 1051.95,
    "dma200" : 1000.10,
    "volume" : 214222.00
  }, {
    "date" : "2025-09-08",
    "price" : 1049.80,
    "dma50" : 1084.70,
    "dma100" : 1052.75,
    "dma200" : 1000.59,
    "volume" : 256375.00
  }, {
    "date" : "2025-09-09",
    "price" : 1055.30,
    "dma50" : 1083.55,
    "dma100" : 1053.68,
    "dma200" : 1001.14,
    "volume" : 445419.00
  }, {
    "date" : "2025-09-10",
    "price" : 1045.90,
    "dma50" : 1082.07,
    "dma100" : 1054.47,
    "dma200" : 1001.58,
    "volume" : 135979.00
  }, {
    "date" : "2025-09-11",
    "price" : 1031.00,
    "dma50" : 1080.07,
    "dma100" : 1054.96,
    "dma200" : 1001.88,
    "volume" : 118708.00
  }, {
    "date" : "2025-09-12",
    "price" : 1030.90,
    "dma50" : 1078.14,
    "dma100" : 1055.48,
    "dma200" : 1002.17,
    "volume" : 352297.00
  }, {
    "date" : "2025-09-15",
    "price" : 1046.00,
    "dma50" : 1076.88,
    "dma100" : 1056.17,
    "dma200" : 1002.60,
    "volume" : 436137.00
  }, {
    "date" : "2025-09-16",
    "price" : 1040.00,
    "dma50" : 1075.43,
    "dma100" : 1056.70,
    "dma200" : 1002.97,
    "volume" : 254246.00
  }, {
    "date" : "2025-09-17",
    "price" : 1062.20,
    "dma50" : 1074.91,
    "dma100" : 1057.63,
    "dma200" : 1003.56,
    "volume" : 553969.00
  }, {
    "date" : "2025-09-18",
    "price" : 1062.40,
    "dma50" : 1074.42,
    "dma100" : 1058.59,
    "dma200" : 1004.15,
    "volume" : 133364.00
  }, {
    "date" : "2025-09-19",
    "price" : 1054.20,
    "dma50" : 1073.63,
    "dma100" : 1059.56,
    "dma200" : 1004.65,
    "volume" : 166306.00
  }, {
    "date" : "2025-09-22",
    "price" : 1044.40,
    "dma50" : 1072.48,
    "dma100" : 1060.57,
    "dma200" : 1005.04,
    "volume" : 329629.00
  }, {
    "date" : "2025-09-23",
    "price" : 1045.00,
    "dma50" : 1071.41,
    "dma100" : 1061.60,
    "dma200" : 1005.44,
    "volume" : 291489.00
  }, {
    "date" : "2025-09-24",
    "price" : 1040.00,
    "dma50" : 1070.18,
    "dma100" : 1062.54,
    "dma200" : 1005.78,
    "volume" : 102963.00
  }, {
    "date" : "2025-09-25",
    "price" : 1028.00,
    "dma50" : 1068.52,
    "dma100" : 1063.32,
    "dma200" : 1006.00,
    "volume" : 244392.00
  }, {
    "date" : "2025-09-26",
    "price" : 1001.60,
    "dma50" : 1065.90,
    "dma100" : 1063.85,
    "dma200" : 1005.96,
    "volume" : 365559.00
  }, {
    "date" : "2025-09-29",
    "price" : 996.90,
    "dma50" : 1063.19,
    "dma100" : 1064.31,
    "dma200" : 1005.87,
    "volume" : 436773.00
  }, {
    "date" : "2025-09-30",
    "price" : 985.40,
    "dma50" : 1060.14,
    "dma100" : 1064.77,
    "dma200" : 1005.67,
    "volume" : 285445.00
  }, {
    "date" : "2025-10-01",
    "price" : 992.70,
    "dma50" : 1057.50,
    "dma100" : 1065.17,
    "dma200" : 1005.54,
    "volume" : 498377.00
  }, {
    "date" : "2025-10-03",
    "price" : 989.75,
    "dma50" : 1054.84,
    "dma100" : 1065.31,
    "dma200" : 1005.38,
    "volume" : 481596.00
  }, {
    "date" : "2025-10-06",
    "price" : 979.50,
    "dma50" : 1051.88,
    "dma100" : 1065.16,
    "dma200" : 1005.12,
    "volume" : 632652.00
  }, {
    "date" : "2025-10-07",
    "price" : 1005.70,
    "dma50" : 1050.07,
    "dma100" : 1065.19,
    "dma200" : 1005.13,
    "volume" : 1864282.00
  }, {
    "date" : "2025-10-08",
    "price" : 998.60,
    "dma50" : 1048.05,
    "dma100" : 1065.14,
    "dma200" : 1005.06,
    "volume" : 239033.00
  }, {
    "date" : "2025-10-09",
    "price" : 1008.20,
    "dma50" : 1046.49,
    "dma100" : 1065.23,
    "dma200" : 1005.10,
    "volume" : 185073.00
  }, {
    "date" : "2025-10-10",
    "price" : 1018.65,
    "dma50" : 1045.40,
    "dma100" : 1065.60,
    "dma200" : 1005.23,
    "volume" : 474861.00
  }, {
    "date" : "2025-10-13",
    "price" : 1010.90,
    "dma50" : 1044.05,
    "dma100" : 1065.93,
    "dma200" : 1005.29,
    "volume" : 231449.00
  }, {
    "date" : "2025-10-14",
    "price" : 1002.35,
    "dma50" : 1042.41,
    "dma100" : 1066.07,
    "dma200" : 1005.26,
    "volume" : 363338.00
  }, {
    "date" : "2025-10-15",
    "price" : 1015.75,
    "dma50" : 1041.37,
    "dma100" : 1066.17,
    "dma200" : 1005.36,
    "volume" : 193544.00
  }, {
    "date" : "2025-10-16",
    "price" : 1029.10,
    "dma50" : 1040.89,
    "dma100" : 1066.63,
    "dma200" : 1005.60,
    "volume" : 681744.00
  }, {
    "date" : "2025-10-17",
    "price" : 1023.60,
    "dma50" : 1040.21,
    "dma100" : 1067.13,
    "dma200" : 1005.78,
    "volume" : 104321.00
  }, {
    "date" : "2025-10-20",
    "price" : 1028.65,
    "dma50" : 1039.75,
    "dma100" : 1067.85,
    "dma200" : 1006.00,
    "volume" : 261385.00
  }, {
    "date" : "2025-10-21",
    "price" : 1038.90,
    "dma50" : 1039.72,
    "dma100" : 1068.71,
    "dma200" : 1006.33,
    "volume" : 58075.00
  }, {
    "date" : "2025-10-23",
    "price" : 1046.65,
    "dma50" : 1039.99,
    "dma100" : 1069.42,
    "dma200" : 1006.73,
    "volume" : 235604.00
  }, {
    "date" : "2025-10-24",
    "price" : 1046.80,
    "dma50" : 1040.26,
    "dma100" : 1070.02,
    "dma200" : 1007.13,
    "volume" : 207082.00
  }, {
    "date" : "2025-10-27",
    "price" : 1058.40,
    "dma50" : 1040.97,
    "dma100" : 1070.73,
    "dma200" : 1007.64,
    "volume" : 357018.00
  }, {
    "date" : "2025-10-28",
    "price" : 1059.10,
    "dma50" : 1041.68,
    "dma100" : 1071.32,
    "dma200" : 1008.15,
    "volume" : 281325.00
  }, {
    "date" : "2025-10-29",
    "price" : 1057.65,
    "dma50" : 1042.31,
    "dma100" : 1071.85,
    "dma200" : 1008.65,
    "volume" : 166815.00
  }, {
    "date" : "2025-10-30",
    "price" : 1055.35,
    "dma50" : 1042.82,
    "dma100" : 1072.35,
    "dma200" : 1009.11,
    "volume" : 137288.00
  }, {
    "date" : "2025-10-31",
    "price" : 1044.45,
    "dma50" : 1042.88,
    "dma100" : 1072.40,
    "dma200" : 1009.46,
    "volume" : 68689.00
  }, {
    "date" : "2025-11-03",
    "price" : 1025.50,
    "dma50" : 1042.20,
    "dma100" : 1071.98,
    "dma200" : 1009.62,
    "volume" : 263319.00
  }, {
    "date" : "2025-11-04",
    "price" : 1027.00,
    "dma50" : 1041.61,
    "dma100" : 1071.54,
    "dma200" : 1009.80,
    "volume" : 155464.00
  }, {
    "date" : "2025-11-06",
    "price" : 1033.20,
    "dma50" : 1041.28,
    "dma100" : 1071.32,
    "dma200" : 1010.03,
    "volume" : 533627.00
  }, {
    "date" : "2025-11-07",
    "price" : 1033.50,
    "dma50" : 1040.97,
    "dma100" : 1071.03,
    "dma200" : 1010.26,
    "volume" : 134539.00
  }, {
    "date" : "2025-11-10",
    "price" : 1032.80,
    "dma50" : 1040.65,
    "dma100" : 1070.65,
    "dma200" : 1010.49,
    "volume" : 458126.00
  }, {
    "date" : "2025-11-11",
    "price" : 998.80,
    "dma50" : 1039.01,
    "dma100" : 1069.95,
    "dma200" : 1010.37,
    "volume" : 598677.00
  }, {
    "date" : "2025-11-12",
    "price" : 1005.70,
    "dma50" : 1037.70,
    "dma100" : 1069.68,
    "dma200" : 1010.32,
    "volume" : 215691.00
  }, {
    "date" : "2025-11-13",
    "price" : 987.60,
    "dma50" : 1035.74,
    "dma100" : 1069.38,
    "dma200" : 1010.10,
    "volume" : 286078.00
  }, {
    "date" : "2025-11-14",
    "price" : 980.30,
    "dma50" : 1033.56,
    "dma100" : 1069.07,
    "dma200" : 1009.80,
    "volume" : 292230.00
  }, {
    "date" : "2025-11-17",
    "price" : 994.80,
    "dma50" : 1032.04,
    "dma100" : 1068.86,
    "dma200" : 1009.65,
    "volume" : 154377.00
  }, {
    "date" : "2025-11-18",
    "price" : 984.00,
    "dma50" : 1030.16,
    "dma100" : 1068.49,
    "dma200" : 1009.40,
    "volume" : 163828.00
  }, {
    "date" : "2025-11-19",
    "price" : 991.40,
    "dma50" : 1028.64,
    "dma100" : 1067.97,
    "dma200" : 1009.22,
    "volume" : 138101.00
  }, {
    "date" : "2025-11-20",
    "price" : 996.80,
    "dma50" : 1027.39,
    "dma100" : 1067.44,
    "dma200" : 1009.09,
    "volume" : 132856.00
  }, {
    "date" : "2025-11-21",
    "price" : 1010.50,
    "dma50" : 1026.73,
    "dma100" : 1066.99,
    "dma200" : 1009.11,
    "volume" : 1166254.00
  }, {
    "date" : "2025-11-24",
    "price" : 1011.00,
    "dma50" : 1026.11,
    "dma100" : 1066.35,
    "dma200" : 1009.13,
    "volume" : 250849.00
  }, {
    "date" : "2025-11-25",
    "price" : 1006.60,
    "dma50" : 1025.35,
    "dma100" : 1065.64,
    "dma200" : 1009.10,
    "volume" : 129177.00
  }, {
    "date" : "2025-11-26",
    "price" : 1016.90,
    "dma50" : 1025.02,
    "dma100" : 1064.93,
    "dma200" : 1009.18,
    "volume" : 393528.00
  }, {
    "date" : "2025-11-27",
    "price" : 1019.60,
    "dma50" : 1024.80,
    "dma100" : 1064.37,
    "dma200" : 1009.28,
    "volume" : 184366.00
  }, {
    "date" : "2025-11-28",
    "price" : 1037.50,
    "dma50" : 1025.30,
    "dma100" : 1063.82,
    "dma200" : 1009.56,
    "volume" : 308633.00
  }, {
    "date" : "2025-12-01",
    "price" : 1023.20,
    "dma50" : 1025.22,
    "dma100" : 1063.20,
    "dma200" : 1009.70,
    "volume" : 155096.00
  }, {
    "date" : "2025-12-02",
    "price" : 1022.50,
    "dma50" : 1025.11,
    "dma100" : 1062.43,
    "dma200" : 1009.83,
    "volume" : 78491.00
  }, {
    "date" : "2025-12-03",
    "price" : 1027.50,
    "dma50" : 1025.21,
    "dma100" : 1061.68,
    "dma200" : 1010.00,
    "volume" : 142926.00
  }, {
    "date" : "2025-12-04",
    "price" : 1015.40,
    "dma50" : 1024.82,
    "dma100" : 1060.78,
    "dma200" : 1010.06,
    "volume" : 137537.00
  }, {
    "date" : "2025-12-05",
    "price" : 1011.00,
    "dma50" : 1024.28,
    "dma100" : 1059.48,
    "dma200" : 1010.07,
    "volume" : 152916.00
  }, {
    "date" : "2025-12-08",
    "price" : 995.90,
    "dma50" : 1023.17,
    "dma100" : 1058.11,
    "dma200" : 1009.92,
    "volume" : 129463.00
  }, {
    "date" : "2025-12-09",
    "price" : 999.50,
    "dma50" : 1022.24,
    "dma100" : 1056.59,
    "dma200" : 1009.82,
    "volume" : 144223.00
  }, {
    "date" : "2025-12-10",
    "price" : 1028.00,
    "dma50" : 1022.46,
    "dma100" : 1055.20,
    "dma200" : 1010.00,
    "volume" : 87197.00
  } ],
  "latestTechnicalAttributes" : {
    "date" : "2025-12-10",
    "price" : 1028.00,
    "dma50" : 1022.46,
    "dma100" : 1055.20,
    "dma200" : 1010.00,
    "volume" : 87197.00
  },
  "quarterlyResults" : [ {
    "date" : "2005-03-31",
    "sales" : 208.13,
    "salesGrowthYoY" : null,
    "grossProfitMargin" : 57.57,
    "grossProfit" : 119.82,
    "operatingProfitMargin" : 19.46,
    "operatingProfit" : 40.50,
    "netProfitMargin" : 11.01,
    "netProfit" : 22.92
  }, {
    "date" : "2005-06-30",
    "sales" : 219.87,
    "salesGrowthYoY" : null,
    "grossProfitMargin" : 59.16,
    "grossProfit" : 130.08,
    "operatingProfitMargin" : 22.95,
    "operatingProfit" : 50.46,
    "netProfitMargin" : 8.21,
    "netProfit" : 18.05
  }, {
    "date" : "2005-09-30",
    "sales" : 246.09,
    "salesGrowthYoY" : null,
    "grossProfitMargin" : 58.32,
    "grossProfit" : 143.52,
    "operatingProfitMargin" : 20.87,
    "operatingProfit" : 51.36,
    "netProfitMargin" : 7.64,
    "netProfit" : 18.80
  }, {
    "date" : "2005-12-31",
    "sales" : 242.65,
    "salesGrowthYoY" : null,
    "grossProfitMargin" : 59.29,
    "grossProfit" : 143.87,
    "operatingProfitMargin" : 17.15,
    "operatingProfit" : 41.61,
    "netProfitMargin" : 3.95,
    "netProfit" : 9.58
  }, {
    "date" : "2006-03-31",
    "sales" : 299.84,
    "salesGrowthYoY" : 44.06,
    "grossProfitMargin" : 61.47,
    "grossProfit" : 184.31,
    "operatingProfitMargin" : 22.41,
    "operatingProfit" : 67.19,
    "netProfitMargin" : 11.03,
    "netProfit" : 33.07
  }, {
    "date" : "2006-06-30",
    "sales" : 340.89,
    "salesGrowthYoY" : 55.04,
    "grossProfitMargin" : 69.73,
    "grossProfit" : 237.70,
    "operatingProfitMargin" : 40.00,
    "operatingProfit" : 136.36,
    "netProfitMargin" : 23.13,
    "netProfit" : 78.85
  }, {
    "date" : "2006-09-30",
    "sales" : 407.25,
    "salesGrowthYoY" : 65.49,
    "grossProfitMargin" : 67.92,
    "grossProfit" : 276.60,
    "operatingProfitMargin" : 38.87,
    "operatingProfit" : 158.30,
    "netProfitMargin" : 22.12,
    "netProfit" : 90.08
  }, {
    "date" : "2006-12-31",
    "sales" : 390.99,
    "salesGrowthYoY" : 61.13,
    "grossProfitMargin" : 63.50,
    "grossProfit" : 248.28,
    "operatingProfitMargin" : 32.71,
    "operatingProfit" : 127.89,
    "netProfitMargin" : 17.42,
    "netProfit" : 68.11
  }, {
    "date" : "2007-03-31",
    "sales" : 435.02,
    "salesGrowthYoY" : 45.08,
    "grossProfitMargin" : 66.08,
    "grossProfit" : 287.46,
    "operatingProfitMargin" : 30.67,
    "operatingProfit" : 133.42,
    "netProfitMargin" : 16.34,
    "netProfit" : 71.08
  }, {
    "date" : "2007-06-30",
    "sales" : 469.37,
    "salesGrowthYoY" : 37.69,
    "grossProfitMargin" : 68.99,
    "grossProfit" : 323.82,
    "operatingProfitMargin" : 38.94,
    "operatingProfit" : 182.77,
    "netProfitMargin" : 21.42,
    "netProfit" : 100.54
  }, {
    "date" : "2007-09-30",
    "sales" : 497.72,
    "salesGrowthYoY" : 22.21,
    "grossProfitMargin" : 71.55,
    "grossProfit" : 356.12,
    "operatingProfitMargin" : 43.10,
    "operatingProfit" : 214.52,
    "netProfitMargin" : 24.28,
    "netProfit" : 120.85
  }, {
    "date" : "2007-12-31",
    "sales" : 509.79,
    "salesGrowthYoY" : 30.38,
    "grossProfitMargin" : 66.66,
    "grossProfit" : 339.83,
    "operatingProfitMargin" : 37.39,
    "operatingProfit" : 190.61,
    "netProfitMargin" : 21.71,
    "netProfit" : 110.68
  }, {
    "date" : "2008-03-31",
    "sales" : 529.95,
    "salesGrowthYoY" : 21.82,
    "grossProfitMargin" : 63.51,
    "grossProfit" : 336.57,
    "operatingProfitMargin" : 31.02,
    "operatingProfit" : 164.39,
    "netProfitMargin" : 14.38,
    "netProfit" : 76.21
  }, {
    "date" : "2008-06-30",
    "sales" : 616.36,
    "salesGrowthYoY" : 31.32,
    "grossProfitMargin" : 64.94,
    "grossProfit" : 400.26,
    "operatingProfitMargin" : 36.39,
    "operatingProfit" : 224.29,
    "netProfitMargin" : 18.49,
    "netProfit" : 113.96
  }, {
    "date" : "2008-09-30",
    "sales" : 666.52,
    "salesGrowthYoY" : 33.91,
    "grossProfitMargin" : 64.93,
    "grossProfit" : 432.77,
    "operatingProfitMargin" : 34.57,
    "operatingProfit" : 230.42,
    "netProfitMargin" : 17.04,
    "netProfit" : 113.58
  }, {
    "date" : "2008-12-31",
    "sales" : 610.99,
    "salesGrowthYoY" : 19.85,
    "grossProfitMargin" : 59.54,
    "grossProfit" : 363.78,
    "operatingProfitMargin" : 26.18,
    "operatingProfit" : 159.96,
    "netProfitMargin" : 10.27,
    "netProfit" : 62.75
  }, {
    "date" : "2009-03-31",
    "sales" : 650.02,
    "salesGrowthYoY" : 22.66,
    "grossProfitMargin" : 58.92,
    "grossProfit" : 382.99,
    "operatingProfitMargin" : 27.22,
    "operatingProfit" : 176.94,
    "netProfitMargin" : 11.27,
    "netProfit" : 73.26
  }, {
    "date" : "2009-06-30",
    "sales" : 743.57,
    "salesGrowthYoY" : 20.64,
    "grossProfitMargin" : 68.27,
    "grossProfit" : 507.64,
    "operatingProfitMargin" : 39.09,
    "operatingProfit" : 290.66,
    "netProfitMargin" : 18.62,
    "netProfit" : 138.45
  }, {
    "date" : "2009-09-30",
    "sales" : 816.67,
    "salesGrowthYoY" : 22.53,
    "grossProfitMargin" : 70.74,
    "grossProfit" : 577.71,
    "operatingProfitMargin" : 41.57,
    "operatingProfit" : 339.49,
    "netProfitMargin" : 20.80,
    "netProfit" : 169.87
  }, {
    "date" : "2009-12-31",
    "sales" : 583.00,
    "salesGrowthYoY" : -4.58,
    "grossProfitMargin" : 58.79,
    "grossProfit" : 342.75,
    "operatingProfitMargin" : 19.05,
    "operatingProfit" : 111.06,
    "netProfitMargin" : 2.75,
    "netProfit" : 16.03
  }, {
    "date" : "2010-03-31",
    "sales" : 582.19,
    "salesGrowthYoY" : -10.44,
    "grossProfitMargin" : 64.33,
    "grossProfit" : 374.52,
    "operatingProfitMargin" : 22.09,
    "operatingProfit" : 128.61,
    "netProfitMargin" : 5.04,
    "netProfit" : 29.34
  }, {
    "date" : "2010-06-30",
    "sales" : 700.41,
    "salesGrowthYoY" : -5.80,
    "grossProfitMargin" : 63.17,
    "grossProfit" : 442.45,
    "operatingProfitMargin" : 27.93,
    "operatingProfit" : 195.62,
    "netProfitMargin" : 10.37,
    "netProfit" : 72.63
  }, {
    "date" : "2010-09-30",
    "sales" : 650.01,
    "salesGrowthYoY" : -20.41,
    "grossProfitMargin" : 55.22,
    "grossProfit" : 358.94,
    "operatingProfitMargin" : 17.67,
    "operatingProfit" : 114.86,
    "netProfitMargin" : 4.79,
    "netProfit" : 31.14
  }, {
    "date" : "2010-12-31",
    "sales" : 582.98,
    "salesGrowthYoY" : -0.00,
    "grossProfitMargin" : 62.18,
    "grossProfit" : 362.50,
    "operatingProfitMargin" : 26.05,
    "operatingProfit" : 151.87,
    "netProfitMargin" : 7.46,
    "netProfit" : 43.49
  }, {
    "date" : "2011-03-31",
    "sales" : 702.64,
    "salesGrowthYoY" : 20.69,
    "grossProfitMargin" : 59.89,
    "grossProfit" : 420.81,
    "operatingProfitMargin" : 26.50,
    "operatingProfit" : 186.20,
    "netProfitMargin" : 9.07,
    "netProfit" : 63.73
  }, {
    "date" : "2011-06-30",
    "sales" : 768.21,
    "salesGrowthYoY" : 9.68,
    "grossProfitMargin" : 63.40,
    "grossProfit" : 487.05,
    "operatingProfitMargin" : 32.33,
    "operatingProfit" : 248.36,
    "netProfitMargin" : 12.80,
    "netProfit" : 98.33
  }, {
    "date" : "2011-09-30",
    "sales" : 825.69,
    "salesGrowthYoY" : 27.03,
    "grossProfitMargin" : 65.71,
    "grossProfit" : 542.56,
    "operatingProfitMargin" : 33.13,
    "operatingProfit" : 273.55,
    "netProfitMargin" : 13.43,
    "netProfit" : 110.89
  }, {
    "date" : "2011-12-31",
    "sales" : 744.07,
    "salesGrowthYoY" : 27.63,
    "grossProfitMargin" : 65.69,
    "grossProfit" : 488.78,
    "operatingProfitMargin" : 28.29,
    "operatingProfit" : 210.50,
    "netProfitMargin" : 10.33,
    "netProfit" : 76.86
  }, {
    "date" : "2012-03-31",
    "sales" : 909.03,
    "salesGrowthYoY" : 29.37,
    "grossProfitMargin" : 65.19,
    "grossProfit" : 592.60,
    "operatingProfitMargin" : 25.07,
    "operatingProfit" : 227.89,
    "netProfitMargin" : 10.91,
    "netProfit" : 99.18
  }, {
    "date" : "2012-06-30",
    "sales" : 990.78,
    "salesGrowthYoY" : 28.97,
    "grossProfitMargin" : 66.01,
    "grossProfit" : 654.01,
    "operatingProfitMargin" : 31.56,
    "operatingProfit" : 312.69,
    "netProfitMargin" : 12.42,
    "netProfit" : 123.05
  }, {
    "date" : "2012-09-30",
    "sales" : 994.73,
    "salesGrowthYoY" : 20.47,
    "grossProfitMargin" : 67.49,
    "grossProfit" : 671.34,
    "operatingProfitMargin" : 32.19,
    "operatingProfit" : 320.20,
    "netProfitMargin" : 13.36,
    "netProfit" : 132.90
  }, {
    "date" : "2012-12-31",
    "sales" : 901.58,
    "salesGrowthYoY" : 21.17,
    "grossProfitMargin" : 65.18,
    "grossProfit" : 587.65,
    "operatingProfitMargin" : 26.03,
    "operatingProfit" : 234.68,
    "netProfitMargin" : 9.32,
    "netProfit" : 84.03
  }, {
    "date" : "2013-03-31",
    "sales" : 957.54,
    "salesGrowthYoY" : 5.34,
    "grossProfitMargin" : 63.76,
    "grossProfit" : 610.53,
    "operatingProfitMargin" : 17.86,
    "operatingProfit" : 171.02,
    "netProfitMargin" : 6.70,
    "netProfit" : 64.16
  }, {
    "date" : "2013-06-30",
    "sales" : 987.18,
    "salesGrowthYoY" : -0.36,
    "grossProfitMargin" : 64.32,
    "grossProfit" : 634.95,
    "operatingProfitMargin" : 22.61,
    "operatingProfit" : 223.20,
    "netProfitMargin" : 6.97,
    "netProfit" : 68.81
  }, {
    "date" : "2013-09-30",
    "sales" : 920.71,
    "salesGrowthYoY" : -7.44,
    "grossProfitMargin" : 56.80,
    "grossProfit" : 522.96,
    "operatingProfitMargin" : 14.52,
    "operatingProfit" : 133.69,
    "netProfitMargin" : 1.98,
    "netProfit" : 18.23
  }, {
    "date" : "2013-12-31",
    "sales" : 868.20,
    "salesGrowthYoY" : -3.70,
    "grossProfitMargin" : 61.21,
    "grossProfit" : 531.43,
    "operatingProfitMargin" : 17.84,
    "operatingProfit" : 154.89,
    "netProfitMargin" : 2.95,
    "netProfit" : 25.61
  }, {
    "date" : "2014-03-31",
    "sales" : 985.09,
    "salesGrowthYoY" : 2.88,
    "grossProfitMargin" : 58.83,
    "grossProfit" : 579.53,
    "operatingProfitMargin" : 13.09,
    "operatingProfit" : 128.95,
    "netProfitMargin" : 2.54,
    "netProfit" : 25.02
  }, {
    "date" : "2014-06-30",
    "sales" : 959.15,
    "salesGrowthYoY" : -2.84,
    "grossProfitMargin" : 59.39,
    "grossProfit" : 569.64,
    "operatingProfitMargin" : 17.87,
    "operatingProfit" : 171.40,
    "netProfitMargin" : 3.78,
    "netProfit" : 36.26
  }, {
    "date" : "2014-09-30",
    "sales" : 951.43,
    "salesGrowthYoY" : 3.34,
    "grossProfitMargin" : 63.35,
    "grossProfit" : 602.73,
    "operatingProfitMargin" : 22.74,
    "operatingProfit" : 216.36,
    "netProfitMargin" : 9.43,
    "netProfit" : 89.72
  }, {
    "date" : "2014-12-31",
    "sales" : 815.93,
    "salesGrowthYoY" : -6.02,
    "grossProfitMargin" : 61.07,
    "grossProfit" : 498.29,
    "operatingProfitMargin" : 15.92,
    "operatingProfit" : 129.90,
    "netProfitMargin" : 2.81,
    "netProfit" : 22.93
  }, {
    "date" : "2015-03-31",
    "sales" : 997.12,
    "salesGrowthYoY" : 1.22,
    "grossProfitMargin" : 67.03,
    "grossProfit" : 668.37,
    "operatingProfitMargin" : 27.51,
    "operatingProfit" : 274.31,
    "netProfitMargin" : 9.37,
    "netProfit" : 93.43
  }, {
    "date" : "2015-06-30",
    "sales" : 947.42,
    "salesGrowthYoY" : -1.22,
    "grossProfitMargin" : 65.30,
    "grossProfit" : 618.67,
    "operatingProfitMargin" : 26.78,
    "operatingProfit" : 253.72,
    "netProfitMargin" : 10.47,
    "netProfit" : 99.19
  }, {
    "date" : "2015-09-30",
    "sales" : 887.12,
    "salesGrowthYoY" : -6.76,
    "grossProfitMargin" : 74.57,
    "grossProfit" : 661.53,
    "operatingProfitMargin" : 33.20,
    "operatingProfit" : 294.52,
    "netProfitMargin" : 16.03,
    "netProfit" : 142.21
  }, {
    "date" : "2015-12-31",
    "sales" : 818.58,
    "salesGrowthYoY" : 0.32,
    "grossProfitMargin" : 72.22,
    "grossProfit" : 591.18,
    "operatingProfitMargin" : 31.07,
    "operatingProfit" : 254.33,
    "netProfitMargin" : 14.46,
    "netProfit" : 118.37
  }, {
    "date" : "2016-03-31",
    "sales" : 964.21,
    "salesGrowthYoY" : -3.30,
    "grossProfitMargin" : 70.51,
    "grossProfit" : 679.86,
    "operatingProfitMargin" : 32.47,
    "operatingProfit" : 313.08,
    "netProfitMargin" : 18.92,
    "netProfit" : 182.43
  }, {
    "date" : "2016-06-30",
    "sales" : 964.39,
    "salesGrowthYoY" : 1.79,
    "grossProfitMargin" : 69.23,
    "grossProfit" : 667.65,
    "operatingProfitMargin" : 30.75,
    "operatingProfit" : 296.55,
    "netProfitMargin" : 16.17,
    "netProfit" : 155.94
  }, {
    "date" : "2016-09-30",
    "sales" : 1015.67,
    "salesGrowthYoY" : 14.49,
    "grossProfitMargin" : 72.60,
    "grossProfit" : 737.38,
    "operatingProfitMargin" : 34.71,
    "operatingProfit" : 352.54,
    "netProfitMargin" : 20.38,
    "netProfit" : 206.99
  }, {
    "date" : "2016-12-31",
    "sales" : 943.25,
    "salesGrowthYoY" : 15.23,
    "grossProfitMargin" : 68.91,
    "grossProfit" : 649.99,
    "operatingProfitMargin" : 29.13,
    "operatingProfit" : 274.77,
    "netProfitMargin" : 16.10,
    "netProfit" : 151.86
  }, {
    "date" : "2017-03-31",
    "sales" : 1026.23,
    "salesGrowthYoY" : 6.43,
    "grossProfitMargin" : 68.96,
    "grossProfit" : 707.69,
    "operatingProfitMargin" : 26.39,
    "operatingProfit" : 270.82,
    "netProfitMargin" : 13.10,
    "netProfit" : 134.44
  }, {
    "date" : "2017-06-30",
    "sales" : 1028.82,
    "salesGrowthYoY" : 6.68,
    "grossProfitMargin" : 68.20,
    "grossProfit" : 701.66,
    "operatingProfitMargin" : 28.23,
    "operatingProfit" : 290.44,
    "netProfitMargin" : 15.14,
    "netProfit" : 155.76
  }, {
    "date" : "2017-09-30",
    "sales" : 1066.43,
    "salesGrowthYoY" : 5.00,
    "grossProfitMargin" : 68.90,
    "grossProfit" : 734.77,
    "operatingProfitMargin" : 28.27,
    "operatingProfit" : 301.48,
    "netProfitMargin" : 15.80,
    "netProfit" : 168.50
  }, {
    "date" : "2017-12-31",
    "sales" : 1056.36,
    "salesGrowthYoY" : 11.99,
    "grossProfitMargin" : 64.80,
    "grossProfit" : 684.52,
    "operatingProfitMargin" : 22.27,
    "operatingProfit" : 235.25,
    "netProfitMargin" : 11.62,
    "netProfit" : 122.75
  }, {
    "date" : "2018-03-31",
    "sales" : 1254.75,
    "salesGrowthYoY" : 22.27,
    "grossProfitMargin" : 64.23,
    "grossProfit" : 805.93,
    "operatingProfitMargin" : 21.69,
    "operatingProfit" : 272.16,
    "netProfitMargin" : 8.65,
    "netProfit" : 108.54
  }, {
    "date" : "2018-06-30",
    "sales" : 1219.88,
    "salesGrowthYoY" : 18.57,
    "grossProfitMargin" : 64.17,
    "grossProfit" : 782.80,
    "operatingProfitMargin" : 20.52,
    "operatingProfit" : 250.32,
    "netProfitMargin" : 10.25,
    "netProfit" : 125.04
  }, {
    "date" : "2018-09-30",
    "sales" : 1183.54,
    "salesGrowthYoY" : 10.98,
    "grossProfitMargin" : 64.39,
    "grossProfit" : 762.08,
    "operatingProfitMargin" : 20.88,
    "operatingProfit" : 247.12,
    "netProfitMargin" : 9.67,
    "netProfit" : 114.45
  }, {
    "date" : "2018-12-31",
    "sales" : 1210.43,
    "salesGrowthYoY" : 14.58,
    "grossProfitMargin" : 61.05,
    "grossProfit" : 738.97,
    "operatingProfitMargin" : 17.68,
    "operatingProfit" : 214.00,
    "netProfitMargin" : 8.35,
    "netProfit" : 101.07
  }, {
    "date" : "2019-03-31",
    "sales" : 1532.42,
    "salesGrowthYoY" : 22.13,
    "grossProfitMargin" : 62.53,
    "grossProfit" : 958.22,
    "operatingProfitMargin" : 21.22,
    "operatingProfit" : 325.18,
    "netProfitMargin" : 10.79,
    "netProfit" : 165.35
  }, {
    "date" : "2019-06-30",
    "sales" : 1383.90,
    "salesGrowthYoY" : 13.45,
    "grossProfitMargin" : 66.26,
    "grossProfit" : 916.97,
    "operatingProfitMargin" : 25.96,
    "operatingProfit" : 359.26,
    "netProfitMargin" : 13.87,
    "netProfit" : 191.95
  }, {
    "date" : "2019-09-30",
    "sales" : 1316.66,
    "salesGrowthYoY" : 11.25,
    "grossProfitMargin" : 64.23,
    "grossProfit" : 845.69,
    "operatingProfitMargin" : 22.42,
    "operatingProfit" : 295.20,
    "netProfitMargin" : 12.77,
    "netProfit" : 168.14
  }, {
    "date" : "2019-12-31",
    "sales" : 1277.98,
    "salesGrowthYoY" : 5.58,
    "grossProfitMargin" : 61.17,
    "grossProfit" : 781.74,
    "operatingProfitMargin" : 15.87,
    "operatingProfit" : 202.82,
    "netProfitMargin" : 7.42,
    "netProfit" : 94.83
  }, {
    "date" : "2020-03-31",
    "sales" : 1389.90,
    "salesGrowthYoY" : -9.30,
    "grossProfitMargin" : 64.71,
    "grossProfit" : 899.40,
    "operatingProfitMargin" : 20.09,
    "operatingProfit" : 279.23,
    "netProfitMargin" : 10.52,
    "netProfit" : 146.22
  }, {
    "date" : "2020-06-30",
    "sales" : 1041.81,
    "salesGrowthYoY" : -24.72,
    "grossProfitMargin" : 67.40,
    "grossProfit" : 702.18,
    "operatingProfitMargin" : 24.95,
    "operatingProfit" : 259.93,
    "netProfitMargin" : 10.52,
    "netProfit" : 109.60
  }, {
    "date" : "2020-09-30",
    "sales" : 1256.99,
    "salesGrowthYoY" : -4.53,
    "grossProfitMargin" : 72.66,
    "grossProfit" : 913.33,
    "operatingProfitMargin" : 35.16,
    "operatingProfit" : 441.96,
    "netProfitMargin" : 18.76,
    "netProfit" : 235.81
  }, {
    "date" : "2020-12-31",
    "sales" : 1339.07,
    "salesGrowthYoY" : 4.78,
    "grossProfitMargin" : 67.99,
    "grossProfit" : 910.43,
    "operatingProfitMargin" : 29.65,
    "operatingProfit" : 397.03,
    "netProfitMargin" : 15.04,
    "netProfit" : 201.40
  }, {
    "date" : "2021-03-31",
    "sales" : 1630.57,
    "salesGrowthYoY" : 17.32,
    "grossProfitMargin" : 66.39,
    "grossProfit" : 1082.54,
    "operatingProfitMargin" : 27.54,
    "operatingProfit" : 449.06,
    "netProfitMargin" : 13.15,
    "netProfit" : 214.42
  }, {
    "date" : "2021-06-30",
    "sales" : 1228.67,
    "salesGrowthYoY" : 17.94,
    "grossProfitMargin" : 69.91,
    "grossProfit" : 858.96,
    "operatingProfitMargin" : 29.63,
    "operatingProfit" : 364.05,
    "netProfitMargin" : 13.75,
    "netProfit" : 168.94
  }, {
    "date" : "2021-09-30",
    "sales" : 1493.12,
    "salesGrowthYoY" : 18.79,
    "grossProfitMargin" : 66.50,
    "grossProfit" : 992.92,
    "operatingProfitMargin" : 26.38,
    "operatingProfit" : 393.89,
    "netProfitMargin" : 34.63,
    "netProfit" : 517.07
  }, {
    "date" : "2021-12-31",
    "sales" : 1549.07,
    "salesGrowthYoY" : 15.68,
    "grossProfitMargin" : 56.58,
    "grossProfit" : 876.46,
    "operatingProfitMargin" : 14.90,
    "operatingProfit" : 230.81,
    "netProfitMargin" : 5.33,
    "netProfit" : 82.57
  }, {
    "date" : "2022-03-31",
    "sales" : 1709.12,
    "salesGrowthYoY" : 4.82,
    "grossProfitMargin" : 56.90,
    "grossProfit" : 972.49,
    "operatingProfitMargin" : 17.27,
    "operatingProfit" : 295.17,
    "netProfitMargin" : 7.26,
    "netProfit" : 124.08
  }, {
    "date" : "2022-06-30",
    "sales" : 1772.49,
    "salesGrowthYoY" : 44.26,
    "grossProfitMargin" : 55.51,
    "grossProfit" : 983.91,
    "operatingProfitMargin" : 16.96,
    "operatingProfit" : 300.61,
    "netProfitMargin" : 6.33,
    "netProfit" : 112.20
  }, {
    "date" : "2022-09-30",
    "sales" : 1784.36,
    "salesGrowthYoY" : 19.51,
    "grossProfitMargin" : 47.54,
    "grossProfit" : 848.28,
    "operatingProfitMargin" : 10.30,
    "operatingProfit" : 183.79,
    "netProfitMargin" : 0.64,
    "netProfit" : 11.42
  }, {
    "date" : "2022-12-31",
    "sales" : 2008.76,
    "salesGrowthYoY" : 29.68,
    "grossProfitMargin" : 51.20,
    "grossProfit" : 1028.49,
    "operatingProfitMargin" : 14.17,
    "operatingProfit" : 284.64,
    "netProfitMargin" : 3.35,
    "netProfit" : 67.29
  }, {
    "date" : "2023-03-31",
    "sales" : 2569.66,
    "salesGrowthYoY" : 50.35,
    "grossProfitMargin" : 49.43,
    "grossProfit" : 1270.18,
    "operatingProfitMargin" : 16.07,
    "operatingProfit" : 412.94,
    "netProfitMargin" : 5.93,
    "netProfit" : 152.38
  }, {
    "date" : "2023-06-30",
    "sales" : 2241.09,
    "salesGrowthYoY" : 26.44,
    "grossProfitMargin" : 51.69,
    "grossProfit" : 1158.42,
    "operatingProfitMargin" : 15.24,
    "operatingProfit" : 341.54,
    "netProfitMargin" : 3.52,
    "netProfit" : 78.89
  }, {
    "date" : "2023-09-30",
    "sales" : 2329.31,
    "salesGrowthYoY" : 30.54,
    "grossProfitMargin" : 54.14,
    "grossProfit" : 1261.09,
    "operatingProfitMargin" : 17.11,
    "operatingProfit" : 398.54,
    "netProfitMargin" : 4.35,
    "netProfit" : 101.32
  }, {
    "date" : "2023-12-31",
    "sales" : 2106.13,
    "salesGrowthYoY" : 4.85,
    "grossProfitMargin" : 58.14,
    "grossProfit" : 1224.50,
    "operatingProfitMargin" : 18.77,
    "operatingProfit" : 395.32,
    "netProfitMargin" : 4.43,
    "netProfit" : 93.30
  }, {
    "date" : "2024-03-31",
    "sales" : 2673.30,
    "salesGrowthYoY" : 4.03,
    "grossProfitMargin" : 53.60,
    "grossProfit" : 1432.89,
    "operatingProfitMargin" : 15.60,
    "operatingProfit" : 417.03,
    "netProfitMargin" : 4.54,
    "netProfit" : 121.37
  }, {
    "date" : "2024-06-30",
    "sales" : 2088.37,
    "salesGrowthYoY" : -6.81,
    "grossProfitMargin" : 55.45,
    "grossProfit" : 1158.00,
    "operatingProfitMargin" : 15.30,
    "operatingProfit" : 319.52,
    "netProfitMargin" : 1.70,
    "netProfit" : 35.50
  }, {
    "date" : "2024-09-30",
    "sales" : 2038.21,
    "salesGrowthYoY" : -12.50,
    "grossProfitMargin" : 55.63,
    "grossProfit" : 1133.86,
    "operatingProfitMargin" : 15.31,
    "operatingProfit" : 312.05,
    "netProfitMargin" : 1.26,
    "netProfit" : 25.68
  }, {
    "date" : "2024-12-31",
    "sales" : 1976.57,
    "salesGrowthYoY" : -6.15,
    "grossProfitMargin" : 55.94,
    "grossProfit" : 1105.69,
    "operatingProfitMargin" : 14.14,
    "operatingProfit" : 279.49,
    "netProfitMargin" : 0.42,
    "netProfit" : 8.30
  }, {
    "date" : "2025-03-31",
    "sales" : 2391.95,
    "salesGrowthYoY" : -10.52,
    "grossProfitMargin" : 54.27,
    "grossProfit" : 1298.11,
    "operatingProfitMargin" : 13.42,
    "operatingProfit" : 321.00,
    "netProfitMargin" : 1.01,
    "netProfit" : 24.16
  }, {
    "date" : "2025-06-30",
    "sales" : 2070.13,
    "salesGrowthYoY" : -0.87,
    "grossProfitMargin" : 58.37,
    "grossProfit" : 1208.33,
    "operatingProfitMargin" : 19.21,
    "operatingProfit" : 397.67,
    "netProfitMargin" : 4.15,
    "netProfit" : 85.91
  }, {
    "date" : "2025-09-30",
    "sales" : 2234.84,
    "salesGrowthYoY" : 9.65,
    "grossProfitMargin" : 56.82,
    "grossProfit" : 1269.84,
    "operatingProfitMargin" : 17.31,
    "operatingProfit" : 386.85,
    "netProfitMargin" : 3.33,
    "netProfit" : 74.42
  } ],
  "latestQuarterlyResult" : {
    "date" : "2025-09-30",
    "sales" : 2234.84,
    "salesGrowthYoY" : 9.65,
    "grossProfitMargin" : 56.82,
    "grossProfit" : 1269.84,
    "operatingProfitMargin" : 17.31,
    "operatingProfit" : 386.85,
    "netProfitMargin" : 3.33,
    "netProfit" : 74.42
  },
  "companyScore" : {
    "priceHigherThanDma50" : 5.00,
    "priceHigherThanDma100" : 0.00,
    "priceHigherThanDma200" : 5.00,
    "dma50HigherThanDma100" : 0.00,
    "dma50HigherThanDma200" : 5.00,
    "dma100HigherThanDma200" : 5.00,
    "pricePercentageAboveDma50" : 4.97,
    "pricePercentageAboveDma100" : 5.13,
    "pricePercentageAboveDma200" : 4.91,
    "weeklyVolumeHigherThanYearlyVolume" : 0.00,
    "salesGrowthPercentile" : 9.11,
    "operatingProfitMarginPercentile" : 4.58,
    "netProfitMarginPercentile" : 1.33,
    "totalTechnicalScore" : 35.01,
    "totalFundamentalScore" : 15.02,
    "totalScore" : 50.03
  }
}