{
  "metadata" : {
    "screenerCompanyId" : "2652",
    "companyCode" : "RAMRAT",
    "companyName" : "Ram Ratna Wires",
    "screenerCompanyLink" : "https://www.screener.in/company/RAMRAT",
    "screenerTechnicalHistoryLink" : "https://www.screener.in/api/company/2652/chart/?q=Price-DMA50-DMA200-Volume&days=365",
    "screenerQuarterlyResultsLink" : "https://www.screener.in/api/company/2652/chart/?q=GPM-OPM-NPM-Quarter+Sales&days=10000",
    "attributes" : {
      "companyCode" : "RAMRAT",
      "companyName" : "Ram Ratna Wires",
      "marketCap" : 2815.00,
      "peRatio" : 41.40,
      "description" : "Ram Ratna Wires Limited is engaged in the manufacturing of winding wires, mainly enamelled copper wires. [1]"
    },
    "companyScore" : {
      "priceHigherThanDma50" : 0.00,
      "priceHigherThanDma100" : 0.00,
      "priceHigherThanDma200" : 0.00,
      "dma50HigherThanDma100" : 0.00,
      "dma50HigherThanDma200" : 5.00,
      "dma100HigherThanDma200" : 5.00,
      "pricePercentageAboveDma50" : 5.24,
      "pricePercentageAboveDma100" : 5.45,
      "pricePercentageAboveDma200" : 5.13,
      "weeklyVolumeHigherThanYearlyVolume" : 0.00,
      "salesGrowthPercentile" : 16.96,
      "operatingProfitMarginPercentile" : 13.83,
      "netProfitMarginPercentile" : 7.21,
      "totalTechnicalScore" : 25.82,
      "totalFundamentalScore" : 38.00,
      "totalScore" : 63.82
    }
  },
  "attributes" : {
    "companyCode" : "RAMRAT",
    "companyName" : "Ram Ratna Wires",
    "marketCap" : 2815.00,
    "peRatio" : 41.40,
    "description" : "Ram Ratna Wires Limited is engaged in the manufacturing of winding wires, mainly enamelled copper wires. [1]"
  },
  "technicalHistory" : [ {
    "date" : "2024-11-25",
    "price" : 596.25,
    "dma50" : 600.71,
    "dma100" : null,
    "dma200" : 478.00,
    "volume" : 16387.00
  }, {
    "date" : "2024-11-26",
    "price" : 589.10,
    "dma50" : 600.26,
    "dma100" : null,
    "dma200" : 479.10,
    "volume" : 17427.00
  }, {
    "date" : "2024-11-27",
    "price" : 588.45,
    "dma50" : 599.80,
    "dma100" : null,
    "dma200" : 480.19,
    "volume" : 28384.00
  }, {
    "date" : "2024-11-28",
    "price" : 591.85,
    "dma50" : 599.48,
    "dma100" : null,
    "dma200" : 481.30,
    "volume" : 12085.00
  }, {
    "date" : "2024-11-29",
    "price" : 594.10,
    "dma50" : 599.27,
    "dma100" : null,
    "dma200" : 482.42,
    "volume" : 5824.00
  }, {
    "date" : "2024-12-02",
    "price" : 608.95,
    "dma50" : 599.65,
    "dma100" : null,
    "dma200" : 483.68,
    "volume" : 26483.00
  }, {
    "date" : "2024-12-03",
    "price" : 609.95,
    "dma50" : 600.06,
    "dma100" : null,
    "dma200" : 484.94,
    "volume" : 15079.00
  }, {
    "date" : "2024-12-04",
    "price" : 607.95,
    "dma50" : 600.37,
    "dma100" : null,
    "dma200" : 486.16,
    "volume" : 12083.00
  }, {
    "date" : "2024-12-05",
    "price" : 613.45,
    "dma50" : 600.88,
    "dma100" : null,
    "dma200" : 487.43,
    "volume" : 18656.00
  }, {
    "date" : "2024-12-06",
    "price" : 613.95,
    "dma50" : 601.39,
    "dma100" : null,
    "dma200" : 488.69,
    "volume" : 36372.00
  }, {
    "date" : "2024-12-09",
    "price" : 606.95,
    "dma50" : 601.61,
    "dma100" : null,
    "dma200" : 489.87,
    "volume" : 21251.00
  }, {
    "date" : "2024-12-10",
    "price" : 607.00,
    "dma50" : 601.82,
    "dma100" : null,
    "dma200" : 491.03,
    "volume" : 25009.00
  }, {
    "date" : "2024-12-11",
    "price" : 590.45,
    "dma50" : 601.37,
    "dma100" : null,
    "dma200" : 492.02,
    "volume" : 43118.00
  }, {
    "date" : "2024-12-12",
    "price" : 585.80,
    "dma50" : 600.76,
    "dma100" : null,
    "dma200" : 492.95,
    "volume" : 17702.00
  }, {
    "date" : "2024-12-13",
    "price" : 610.60,
    "dma50" : 601.15,
    "dma100" : null,
    "dma200" : 494.12,
    "volume" : 78259.00
  }, {
    "date" : "2024-12-16",
    "price" : 611.40,
    "dma50" : 601.55,
    "dma100" : null,
    "dma200" : 495.29,
    "volume" : 18060.00
  }, {
    "date" : "2024-12-17",
    "price" : 609.75,
    "dma50" : 601.87,
    "dma100" : null,
    "dma200" : 496.43,
    "volume" : 16691.00
  }, {
    "date" : "2024-12-18",
    "price" : 590.40,
    "dma50" : 601.42,
    "dma100" : null,
    "dma200" : 497.36,
    "volume" : 23710.00
  }, {
    "date" : "2024-12-19",
    "price" : 583.70,
    "dma50" : 600.73,
    "dma100" : null,
    "dma200" : 498.22,
    "volume" : 12649.00
  }, {
    "date" : "2024-12-20",
    "price" : 581.85,
    "dma50" : 599.99,
    "dma100" : null,
    "dma200" : 499.06,
    "volume" : 15050.00
  }, {
    "date" : "2024-12-23",
    "price" : 572.80,
    "dma50" : 598.92,
    "dma100" : null,
    "dma200" : 499.79,
    "volume" : 12787.00
  }, {
    "date" : "2024-12-24",
    "price" : 563.45,
    "dma50" : 597.53,
    "dma100" : null,
    "dma200" : 500.42,
    "volume" : 21577.00
  }, {
    "date" : "2024-12-26",
    "price" : 568.00,
    "dma50" : 596.37,
    "dma100" : null,
    "dma200" : 501.10,
    "volume" : 9013.00
  }, {
    "date" : "2024-12-27",
    "price" : 576.70,
    "dma50" : 595.60,
    "dma100" : null,
    "dma200" : 501.85,
    "volume" : 21470.00
  }, {
    "date" : "2024-12-30",
    "price" : 567.50,
    "dma50" : 594.50,
    "dma100" : null,
    "dma200" : 502.50,
    "volume" : 13952.00
  }, {
    "date" : "2024-12-31",
    "price" : 568.70,
    "dma50" : 593.49,
    "dma100" : null,
    "dma200" : 503.16,
    "volume" : 11478.00
  }, {
    "date" : "2025-01-01",
    "price" : 574.15,
    "dma50" : 592.73,
    "dma100" : null,
    "dma200" : 503.87,
    "volume" : 10707.00
  }, {
    "date" : "2025-01-02",
    "price" : 580.45,
    "dma50" : 592.25,
    "dma100" : null,
    "dma200" : 504.63,
    "volume" : 17070.00
  }, {
    "date" : "2025-01-03",
    "price" : 573.95,
    "dma50" : 591.53,
    "dma100" : null,
    "dma200" : 505.32,
    "volume" : 14723.00
  }, {
    "date" : "2025-01-06",
    "price" : 551.40,
    "dma50" : 589.96,
    "dma100" : null,
    "dma200" : 505.78,
    "volume" : 27177.00
  }, {
    "date" : "2025-01-07",
    "price" : 553.75,
    "dma50" : 588.54,
    "dma100" : null,
    "dma200" : 506.25,
    "volume" : 8365.00
  }, {
    "date" : "2025-01-08",
    "price" : 541.95,
    "dma50" : 586.71,
    "dma100" : null,
    "dma200" : 506.61,
    "volume" : 33267.00
  }, {
    "date" : "2025-01-09",
    "price" : 536.25,
    "dma50" : 584.73,
    "dma100" : null,
    "dma200" : 506.90,
    "volume" : 11410.00
  }, {
    "date" : "2025-01-10",
    "price" : 532.80,
    "dma50" : 582.69,
    "dma100" : null,
    "dma200" : 507.16,
    "volume" : 19306.00
  }, {
    "date" : "2025-01-13",
    "price" : 506.70,
    "dma50" : 579.71,
    "dma100" : null,
    "dma200" : 507.16,
    "volume" : 32644.00
  }, {
    "date" : "2025-01-14",
    "price" : 527.20,
    "dma50" : 577.65,
    "dma100" : null,
    "dma200" : 507.36,
    "volume" : 14943.00
  }, {
    "date" : "2025-01-15",
    "price" : 541.65,
    "dma50" : 576.24,
    "dma100" : null,
    "dma200" : 507.70,
    "volume" : 7629.00
  }, {
    "date" : "2025-01-16",
    "price" : 551.35,
    "dma50" : 575.27,
    "dma100" : null,
    "dma200" : 508.13,
    "volume" : 11230.00
  }, {
    "date" : "2025-01-17",
    "price" : 555.55,
    "dma50" : 574.49,
    "dma100" : null,
    "dma200" : 508.60,
    "volume" : 18649.00
  }, {
    "date" : "2025-01-20",
    "price" : 572.30,
    "dma50" : 574.41,
    "dma100" : null,
    "dma200" : 509.24,
    "volume" : 45667.00
  }, {
    "date" : "2025-01-21",
    "price" : 554.00,
    "dma50" : 573.61,
    "dma100" : null,
    "dma200" : 509.68,
    "volume" : 36788.00
  }, {
    "date" : "2025-01-22",
    "price" : 539.70,
    "dma50" : 572.28,
    "dma100" : null,
    "dma200" : 509.98,
    "volume" : 15947.00
  }, {
    "date" : "2025-01-23",
    "price" : 526.65,
    "dma50" : 570.49,
    "dma100" : null,
    "dma200" : 510.15,
    "volume" : 21074.00
  }, {
    "date" : "2025-01-24",
    "price" : 520.20,
    "dma50" : 568.52,
    "dma100" : null,
    "dma200" : 510.25,
    "volume" : 14633.00
  }, {
    "date" : "2025-01-27",
    "price" : 523.65,
    "dma50" : 566.76,
    "dma100" : null,
    "dma200" : 510.38,
    "volume" : 33341.00
  }, {
    "date" : "2025-01-28",
    "price" : 508.80,
    "dma50" : 564.48,
    "dma100" : null,
    "dma200" : 510.37,
    "volume" : 16581.00
  }, {
    "date" : "2025-01-29",
    "price" : 533.45,
    "dma50" : 563.27,
    "dma100" : null,
    "dma200" : 510.59,
    "volume" : 35876.00
  }, {
    "date" : "2025-01-30",
    "price" : 531.05,
    "dma50" : 562.00,
    "dma100" : null,
    "dma200" : 510.80,
    "volume" : 31831.00
  }, {
    "date" : "2025-01-31",
    "price" : 533.40,
    "dma50" : 560.88,
    "dma100" : null,
    "dma200" : 511.02,
    "volume" : 8619.00
  }, {
    "date" : "2025-02-01",
    "price" : 531.20,
    "dma50" : 559.72,
    "dma100" : null,
    "dma200" : 511.22,
    "volume" : 4948.00
  }, {
    "date" : "2025-02-03",
    "price" : 521.75,
    "dma50" : 558.23,
    "dma100" : null,
    "dma200" : 511.33,
    "volume" : 9406.00
  }, {
    "date" : "2025-02-04",
    "price" : 557.75,
    "dma50" : 558.21,
    "dma100" : null,
    "dma200" : 511.79,
    "volume" : 49806.00
  }, {
    "date" : "2025-02-05",
    "price" : 580.40,
    "dma50" : 559.08,
    "dma100" : null,
    "dma200" : 512.47,
    "volume" : 73413.00
  }, {
    "date" : "2025-02-06",
    "price" : 585.20,
    "dma50" : 560.10,
    "dma100" : null,
    "dma200" : 513.20,
    "volume" : 56482.00
  }, {
    "date" : "2025-02-07",
    "price" : 566.25,
    "dma50" : 560.35,
    "dma100" : null,
    "dma200" : 513.72,
    "volume" : 20422.00
  }, {
    "date" : "2025-02-10",
    "price" : 547.40,
    "dma50" : 559.84,
    "dma100" : null,
    "dma200" : 514.06,
    "volume" : 8839.00
  }, {
    "date" : "2025-02-11",
    "price" : 525.90,
    "dma50" : 558.51,
    "dma100" : null,
    "dma200" : 514.18,
    "volume" : 17416.00
  }, {
    "date" : "2025-02-12",
    "price" : 539.05,
    "dma50" : 557.74,
    "dma100" : null,
    "dma200" : 514.43,
    "volume" : 28657.00
  }, {
    "date" : "2025-02-13",
    "price" : 539.30,
    "dma50" : 557.02,
    "dma100" : null,
    "dma200" : 514.67,
    "volume" : 20530.00
  }, {
    "date" : "2025-02-14",
    "price" : 528.20,
    "dma50" : 555.89,
    "dma100" : null,
    "dma200" : 514.81,
    "volume" : 18047.00
  }, {
    "date" : "2025-02-17",
    "price" : 501.65,
    "dma50" : 553.76,
    "dma100" : null,
    "dma200" : 514.68,
    "volume" : 54178.00
  }, {
    "date" : "2025-02-18",
    "price" : 499.00,
    "dma50" : 551.62,
    "dma100" : null,
    "dma200" : 514.52,
    "volume" : 38574.00
  }, {
    "date" : "2025-02-19",
    "price" : 489.75,
    "dma50" : 549.19,
    "dma100" : null,
    "dma200" : 514.27,
    "volume" : 39381.00
  }, {
    "date" : "2025-02-20",
    "price" : 539.65,
    "dma50" : 548.82,
    "dma100" : null,
    "dma200" : 514.53,
    "volume" : 49822.00
  }, {
    "date" : "2025-02-21",
    "price" : 550.90,
    "dma50" : 548.90,
    "dma100" : null,
    "dma200" : 514.89,
    "volume" : 82996.00
  }, {
    "date" : "2025-02-24",
    "price" : 532.60,
    "dma50" : 548.26,
    "dma100" : null,
    "dma200" : 515.06,
    "volume" : 14948.00
  }, {
    "date" : "2025-02-25",
    "price" : 542.65,
    "dma50" : 548.04,
    "dma100" : null,
    "dma200" : 515.34,
    "volume" : 16939.00
  }, {
    "date" : "2025-02-27",
    "price" : 516.80,
    "dma50" : 546.81,
    "dma100" : null,
    "dma200" : 515.35,
    "volume" : 29403.00
  }, {
    "date" : "2025-02-28",
    "price" : 482.25,
    "dma50" : 544.28,
    "dma100" : null,
    "dma200" : 515.02,
    "volume" : 35142.00
  }, {
    "date" : "2025-03-03",
    "price" : 473.90,
    "dma50" : 541.52,
    "dma100" : null,
    "dma200" : 514.62,
    "volume" : 36960.00
  }, {
    "date" : "2025-03-04",
    "price" : 467.95,
    "dma50" : 538.64,
    "dma100" : null,
    "dma200" : 514.15,
    "volume" : 16394.00
  }, {
    "date" : "2025-03-05",
    "price" : 498.95,
    "dma50" : 537.08,
    "dma100" : null,
    "dma200" : 514.00,
    "volume" : 37683.00
  }, {
    "date" : "2025-03-06",
    "price" : 510.55,
    "dma50" : 536.04,
    "dma100" : null,
    "dma200" : 513.97,
    "volume" : 63862.00
  }, {
    "date" : "2025-03-07",
    "price" : 520.50,
    "dma50" : 535.43,
    "dma100" : null,
    "dma200" : 514.03,
    "volume" : 23945.00
  }, {
    "date" : "2025-03-10",
    "price" : 508.70,
    "dma50" : 534.38,
    "dma100" : null,
    "dma200" : 513.98,
    "volume" : 16789.00
  }, {
    "date" : "2025-03-11",
    "price" : 500.00,
    "dma50" : 533.03,
    "dma100" : null,
    "dma200" : 513.84,
    "volume" : 10627.00
  }, {
    "date" : "2025-03-12",
    "price" : 503.70,
    "dma50" : 531.88,
    "dma100" : null,
    "dma200" : 513.74,
    "volume" : 7034.00
  }, {
    "date" : "2025-03-13",
    "price" : 489.00,
    "dma50" : 530.20,
    "dma100" : null,
    "dma200" : 513.49,
    "volume" : 9790.00
  }, {
    "date" : "2025-03-17",
    "price" : 488.10,
    "dma50" : 528.55,
    "dma100" : null,
    "dma200" : 513.24,
    "volume" : 19387.00
  }, {
    "date" : "2025-03-18",
    "price" : 493.90,
    "dma50" : 527.19,
    "dma100" : null,
    "dma200" : 513.05,
    "volume" : 13924.00
  }, {
    "date" : "2025-03-19",
    "price" : 518.85,
    "dma50" : 526.86,
    "dma100" : null,
    "dma200" : 513.10,
    "volume" : 31208.00
  }, {
    "date" : "2025-03-20",
    "price" : 528.75,
    "dma50" : 526.94,
    "dma100" : null,
    "dma200" : 513.26,
    "volume" : 45663.00
  }, {
    "date" : "2025-03-21",
    "price" : 530.80,
    "dma50" : 527.09,
    "dma100" : null,
    "dma200" : 513.43,
    "volume" : 16130.00
  }, {
    "date" : "2025-03-24",
    "price" : 552.85,
    "dma50" : 528.10,
    "dma100" : null,
    "dma200" : 513.83,
    "volume" : 35260.00
  }, {
    "date" : "2025-03-25",
    "price" : 559.60,
    "dma50" : 529.34,
    "dma100" : null,
    "dma200" : 514.28,
    "volume" : 46135.00
  }, {
    "date" : "2025-03-26",
    "price" : 545.75,
    "dma50" : 529.98,
    "dma100" : null,
    "dma200" : 514.59,
    "volume" : 25570.00
  }, {
    "date" : "2025-03-27",
    "price" : 550.90,
    "dma50" : 530.80,
    "dma100" : null,
    "dma200" : 514.96,
    "volume" : 21920.00
  }, {
    "date" : "2025-03-28",
    "price" : 539.30,
    "dma50" : 531.13,
    "dma100" : null,
    "dma200" : 515.20,
    "volume" : 42303.00
  }, {
    "date" : "2025-04-01",
    "price" : 557.45,
    "dma50" : 532.16,
    "dma100" : null,
    "dma200" : 515.62,
    "volume" : 30924.00
  }, {
    "date" : "2025-04-02",
    "price" : 562.30,
    "dma50" : 533.35,
    "dma100" : null,
    "dma200" : 516.08,
    "volume" : 9682.00
  }, {
    "date" : "2025-04-03",
    "price" : 558.45,
    "dma50" : 534.33,
    "dma100" : null,
    "dma200" : 516.50,
    "volume" : 14668.00
  }, {
    "date" : "2025-04-04",
    "price" : 528.40,
    "dma50" : 534.10,
    "dma100" : null,
    "dma200" : 516.62,
    "volume" : 53657.00
  }, {
    "date" : "2025-04-07",
    "price" : 504.00,
    "dma50" : 532.92,
    "dma100" : null,
    "dma200" : 516.50,
    "volume" : 36449.00
  }, {
    "date" : "2025-04-08",
    "price" : 521.45,
    "dma50" : 532.47,
    "dma100" : null,
    "dma200" : 516.55,
    "volume" : 18022.00
  }, {
    "date" : "2025-04-09",
    "price" : 504.90,
    "dma50" : 531.39,
    "dma100" : null,
    "dma200" : 516.43,
    "volume" : 16745.00
  }, {
    "date" : "2025-04-11",
    "price" : 501.85,
    "dma50" : 530.23,
    "dma100" : null,
    "dma200" : 516.29,
    "volume" : 36866.00
  }, {
    "date" : "2025-04-15",
    "price" : 509.70,
    "dma50" : 529.42,
    "dma100" : null,
    "dma200" : 516.22,
    "volume" : 27683.00
  }, {
    "date" : "2025-04-16",
    "price" : 519.15,
    "dma50" : 529.02,
    "dma100" : null,
    "dma200" : 516.25,
    "volume" : 15084.00
  }, {
    "date" : "2025-04-17",
    "price" : 524.70,
    "dma50" : 528.85,
    "dma100" : null,
    "dma200" : 516.33,
    "volume" : 17268.00
  }, {
    "date" : "2025-04-21",
    "price" : 547.95,
    "dma50" : 529.60,
    "dma100" : null,
    "dma200" : 516.65,
    "volume" : 53890.00
  }, {
    "date" : "2025-04-22",
    "price" : 545.35,
    "dma50" : 530.22,
    "dma100" : 546.29,
    "dma200" : 516.93,
    "volume" : 14539.00
  }, {
    "date" : "2025-04-23",
    "price" : 543.45,
    "dma50" : 530.74,
    "dma100" : 545.83,
    "dma200" : 517.20,
    "volume" : 25765.00
  }, {
    "date" : "2025-04-24",
    "price" : 550.50,
    "dma50" : 531.51,
    "dma100" : 545.45,
    "dma200" : 517.53,
    "volume" : 16075.00
  }, {
    "date" : "2025-04-25",
    "price" : 529.35,
    "dma50" : 531.43,
    "dma100" : 544.82,
    "dma200" : 517.65,
    "volume" : 36522.00
  }, {
    "date" : "2025-04-28",
    "price" : 528.35,
    "dma50" : 531.31,
    "dma100" : 544.17,
    "dma200" : 517.75,
    "volume" : 11240.00
  }, {
    "date" : "2025-04-29",
    "price" : 523.25,
    "dma50" : 530.99,
    "dma100" : 543.31,
    "dma200" : 517.81,
    "volume" : 9639.00
  }, {
    "date" : "2025-04-30",
    "price" : 515.75,
    "dma50" : 530.39,
    "dma100" : 542.37,
    "dma200" : 517.79,
    "volume" : 17733.00
  }, {
    "date" : "2025-05-02",
    "price" : 513.70,
    "dma50" : 529.74,
    "dma100" : 541.43,
    "dma200" : 517.75,
    "volume" : 18010.00
  }, {
    "date" : "2025-05-05",
    "price" : 525.85,
    "dma50" : 529.59,
    "dma100" : 540.55,
    "dma200" : 517.83,
    "volume" : 13629.00
  }, {
    "date" : "2025-05-06",
    "price" : 521.35,
    "dma50" : 529.26,
    "dma100" : 539.62,
    "dma200" : 517.86,
    "volume" : 14827.00
  }, {
    "date" : "2025-05-07",
    "price" : 537.55,
    "dma50" : 529.59,
    "dma100" : 538.93,
    "dma200" : 518.06,
    "volume" : 35213.00
  }, {
    "date" : "2025-05-08",
    "price" : 531.05,
    "dma50" : 529.65,
    "dma100" : 538.17,
    "dma200" : 518.19,
    "volume" : 18719.00
  }, {
    "date" : "2025-05-09",
    "price" : 520.00,
    "dma50" : 529.27,
    "dma100" : 537.47,
    "dma200" : 518.21,
    "volume" : 37425.00
  }, {
    "date" : "2025-05-12",
    "price" : 550.30,
    "dma50" : 530.09,
    "dma100" : 537.11,
    "dma200" : 518.52,
    "volume" : 32606.00
  }, {
    "date" : "2025-05-13",
    "price" : 567.65,
    "dma50" : 531.56,
    "dma100" : 536.68,
    "dma200" : 519.01,
    "volume" : 38469.00
  }, {
    "date" : "2025-05-14",
    "price" : 580.60,
    "dma50" : 533.49,
    "dma100" : 536.37,
    "dma200" : 519.63,
    "volume" : 96991.00
  }, {
    "date" : "2025-05-15",
    "price" : 579.35,
    "dma50" : 535.29,
    "dma100" : 536.07,
    "dma200" : 520.22,
    "volume" : 37807.00
  }, {
    "date" : "2025-05-16",
    "price" : 572.90,
    "dma50" : 536.76,
    "dma100" : 535.89,
    "dma200" : 520.74,
    "volume" : 41833.00
  }, {
    "date" : "2025-05-19",
    "price" : 575.40,
    "dma50" : 538.28,
    "dma100" : 535.81,
    "dma200" : 521.29,
    "volume" : 35420.00
  }, {
    "date" : "2025-05-20",
    "price" : 583.15,
    "dma50" : 540.04,
    "dma100" : 535.82,
    "dma200" : 521.90,
    "volume" : 79222.00
  }, {
    "date" : "2025-05-21",
    "price" : 653.35,
    "dma50" : 544.48,
    "dma100" : 536.63,
    "dma200" : 523.21,
    "volume" : 863172.00
  }, {
    "date" : "2025-05-22",
    "price" : 658.75,
    "dma50" : 548.96,
    "dma100" : 537.58,
    "dma200" : 524.56,
    "volume" : 161336.00
  }, {
    "date" : "2025-05-23",
    "price" : 655.35,
    "dma50" : 553.13,
    "dma100" : 538.46,
    "dma200" : 525.86,
    "volume" : 125651.00
  }, {
    "date" : "2025-05-26",
    "price" : 675.45,
    "dma50" : 557.93,
    "dma100" : 539.44,
    "dma200" : 527.35,
    "volume" : 120484.00
  }, {
    "date" : "2025-05-27",
    "price" : 667.05,
    "dma50" : 562.21,
    "dma100" : 540.44,
    "dma200" : 528.74,
    "volume" : 70960.00
  }, {
    "date" : "2025-05-28",
    "price" : 676.05,
    "dma50" : 566.67,
    "dma100" : 541.51,
    "dma200" : 530.21,
    "volume" : 64064.00
  }, {
    "date" : "2025-05-29",
    "price" : 679.60,
    "dma50" : 571.10,
    "dma100" : 542.57,
    "dma200" : 531.69,
    "volume" : 68721.00
  }, {
    "date" : "2025-05-30",
    "price" : 667.35,
    "dma50" : 574.88,
    "dma100" : 543.44,
    "dma200" : 533.04,
    "volume" : 171952.00
  }, {
    "date" : "2025-06-02",
    "price" : 657.90,
    "dma50" : 578.13,
    "dma100" : 544.28,
    "dma200" : 534.29,
    "volume" : 27044.00
  }, {
    "date" : "2025-06-03",
    "price" : 675.45,
    "dma50" : 581.95,
    "dma100" : 545.52,
    "dma200" : 535.69,
    "volume" : 89804.00
  }, {
    "date" : "2025-06-04",
    "price" : 673.65,
    "dma50" : 585.54,
    "dma100" : 546.71,
    "dma200" : 537.06,
    "volume" : 72858.00
  }, {
    "date" : "2025-06-05",
    "price" : 666.80,
    "dma50" : 588.73,
    "dma100" : 547.96,
    "dma200" : 538.35,
    "volume" : 29403.00
  }, {
    "date" : "2025-06-06",
    "price" : 689.50,
    "dma50" : 592.68,
    "dma100" : 549.50,
    "dma200" : 539.86,
    "volume" : 149049.00
  }, {
    "date" : "2025-06-09",
    "price" : 691.25,
    "dma50" : 596.55,
    "dma100" : 551.08,
    "dma200" : 541.36,
    "volume" : 50317.00
  }, {
    "date" : "2025-06-10",
    "price" : 684.60,
    "dma50" : 600.00,
    "dma100" : 552.86,
    "dma200" : 542.79,
    "volume" : 32020.00
  }, {
    "date" : "2025-06-11",
    "price" : 671.70,
    "dma50" : 602.81,
    "dma100" : 554.30,
    "dma200" : 544.07,
    "volume" : 41377.00
  }, {
    "date" : "2025-06-12",
    "price" : 665.90,
    "dma50" : 605.29,
    "dma100" : 555.55,
    "dma200" : 545.28,
    "volume" : 41355.00
  }, {
    "date" : "2025-06-13",
    "price" : 677.60,
    "dma50" : 608.12,
    "dma100" : 556.81,
    "dma200" : 546.60,
    "volume" : 34576.00
  }, {
    "date" : "2025-06-16",
    "price" : 696.40,
    "dma50" : 611.58,
    "dma100" : 558.22,
    "dma200" : 548.09,
    "volume" : 117179.00
  }, {
    "date" : "2025-06-17",
    "price" : 697.65,
    "dma50" : 614.96,
    "dma100" : 559.47,
    "dma200" : 549.58,
    "volume" : 130996.00
  }, {
    "date" : "2025-06-18",
    "price" : 699.60,
    "dma50" : 618.28,
    "dma100" : 560.93,
    "dma200" : 551.07,
    "volume" : 45821.00
  }, {
    "date" : "2025-06-19",
    "price" : 661.80,
    "dma50" : 619.99,
    "dma100" : 562.15,
    "dma200" : 552.17,
    "volume" : 48548.00
  }, {
    "date" : "2025-06-20",
    "price" : 670.90,
    "dma50" : 621.98,
    "dma100" : 563.59,
    "dma200" : 553.35,
    "volume" : 33229.00
  }, {
    "date" : "2025-06-23",
    "price" : 663.85,
    "dma50" : 623.62,
    "dma100" : 565.03,
    "dma200" : 554.45,
    "volume" : 36433.00
  }, {
    "date" : "2025-06-24",
    "price" : 686.50,
    "dma50" : 626.09,
    "dma100" : 566.66,
    "dma200" : 555.77,
    "volume" : 43643.00
  }, {
    "date" : "2025-06-25",
    "price" : 698.50,
    "dma50" : 628.93,
    "dma100" : 568.55,
    "dma200" : 557.19,
    "volume" : 52454.00
  }, {
    "date" : "2025-06-26",
    "price" : 699.45,
    "dma50" : 631.70,
    "dma100" : 570.21,
    "dma200" : 558.60,
    "volume" : 40067.00
  }, {
    "date" : "2025-06-27",
    "price" : 683.80,
    "dma50" : 633.74,
    "dma100" : 571.74,
    "dma200" : 559.85,
    "volume" : 23805.00
  }, {
    "date" : "2025-06-30",
    "price" : 678.45,
    "dma50" : 635.49,
    "dma100" : 573.19,
    "dma200" : 561.03,
    "volume" : 54639.00
  }, {
    "date" : "2025-07-01",
    "price" : 685.50,
    "dma50" : 637.45,
    "dma100" : 574.73,
    "dma200" : 562.27,
    "volume" : 20266.00
  }, {
    "date" : "2025-07-02",
    "price" : 670.65,
    "dma50" : 638.75,
    "dma100" : 576.22,
    "dma200" : 563.35,
    "volume" : 24716.00
  }, {
    "date" : "2025-07-03",
    "price" : 674.30,
    "dma50" : 640.15,
    "dma100" : 577.39,
    "dma200" : 564.45,
    "volume" : 20017.00
  }, {
    "date" : "2025-07-04",
    "price" : 679.05,
    "dma50" : 641.67,
    "dma100" : 578.37,
    "dma200" : 565.59,
    "volume" : 13347.00
  }, {
    "date" : "2025-07-07",
    "price" : 652.85,
    "dma50" : 642.11,
    "dma100" : 579.05,
    "dma200" : 566.46,
    "volume" : 66790.00
  }, {
    "date" : "2025-07-08",
    "price" : 653.15,
    "dma50" : 642.55,
    "dma100" : 579.92,
    "dma200" : 567.32,
    "volume" : 10485.00
  }, {
    "date" : "2025-07-09",
    "price" : 656.00,
    "dma50" : 643.07,
    "dma100" : 581.01,
    "dma200" : 568.20,
    "volume" : 27623.00
  }, {
    "date" : "2025-07-10",
    "price" : 668.25,
    "dma50" : 644.06,
    "dma100" : 582.43,
    "dma200" : 569.20,
    "volume" : 19861.00
  }, {
    "date" : "2025-07-11",
    "price" : 651.95,
    "dma50" : 644.37,
    "dma100" : 583.56,
    "dma200" : 570.02,
    "volume" : 32584.00
  }, {
    "date" : "2025-07-14",
    "price" : 657.25,
    "dma50" : 644.87,
    "dma100" : 584.74,
    "dma200" : 570.89,
    "volume" : 16262.00
  }, {
    "date" : "2025-07-15",
    "price" : 650.50,
    "dma50" : 645.10,
    "dma100" : 585.96,
    "dma200" : 571.68,
    "volume" : 13389.00
  }, {
    "date" : "2025-07-16",
    "price" : 670.20,
    "dma50" : 646.08,
    "dma100" : 587.65,
    "dma200" : 572.66,
    "volume" : 33620.00
  }, {
    "date" : "2025-07-17",
    "price" : 666.90,
    "dma50" : 646.90,
    "dma100" : 589.33,
    "dma200" : 573.60,
    "volume" : 18908.00
  }, {
    "date" : "2025-07-18",
    "price" : 694.35,
    "dma50" : 648.76,
    "dma100" : 591.37,
    "dma200" : 574.80,
    "volume" : 80693.00
  }, {
    "date" : "2025-07-21",
    "price" : 703.60,
    "dma50" : 650.91,
    "dma100" : 593.01,
    "dma200" : 576.08,
    "volume" : 98945.00
  }, {
    "date" : "2025-07-22",
    "price" : 714.75,
    "dma50" : 653.41,
    "dma100" : 594.65,
    "dma200" : 577.46,
    "volume" : 82201.00
  }, {
    "date" : "2025-07-23",
    "price" : 706.55,
    "dma50" : 655.50,
    "dma100" : 596.39,
    "dma200" : 578.75,
    "volume" : 30426.00
  }, {
    "date" : "2025-07-24",
    "price" : 701.70,
    "dma50" : 657.31,
    "dma100" : 597.98,
    "dma200" : 579.97,
    "volume" : 28228.00
  }, {
    "date" : "2025-07-25",
    "price" : 702.65,
    "dma50" : 659.09,
    "dma100" : 599.84,
    "dma200" : 581.19,
    "volume" : 31526.00
  }, {
    "date" : "2025-07-28",
    "price" : 718.30,
    "dma50" : 661.41,
    "dma100" : 602.20,
    "dma200" : 582.56,
    "volume" : 90381.00
  }, {
    "date" : "2025-07-29",
    "price" : 751.65,
    "dma50" : 664.95,
    "dma100" : 604.98,
    "dma200" : 584.24,
    "volume" : 153246.00
  }, {
    "date" : "2025-07-30",
    "price" : 766.90,
    "dma50" : 668.94,
    "dma100" : 607.97,
    "dma200" : 586.06,
    "volume" : 176083.00
  }, {
    "date" : "2025-07-31",
    "price" : 777.35,
    "dma50" : 673.20,
    "dma100" : 610.75,
    "dma200" : 587.96,
    "volume" : 208271.00
  }, {
    "date" : "2025-08-01",
    "price" : 678.30,
    "dma50" : 673.40,
    "dma100" : 612.43,
    "dma200" : 588.86,
    "volume" : 427162.00
  }, {
    "date" : "2025-08-04",
    "price" : 697.55,
    "dma50" : 674.34,
    "dma100" : 614.20,
    "dma200" : 589.94,
    "volume" : 111637.00
  }, {
    "date" : "2025-08-05",
    "price" : 702.40,
    "dma50" : 675.44,
    "dma100" : 616.13,
    "dma200" : 591.06,
    "volume" : 43556.00
  }, {
    "date" : "2025-08-06",
    "price" : 687.70,
    "dma50" : 675.92,
    "dma100" : 618.01,
    "dma200" : 592.02,
    "volume" : 38004.00
  }, {
    "date" : "2025-08-07",
    "price" : 678.30,
    "dma50" : 676.02,
    "dma100" : 619.76,
    "dma200" : 592.88,
    "volume" : 42037.00
  }, {
    "date" : "2025-08-08",
    "price" : 675.30,
    "dma50" : 675.99,
    "dma100" : 621.62,
    "dma200" : 593.70,
    "volume" : 45796.00
  }, {
    "date" : "2025-08-11",
    "price" : 681.35,
    "dma50" : 676.20,
    "dma100" : 623.55,
    "dma200" : 594.57,
    "volume" : 31256.00
  }, {
    "date" : "2025-08-12",
    "price" : 685.95,
    "dma50" : 676.58,
    "dma100" : 625.47,
    "dma200" : 595.48,
    "volume" : 21244.00
  }, {
    "date" : "2025-08-13",
    "price" : 692.05,
    "dma50" : 677.19,
    "dma100" : 627.21,
    "dma200" : 596.44,
    "volume" : 25041.00
  }, {
    "date" : "2025-08-14",
    "price" : 682.65,
    "dma50" : 677.40,
    "dma100" : 628.74,
    "dma200" : 597.30,
    "volume" : 22610.00
  }, {
    "date" : "2025-08-18",
    "price" : 689.80,
    "dma50" : 677.89,
    "dma100" : 630.33,
    "dma200" : 598.22,
    "volume" : 23734.00
  }, {
    "date" : "2025-08-19",
    "price" : 703.60,
    "dma50" : 678.90,
    "dma100" : 631.84,
    "dma200" : 599.27,
    "volume" : 23862.00
  }, {
    "date" : "2025-08-20",
    "price" : 695.05,
    "dma50" : 679.53,
    "dma100" : 633.20,
    "dma200" : 600.22,
    "volume" : 23428.00
  }, {
    "date" : "2025-08-21",
    "price" : 707.05,
    "dma50" : 680.61,
    "dma100" : 634.81,
    "dma200" : 601.28,
    "volume" : 31049.00
  }, {
    "date" : "2025-08-22",
    "price" : 687.50,
    "dma50" : 680.88,
    "dma100" : 636.18,
    "dma200" : 602.14,
    "volume" : 14707.00
  }, {
    "date" : "2025-08-25",
    "price" : 681.75,
    "dma50" : 680.91,
    "dma100" : 637.60,
    "dma200" : 602.93,
    "volume" : 32464.00
  }, {
    "date" : "2025-08-26",
    "price" : 687.45,
    "dma50" : 681.17,
    "dma100" : 638.90,
    "dma200" : 603.78,
    "volume" : 20087.00
  }, {
    "date" : "2025-08-28",
    "price" : 706.60,
    "dma50" : 682.17,
    "dma100" : 640.34,
    "dma200" : 604.80,
    "volume" : 40757.00
  }, {
    "date" : "2025-08-29",
    "price" : 715.30,
    "dma50" : 683.47,
    "dma100" : 641.91,
    "dma200" : 605.90,
    "volume" : 33240.00
  }, {
    "date" : "2025-09-01",
    "price" : 715.00,
    "dma50" : 684.70,
    "dma100" : 643.78,
    "dma200" : 606.98,
    "volume" : 16736.00
  }, {
    "date" : "2025-09-02",
    "price" : 722.15,
    "dma50" : 686.17,
    "dma100" : 645.96,
    "dma200" : 608.13,
    "volume" : 27153.00
  }, {
    "date" : "2025-09-03",
    "price" : 725.50,
    "dma50" : 687.71,
    "dma100" : 648.00,
    "dma200" : 609.30,
    "volume" : 66482.00
  }, {
    "date" : "2025-09-04",
    "price" : 742.10,
    "dma50" : 689.85,
    "dma100" : 650.37,
    "dma200" : 610.62,
    "volume" : 29310.00
  }, {
    "date" : "2025-09-05",
    "price" : 743.65,
    "dma50" : 691.96,
    "dma100" : 652.79,
    "dma200" : 611.94,
    "volume" : 52367.00
  }, {
    "date" : "2025-09-08",
    "price" : 744.90,
    "dma50" : 694.03,
    "dma100" : 655.14,
    "dma200" : 613.27,
    "volume" : 31679.00
  }, {
    "date" : "2025-09-09",
    "price" : 759.50,
    "dma50" : 696.60,
    "dma100" : 657.55,
    "dma200" : 614.72,
    "volume" : 22072.00
  }, {
    "date" : "2025-09-10",
    "price" : 759.10,
    "dma50" : 699.05,
    "dma100" : 659.89,
    "dma200" : 616.16,
    "volume" : 30314.00
  }, {
    "date" : "2025-09-11",
    "price" : 747.55,
    "dma50" : 700.95,
    "dma100" : 661.89,
    "dma200" : 617.46,
    "volume" : 30194.00
  }, {
    "date" : "2025-09-12",
    "price" : 713.75,
    "dma50" : 701.46,
    "dma100" : 663.57,
    "dma200" : 618.42,
    "volume" : 44865.00
  }, {
    "date" : "2025-09-15",
    "price" : 711.25,
    "dma50" : 701.84,
    "dma100" : 665.25,
    "dma200" : 619.35,
    "volume" : 30061.00
  }, {
    "date" : "2025-09-16",
    "price" : 699.20,
    "dma50" : 701.74,
    "dma100" : 666.73,
    "dma200" : 620.14,
    "volume" : 23382.00
  }, {
    "date" : "2025-09-17",
    "price" : 680.70,
    "dma50" : 700.91,
    "dma100" : 668.25,
    "dma200" : 620.74,
    "volume" : 57811.00
  }, {
    "date" : "2025-09-18",
    "price" : 682.90,
    "dma50" : 700.20,
    "dma100" : 669.79,
    "dma200" : 621.36,
    "volume" : 28434.00
  }, {
    "date" : "2025-09-19",
    "price" : 671.80,
    "dma50" : 699.09,
    "dma100" : 671.28,
    "dma200" : 621.86,
    "volume" : 50759.00
  }, {
    "date" : "2025-09-22",
    "price" : 654.80,
    "dma50" : 697.35,
    "dma100" : 672.67,
    "dma200" : 622.19,
    "volume" : 27721.00
  }, {
    "date" : "2025-09-23",
    "price" : 643.30,
    "dma50" : 695.23,
    "dma100" : 673.97,
    "dma200" : 622.40,
    "volume" : 53014.00
  }, {
    "date" : "2025-09-24",
    "price" : 636.30,
    "dma50" : 692.92,
    "dma100" : 675.07,
    "dma200" : 622.54,
    "volume" : 34849.00
  }, {
    "date" : "2025-09-25",
    "price" : 643.15,
    "dma50" : 690.97,
    "dma100" : 676.29,
    "dma200" : 622.75,
    "volume" : 46294.00
  }, {
    "date" : "2025-09-26",
    "price" : 642.95,
    "dma50" : 689.09,
    "dma100" : 677.34,
    "dma200" : 622.95,
    "volume" : 92820.00
  }, {
    "date" : "2025-09-29",
    "price" : 625.45,
    "dma50" : 686.59,
    "dma100" : 678.29,
    "dma200" : 622.97,
    "volume" : 70687.00
  }, {
    "date" : "2025-09-30",
    "price" : 628.25,
    "dma50" : 684.30,
    "dma100" : 679.37,
    "dma200" : 623.02,
    "volume" : 269196.00
  }, {
    "date" : "2025-10-01",
    "price" : 631.15,
    "dma50" : 682.22,
    "dma100" : 680.18,
    "dma200" : 623.10,
    "volume" : 25099.00
  }, {
    "date" : "2025-10-03",
    "price" : 628.30,
    "dma50" : 680.11,
    "dma100" : 680.78,
    "dma200" : 623.16,
    "volume" : 117114.00
  }, {
    "date" : "2025-10-06",
    "price" : 642.70,
    "dma50" : 678.64,
    "dma100" : 681.40,
    "dma200" : 623.35,
    "volume" : 54237.00
  }, {
    "date" : "2025-10-07",
    "price" : 638.45,
    "dma50" : 677.06,
    "dma100" : 682.00,
    "dma200" : 623.50,
    "volume" : 27170.00
  }, {
    "date" : "2025-10-08",
    "price" : 637.65,
    "dma50" : 675.52,
    "dma100" : 682.64,
    "dma200" : 623.64,
    "volume" : 16365.00
  }, {
    "date" : "2025-10-09",
    "price" : 645.60,
    "dma50" : 674.34,
    "dma100" : 683.34,
    "dma200" : 623.86,
    "volume" : 50506.00
  }, {
    "date" : "2025-10-10",
    "price" : 632.25,
    "dma50" : 672.69,
    "dma100" : 683.84,
    "dma200" : 623.94,
    "volume" : 54978.00
  }, {
    "date" : "2025-10-13",
    "price" : 623.55,
    "dma50" : 670.77,
    "dma100" : 683.54,
    "dma200" : 623.94,
    "volume" : 17949.00
  }, {
    "date" : "2025-10-14",
    "price" : 617.10,
    "dma50" : 668.66,
    "dma100" : 683.12,
    "dma200" : 623.87,
    "volume" : 26316.00
  }, {
    "date" : "2025-10-15",
    "price" : 617.35,
    "dma50" : 666.65,
    "dma100" : 682.74,
    "dma200" : 623.81,
    "volume" : 16160.00
  }, {
    "date" : "2025-10-16",
    "price" : 619.90,
    "dma50" : 664.82,
    "dma100" : 682.19,
    "dma200" : 623.77,
    "volume" : 13574.00
  }, {
    "date" : "2025-10-17",
    "price" : 614.70,
    "dma50" : 662.85,
    "dma100" : 681.66,
    "dma200" : 623.68,
    "volume" : 22360.00
  }, {
    "date" : "2025-10-20",
    "price" : 628.30,
    "dma50" : 661.50,
    "dma100" : 681.18,
    "dma200" : 623.72,
    "volume" : 47640.00
  }, {
    "date" : "2025-10-21",
    "price" : 638.00,
    "dma50" : 660.57,
    "dma100" : 680.77,
    "dma200" : 623.87,
    "volume" : 10959.00
  }, {
    "date" : "2025-10-23",
    "price" : 628.55,
    "dma50" : 659.32,
    "dma100" : 680.38,
    "dma200" : 623.91,
    "volume" : 12772.00
  }, {
    "date" : "2025-10-24",
    "price" : 623.00,
    "dma50" : 657.89,
    "dma100" : 680.03,
    "dma200" : 623.90,
    "volume" : 9591.00
  }, {
    "date" : "2025-10-27",
    "price" : 623.20,
    "dma50" : 656.53,
    "dma100" : 679.51,
    "dma200" : 623.90,
    "volume" : 27178.00
  }, {
    "date" : "2025-10-28",
    "price" : 630.50,
    "dma50" : 655.51,
    "dma100" : 679.08,
    "dma200" : 623.96,
    "volume" : 52776.00
  }, {
    "date" : "2025-10-29",
    "price" : 630.35,
    "dma50" : 654.53,
    "dma100" : 678.71,
    "dma200" : 624.03,
    "volume" : 14786.00
  }, {
    "date" : "2025-10-30",
    "price" : 624.90,
    "dma50" : 653.36,
    "dma100" : 678.07,
    "dma200" : 624.03,
    "volume" : 37652.00
  }, {
    "date" : "2025-10-31",
    "price" : 620.15,
    "dma50" : 652.06,
    "dma100" : 677.36,
    "dma200" : 624.00,
    "volume" : 13424.00
  }, {
    "date" : "2025-11-03",
    "price" : 620.35,
    "dma50" : 650.82,
    "dma100" : 676.71,
    "dma200" : 623.96,
    "volume" : 15673.00
  }, {
    "date" : "2025-11-04",
    "price" : 626.90,
    "dma50" : 649.88,
    "dma100" : 676.27,
    "dma200" : 623.99,
    "volume" : 13815.00
  }, {
    "date" : "2025-11-06",
    "price" : 617.85,
    "dma50" : 648.62,
    "dma100" : 675.79,
    "dma200" : 623.93,
    "volume" : 8789.00
  }, {
    "date" : "2025-11-07",
    "price" : 612.85,
    "dma50" : 647.22,
    "dma100" : 675.14,
    "dma200" : 623.82,
    "volume" : 11728.00
  }, {
    "date" : "2025-11-10",
    "price" : 622.40,
    "dma50" : 646.25,
    "dma100" : 674.40,
    "dma200" : 623.80,
    "volume" : 584343.00
  }, {
    "date" : "2025-11-11",
    "price" : 646.50,
    "dma50" : 646.26,
    "dma100" : 673.89,
    "dma200" : 624.03,
    "volume" : 289482.00
  }, {
    "date" : "2025-11-12",
    "price" : 640.70,
    "dma50" : 646.04,
    "dma100" : 673.30,
    "dma200" : 624.19,
    "volume" : 113241.00
  }, {
    "date" : "2025-11-13",
    "price" : 628.95,
    "dma50" : 645.37,
    "dma100" : 672.97,
    "dma200" : 624.24,
    "volume" : 184862.00
  }, {
    "date" : "2025-11-14",
    "price" : 634.55,
    "dma50" : 644.95,
    "dma100" : 672.61,
    "dma200" : 624.34,
    "volume" : 65692.00
  }, {
    "date" : "2025-11-17",
    "price" : 627.05,
    "dma50" : 644.24,
    "dma100" : 672.24,
    "dma200" : 624.37,
    "volume" : 69960.00
  }, {
    "date" : "2025-11-18",
    "price" : 624.65,
    "dma50" : 643.47,
    "dma100" : 671.62,
    "dma200" : 624.37,
    "volume" : 25723.00
  }, {
    "date" : "2025-11-19",
    "price" : 610.85,
    "dma50" : 642.20,
    "dma100" : 670.74,
    "dma200" : 624.24,
    "volume" : 59092.00
  }, {
    "date" : "2025-11-20",
    "price" : 613.80,
    "dma50" : 641.08,
    "dma100" : 669.89,
    "dma200" : 624.14,
    "volume" : 34916.00
  }, {
    "date" : "2025-11-21",
    "price" : 607.70,
    "dma50" : 639.77,
    "dma100" : 669.12,
    "dma200" : 623.97,
    "volume" : 28193.00
  }, {
    "date" : "2025-11-24",
    "price" : 608.00,
    "dma50" : 638.53,
    "dma100" : 668.42,
    "dma200" : 623.81,
    "volume" : 17826.00
  } ],
  "latestTechnicalAttributes" : {
    "date" : "2025-11-24",
    "price" : 608.00,
    "dma50" : 638.53,
    "dma100" : 668.42,
    "dma200" : 623.81,
    "volume" : 17826.00
  },
  "quarterlyResults" : [ {
    "date" : "2005-03-31",
    "sales" : 29.86,
    "salesGrowthYoY" : null,
    "grossProfitMargin" : 12.49,
    "grossProfit" : 3.73,
    "operatingProfitMargin" : 6.53,
    "operatingProfit" : 1.95,
    "netProfitMargin" : 1.37,
    "netProfit" : 0.41
  }, {
    "date" : "2005-06-30",
    "sales" : 31.34,
    "salesGrowthYoY" : null,
    "grossProfitMargin" : 12.86,
    "grossProfit" : 4.03,
    "operatingProfitMargin" : 6.57,
    "operatingProfit" : 2.06,
    "netProfitMargin" : 2.87,
    "netProfit" : 0.90
  }, {
    "date" : "2005-09-30",
    "sales" : 29.94,
    "salesGrowthYoY" : null,
    "grossProfitMargin" : 12.32,
    "grossProfit" : 3.69,
    "operatingProfitMargin" : 5.91,
    "operatingProfit" : 1.77,
    "netProfitMargin" : 2.27,
    "netProfit" : 0.68
  }, {
    "date" : "2005-12-31",
    "sales" : 33.57,
    "salesGrowthYoY" : null,
    "grossProfitMargin" : 11.17,
    "grossProfit" : 3.75,
    "operatingProfitMargin" : 4.38,
    "operatingProfit" : 1.47,
    "netProfitMargin" : 0.57,
    "netProfit" : 0.19
  }, {
    "date" : "2006-03-31",
    "sales" : 38.26,
    "salesGrowthYoY" : 28.13,
    "grossProfitMargin" : 10.19,
    "grossProfit" : 3.90,
    "operatingProfitMargin" : 3.76,
    "operatingProfit" : 1.44,
    "netProfitMargin" : 0.29,
    "netProfit" : 0.11
  }, {
    "date" : "2006-06-30",
    "sales" : 51.53,
    "salesGrowthYoY" : 64.42,
    "grossProfitMargin" : 7.49,
    "grossProfit" : 3.86,
    "operatingProfitMargin" : 2.81,
    "operatingProfit" : 1.45,
    "netProfitMargin" : 0.06,
    "netProfit" : 0.03
  }, {
    "date" : "2006-09-30",
    "sales" : 50.34,
    "salesGrowthYoY" : 68.14,
    "grossProfitMargin" : 11.04,
    "grossProfit" : 5.56,
    "operatingProfitMargin" : 4.99,
    "operatingProfit" : 2.51,
    "netProfitMargin" : 1.27,
    "netProfit" : 0.64
  }, {
    "date" : "2006-12-31",
    "sales" : 51.24,
    "salesGrowthYoY" : 52.64,
    "grossProfitMargin" : 7.94,
    "grossProfit" : 4.07,
    "operatingProfitMargin" : 4.47,
    "operatingProfit" : 2.29,
    "netProfitMargin" : 0.92,
    "netProfit" : 0.47
  }, {
    "date" : "2007-03-31",
    "sales" : 58.29,
    "salesGrowthYoY" : 52.35,
    "grossProfitMargin" : 7.03,
    "grossProfit" : 4.10,
    "operatingProfitMargin" : 2.35,
    "operatingProfit" : 1.37,
    "netProfitMargin" : -0.26,
    "netProfit" : -0.15
  }, {
    "date" : "2007-06-30",
    "sales" : 68.53,
    "salesGrowthYoY" : 32.99,
    "grossProfitMargin" : 9.59,
    "grossProfit" : 6.57,
    "operatingProfitMargin" : 5.03,
    "operatingProfit" : 3.45,
    "netProfitMargin" : 1.43,
    "netProfit" : 0.98
  }, {
    "date" : "2007-09-30",
    "sales" : 70.67,
    "salesGrowthYoY" : 40.39,
    "grossProfitMargin" : 10.47,
    "grossProfit" : 7.40,
    "operatingProfitMargin" : 5.07,
    "operatingProfit" : 3.58,
    "netProfitMargin" : 1.57,
    "netProfit" : 1.11
  }, {
    "date" : "2007-12-31",
    "sales" : 72.08,
    "salesGrowthYoY" : 40.67,
    "grossProfitMargin" : 9.60,
    "grossProfit" : 6.92,
    "operatingProfitMargin" : 4.69,
    "operatingProfit" : 3.38,
    "netProfitMargin" : 1.50,
    "netProfit" : 1.08
  }, {
    "date" : "2008-03-31",
    "sales" : 76.56,
    "salesGrowthYoY" : 31.34,
    "grossProfitMargin" : 12.54,
    "grossProfit" : 9.60,
    "operatingProfitMargin" : 7.33,
    "operatingProfit" : 5.61,
    "netProfitMargin" : 2.94,
    "netProfit" : 2.25
  }, {
    "date" : "2008-06-30",
    "sales" : 88.29,
    "salesGrowthYoY" : 28.83,
    "grossProfitMargin" : 10.10,
    "grossProfit" : 8.92,
    "operatingProfitMargin" : 5.36,
    "operatingProfit" : 4.73,
    "netProfitMargin" : 1.85,
    "netProfit" : 1.63
  }, {
    "date" : "2008-09-30",
    "sales" : 84.95,
    "salesGrowthYoY" : 20.21,
    "grossProfitMargin" : 8.70,
    "grossProfit" : 7.39,
    "operatingProfitMargin" : 3.85,
    "operatingProfit" : 3.27,
    "netProfitMargin" : 0.54,
    "netProfit" : 0.46
  }, {
    "date" : "2008-12-31",
    "sales" : 62.27,
    "salesGrowthYoY" : -13.61,
    "grossProfitMargin" : 3.13,
    "grossProfit" : 1.95,
    "operatingProfitMargin" : -4.34,
    "operatingProfit" : -2.70,
    "netProfitMargin" : -7.10,
    "netProfit" : -4.42
  }, {
    "date" : "2009-03-31",
    "sales" : 68.03,
    "salesGrowthYoY" : -11.14,
    "grossProfitMargin" : 16.48,
    "grossProfit" : 11.21,
    "operatingProfitMargin" : 8.53,
    "operatingProfit" : 5.80,
    "netProfitMargin" : 5.39,
    "netProfit" : 3.67
  }, {
    "date" : "2009-06-30",
    "sales" : 83.61,
    "salesGrowthYoY" : -5.30,
    "grossProfitMargin" : 13.84,
    "grossProfit" : 11.57,
    "operatingProfitMargin" : 7.28,
    "operatingProfit" : 6.09,
    "netProfitMargin" : 3.23,
    "netProfit" : 2.70
  }, {
    "date" : "2009-09-30",
    "sales" : 95.22,
    "salesGrowthYoY" : 12.09,
    "grossProfitMargin" : 12.32,
    "grossProfit" : 11.73,
    "operatingProfitMargin" : 6.76,
    "operatingProfit" : 6.44,
    "netProfitMargin" : 2.96,
    "netProfit" : 2.82
  }, {
    "date" : "2009-12-31",
    "sales" : 102.06,
    "salesGrowthYoY" : 63.90,
    "grossProfitMargin" : 11.09,
    "grossProfit" : 11.32,
    "operatingProfitMargin" : 6.17,
    "operatingProfit" : 6.30,
    "netProfitMargin" : 2.60,
    "netProfit" : 2.65
  }, {
    "date" : "2010-03-31",
    "sales" : 124.47,
    "salesGrowthYoY" : 82.96,
    "grossProfitMargin" : 11.06,
    "grossProfit" : 13.77,
    "operatingProfitMargin" : 6.38,
    "operatingProfit" : 7.94,
    "netProfitMargin" : 2.96,
    "netProfit" : 3.68
  }, {
    "date" : "2010-06-30",
    "sales" : 124.83,
    "salesGrowthYoY" : 49.30,
    "grossProfitMargin" : 9.48,
    "grossProfit" : 11.83,
    "operatingProfitMargin" : 4.97,
    "operatingProfit" : 6.20,
    "netProfitMargin" : 2.19,
    "netProfit" : 2.73
  }, {
    "date" : "2010-09-30",
    "sales" : 122.51,
    "salesGrowthYoY" : 28.66,
    "grossProfitMargin" : 9.60,
    "grossProfit" : 11.76,
    "operatingProfitMargin" : 5.18,
    "operatingProfit" : 6.35,
    "netProfitMargin" : 2.33,
    "netProfit" : 2.85
  }, {
    "date" : "2010-12-31",
    "sales" : 115.57,
    "salesGrowthYoY" : 13.24,
    "grossProfitMargin" : 9.81,
    "grossProfit" : 11.34,
    "operatingProfitMargin" : 5.32,
    "operatingProfit" : 6.15,
    "netProfitMargin" : 2.00,
    "netProfit" : 2.31
  }, {
    "date" : "2011-03-31",
    "sales" : 136.10,
    "salesGrowthYoY" : 9.34,
    "grossProfitMargin" : 7.72,
    "grossProfit" : 10.51,
    "operatingProfitMargin" : 3.79,
    "operatingProfit" : 5.16,
    "netProfitMargin" : 1.16,
    "netProfit" : 1.58
  }, {
    "date" : "2011-06-30",
    "sales" : 131.03,
    "salesGrowthYoY" : 4.97,
    "grossProfitMargin" : 7.30,
    "grossProfit" : 9.57,
    "operatingProfitMargin" : 4.27,
    "operatingProfit" : 5.59,
    "netProfitMargin" : 1.18,
    "netProfit" : 1.55
  }, {
    "date" : "2011-09-30",
    "sales" : 135.60,
    "salesGrowthYoY" : 10.68,
    "grossProfitMargin" : 6.39,
    "grossProfit" : 8.66,
    "operatingProfitMargin" : 3.44,
    "operatingProfit" : 4.66,
    "netProfitMargin" : 0.49,
    "netProfit" : 0.66
  }, {
    "date" : "2011-12-31",
    "sales" : 125.61,
    "salesGrowthYoY" : 8.69,
    "grossProfitMargin" : 5.13,
    "grossProfit" : 6.44,
    "operatingProfitMargin" : 1.32,
    "operatingProfit" : 1.66,
    "netProfitMargin" : -1.19,
    "netProfit" : -1.49
  }, {
    "date" : "2012-03-31",
    "sales" : 168.07,
    "salesGrowthYoY" : 23.49,
    "grossProfitMargin" : 8.21,
    "grossProfit" : 13.80,
    "operatingProfitMargin" : 5.80,
    "operatingProfit" : 9.75,
    "netProfitMargin" : 2.67,
    "netProfit" : 4.49
  }, {
    "date" : "2012-06-30",
    "sales" : 164.08,
    "salesGrowthYoY" : 25.22,
    "grossProfitMargin" : 7.55,
    "grossProfit" : 12.39,
    "operatingProfitMargin" : 4.53,
    "operatingProfit" : 7.43,
    "netProfitMargin" : 1.07,
    "netProfit" : 1.76
  }, {
    "date" : "2012-09-30",
    "sales" : 164.13,
    "salesGrowthYoY" : 21.04,
    "grossProfitMargin" : 7.16,
    "grossProfit" : 11.75,
    "operatingProfitMargin" : 3.74,
    "operatingProfit" : 6.14,
    "netProfitMargin" : 1.08,
    "netProfit" : 1.77
  }, {
    "date" : "2012-12-31",
    "sales" : 165.02,
    "salesGrowthYoY" : 31.37,
    "grossProfitMargin" : 7.27,
    "grossProfit" : 12.00,
    "operatingProfitMargin" : 3.76,
    "operatingProfit" : 6.20,
    "netProfitMargin" : 0.85,
    "netProfit" : 1.40
  }, {
    "date" : "2013-03-31",
    "sales" : 192.28,
    "salesGrowthYoY" : 14.40,
    "grossProfitMargin" : 8.65,
    "grossProfit" : 16.63,
    "operatingProfitMargin" : 5.11,
    "operatingProfit" : 9.83,
    "netProfitMargin" : 1.95,
    "netProfit" : 3.75
  }, {
    "date" : "2013-06-30",
    "sales" : 168.58,
    "salesGrowthYoY" : 2.74,
    "grossProfitMargin" : 7.14,
    "grossProfit" : 12.04,
    "operatingProfitMargin" : 3.41,
    "operatingProfit" : 5.75,
    "netProfitMargin" : 0.80,
    "netProfit" : 1.35
  }, {
    "date" : "2013-09-30",
    "sales" : 169.97,
    "salesGrowthYoY" : 3.56,
    "grossProfitMargin" : 6.90,
    "grossProfit" : 11.73,
    "operatingProfitMargin" : 3.19,
    "operatingProfit" : 5.42,
    "netProfitMargin" : 0.48,
    "netProfit" : 0.82
  }, {
    "date" : "2013-12-31",
    "sales" : 171.45,
    "salesGrowthYoY" : 3.90,
    "grossProfitMargin" : 7.54,
    "grossProfit" : 12.93,
    "operatingProfitMargin" : 3.89,
    "operatingProfit" : 6.67,
    "netProfitMargin" : 0.83,
    "netProfit" : 1.42
  }, {
    "date" : "2014-03-31",
    "sales" : 188.59,
    "salesGrowthYoY" : -1.92,
    "grossProfitMargin" : 8.90,
    "grossProfit" : 16.78,
    "operatingProfitMargin" : 5.34,
    "operatingProfit" : 10.07,
    "netProfitMargin" : 1.77,
    "netProfit" : 3.34
  }, {
    "date" : "2014-06-30",
    "sales" : 187.61,
    "salesGrowthYoY" : 11.29,
    "grossProfitMargin" : 9.22,
    "grossProfit" : 17.30,
    "operatingProfitMargin" : 5.59,
    "operatingProfit" : 10.49,
    "netProfitMargin" : 1.74,
    "netProfit" : 3.26
  }, {
    "date" : "2014-09-30",
    "sales" : 193.40,
    "salesGrowthYoY" : 13.78,
    "grossProfitMargin" : 8.94,
    "grossProfit" : 17.29,
    "operatingProfitMargin" : 5.19,
    "operatingProfit" : 10.04,
    "netProfitMargin" : 1.73,
    "netProfit" : 3.35
  }, {
    "date" : "2014-12-31",
    "sales" : 183.24,
    "salesGrowthYoY" : 6.88,
    "grossProfitMargin" : 8.93,
    "grossProfit" : 16.36,
    "operatingProfitMargin" : 4.87,
    "operatingProfit" : 8.92,
    "netProfitMargin" : 0.88,
    "netProfit" : 1.61
  }, {
    "date" : "2015-03-31",
    "sales" : 176.68,
    "salesGrowthYoY" : -6.32,
    "grossProfitMargin" : 7.11,
    "grossProfit" : 12.56,
    "operatingProfitMargin" : 2.63,
    "operatingProfit" : 4.65,
    "netProfitMargin" : 0.92,
    "netProfit" : 1.63
  }, {
    "date" : "2015-06-30",
    "sales" : 191.36,
    "salesGrowthYoY" : 2.00,
    "grossProfitMargin" : 8.73,
    "grossProfit" : 16.71,
    "operatingProfitMargin" : 4.80,
    "operatingProfit" : 9.19,
    "netProfitMargin" : 1.34,
    "netProfit" : 2.56
  }, {
    "date" : "2015-09-30",
    "sales" : 175.49,
    "salesGrowthYoY" : -9.26,
    "grossProfitMargin" : 8.23,
    "grossProfit" : 14.44,
    "operatingProfitMargin" : 3.76,
    "operatingProfit" : 6.60,
    "netProfitMargin" : 0.64,
    "netProfit" : 1.12
  }, {
    "date" : "2015-12-31",
    "sales" : 171.14,
    "salesGrowthYoY" : -6.60,
    "grossProfitMargin" : 8.54,
    "grossProfit" : 14.62,
    "operatingProfitMargin" : 3.83,
    "operatingProfit" : 6.55,
    "netProfitMargin" : 0.70,
    "netProfit" : 1.20
  }, {
    "date" : "2016-03-31",
    "sales" : 181.06,
    "salesGrowthYoY" : 2.48,
    "grossProfitMargin" : 13.51,
    "grossProfit" : 24.46,
    "operatingProfitMargin" : 6.35,
    "operatingProfit" : 11.50,
    "netProfitMargin" : 2.46,
    "netProfit" : 4.45
  }, {
    "date" : "2016-06-30",
    "sales" : 186.25,
    "salesGrowthYoY" : -2.67,
    "grossProfitMargin" : 12.10,
    "grossProfit" : 22.54,
    "operatingProfitMargin" : 5.68,
    "operatingProfit" : 10.58,
    "netProfitMargin" : 2.19,
    "netProfit" : 4.08
  }, {
    "date" : "2016-09-30",
    "sales" : 195.10,
    "salesGrowthYoY" : 11.17,
    "grossProfitMargin" : 12.39,
    "grossProfit" : 24.17,
    "operatingProfitMargin" : 5.49,
    "operatingProfit" : 10.71,
    "netProfitMargin" : 2.33,
    "netProfit" : 4.55
  }, {
    "date" : "2016-12-31",
    "sales" : 193.81,
    "salesGrowthYoY" : 13.25,
    "grossProfitMargin" : 15.16,
    "grossProfit" : 29.38,
    "operatingProfitMargin" : 7.51,
    "operatingProfit" : 14.56,
    "netProfitMargin" : 3.22,
    "netProfit" : 6.24
  }, {
    "date" : "2017-03-31",
    "sales" : 225.67,
    "salesGrowthYoY" : 24.64,
    "grossProfitMargin" : 13.42,
    "grossProfit" : 30.28,
    "operatingProfitMargin" : 6.71,
    "operatingProfit" : 15.14,
    "netProfitMargin" : 3.12,
    "netProfit" : 7.04
  }, {
    "date" : "2017-06-30",
    "sales" : 223.64,
    "salesGrowthYoY" : 20.08,
    "grossProfitMargin" : 12.02,
    "grossProfit" : 26.88,
    "operatingProfitMargin" : 5.50,
    "operatingProfit" : 12.30,
    "netProfitMargin" : 2.12,
    "netProfit" : 4.74
  }, {
    "date" : "2017-09-30",
    "sales" : 234.67,
    "salesGrowthYoY" : 20.28,
    "grossProfitMargin" : 11.89,
    "grossProfit" : 27.90,
    "operatingProfitMargin" : 6.43,
    "operatingProfit" : 15.09,
    "netProfitMargin" : 3.00,
    "netProfit" : 7.04
  }, {
    "date" : "2017-12-31",
    "sales" : 261.61,
    "salesGrowthYoY" : 34.98,
    "grossProfitMargin" : 11.06,
    "grossProfit" : 28.93,
    "operatingProfitMargin" : 5.50,
    "operatingProfit" : 14.39,
    "netProfitMargin" : 2.21,
    "netProfit" : 5.78
  }, {
    "date" : "2018-03-31",
    "sales" : 307.33,
    "salesGrowthYoY" : 36.19,
    "grossProfitMargin" : 12.48,
    "grossProfit" : 38.35,
    "operatingProfitMargin" : 6.84,
    "operatingProfit" : 21.02,
    "netProfitMargin" : 2.91,
    "netProfit" : 8.94
  }, {
    "date" : "2018-06-30",
    "sales" : 293.50,
    "salesGrowthYoY" : 31.24,
    "grossProfitMargin" : 11.22,
    "grossProfit" : 32.93,
    "operatingProfitMargin" : 5.57,
    "operatingProfit" : 16.35,
    "netProfitMargin" : 1.67,
    "netProfit" : 4.90
  }, {
    "date" : "2018-09-30",
    "sales" : 295.52,
    "salesGrowthYoY" : 25.93,
    "grossProfitMargin" : 10.24,
    "grossProfit" : 30.26,
    "operatingProfitMargin" : 4.20,
    "operatingProfit" : 12.41,
    "netProfitMargin" : 1.18,
    "netProfit" : 3.49
  }, {
    "date" : "2018-12-31",
    "sales" : 326.11,
    "salesGrowthYoY" : 24.66,
    "grossProfitMargin" : 10.60,
    "grossProfit" : 34.57,
    "operatingProfitMargin" : 4.45,
    "operatingProfit" : 14.51,
    "netProfitMargin" : 0.59,
    "netProfit" : 1.92
  }, {
    "date" : "2019-03-31",
    "sales" : 335.01,
    "salesGrowthYoY" : 9.01,
    "grossProfitMargin" : 11.77,
    "grossProfit" : 39.43,
    "operatingProfitMargin" : 5.20,
    "operatingProfit" : 17.42,
    "netProfitMargin" : 1.69,
    "netProfit" : 5.66
  }, {
    "date" : "2019-06-30",
    "sales" : 337.91,
    "salesGrowthYoY" : 15.13,
    "grossProfitMargin" : 9.76,
    "grossProfit" : 32.98,
    "operatingProfitMargin" : 3.72,
    "operatingProfit" : 12.57,
    "netProfitMargin" : 0.54,
    "netProfit" : 1.82
  }, {
    "date" : "2019-09-30",
    "sales" : 324.08,
    "salesGrowthYoY" : 9.66,
    "grossProfitMargin" : 11.36,
    "grossProfit" : 36.82,
    "operatingProfitMargin" : 4.93,
    "operatingProfit" : 15.98,
    "netProfitMargin" : 2.30,
    "netProfit" : 7.45
  }, {
    "date" : "2019-12-31",
    "sales" : 293.35,
    "salesGrowthYoY" : -10.05,
    "grossProfitMargin" : 11.14,
    "grossProfit" : 32.68,
    "operatingProfitMargin" : 4.21,
    "operatingProfit" : 12.35,
    "netProfitMargin" : 1.03,
    "netProfit" : 3.02
  }, {
    "date" : "2020-03-31",
    "sales" : 300.14,
    "salesGrowthYoY" : -10.41,
    "grossProfitMargin" : 12.16,
    "grossProfit" : 36.50,
    "operatingProfitMargin" : 3.80,
    "operatingProfit" : 11.41,
    "netProfitMargin" : 0.65,
    "netProfit" : 1.95
  }, {
    "date" : "2020-06-30",
    "sales" : 165.55,
    "salesGrowthYoY" : -51.01,
    "grossProfitMargin" : 10.59,
    "grossProfit" : 17.53,
    "operatingProfitMargin" : 2.26,
    "operatingProfit" : 3.74,
    "netProfitMargin" : -2.05,
    "netProfit" : -3.39
  }, {
    "date" : "2020-09-30",
    "sales" : 329.66,
    "salesGrowthYoY" : 1.72,
    "grossProfitMargin" : 9.49,
    "grossProfit" : 31.28,
    "operatingProfitMargin" : 3.45,
    "operatingProfit" : 11.37,
    "netProfitMargin" : 0.86,
    "netProfit" : 2.84
  }, {
    "date" : "2020-12-31",
    "sales" : 396.17,
    "salesGrowthYoY" : 35.05,
    "grossProfitMargin" : 9.67,
    "grossProfit" : 38.31,
    "operatingProfitMargin" : 4.09,
    "operatingProfit" : 16.20,
    "netProfitMargin" : 1.36,
    "netProfit" : 5.39
  }, {
    "date" : "2021-03-31",
    "sales" : 495.61,
    "salesGrowthYoY" : 65.13,
    "grossProfitMargin" : 8.81,
    "grossProfit" : 43.66,
    "operatingProfitMargin" : 4.04,
    "operatingProfit" : 20.02,
    "netProfitMargin" : 1.75,
    "netProfit" : 8.67
  }, {
    "date" : "2021-06-30",
    "sales" : 412.77,
    "salesGrowthYoY" : 149.33,
    "grossProfitMargin" : 8.81,
    "grossProfit" : 36.37,
    "operatingProfitMargin" : 4.14,
    "operatingProfit" : 17.09,
    "netProfitMargin" : 1.60,
    "netProfit" : 6.60
  }, {
    "date" : "2021-09-30",
    "sales" : 520.73,
    "salesGrowthYoY" : 57.96,
    "grossProfitMargin" : 9.43,
    "grossProfit" : 49.10,
    "operatingProfitMargin" : 4.48,
    "operatingProfit" : 23.33,
    "netProfitMargin" : 2.27,
    "netProfit" : 11.82
  }, {
    "date" : "2021-12-31",
    "sales" : 515.16,
    "salesGrowthYoY" : 30.04,
    "grossProfitMargin" : 9.69,
    "grossProfit" : 49.92,
    "operatingProfitMargin" : 5.30,
    "operatingProfit" : 27.30,
    "netProfitMargin" : 2.84,
    "netProfit" : 14.63
  }, {
    "date" : "2022-03-31",
    "sales" : 563.91,
    "salesGrowthYoY" : 13.78,
    "grossProfitMargin" : 9.10,
    "grossProfit" : 51.32,
    "operatingProfitMargin" : 4.76,
    "operatingProfit" : 26.84,
    "netProfitMargin" : 2.77,
    "netProfit" : 15.62
  }, {
    "date" : "2022-06-30",
    "sales" : 604.08,
    "salesGrowthYoY" : 46.35,
    "grossProfitMargin" : 7.81,
    "grossProfit" : 47.18,
    "operatingProfitMargin" : 3.70,
    "operatingProfit" : 22.35,
    "netProfitMargin" : 1.62,
    "netProfit" : 9.79
  }, {
    "date" : "2022-09-30",
    "sales" : 554.37,
    "salesGrowthYoY" : 6.46,
    "grossProfitMargin" : 8.35,
    "grossProfit" : 46.29,
    "operatingProfitMargin" : 3.50,
    "operatingProfit" : 19.40,
    "netProfitMargin" : 1.51,
    "netProfit" : 8.37
  }, {
    "date" : "2022-12-31",
    "sales" : 527.66,
    "salesGrowthYoY" : 2.43,
    "grossProfitMargin" : 9.60,
    "grossProfit" : 50.66,
    "operatingProfitMargin" : 4.55,
    "operatingProfit" : 24.01,
    "netProfitMargin" : 2.07,
    "netProfit" : 10.92
  }, {
    "date" : "2023-03-31",
    "sales" : 642.06,
    "salesGrowthYoY" : 13.86,
    "grossProfitMargin" : 8.87,
    "grossProfit" : 56.95,
    "operatingProfitMargin" : 4.02,
    "operatingProfit" : 25.81,
    "netProfitMargin" : 2.15,
    "netProfit" : 13.80
  }, {
    "date" : "2023-06-30",
    "sales" : 645.00,
    "salesGrowthYoY" : 6.77,
    "grossProfitMargin" : 7.93,
    "grossProfit" : 51.15,
    "operatingProfitMargin" : 3.43,
    "operatingProfit" : 22.12,
    "netProfitMargin" : 1.52,
    "netProfit" : 9.80
  }, {
    "date" : "2023-09-30",
    "sales" : 675.38,
    "salesGrowthYoY" : 21.83,
    "grossProfitMargin" : 8.61,
    "grossProfit" : 58.15,
    "operatingProfitMargin" : 4.07,
    "operatingProfit" : 27.49,
    "netProfitMargin" : 1.96,
    "netProfit" : 13.24
  }, {
    "date" : "2023-12-31",
    "sales" : 619.83,
    "salesGrowthYoY" : 17.47,
    "grossProfitMargin" : 8.39,
    "grossProfit" : 52.00,
    "operatingProfitMargin" : 3.64,
    "operatingProfit" : 22.56,
    "netProfitMargin" : 1.89,
    "netProfit" : 11.71
  }, {
    "date" : "2024-03-31",
    "sales" : 674.93,
    "salesGrowthYoY" : 5.12,
    "grossProfitMargin" : 8.36,
    "grossProfit" : 56.42,
    "operatingProfitMargin" : 4.04,
    "operatingProfit" : 27.27,
    "netProfitMargin" : 2.31,
    "netProfit" : 15.59
  }, {
    "date" : "2024-06-30",
    "sales" : 757.55,
    "salesGrowthYoY" : 17.45,
    "grossProfitMargin" : 7.03,
    "grossProfit" : 53.26,
    "operatingProfitMargin" : 2.90,
    "operatingProfit" : 21.97,
    "netProfitMargin" : 1.33,
    "netProfit" : 10.08
  }, {
    "date" : "2024-09-30",
    "sales" : 812.90,
    "salesGrowthYoY" : 20.36,
    "grossProfitMargin" : 7.95,
    "grossProfit" : 64.63,
    "operatingProfitMargin" : 3.80,
    "operatingProfit" : 30.89,
    "netProfitMargin" : 2.12,
    "netProfit" : 17.23
  }, {
    "date" : "2024-12-31",
    "sales" : 728.94,
    "salesGrowthYoY" : 17.60,
    "grossProfitMargin" : 8.59,
    "grossProfit" : 62.62,
    "operatingProfitMargin" : 3.77,
    "operatingProfit" : 27.48,
    "netProfitMargin" : 1.95,
    "netProfit" : 14.21
  }, {
    "date" : "2025-03-31",
    "sales" : 931.95,
    "salesGrowthYoY" : 38.08,
    "grossProfitMargin" : 9.30,
    "grossProfit" : 86.67,
    "operatingProfitMargin" : 4.46,
    "operatingProfit" : 41.56,
    "netProfitMargin" : 1.88,
    "netProfit" : 17.52
  }, {
    "date" : "2025-06-30",
    "sales" : 960.40,
    "salesGrowthYoY" : 26.78,
    "grossProfitMargin" : 8.96,
    "grossProfit" : 86.05,
    "operatingProfitMargin" : 4.15,
    "operatingProfit" : 39.86,
    "netProfitMargin" : 1.51,
    "netProfit" : 14.50
  }, {
    "date" : "2025-09-30",
    "sales" : 1141.29,
    "salesGrowthYoY" : 40.40,
    "grossProfitMargin" : 9.35,
    "grossProfit" : 106.71,
    "operatingProfitMargin" : 4.56,
    "operatingProfit" : 52.04,
    "netProfitMargin" : 1.90,
    "netProfit" : 21.68
  } ],
  "latestQuarterlyResult" : {
    "date" : "2025-09-30",
    "sales" : 1141.29,
    "salesGrowthYoY" : 40.40,
    "grossProfitMargin" : 9.35,
    "grossProfit" : 106.71,
    "operatingProfitMargin" : 4.56,
    "operatingProfit" : 52.04,
    "netProfitMargin" : 1.90,
    "netProfit" : 21.68
  },
  "companyScore" : {
    "priceHigherThanDma50" : 0.00,
    "priceHigherThanDma100" : 0.00,
    "priceHigherThanDma200" : 0.00,
    "dma50HigherThanDma100" : 0.00,
    "dma50HigherThanDma200" : 5.00,
    "dma100HigherThanDma200" : 5.00,
    "pricePercentageAboveDma50" : 5.24,
    "pricePercentageAboveDma100" : 5.45,
    "pricePercentageAboveDma200" : 5.13,
    "weeklyVolumeHigherThanYearlyVolume" : 0.00,
    "salesGrowthPercentile" : 16.96,
    "operatingProfitMarginPercentile" : 13.83,
    "netProfitMarginPercentile" : 7.21,
    "totalTechnicalScore" : 25.82,
    "totalFundamentalScore" : 38.00,
    "totalScore" : 63.82
  }
}