{
  "metadata" : {
    "screenerCompanyId" : "2708",
    "companyCode" : "REDINGTON",
    "companyName" : "Redington",
    "screenerCompanyLink" : "https://www.screener.in/company/REDINGTON/consolidated/",
    "screenerTechnicalHistoryLink" : "https://www.screener.in/api/company/2708/chart/?q=Price-DMA50-DMA200-Volume&days=365",
    "screenerQuarterlyResultsLink" : "https://www.screener.in/api/company/2708/chart/?q=GPM-OPM-NPM-Quarter+Sales&days=10000",
    "attributes" : {
      "companyCode" : "REDINGTON",
      "companyName" : "Redington",
      "marketCap" : 21225.00,
      "peRatio" : 15.50,
      "description" : "Established in the year 1993, Redington Limited is a leading distributor of IT and mobility products and a provider of supply chain management solutions and support services in India, the Middle East, Turkey and Africa.[1]"
    },
    "companyScore" : {
      "priceHigherThanDma50" : 5.00,
      "priceHigherThanDma100" : 0.00,
      "priceHigherThanDma200" : 5.00,
      "dma50HigherThanDma100" : 0.00,
      "dma50HigherThanDma200" : 5.00,
      "dma100HigherThanDma200" : 5.00,
      "pricePercentageAboveDma50" : 4.99,
      "pricePercentageAboveDma100" : 5.04,
      "pricePercentageAboveDma200" : 4.86,
      "weeklyVolumeHigherThanYearlyVolume" : 0.00,
      "salesGrowthPercentile" : 14.32,
      "operatingProfitMarginPercentile" : 6.81,
      "netProfitMarginPercentile" : 9.23,
      "totalTechnicalScore" : 34.89,
      "totalFundamentalScore" : 30.37,
      "totalScore" : 65.26
    }
  },
  "attributes" : {
    "companyCode" : "REDINGTON",
    "companyName" : "Redington",
    "marketCap" : 21225.00,
    "peRatio" : 15.50,
    "description" : "Established in the year 1993, Redington Limited is a leading distributor of IT and mobility products and a provider of supply chain management solutions and support services in India, the Middle East, Turkey and Africa.[1]"
  },
  "technicalHistory" : [ {
    "date" : "2025-01-31",
    "price" : 206.23,
    "dma50" : 205.93,
    "dma100" : null,
    "dma200" : 198.63,
    "volume" : 1684204.00
  }, {
    "date" : "2025-02-01",
    "price" : 204.02,
    "dma50" : 205.86,
    "dma100" : null,
    "dma200" : 198.68,
    "volume" : 805754.00
  }, {
    "date" : "2025-02-03",
    "price" : 203.60,
    "dma50" : 205.77,
    "dma100" : null,
    "dma200" : 198.73,
    "volume" : 1466748.00
  }, {
    "date" : "2025-02-04",
    "price" : 202.45,
    "dma50" : 205.64,
    "dma100" : null,
    "dma200" : 198.77,
    "volume" : 926242.00
  }, {
    "date" : "2025-02-05",
    "price" : 214.34,
    "dma50" : 205.98,
    "dma100" : null,
    "dma200" : 198.92,
    "volume" : 2467163.00
  }, {
    "date" : "2025-02-06",
    "price" : 228.00,
    "dma50" : 206.84,
    "dma100" : null,
    "dma200" : 199.21,
    "volume" : 26000113.00
  }, {
    "date" : "2025-02-07",
    "price" : 231.80,
    "dma50" : 207.82,
    "dma100" : null,
    "dma200" : 199.54,
    "volume" : 11196500.00
  }, {
    "date" : "2025-02-10",
    "price" : 241.96,
    "dma50" : 209.16,
    "dma100" : null,
    "dma200" : 199.96,
    "volume" : 35211106.00
  }, {
    "date" : "2025-02-11",
    "price" : 231.49,
    "dma50" : 210.04,
    "dma100" : null,
    "dma200" : 200.27,
    "volume" : 9374460.00
  }, {
    "date" : "2025-02-12",
    "price" : 229.04,
    "dma50" : 210.78,
    "dma100" : null,
    "dma200" : 200.56,
    "volume" : 5688449.00
  }, {
    "date" : "2025-02-13",
    "price" : 244.55,
    "dma50" : 212.11,
    "dma100" : null,
    "dma200" : 201.00,
    "volume" : 29063851.00
  }, {
    "date" : "2025-02-14",
    "price" : 245.26,
    "dma50" : 213.41,
    "dma100" : null,
    "dma200" : 201.44,
    "volume" : 11406118.00
  }, {
    "date" : "2025-02-17",
    "price" : 242.91,
    "dma50" : 214.56,
    "dma100" : null,
    "dma200" : 201.85,
    "volume" : 14767211.00
  }, {
    "date" : "2025-02-18",
    "price" : 227.80,
    "dma50" : 215.08,
    "dma100" : null,
    "dma200" : 202.11,
    "volume" : 5824802.00
  }, {
    "date" : "2025-02-19",
    "price" : 248.06,
    "dma50" : 216.38,
    "dma100" : null,
    "dma200" : 202.57,
    "volume" : 13812711.00
  }, {
    "date" : "2025-02-20",
    "price" : 249.46,
    "dma50" : 217.67,
    "dma100" : null,
    "dma200" : 203.03,
    "volume" : 7326849.00
  }, {
    "date" : "2025-02-21",
    "price" : 251.51,
    "dma50" : 219.00,
    "dma100" : null,
    "dma200" : 203.51,
    "volume" : 12467551.00
  }, {
    "date" : "2025-02-24",
    "price" : 250.25,
    "dma50" : 220.23,
    "dma100" : null,
    "dma200" : 203.98,
    "volume" : 6768744.00
  }, {
    "date" : "2025-02-25",
    "price" : 248.86,
    "dma50" : 221.35,
    "dma100" : null,
    "dma200" : 204.43,
    "volume" : 4204881.00
  }, {
    "date" : "2025-02-27",
    "price" : 251.03,
    "dma50" : 222.51,
    "dma100" : null,
    "dma200" : 204.89,
    "volume" : 4216611.00
  }, {
    "date" : "2025-02-28",
    "price" : 224.32,
    "dma50" : 222.58,
    "dma100" : null,
    "dma200" : 205.08,
    "volume" : 10130109.00
  }, {
    "date" : "2025-03-03",
    "price" : 232.22,
    "dma50" : 222.96,
    "dma100" : null,
    "dma200" : 205.35,
    "volume" : 6637256.00
  }, {
    "date" : "2025-03-04",
    "price" : 228.54,
    "dma50" : 223.18,
    "dma100" : null,
    "dma200" : 205.58,
    "volume" : 3181315.00
  }, {
    "date" : "2025-03-05",
    "price" : 246.99,
    "dma50" : 224.11,
    "dma100" : null,
    "dma200" : 206.00,
    "volume" : 21681703.00
  }, {
    "date" : "2025-03-06",
    "price" : 247.32,
    "dma50" : 225.02,
    "dma100" : null,
    "dma200" : 206.41,
    "volume" : 5931628.00
  }, {
    "date" : "2025-03-07",
    "price" : 251.11,
    "dma50" : 226.05,
    "dma100" : null,
    "dma200" : 206.85,
    "volume" : 6302251.00
  }, {
    "date" : "2025-03-10",
    "price" : 244.87,
    "dma50" : 226.78,
    "dma100" : null,
    "dma200" : 207.23,
    "volume" : 2738669.00
  }, {
    "date" : "2025-03-11",
    "price" : 236.94,
    "dma50" : 227.18,
    "dma100" : null,
    "dma200" : 207.53,
    "volume" : 3093777.00
  }, {
    "date" : "2025-03-12",
    "price" : 234.43,
    "dma50" : 227.47,
    "dma100" : null,
    "dma200" : 207.79,
    "volume" : 3845634.00
  }, {
    "date" : "2025-03-13",
    "price" : 224.60,
    "dma50" : 227.35,
    "dma100" : null,
    "dma200" : 207.96,
    "volume" : 3643818.00
  }, {
    "date" : "2025-03-17",
    "price" : 225.59,
    "dma50" : 227.29,
    "dma100" : null,
    "dma200" : 208.14,
    "volume" : 3928993.00
  }, {
    "date" : "2025-03-18",
    "price" : 227.07,
    "dma50" : 227.28,
    "dma100" : null,
    "dma200" : 208.32,
    "volume" : 2809141.00
  }, {
    "date" : "2025-03-19",
    "price" : 226.68,
    "dma50" : 227.25,
    "dma100" : null,
    "dma200" : 208.51,
    "volume" : 3327080.00
  }, {
    "date" : "2025-03-20",
    "price" : 227.45,
    "dma50" : 227.26,
    "dma100" : null,
    "dma200" : 208.70,
    "volume" : 4180876.00
  }, {
    "date" : "2025-03-21",
    "price" : 250.18,
    "dma50" : 228.16,
    "dma100" : null,
    "dma200" : 209.11,
    "volume" : 41206836.00
  }, {
    "date" : "2025-03-24",
    "price" : 242.92,
    "dma50" : 228.74,
    "dma100" : null,
    "dma200" : 209.44,
    "volume" : 4380442.00
  }, {
    "date" : "2025-03-25",
    "price" : 243.97,
    "dma50" : 229.34,
    "dma100" : null,
    "dma200" : 209.79,
    "volume" : 3753924.00
  }, {
    "date" : "2025-03-26",
    "price" : 238.20,
    "dma50" : 229.68,
    "dma100" : null,
    "dma200" : 210.07,
    "volume" : 3697128.00
  }, {
    "date" : "2025-03-27",
    "price" : 243.58,
    "dma50" : 230.23,
    "dma100" : null,
    "dma200" : 210.40,
    "volume" : 6440052.00
  }, {
    "date" : "2025-03-28",
    "price" : 242.95,
    "dma50" : 230.73,
    "dma100" : null,
    "dma200" : 210.73,
    "volume" : 2603692.00
  }, {
    "date" : "2025-04-01",
    "price" : 229.71,
    "dma50" : 230.69,
    "dma100" : null,
    "dma200" : 210.92,
    "volume" : 5011863.00
  }, {
    "date" : "2025-04-02",
    "price" : 230.47,
    "dma50" : 230.68,
    "dma100" : null,
    "dma200" : 211.11,
    "volume" : 2788757.00
  }, {
    "date" : "2025-04-03",
    "price" : 228.26,
    "dma50" : 230.58,
    "dma100" : null,
    "dma200" : 211.28,
    "volume" : 3952685.00
  }, {
    "date" : "2025-04-04",
    "price" : 214.39,
    "dma50" : 229.95,
    "dma100" : null,
    "dma200" : 211.31,
    "volume" : 3533600.00
  }, {
    "date" : "2025-04-07",
    "price" : 203.42,
    "dma50" : 228.91,
    "dma100" : null,
    "dma200" : 211.23,
    "volume" : 7707508.00
  }, {
    "date" : "2025-04-08",
    "price" : 201.24,
    "dma50" : 227.82,
    "dma100" : null,
    "dma200" : 211.14,
    "volume" : 4901375.00
  }, {
    "date" : "2025-04-09",
    "price" : 204.72,
    "dma50" : 226.92,
    "dma100" : null,
    "dma200" : 211.07,
    "volume" : 12849145.00
  }, {
    "date" : "2025-04-11",
    "price" : 215.48,
    "dma50" : 226.47,
    "dma100" : null,
    "dma200" : 211.12,
    "volume" : 10254519.00
  }, {
    "date" : "2025-04-15",
    "price" : 224.68,
    "dma50" : 226.40,
    "dma100" : null,
    "dma200" : 211.25,
    "volume" : 3653983.00
  }, {
    "date" : "2025-04-16",
    "price" : 226.37,
    "dma50" : 226.40,
    "dma100" : null,
    "dma200" : 211.40,
    "volume" : 3587828.00
  }, {
    "date" : "2025-04-17",
    "price" : 223.55,
    "dma50" : 226.29,
    "dma100" : null,
    "dma200" : 211.52,
    "volume" : 1740503.00
  }, {
    "date" : "2025-04-21",
    "price" : 229.08,
    "dma50" : 226.40,
    "dma100" : null,
    "dma200" : 211.70,
    "volume" : 2286808.00
  }, {
    "date" : "2025-04-22",
    "price" : 223.80,
    "dma50" : 226.29,
    "dma100" : null,
    "dma200" : 211.82,
    "volume" : 2332206.00
  }, {
    "date" : "2025-04-23",
    "price" : 238.09,
    "dma50" : 226.76,
    "dma100" : null,
    "dma200" : 212.08,
    "volume" : 11820449.00
  }, {
    "date" : "2025-04-24",
    "price" : 245.28,
    "dma50" : 227.48,
    "dma100" : null,
    "dma200" : 212.41,
    "volume" : 8265124.00
  }, {
    "date" : "2025-04-25",
    "price" : 245.44,
    "dma50" : 228.19,
    "dma100" : null,
    "dma200" : 212.74,
    "volume" : 6559939.00
  }, {
    "date" : "2025-04-28",
    "price" : 249.64,
    "dma50" : 229.03,
    "dma100" : null,
    "dma200" : 213.10,
    "volume" : 3901500.00
  }, {
    "date" : "2025-04-29",
    "price" : 248.40,
    "dma50" : 229.79,
    "dma100" : null,
    "dma200" : 213.46,
    "volume" : 3056509.00
  }, {
    "date" : "2025-04-30",
    "price" : 245.71,
    "dma50" : 230.41,
    "dma100" : null,
    "dma200" : 213.78,
    "volume" : 2870315.00
  }, {
    "date" : "2025-05-02",
    "price" : 251.80,
    "dma50" : 231.25,
    "dma100" : null,
    "dma200" : 214.15,
    "volume" : 4018021.00
  }, {
    "date" : "2025-05-05",
    "price" : 248.59,
    "dma50" : 231.93,
    "dma100" : null,
    "dma200" : 214.50,
    "volume" : 2095915.00
  }, {
    "date" : "2025-05-06",
    "price" : 250.15,
    "dma50" : 232.65,
    "dma100" : null,
    "dma200" : 214.85,
    "volume" : 8860687.00
  }, {
    "date" : "2025-05-07",
    "price" : 252.18,
    "dma50" : 233.41,
    "dma100" : null,
    "dma200" : 215.22,
    "volume" : 2188888.00
  }, {
    "date" : "2025-05-08",
    "price" : 247.50,
    "dma50" : 233.96,
    "dma100" : null,
    "dma200" : 215.54,
    "volume" : 2012032.00
  }, {
    "date" : "2025-05-09",
    "price" : 259.35,
    "dma50" : 234.96,
    "dma100" : null,
    "dma200" : 215.98,
    "volume" : 7711468.00
  }, {
    "date" : "2025-05-12",
    "price" : 260.94,
    "dma50" : 235.98,
    "dma100" : null,
    "dma200" : 216.43,
    "volume" : 4850205.00
  }, {
    "date" : "2025-05-13",
    "price" : 272.52,
    "dma50" : 237.41,
    "dma100" : null,
    "dma200" : 216.99,
    "volume" : 18199638.00
  }, {
    "date" : "2025-05-14",
    "price" : 277.97,
    "dma50" : 239.00,
    "dma100" : null,
    "dma200" : 217.59,
    "volume" : 5376208.00
  }, {
    "date" : "2025-05-15",
    "price" : 279.29,
    "dma50" : 240.58,
    "dma100" : null,
    "dma200" : 218.21,
    "volume" : 2753132.00
  }, {
    "date" : "2025-05-16",
    "price" : 280.16,
    "dma50" : 242.13,
    "dma100" : null,
    "dma200" : 218.82,
    "volume" : 1903391.00
  }, {
    "date" : "2025-05-19",
    "price" : 280.17,
    "dma50" : 243.63,
    "dma100" : null,
    "dma200" : 219.43,
    "volume" : 4198573.00
  }, {
    "date" : "2025-05-20",
    "price" : 282.65,
    "dma50" : 245.16,
    "dma100" : null,
    "dma200" : 220.06,
    "volume" : 19377129.00
  }, {
    "date" : "2025-05-21",
    "price" : 289.88,
    "dma50" : 246.91,
    "dma100" : null,
    "dma200" : 220.76,
    "volume" : 7449592.00
  }, {
    "date" : "2025-05-22",
    "price" : 274.88,
    "dma50" : 248.01,
    "dma100" : null,
    "dma200" : 221.30,
    "volume" : 3944085.00
  }, {
    "date" : "2025-05-23",
    "price" : 271.77,
    "dma50" : 248.94,
    "dma100" : null,
    "dma200" : 221.80,
    "volume" : 2438773.00
  }, {
    "date" : "2025-05-26",
    "price" : 266.76,
    "dma50" : 249.64,
    "dma100" : null,
    "dma200" : 222.25,
    "volume" : 2295630.00
  }, {
    "date" : "2025-05-27",
    "price" : 261.04,
    "dma50" : 250.08,
    "dma100" : null,
    "dma200" : 222.63,
    "volume" : 2655813.00
  }, {
    "date" : "2025-05-28",
    "price" : 267.62,
    "dma50" : 250.77,
    "dma100" : null,
    "dma200" : 223.08,
    "volume" : 3811412.00
  }, {
    "date" : "2025-05-29",
    "price" : 264.67,
    "dma50" : 251.32,
    "dma100" : null,
    "dma200" : 223.49,
    "volume" : 1748425.00
  }, {
    "date" : "2025-05-30",
    "price" : 258.67,
    "dma50" : 251.61,
    "dma100" : null,
    "dma200" : 223.84,
    "volume" : 3525217.00
  }, {
    "date" : "2025-06-02",
    "price" : 269.80,
    "dma50" : 252.32,
    "dma100" : null,
    "dma200" : 224.30,
    "volume" : 4005645.00
  }, {
    "date" : "2025-06-03",
    "price" : 268.85,
    "dma50" : 252.97,
    "dma100" : null,
    "dma200" : 224.74,
    "volume" : 4045757.00
  }, {
    "date" : "2025-06-04",
    "price" : 267.15,
    "dma50" : 253.52,
    "dma100" : null,
    "dma200" : 225.17,
    "volume" : 2183720.00
  }, {
    "date" : "2025-06-05",
    "price" : 276.95,
    "dma50" : 254.44,
    "dma100" : null,
    "dma200" : 225.68,
    "volume" : 2844949.00
  }, {
    "date" : "2025-06-06",
    "price" : 282.70,
    "dma50" : 255.55,
    "dma100" : null,
    "dma200" : 226.25,
    "volume" : 3354530.00
  }, {
    "date" : "2025-06-09",
    "price" : 285.75,
    "dma50" : 256.73,
    "dma100" : null,
    "dma200" : 226.84,
    "volume" : 2037092.00
  }, {
    "date" : "2025-06-10",
    "price" : 292.70,
    "dma50" : 258.15,
    "dma100" : null,
    "dma200" : 227.50,
    "volume" : 3688686.00
  }, {
    "date" : "2025-06-11",
    "price" : 287.00,
    "dma50" : 259.28,
    "dma100" : null,
    "dma200" : 228.09,
    "volume" : 3964482.00
  }, {
    "date" : "2025-06-12",
    "price" : 299.25,
    "dma50" : 260.84,
    "dma100" : null,
    "dma200" : 228.80,
    "volume" : 11135198.00
  }, {
    "date" : "2025-06-13",
    "price" : 295.35,
    "dma50" : 262.20,
    "dma100" : null,
    "dma200" : 229.46,
    "volume" : 3111554.00
  }, {
    "date" : "2025-06-16",
    "price" : 297.00,
    "dma50" : 263.56,
    "dma100" : null,
    "dma200" : 230.13,
    "volume" : 2406451.00
  }, {
    "date" : "2025-06-17",
    "price" : 295.40,
    "dma50" : 264.81,
    "dma100" : null,
    "dma200" : 230.78,
    "volume" : 1971013.00
  }, {
    "date" : "2025-06-18",
    "price" : 296.45,
    "dma50" : 266.05,
    "dma100" : null,
    "dma200" : 231.43,
    "volume" : 7869589.00
  }, {
    "date" : "2025-06-19",
    "price" : 299.25,
    "dma50" : 267.35,
    "dma100" : null,
    "dma200" : 232.11,
    "volume" : 3821735.00
  }, {
    "date" : "2025-06-20",
    "price" : 293.20,
    "dma50" : 268.37,
    "dma100" : null,
    "dma200" : 232.72,
    "volume" : 3000035.00
  }, {
    "date" : "2025-06-23",
    "price" : 289.70,
    "dma50" : 269.20,
    "dma100" : null,
    "dma200" : 233.28,
    "volume" : 2380880.00
  }, {
    "date" : "2025-06-24",
    "price" : 299.40,
    "dma50" : 270.39,
    "dma100" : null,
    "dma200" : 233.94,
    "volume" : 2485821.00
  }, {
    "date" : "2025-06-25",
    "price" : 306.95,
    "dma50" : 271.82,
    "dma100" : null,
    "dma200" : 234.67,
    "volume" : 3257823.00
  }, {
    "date" : "2025-06-26",
    "price" : 296.90,
    "dma50" : 272.81,
    "dma100" : null,
    "dma200" : 235.29,
    "volume" : 2962446.00
  }, {
    "date" : "2025-06-27",
    "price" : 322.05,
    "dma50" : 274.74,
    "dma100" : null,
    "dma200" : 236.15,
    "volume" : 7781588.00
  }, {
    "date" : "2025-06-30",
    "price" : 325.35,
    "dma50" : 276.72,
    "dma100" : 252.60,
    "dma200" : 237.04,
    "volume" : 7702207.00
  }, {
    "date" : "2025-07-01",
    "price" : 329.70,
    "dma50" : 278.80,
    "dma100" : 253.85,
    "dma200" : 237.96,
    "volume" : 3138095.00
  }, {
    "date" : "2025-07-02",
    "price" : 312.00,
    "dma50" : 280.10,
    "dma100" : 254.94,
    "dma200" : 238.70,
    "volume" : 4441314.00
  }, {
    "date" : "2025-07-03",
    "price" : 312.35,
    "dma50" : 281.37,
    "dma100" : 256.04,
    "dma200" : 239.43,
    "volume" : 4611509.00
  }, {
    "date" : "2025-07-04",
    "price" : 312.00,
    "dma50" : 282.57,
    "dma100" : 257.01,
    "dma200" : 240.15,
    "volume" : 1901613.00
  }, {
    "date" : "2025-07-07",
    "price" : 310.20,
    "dma50" : 283.65,
    "dma100" : 257.84,
    "dma200" : 240.85,
    "volume" : 1623147.00
  }, {
    "date" : "2025-07-08",
    "price" : 307.75,
    "dma50" : 284.60,
    "dma100" : 258.60,
    "dma200" : 241.51,
    "volume" : 1355105.00
  }, {
    "date" : "2025-07-09",
    "price" : 300.95,
    "dma50" : 285.24,
    "dma100" : 259.19,
    "dma200" : 242.10,
    "volume" : 1865689.00
  }, {
    "date" : "2025-07-10",
    "price" : 297.55,
    "dma50" : 285.72,
    "dma100" : 259.85,
    "dma200" : 242.66,
    "volume" : 1581106.00
  }, {
    "date" : "2025-07-11",
    "price" : 299.80,
    "dma50" : 286.27,
    "dma100" : 260.55,
    "dma200" : 243.23,
    "volume" : 1775085.00
  }, {
    "date" : "2025-07-14",
    "price" : 307.95,
    "dma50" : 287.12,
    "dma100" : 261.19,
    "dma200" : 243.87,
    "volume" : 2440717.00
  }, {
    "date" : "2025-07-15",
    "price" : 309.60,
    "dma50" : 288.00,
    "dma100" : 261.83,
    "dma200" : 244.52,
    "volume" : 1624006.00
  }, {
    "date" : "2025-07-16",
    "price" : 307.00,
    "dma50" : 288.75,
    "dma100" : 262.47,
    "dma200" : 245.14,
    "volume" : 1121410.00
  }, {
    "date" : "2025-07-17",
    "price" : 308.55,
    "dma50" : 289.53,
    "dma100" : 263.28,
    "dma200" : 245.78,
    "volume" : 826995.00
  }, {
    "date" : "2025-07-18",
    "price" : 310.75,
    "dma50" : 290.36,
    "dma100" : 263.91,
    "dma200" : 246.42,
    "volume" : 1278314.00
  }, {
    "date" : "2025-07-21",
    "price" : 303.75,
    "dma50" : 290.88,
    "dma100" : 264.45,
    "dma200" : 246.99,
    "volume" : 1123031.00
  }, {
    "date" : "2025-07-22",
    "price" : 311.90,
    "dma50" : 291.71,
    "dma100" : 265.05,
    "dma200" : 247.64,
    "volume" : 1661946.00
  }, {
    "date" : "2025-07-23",
    "price" : 311.15,
    "dma50" : 292.47,
    "dma100" : 265.66,
    "dma200" : 248.27,
    "volume" : 1166347.00
  }, {
    "date" : "2025-07-24",
    "price" : 303.50,
    "dma50" : 292.90,
    "dma100" : 266.21,
    "dma200" : 248.82,
    "volume" : 1269506.00
  }, {
    "date" : "2025-07-25",
    "price" : 294.20,
    "dma50" : 292.95,
    "dma100" : 266.64,
    "dma200" : 249.27,
    "volume" : 1478234.00
  }, {
    "date" : "2025-07-28",
    "price" : 286.10,
    "dma50" : 292.68,
    "dma100" : 267.26,
    "dma200" : 249.64,
    "volume" : 2318744.00
  }, {
    "date" : "2025-07-29",
    "price" : 287.90,
    "dma50" : 292.50,
    "dma100" : 267.81,
    "dma200" : 250.02,
    "volume" : 2035068.00
  }, {
    "date" : "2025-07-30",
    "price" : 265.45,
    "dma50" : 291.44,
    "dma100" : 268.18,
    "dma200" : 250.17,
    "volume" : 6133189.00
  }, {
    "date" : "2025-07-31",
    "price" : 250.20,
    "dma50" : 289.82,
    "dma100" : 268.22,
    "dma200" : 250.17,
    "volume" : 5162426.00
  }, {
    "date" : "2025-08-01",
    "price" : 249.45,
    "dma50" : 288.24,
    "dma100" : 268.24,
    "dma200" : 250.17,
    "volume" : 3446823.00
  }, {
    "date" : "2025-08-04",
    "price" : 251.90,
    "dma50" : 286.81,
    "dma100" : 268.25,
    "dma200" : 250.18,
    "volume" : 4142196.00
  }, {
    "date" : "2025-08-05",
    "price" : 253.00,
    "dma50" : 285.48,
    "dma100" : 268.33,
    "dma200" : 250.21,
    "volume" : 2252957.00
  }, {
    "date" : "2025-08-06",
    "price" : 239.20,
    "dma50" : 283.67,
    "dma100" : 268.35,
    "dma200" : 250.10,
    "volume" : 4068223.00
  }, {
    "date" : "2025-08-07",
    "price" : 242.85,
    "dma50" : 282.07,
    "dma100" : 268.43,
    "dma200" : 250.03,
    "volume" : 2120081.00
  }, {
    "date" : "2025-08-08",
    "price" : 241.10,
    "dma50" : 280.46,
    "dma100" : 268.60,
    "dma200" : 249.94,
    "volume" : 2606467.00
  }, {
    "date" : "2025-08-11",
    "price" : 242.70,
    "dma50" : 278.98,
    "dma100" : 268.77,
    "dma200" : 249.87,
    "volume" : 1039999.00
  }, {
    "date" : "2025-08-12",
    "price" : 235.80,
    "dma50" : 277.29,
    "dma100" : 268.86,
    "dma200" : 249.73,
    "volume" : 1694886.00
  }, {
    "date" : "2025-08-13",
    "price" : 240.15,
    "dma50" : 275.83,
    "dma100" : 268.99,
    "dma200" : 249.63,
    "volume" : 1419545.00
  }, {
    "date" : "2025-08-14",
    "price" : 237.10,
    "dma50" : 274.31,
    "dma100" : 269.09,
    "dma200" : 249.51,
    "volume" : 1317023.00
  }, {
    "date" : "2025-08-18",
    "price" : 239.85,
    "dma50" : 272.96,
    "dma100" : 268.98,
    "dma200" : 249.41,
    "volume" : 2030423.00
  }, {
    "date" : "2025-08-19",
    "price" : 243.65,
    "dma50" : 271.81,
    "dma100" : 268.99,
    "dma200" : 249.35,
    "volume" : 2883852.00
  }, {
    "date" : "2025-08-20",
    "price" : 246.45,
    "dma50" : 270.82,
    "dma100" : 269.02,
    "dma200" : 249.33,
    "volume" : 2793769.00
  }, {
    "date" : "2025-08-21",
    "price" : 242.20,
    "dma50" : 269.69,
    "dma100" : 269.06,
    "dma200" : 249.25,
    "volume" : 1450999.00
  }, {
    "date" : "2025-08-22",
    "price" : 243.30,
    "dma50" : 268.66,
    "dma100" : 269.05,
    "dma200" : 249.20,
    "volume" : 1869230.00
  }, {
    "date" : "2025-08-25",
    "price" : 243.40,
    "dma50" : 267.67,
    "dma100" : 269.06,
    "dma200" : 249.14,
    "volume" : 1243894.00
  }, {
    "date" : "2025-08-26",
    "price" : 233.50,
    "dma50" : 266.33,
    "dma100" : 269.10,
    "dma200" : 248.98,
    "volume" : 2629710.00
  }, {
    "date" : "2025-08-28",
    "price" : 235.15,
    "dma50" : 265.11,
    "dma100" : 269.14,
    "dma200" : 248.84,
    "volume" : 1358521.00
  }, {
    "date" : "2025-08-29",
    "price" : 240.85,
    "dma50" : 264.16,
    "dma100" : 269.27,
    "dma200" : 248.77,
    "volume" : 1973787.00
  }, {
    "date" : "2025-09-01",
    "price" : 243.89,
    "dma50" : 263.36,
    "dma100" : 269.56,
    "dma200" : 248.72,
    "volume" : 1298476.00
  }, {
    "date" : "2025-09-02",
    "price" : 240.81,
    "dma50" : 262.48,
    "dma100" : 269.94,
    "dma200" : 248.64,
    "volume" : 1387224.00
  }, {
    "date" : "2025-09-03",
    "price" : 237.28,
    "dma50" : 261.49,
    "dma100" : 270.30,
    "dma200" : 248.52,
    "volume" : 1791958.00
  }, {
    "date" : "2025-09-04",
    "price" : 242.50,
    "dma50" : 260.74,
    "dma100" : 270.68,
    "dma200" : 248.47,
    "volume" : 2596734.00
  }, {
    "date" : "2025-09-05",
    "price" : 236.81,
    "dma50" : 259.80,
    "dma100" : 270.89,
    "dma200" : 248.35,
    "volume" : 1378210.00
  }, {
    "date" : "2025-09-08",
    "price" : 242.81,
    "dma50" : 259.14,
    "dma100" : 271.07,
    "dma200" : 248.29,
    "volume" : 2285086.00
  }, {
    "date" : "2025-09-09",
    "price" : 243.29,
    "dma50" : 258.52,
    "dma100" : 271.24,
    "dma200" : 248.24,
    "volume" : 1196862.00
  }, {
    "date" : "2025-09-10",
    "price" : 244.17,
    "dma50" : 257.95,
    "dma100" : 271.45,
    "dma200" : 248.20,
    "volume" : 1768620.00
  }, {
    "date" : "2025-09-11",
    "price" : 242.11,
    "dma50" : 257.33,
    "dma100" : 271.58,
    "dma200" : 248.14,
    "volume" : 644207.00
  }, {
    "date" : "2025-09-12",
    "price" : 243.80,
    "dma50" : 256.80,
    "dma100" : 271.78,
    "dma200" : 248.10,
    "volume" : 938963.00
  }, {
    "date" : "2025-09-15",
    "price" : 241.42,
    "dma50" : 256.20,
    "dma100" : 271.81,
    "dma200" : 248.03,
    "volume" : 1132480.00
  }, {
    "date" : "2025-09-16",
    "price" : 289.30,
    "dma50" : 257.50,
    "dma100" : 272.25,
    "dma200" : 248.44,
    "volume" : 117568767.00
  }, {
    "date" : "2025-09-17",
    "price" : 292.18,
    "dma50" : 258.86,
    "dma100" : 272.72,
    "dma200" : 248.88,
    "volume" : 65651621.00
  }, {
    "date" : "2025-09-18",
    "price" : 288.14,
    "dma50" : 260.01,
    "dma100" : 273.10,
    "dma200" : 249.27,
    "volume" : 9476877.00
  }, {
    "date" : "2025-09-19",
    "price" : 299.73,
    "dma50" : 261.56,
    "dma100" : 273.62,
    "dma200" : 249.77,
    "volume" : 86440247.00
  }, {
    "date" : "2025-09-22",
    "price" : 290.20,
    "dma50" : 262.69,
    "dma100" : 274.06,
    "dma200" : 250.17,
    "volume" : 10615985.00
  }, {
    "date" : "2025-09-23",
    "price" : 285.03,
    "dma50" : 263.56,
    "dma100" : 274.39,
    "dma200" : 250.52,
    "volume" : 3605035.00
  }, {
    "date" : "2025-09-24",
    "price" : 274.06,
    "dma50" : 263.97,
    "dma100" : 274.65,
    "dma200" : 250.76,
    "volume" : 4261408.00
  }, {
    "date" : "2025-09-25",
    "price" : 268.83,
    "dma50" : 264.16,
    "dma100" : 274.83,
    "dma200" : 250.94,
    "volume" : 3997694.00
  }, {
    "date" : "2025-09-26",
    "price" : 264.83,
    "dma50" : 264.19,
    "dma100" : 274.96,
    "dma200" : 251.07,
    "volume" : 2694628.00
  }, {
    "date" : "2025-09-29",
    "price" : 291.24,
    "dma50" : 265.25,
    "dma100" : 275.40,
    "dma200" : 251.47,
    "volume" : 18351860.00
  }, {
    "date" : "2025-09-30",
    "price" : 283.43,
    "dma50" : 265.96,
    "dma100" : 275.64,
    "dma200" : 251.79,
    "volume" : 17302913.00
  }, {
    "date" : "2025-10-01",
    "price" : 279.00,
    "dma50" : 266.48,
    "dma100" : 275.82,
    "dma200" : 252.06,
    "volume" : 4213075.00
  }, {
    "date" : "2025-10-03",
    "price" : 279.85,
    "dma50" : 267.00,
    "dma100" : 275.89,
    "dma200" : 252.34,
    "volume" : 2828568.00
  }, {
    "date" : "2025-10-06",
    "price" : 276.90,
    "dma50" : 267.39,
    "dma100" : 275.88,
    "dma200" : 252.58,
    "volume" : 1369172.00
  }, {
    "date" : "2025-10-07",
    "price" : 274.75,
    "dma50" : 267.68,
    "dma100" : 275.84,
    "dma200" : 252.80,
    "volume" : 1567456.00
  }, {
    "date" : "2025-10-08",
    "price" : 274.15,
    "dma50" : 267.93,
    "dma100" : 275.78,
    "dma200" : 253.02,
    "volume" : 2257519.00
  }, {
    "date" : "2025-10-09",
    "price" : 268.60,
    "dma50" : 267.96,
    "dma100" : 275.66,
    "dma200" : 253.17,
    "volume" : 1844798.00
  }, {
    "date" : "2025-10-10",
    "price" : 290.10,
    "dma50" : 268.83,
    "dma100" : 275.74,
    "dma200" : 253.54,
    "volume" : 39879383.00
  }, {
    "date" : "2025-10-13",
    "price" : 279.40,
    "dma50" : 269.24,
    "dma100" : 275.63,
    "dma200" : 253.80,
    "volume" : 5061950.00
  }, {
    "date" : "2025-10-14",
    "price" : 273.00,
    "dma50" : 269.39,
    "dma100" : 275.61,
    "dma200" : 253.99,
    "volume" : 2957964.00
  }, {
    "date" : "2025-10-15",
    "price" : 276.60,
    "dma50" : 269.67,
    "dma100" : 275.66,
    "dma200" : 254.21,
    "volume" : 2483090.00
  }, {
    "date" : "2025-10-16",
    "price" : 271.70,
    "dma50" : 269.75,
    "dma100" : 275.71,
    "dma200" : 254.39,
    "volume" : 1652100.00
  }, {
    "date" : "2025-10-17",
    "price" : 268.90,
    "dma50" : 269.72,
    "dma100" : 275.79,
    "dma200" : 254.53,
    "volume" : 1802685.00
  }, {
    "date" : "2025-10-20",
    "price" : 267.20,
    "dma50" : 269.62,
    "dma100" : 275.78,
    "dma200" : 254.66,
    "volume" : 1798053.00
  }, {
    "date" : "2025-10-21",
    "price" : 268.50,
    "dma50" : 269.57,
    "dma100" : 275.82,
    "dma200" : 254.79,
    "volume" : 470080.00
  }, {
    "date" : "2025-10-23",
    "price" : 265.40,
    "dma50" : 269.41,
    "dma100" : 275.89,
    "dma200" : 254.90,
    "volume" : 2307642.00
  }, {
    "date" : "2025-10-24",
    "price" : 264.05,
    "dma50" : 269.20,
    "dma100" : 275.83,
    "dma200" : 254.99,
    "volume" : 1994289.00
  }, {
    "date" : "2025-10-27",
    "price" : 261.95,
    "dma50" : 268.92,
    "dma100" : 275.76,
    "dma200" : 255.06,
    "volume" : 1458216.00
  }, {
    "date" : "2025-10-28",
    "price" : 261.35,
    "dma50" : 268.62,
    "dma100" : 275.71,
    "dma200" : 255.12,
    "volume" : 1534146.00
  }, {
    "date" : "2025-10-29",
    "price" : 263.05,
    "dma50" : 268.40,
    "dma100" : 275.57,
    "dma200" : 255.20,
    "volume" : 1809821.00
  }, {
    "date" : "2025-10-30",
    "price" : 258.60,
    "dma50" : 268.02,
    "dma100" : 275.33,
    "dma200" : 255.23,
    "volume" : 1500422.00
  }, {
    "date" : "2025-10-31",
    "price" : 253.75,
    "dma50" : 267.46,
    "dma100" : 275.01,
    "dma200" : 255.22,
    "volume" : 2130529.00
  }, {
    "date" : "2025-11-03",
    "price" : 252.90,
    "dma50" : 266.89,
    "dma100" : 274.61,
    "dma200" : 255.20,
    "volume" : 3244157.00
  }, {
    "date" : "2025-11-04",
    "price" : 250.25,
    "dma50" : 266.23,
    "dma100" : 274.24,
    "dma200" : 255.15,
    "volume" : 1882006.00
  }, {
    "date" : "2025-11-06",
    "price" : 289.95,
    "dma50" : 267.16,
    "dma100" : 274.15,
    "dma200" : 255.49,
    "volume" : 95285603.00
  }, {
    "date" : "2025-11-07",
    "price" : 292.00,
    "dma50" : 268.14,
    "dma100" : 274.11,
    "dma200" : 255.86,
    "volume" : 38942740.00
  }, {
    "date" : "2025-11-10",
    "price" : 287.50,
    "dma50" : 268.90,
    "dma100" : 274.02,
    "dma200" : 256.17,
    "volume" : 11067307.00
  }, {
    "date" : "2025-11-11",
    "price" : 288.30,
    "dma50" : 269.66,
    "dma100" : 273.95,
    "dma200" : 256.49,
    "volume" : 4964921.00
  }, {
    "date" : "2025-11-12",
    "price" : 294.80,
    "dma50" : 270.64,
    "dma100" : 273.93,
    "dma200" : 256.87,
    "volume" : 13732085.00
  }, {
    "date" : "2025-11-13",
    "price" : 296.50,
    "dma50" : 271.66,
    "dma100" : 273.90,
    "dma200" : 257.27,
    "volume" : 8655770.00
  }, {
    "date" : "2025-11-14",
    "price" : 294.70,
    "dma50" : 272.56,
    "dma100" : 273.92,
    "dma200" : 257.64,
    "volume" : 2792709.00
  }, {
    "date" : "2025-11-17",
    "price" : 296.40,
    "dma50" : 273.50,
    "dma100" : 273.99,
    "dma200" : 258.03,
    "volume" : 1899347.00
  }, {
    "date" : "2025-11-18",
    "price" : 290.40,
    "dma50" : 274.16,
    "dma100" : 273.90,
    "dma200" : 258.35,
    "volume" : 1925830.00
  }, {
    "date" : "2025-11-19",
    "price" : 293.95,
    "dma50" : 274.94,
    "dma100" : 273.77,
    "dma200" : 258.70,
    "volume" : 1743724.00
  }, {
    "date" : "2025-11-20",
    "price" : 295.05,
    "dma50" : 275.72,
    "dma100" : 273.75,
    "dma200" : 259.06,
    "volume" : 2057318.00
  }, {
    "date" : "2025-11-21",
    "price" : 284.80,
    "dma50" : 276.08,
    "dma100" : 273.37,
    "dma200" : 259.32,
    "volume" : 2051942.00
  }, {
    "date" : "2025-11-24",
    "price" : 291.00,
    "dma50" : 276.67,
    "dma100" : 273.03,
    "dma200" : 259.63,
    "volume" : 18460744.00
  }, {
    "date" : "2025-11-25",
    "price" : 288.05,
    "dma50" : 277.11,
    "dma100" : 272.61,
    "dma200" : 259.92,
    "volume" : 2209271.00
  }, {
    "date" : "2025-11-26",
    "price" : 287.50,
    "dma50" : 277.52,
    "dma100" : 272.37,
    "dma200" : 260.19,
    "volume" : 1922305.00
  }, {
    "date" : "2025-11-27",
    "price" : 283.55,
    "dma50" : 277.76,
    "dma100" : 272.08,
    "dma200" : 260.42,
    "volume" : 2372419.00
  }, {
    "date" : "2025-11-28",
    "price" : 281.10,
    "dma50" : 277.89,
    "dma100" : 271.77,
    "dma200" : 260.63,
    "volume" : 2272786.00
  }, {
    "date" : "2025-12-01",
    "price" : 282.15,
    "dma50" : 278.05,
    "dma100" : 271.49,
    "dma200" : 260.84,
    "volume" : 2196288.00
  }, {
    "date" : "2025-12-02",
    "price" : 280.35,
    "dma50" : 278.14,
    "dma100" : 271.22,
    "dma200" : 261.04,
    "volume" : 1481893.00
  }, {
    "date" : "2025-12-03",
    "price" : 275.40,
    "dma50" : 278.04,
    "dma100" : 270.96,
    "dma200" : 261.18,
    "volume" : 3038337.00
  }, {
    "date" : "2025-12-04",
    "price" : 278.60,
    "dma50" : 278.06,
    "dma100" : 270.77,
    "dma200" : 261.35,
    "volume" : 1531932.00
  }, {
    "date" : "2025-12-05",
    "price" : 268.75,
    "dma50" : 277.69,
    "dma100" : 270.46,
    "dma200" : 261.43,
    "volume" : 3043677.00
  }, {
    "date" : "2025-12-08",
    "price" : 267.90,
    "dma50" : 277.31,
    "dma100" : 270.06,
    "dma200" : 261.49,
    "volume" : 2092295.00
  }, {
    "date" : "2025-12-09",
    "price" : 275.30,
    "dma50" : 277.23,
    "dma100" : 269.72,
    "dma200" : 261.63,
    "volume" : 3161513.00
  }, {
    "date" : "2025-12-10",
    "price" : 275.85,
    "dma50" : 277.18,
    "dma100" : 269.41,
    "dma200" : 261.77,
    "volume" : 1651785.00
  }, {
    "date" : "2025-12-11",
    "price" : 279.95,
    "dma50" : 277.29,
    "dma100" : 269.12,
    "dma200" : 261.95,
    "volume" : 1620638.00
  }, {
    "date" : "2025-12-12",
    "price" : 280.65,
    "dma50" : 277.42,
    "dma100" : 268.82,
    "dma200" : 262.14,
    "volume" : 1169218.00
  }, {
    "date" : "2025-12-15",
    "price" : 281.10,
    "dma50" : 277.56,
    "dma100" : 268.59,
    "dma200" : 262.33,
    "volume" : 1976633.00
  }, {
    "date" : "2025-12-16",
    "price" : 271.30,
    "dma50" : 277.32,
    "dma100" : 268.19,
    "dma200" : 262.42,
    "volume" : 1168882.00
  }, {
    "date" : "2025-12-17",
    "price" : 273.60,
    "dma50" : 277.17,
    "dma100" : 267.81,
    "dma200" : 262.53,
    "volume" : 1659230.00
  }, {
    "date" : "2025-12-18",
    "price" : 269.05,
    "dma50" : 276.85,
    "dma100" : 267.47,
    "dma200" : 262.59,
    "volume" : 826152.00
  }, {
    "date" : "2025-12-19",
    "price" : 272.20,
    "dma50" : 276.67,
    "dma100" : 267.25,
    "dma200" : 262.69,
    "volume" : 1421676.00
  }, {
    "date" : "2025-12-22",
    "price" : 274.85,
    "dma50" : 276.60,
    "dma100" : 267.14,
    "dma200" : 262.81,
    "volume" : 819274.00
  }, {
    "date" : "2025-12-23",
    "price" : 275.35,
    "dma50" : 276.55,
    "dma100" : 267.01,
    "dma200" : 262.93,
    "volume" : 743305.00
  }, {
    "date" : "2025-12-24",
    "price" : 274.65,
    "dma50" : 276.47,
    "dma100" : 267.10,
    "dma200" : 263.05,
    "volume" : 1034365.00
  }, {
    "date" : "2025-12-26",
    "price" : 270.95,
    "dma50" : 276.26,
    "dma100" : 267.31,
    "dma200" : 263.13,
    "volume" : 588737.00
  }, {
    "date" : "2025-12-29",
    "price" : 268.15,
    "dma50" : 275.94,
    "dma100" : 267.50,
    "dma200" : 263.18,
    "volume" : 736341.00
  }, {
    "date" : "2025-12-30",
    "price" : 268.40,
    "dma50" : 275.64,
    "dma100" : 267.66,
    "dma200" : 263.23,
    "volume" : 6367221.00
  }, {
    "date" : "2025-12-31",
    "price" : 272.35,
    "dma50" : 275.52,
    "dma100" : 267.85,
    "dma200" : 263.32,
    "volume" : 1940712.00
  }, {
    "date" : "2026-01-01",
    "price" : 274.95,
    "dma50" : 275.49,
    "dma100" : 268.21,
    "dma200" : 263.44,
    "volume" : 946083.00
  }, {
    "date" : "2026-01-02",
    "price" : 276.30,
    "dma50" : 275.52,
    "dma100" : 268.55,
    "dma200" : 263.57,
    "volume" : 833406.00
  }, {
    "date" : "2026-01-05",
    "price" : 278.45,
    "dma50" : 275.64,
    "dma100" : 268.92,
    "dma200" : 263.71,
    "volume" : 1521605.00
  }, {
    "date" : "2026-01-06",
    "price" : 285.80,
    "dma50" : 276.04,
    "dma100" : 269.35,
    "dma200" : 263.93,
    "volume" : 10141964.00
  }, {
    "date" : "2026-01-07",
    "price" : 284.20,
    "dma50" : 276.36,
    "dma100" : 269.84,
    "dma200" : 264.13,
    "volume" : 2642885.00
  }, {
    "date" : "2026-01-08",
    "price" : 280.65,
    "dma50" : 276.53,
    "dma100" : 270.24,
    "dma200" : 264.30,
    "volume" : 9501687.00
  }, {
    "date" : "2026-01-09",
    "price" : 273.30,
    "dma50" : 276.40,
    "dma100" : 270.60,
    "dma200" : 264.39,
    "volume" : 1602497.00
  }, {
    "date" : "2026-01-12",
    "price" : 269.15,
    "dma50" : 276.12,
    "dma100" : 270.90,
    "dma200" : 264.44,
    "volume" : 2416007.00
  }, {
    "date" : "2026-01-13",
    "price" : 273.05,
    "dma50" : 276.00,
    "dma100" : 271.19,
    "dma200" : 264.52,
    "volume" : 1506339.00
  }, {
    "date" : "2026-01-14",
    "price" : 273.65,
    "dma50" : 275.90,
    "dma100" : 271.46,
    "dma200" : 264.61,
    "volume" : 1102159.00
  }, {
    "date" : "2026-01-16",
    "price" : 263.50,
    "dma50" : 275.42,
    "dma100" : 271.67,
    "dma200" : 264.60,
    "volume" : 2420766.00
  }, {
    "date" : "2026-01-19",
    "price" : 263.90,
    "dma50" : 274.97,
    "dma100" : 271.88,
    "dma200" : 264.59,
    "volume" : 1498935.00
  }, {
    "date" : "2026-01-20",
    "price" : 259.00,
    "dma50" : 274.34,
    "dma100" : 272.04,
    "dma200" : 264.54,
    "volume" : 2304040.00
  }, {
    "date" : "2026-01-21",
    "price" : 265.00,
    "dma50" : 273.97,
    "dma100" : 272.35,
    "dma200" : 264.54,
    "volume" : 3267865.00
  }, {
    "date" : "2026-01-22",
    "price" : 259.40,
    "dma50" : 273.40,
    "dma100" : 272.59,
    "dma200" : 264.49,
    "volume" : 1467242.00
  }, {
    "date" : "2026-01-23",
    "price" : 250.70,
    "dma50" : 272.51,
    "dma100" : 272.69,
    "dma200" : 264.36,
    "volume" : 2246385.00
  }, {
    "date" : "2026-01-27",
    "price" : 250.40,
    "dma50" : 271.64,
    "dma100" : 272.76,
    "dma200" : 264.22,
    "volume" : 2765885.00
  }, {
    "date" : "2026-01-28",
    "price" : 260.05,
    "dma50" : 271.19,
    "dma100" : 272.95,
    "dma200" : 264.17,
    "volume" : 1524918.00
  }, {
    "date" : "2026-01-29",
    "price" : 262.85,
    "dma50" : 270.86,
    "dma100" : 273.21,
    "dma200" : 264.16,
    "volume" : 1229436.00
  }, {
    "date" : "2026-01-30",
    "price" : 271.45,
    "dma50" : 270.89,
    "dma100" : 273.49,
    "dma200" : 264.23,
    "volume" : 1527052.00
  } ],
  "latestTechnicalAttributes" : {
    "date" : "2026-01-30",
    "price" : 271.45,
    "dma50" : 270.89,
    "dma100" : 273.49,
    "dma200" : 264.23,
    "volume" : 1527052.00
  },
  "quarterlyResults" : [ {
    "date" : "2006-06-30",
    "sales" : 954.61,
    "salesGrowthYoY" : null,
    "grossProfitMargin" : 4.19,
    "grossProfit" : 40.00,
    "operatingProfitMargin" : 1.89,
    "operatingProfit" : 18.04,
    "netProfitMargin" : 0.70,
    "netProfit" : 6.68
  }, {
    "date" : "2006-09-30",
    "sales" : 1199.40,
    "salesGrowthYoY" : null,
    "grossProfitMargin" : 4.05,
    "grossProfit" : 48.58,
    "operatingProfitMargin" : 2.17,
    "operatingProfit" : 26.03,
    "netProfitMargin" : 0.97,
    "netProfit" : 11.63
  }, {
    "date" : "2006-12-31",
    "sales" : 1150.60,
    "salesGrowthYoY" : null,
    "grossProfitMargin" : 4.46,
    "grossProfit" : 51.32,
    "operatingProfitMargin" : 1.85,
    "operatingProfit" : 21.29,
    "netProfitMargin" : 0.76,
    "netProfit" : 8.74
  }, {
    "date" : "2007-03-31",
    "sales" : 1407.94,
    "salesGrowthYoY" : null,
    "grossProfitMargin" : 4.31,
    "grossProfit" : 60.68,
    "operatingProfitMargin" : 2.22,
    "operatingProfit" : 31.26,
    "netProfitMargin" : 1.10,
    "netProfit" : 15.49
  }, {
    "date" : "2007-06-30",
    "sales" : 1296.02,
    "salesGrowthYoY" : 35.76,
    "grossProfitMargin" : 4.77,
    "grossProfit" : 61.82,
    "operatingProfitMargin" : 2.17,
    "operatingProfit" : 28.12,
    "netProfitMargin" : 0.92,
    "netProfit" : 11.92
  }, {
    "date" : "2007-09-30",
    "sales" : 1463.71,
    "salesGrowthYoY" : 22.04,
    "grossProfitMargin" : 4.71,
    "grossProfit" : 68.94,
    "operatingProfitMargin" : 2.30,
    "operatingProfit" : 33.67,
    "netProfitMargin" : 1.05,
    "netProfit" : 15.37
  }, {
    "date" : "2007-12-31",
    "sales" : 1352.33,
    "salesGrowthYoY" : 17.53,
    "grossProfitMargin" : 4.59,
    "grossProfit" : 62.07,
    "operatingProfitMargin" : 2.06,
    "operatingProfit" : 27.86,
    "netProfitMargin" : 1.02,
    "netProfit" : 13.79
  }, {
    "date" : "2008-03-31",
    "sales" : 1659.22,
    "salesGrowthYoY" : 17.85,
    "grossProfitMargin" : 5.41,
    "grossProfit" : 89.76,
    "operatingProfitMargin" : 3.00,
    "operatingProfit" : 49.78,
    "netProfitMargin" : 1.57,
    "netProfit" : 26.05
  }, {
    "date" : "2008-06-30",
    "sales" : 1491.63,
    "salesGrowthYoY" : 15.09,
    "grossProfitMargin" : 5.15,
    "grossProfit" : 76.82,
    "operatingProfitMargin" : 2.06,
    "operatingProfit" : 30.73,
    "netProfitMargin" : 1.01,
    "netProfit" : 15.07
  }, {
    "date" : "2008-09-30",
    "sales" : 1653.54,
    "salesGrowthYoY" : 12.97,
    "grossProfitMargin" : 5.16,
    "grossProfit" : 85.32,
    "operatingProfitMargin" : 2.46,
    "operatingProfit" : 40.68,
    "netProfitMargin" : 1.06,
    "netProfit" : 17.53
  }, {
    "date" : "2008-12-31",
    "sales" : 1362.49,
    "salesGrowthYoY" : 0.75,
    "grossProfitMargin" : 6.48,
    "grossProfit" : 88.29,
    "operatingProfitMargin" : 3.24,
    "operatingProfit" : 44.14,
    "netProfitMargin" : 1.37,
    "netProfit" : 18.67
  }, {
    "date" : "2009-03-31",
    "sales" : 1566.89,
    "salesGrowthYoY" : -5.56,
    "grossProfitMargin" : 6.61,
    "grossProfit" : 103.57,
    "operatingProfitMargin" : 4.00,
    "operatingProfit" : 62.68,
    "netProfitMargin" : 1.88,
    "netProfit" : 29.46
  }, {
    "date" : "2009-06-30",
    "sales" : 1344.00,
    "salesGrowthYoY" : -9.90,
    "grossProfitMargin" : 5.80,
    "grossProfit" : 77.95,
    "operatingProfitMargin" : 2.77,
    "operatingProfit" : 37.23,
    "netProfitMargin" : 1.40,
    "netProfit" : 18.82
  }, {
    "date" : "2009-09-30",
    "sales" : 1674.85,
    "salesGrowthYoY" : 1.29,
    "grossProfitMargin" : 5.05,
    "grossProfit" : 84.58,
    "operatingProfitMargin" : 2.46,
    "operatingProfit" : 41.20,
    "netProfitMargin" : 1.27,
    "netProfit" : 21.27
  }, {
    "date" : "2009-12-31",
    "sales" : 1546.40,
    "salesGrowthYoY" : 13.50,
    "grossProfitMargin" : 5.84,
    "grossProfit" : 90.31,
    "operatingProfitMargin" : 2.94,
    "operatingProfit" : 45.46,
    "netProfitMargin" : 1.55,
    "netProfit" : 23.97
  }, {
    "date" : "2010-03-31",
    "sales" : 1891.60,
    "salesGrowthYoY" : 20.72,
    "grossProfitMargin" : 6.28,
    "grossProfit" : 118.79,
    "operatingProfitMargin" : 3.95,
    "operatingProfit" : 74.72,
    "netProfitMargin" : 1.87,
    "netProfit" : 35.37
  }, {
    "date" : "2010-06-30",
    "sales" : 1756.53,
    "salesGrowthYoY" : 30.69,
    "grossProfitMargin" : 5.69,
    "grossProfit" : 99.95,
    "operatingProfitMargin" : 2.85,
    "operatingProfit" : 50.06,
    "netProfitMargin" : 1.59,
    "netProfit" : 27.93
  }, {
    "date" : "2010-09-30",
    "sales" : 2032.99,
    "salesGrowthYoY" : 21.38,
    "grossProfitMargin" : 5.05,
    "grossProfit" : 102.67,
    "operatingProfitMargin" : 2.51,
    "operatingProfit" : 51.03,
    "netProfitMargin" : 1.34,
    "netProfit" : 27.24
  }, {
    "date" : "2010-12-31",
    "sales" : 2150.45,
    "salesGrowthYoY" : 39.06,
    "grossProfitMargin" : 5.34,
    "grossProfit" : 114.83,
    "operatingProfitMargin" : 2.77,
    "operatingProfit" : 59.57,
    "netProfitMargin" : 1.37,
    "netProfit" : 29.46
  }, {
    "date" : "2011-03-31",
    "sales" : 2338.38,
    "salesGrowthYoY" : 23.62,
    "grossProfitMargin" : 5.90,
    "grossProfit" : 137.96,
    "operatingProfitMargin" : 3.41,
    "operatingProfit" : 79.74,
    "netProfitMargin" : 1.87,
    "netProfit" : 43.73
  }, {
    "date" : "2011-06-30",
    "sales" : 2365.07,
    "salesGrowthYoY" : 34.64,
    "grossProfitMargin" : 5.50,
    "grossProfit" : 130.08,
    "operatingProfitMargin" : 2.80,
    "operatingProfit" : 66.22,
    "netProfitMargin" : 1.65,
    "netProfit" : 39.02
  }, {
    "date" : "2011-09-30",
    "sales" : 2676.50,
    "salesGrowthYoY" : 31.65,
    "grossProfitMargin" : 5.07,
    "grossProfit" : 135.70,
    "operatingProfitMargin" : 2.56,
    "operatingProfit" : 68.52,
    "netProfitMargin" : 1.27,
    "netProfit" : 33.99
  }, {
    "date" : "2011-12-31",
    "sales" : 2440.41,
    "salesGrowthYoY" : 13.48,
    "grossProfitMargin" : 5.27,
    "grossProfit" : 128.61,
    "operatingProfitMargin" : 2.51,
    "operatingProfit" : 61.25,
    "netProfitMargin" : 1.37,
    "netProfit" : 33.43
  }, {
    "date" : "2012-03-31",
    "sales" : 2381.57,
    "salesGrowthYoY" : 1.85,
    "grossProfitMargin" : 6.93,
    "grossProfit" : 165.04,
    "operatingProfitMargin" : 3.96,
    "operatingProfit" : 94.31,
    "netProfitMargin" : 2.12,
    "netProfit" : 50.49
  }, {
    "date" : "2012-06-30",
    "sales" : 2441.31,
    "salesGrowthYoY" : 3.22,
    "grossProfitMargin" : 5.56,
    "grossProfit" : 135.74,
    "operatingProfitMargin" : 2.87,
    "operatingProfit" : 70.07,
    "netProfitMargin" : 2.26,
    "netProfit" : 55.17
  }, {
    "date" : "2012-09-30",
    "sales" : 2539.86,
    "salesGrowthYoY" : -5.11,
    "grossProfitMargin" : 5.55,
    "grossProfit" : 140.96,
    "operatingProfitMargin" : 2.82,
    "operatingProfit" : 71.62,
    "netProfitMargin" : 1.40,
    "netProfit" : 35.56
  }, {
    "date" : "2012-12-31",
    "sales" : 2683.73,
    "salesGrowthYoY" : 9.97,
    "grossProfitMargin" : 5.50,
    "grossProfit" : 147.61,
    "operatingProfitMargin" : 2.67,
    "operatingProfit" : 71.66,
    "netProfitMargin" : 1.37,
    "netProfit" : 36.77
  }, {
    "date" : "2013-03-31",
    "sales" : 2744.77,
    "salesGrowthYoY" : 15.25,
    "grossProfitMargin" : 5.98,
    "grossProfit" : 164.14,
    "operatingProfitMargin" : 3.08,
    "operatingProfit" : 84.54,
    "netProfitMargin" : 1.60,
    "netProfit" : 43.92
  }, {
    "date" : "2013-06-30",
    "sales" : 2553.49,
    "salesGrowthYoY" : 4.60,
    "grossProfitMargin" : 5.78,
    "grossProfit" : 147.59,
    "operatingProfitMargin" : 2.25,
    "operatingProfit" : 57.45,
    "netProfitMargin" : 1.62,
    "netProfit" : 41.37
  }, {
    "date" : "2013-09-30",
    "sales" : 2639.09,
    "salesGrowthYoY" : 3.91,
    "grossProfitMargin" : 5.96,
    "grossProfit" : 157.29,
    "operatingProfitMargin" : 2.77,
    "operatingProfit" : 73.10,
    "netProfitMargin" : 1.52,
    "netProfit" : 40.11
  }, {
    "date" : "2013-12-31",
    "sales" : 2898.91,
    "salesGrowthYoY" : 8.02,
    "grossProfitMargin" : 5.64,
    "grossProfit" : 163.50,
    "operatingProfitMargin" : 2.53,
    "operatingProfit" : 73.34,
    "netProfitMargin" : 1.35,
    "netProfit" : 39.14
  }, {
    "date" : "2014-03-31",
    "sales" : 3166.89,
    "salesGrowthYoY" : 15.38,
    "grossProfitMargin" : 6.01,
    "grossProfit" : 190.33,
    "operatingProfitMargin" : 2.69,
    "operatingProfit" : 85.19,
    "netProfitMargin" : 2.03,
    "netProfit" : 64.29
  }, {
    "date" : "2014-06-30",
    "sales" : 2679.70,
    "salesGrowthYoY" : 4.94,
    "grossProfitMargin" : 4.57,
    "grossProfit" : 122.46,
    "operatingProfitMargin" : 1.94,
    "operatingProfit" : 51.99,
    "netProfitMargin" : 1.39,
    "netProfit" : 37.25
  }, {
    "date" : "2014-09-30",
    "sales" : 2815.66,
    "salesGrowthYoY" : 6.69,
    "grossProfitMargin" : 5.45,
    "grossProfit" : 153.45,
    "operatingProfitMargin" : 2.53,
    "operatingProfit" : 71.24,
    "netProfitMargin" : 1.56,
    "netProfit" : 43.92
  }, {
    "date" : "2014-12-31",
    "sales" : 3517.23,
    "salesGrowthYoY" : 21.33,
    "grossProfitMargin" : 5.36,
    "grossProfit" : 188.52,
    "operatingProfitMargin" : 2.48,
    "operatingProfit" : 87.23,
    "netProfitMargin" : 1.50,
    "netProfit" : 52.76
  }, {
    "date" : "2015-03-31",
    "sales" : 3007.74,
    "salesGrowthYoY" : -5.03,
    "grossProfitMargin" : 5.77,
    "grossProfit" : 173.55,
    "operatingProfitMargin" : 2.85,
    "operatingProfit" : 85.72,
    "netProfitMargin" : 1.60,
    "netProfit" : 48.12
  }, {
    "date" : "2015-06-30",
    "sales" : 2946.84,
    "salesGrowthYoY" : 9.97,
    "grossProfitMargin" : 5.05,
    "grossProfit" : 148.82,
    "operatingProfitMargin" : 2.49,
    "operatingProfit" : 73.38,
    "netProfitMargin" : 1.33,
    "netProfit" : 39.19
  }, {
    "date" : "2015-09-30",
    "sales" : 3117.65,
    "salesGrowthYoY" : 10.73,
    "grossProfitMargin" : 5.25,
    "grossProfit" : 163.68,
    "operatingProfitMargin" : 2.68,
    "operatingProfit" : 83.55,
    "netProfitMargin" : 1.62,
    "netProfit" : 50.51
  }, {
    "date" : "2015-12-31",
    "sales" : 3144.23,
    "salesGrowthYoY" : -10.60,
    "grossProfitMargin" : 5.79,
    "grossProfit" : 182.05,
    "operatingProfitMargin" : 3.15,
    "operatingProfit" : 99.04,
    "netProfitMargin" : 1.67,
    "netProfit" : 52.51
  }, {
    "date" : "2016-03-31",
    "sales" : 3429.60,
    "salesGrowthYoY" : 14.03,
    "grossProfitMargin" : 5.41,
    "grossProfit" : 185.54,
    "operatingProfitMargin" : 2.51,
    "operatingProfit" : 86.08,
    "netProfitMargin" : 1.35,
    "netProfit" : 46.30
  }, {
    "date" : "2016-06-30",
    "sales" : 3783.00,
    "salesGrowthYoY" : 28.37,
    "grossProfitMargin" : 4.48,
    "grossProfit" : 169.48,
    "operatingProfitMargin" : 2.19,
    "operatingProfit" : 82.85,
    "netProfitMargin" : 1.18,
    "netProfit" : 44.64
  }, {
    "date" : "2016-09-30",
    "sales" : 3673.31,
    "salesGrowthYoY" : 17.82,
    "grossProfitMargin" : 5.37,
    "grossProfit" : 197.26,
    "operatingProfitMargin" : 2.46,
    "operatingProfit" : 90.36,
    "netProfitMargin" : 1.66,
    "netProfit" : 60.98
  }, {
    "date" : "2016-12-31",
    "sales" : 4261.24,
    "salesGrowthYoY" : 35.53,
    "grossProfitMargin" : 5.06,
    "grossProfit" : 215.62,
    "operatingProfitMargin" : 2.25,
    "operatingProfit" : 95.88,
    "netProfitMargin" : 1.22,
    "netProfit" : 51.99
  }, {
    "date" : "2017-03-31",
    "sales" : 4041.27,
    "salesGrowthYoY" : 17.84,
    "grossProfitMargin" : 5.55,
    "grossProfit" : 224.29,
    "operatingProfitMargin" : 2.24,
    "operatingProfit" : 90.52,
    "netProfitMargin" : 1.26,
    "netProfit" : 50.92
  }, {
    "date" : "2017-06-30",
    "sales" : 3395.99,
    "salesGrowthYoY" : -10.23,
    "grossProfitMargin" : 5.89,
    "grossProfit" : 200.02,
    "operatingProfitMargin" : 2.37,
    "operatingProfit" : 80.48,
    "netProfitMargin" : 1.15,
    "netProfit" : 39.05
  }, {
    "date" : "2017-09-30",
    "sales" : 3746.64,
    "salesGrowthYoY" : 2.00,
    "grossProfitMargin" : 5.20,
    "grossProfit" : 194.83,
    "operatingProfitMargin" : 2.49,
    "operatingProfit" : 93.29,
    "netProfitMargin" : 1.77,
    "netProfit" : 66.32
  }, {
    "date" : "2017-12-31",
    "sales" : 3928.13,
    "salesGrowthYoY" : -7.82,
    "grossProfitMargin" : 5.05,
    "grossProfit" : 198.37,
    "operatingProfitMargin" : 2.29,
    "operatingProfit" : 89.95,
    "netProfitMargin" : 1.16,
    "netProfit" : 45.57
  }, {
    "date" : "2018-03-31",
    "sales" : 3773.45,
    "salesGrowthYoY" : -6.63,
    "grossProfitMargin" : 5.00,
    "grossProfit" : 188.67,
    "operatingProfitMargin" : 1.98,
    "operatingProfit" : 74.71,
    "netProfitMargin" : 0.87,
    "netProfit" : 32.83
  }, {
    "date" : "2018-06-30",
    "sales" : 3570.55,
    "salesGrowthYoY" : 5.14,
    "grossProfitMargin" : 5.15,
    "grossProfit" : 183.88,
    "operatingProfitMargin" : 1.40,
    "operatingProfit" : 49.99,
    "netProfitMargin" : 0.74,
    "netProfit" : 26.42
  }, {
    "date" : "2018-09-30",
    "sales" : 4171.14,
    "salesGrowthYoY" : 11.33,
    "grossProfitMargin" : 3.92,
    "grossProfit" : 163.51,
    "operatingProfitMargin" : 1.24,
    "operatingProfit" : 51.72,
    "netProfitMargin" : 1.15,
    "netProfit" : 47.97
  }, {
    "date" : "2018-12-31",
    "sales" : 4417.59,
    "salesGrowthYoY" : 12.46,
    "grossProfitMargin" : 5.34,
    "grossProfit" : 235.90,
    "operatingProfitMargin" : 2.18,
    "operatingProfit" : 96.30,
    "netProfitMargin" : 0.94,
    "netProfit" : 41.53
  }, {
    "date" : "2019-03-31",
    "sales" : 4691.93,
    "salesGrowthYoY" : 24.34,
    "grossProfitMargin" : 4.37,
    "grossProfit" : 205.04,
    "operatingProfitMargin" : 1.72,
    "operatingProfit" : 80.70,
    "netProfitMargin" : 0.77,
    "netProfit" : 36.13
  }, {
    "date" : "2019-06-30",
    "sales" : 4075.83,
    "salesGrowthYoY" : 14.15,
    "grossProfitMargin" : 4.27,
    "grossProfit" : 174.04,
    "operatingProfitMargin" : 2.20,
    "operatingProfit" : 89.67,
    "netProfitMargin" : 0.85,
    "netProfit" : 34.64
  }, {
    "date" : "2019-09-30",
    "sales" : 4796.92,
    "salesGrowthYoY" : 15.00,
    "grossProfitMargin" : 3.79,
    "grossProfit" : 181.80,
    "operatingProfitMargin" : 1.90,
    "operatingProfit" : 91.14,
    "netProfitMargin" : 3.38,
    "netProfit" : 162.14
  }, {
    "date" : "2019-12-31",
    "sales" : 5356.72,
    "salesGrowthYoY" : 21.26,
    "grossProfitMargin" : 3.91,
    "grossProfit" : 209.45,
    "operatingProfitMargin" : 2.07,
    "operatingProfit" : 110.88,
    "netProfitMargin" : 2.16,
    "netProfit" : 115.71
  }, {
    "date" : "2020-03-31",
    "sales" : 4403.10,
    "salesGrowthYoY" : -6.16,
    "grossProfitMargin" : 4.40,
    "grossProfit" : 193.74,
    "operatingProfitMargin" : 2.08,
    "operatingProfit" : 91.58,
    "netProfitMargin" : 4.02,
    "netProfit" : 177.00
  }, {
    "date" : "2020-06-30",
    "sales" : 3432.98,
    "salesGrowthYoY" : -15.77,
    "grossProfitMargin" : 4.05,
    "grossProfit" : 139.04,
    "operatingProfitMargin" : 1.81,
    "operatingProfit" : 62.14,
    "netProfitMargin" : 0.79,
    "netProfit" : 27.12
  }, {
    "date" : "2020-09-30",
    "sales" : 5221.14,
    "salesGrowthYoY" : 8.84,
    "grossProfitMargin" : 3.55,
    "grossProfit" : 185.35,
    "operatingProfitMargin" : 1.71,
    "operatingProfit" : 89.28,
    "netProfitMargin" : 1.67,
    "netProfit" : 87.19
  }, {
    "date" : "2020-12-31",
    "sales" : 7714.20,
    "salesGrowthYoY" : 44.01,
    "grossProfitMargin" : 3.63,
    "grossProfit" : 280.03,
    "operatingProfitMargin" : 2.14,
    "operatingProfit" : 165.08,
    "netProfitMargin" : 0.43,
    "netProfit" : 33.17
  }, {
    "date" : "2021-03-31",
    "sales" : 6352.35,
    "salesGrowthYoY" : 44.27,
    "grossProfitMargin" : 4.00,
    "grossProfit" : 254.09,
    "operatingProfitMargin" : 2.37,
    "operatingProfit" : 150.55,
    "netProfitMargin" : 1.82,
    "netProfit" : 115.61
  }, {
    "date" : "2021-06-30",
    "sales" : 5359.97,
    "salesGrowthYoY" : 56.13,
    "grossProfitMargin" : 4.25,
    "grossProfit" : 227.80,
    "operatingProfitMargin" : 2.53,
    "operatingProfit" : 135.61,
    "netProfitMargin" : 1.78,
    "netProfit" : 95.41
  }, {
    "date" : "2021-09-30",
    "sales" : 6791.33,
    "salesGrowthYoY" : 30.07,
    "grossProfitMargin" : 4.08,
    "grossProfit" : 277.09,
    "operatingProfitMargin" : 2.56,
    "operatingProfit" : 173.86,
    "netProfitMargin" : 8.52,
    "netProfit" : 578.62
  }, {
    "date" : "2021-12-31",
    "sales" : 7088.75,
    "salesGrowthYoY" : -8.11,
    "grossProfitMargin" : 4.46,
    "grossProfit" : 316.16,
    "operatingProfitMargin" : 2.59,
    "operatingProfit" : 183.60,
    "netProfitMargin" : 1.94,
    "netProfit" : 137.52
  }, {
    "date" : "2022-03-31",
    "sales" : 7778.89,
    "salesGrowthYoY" : 22.46,
    "grossProfitMargin" : 3.91,
    "grossProfit" : 304.15,
    "operatingProfitMargin" : 2.08,
    "operatingProfit" : 161.80,
    "netProfitMargin" : 1.59,
    "netProfit" : 123.68
  }, {
    "date" : "2022-06-30",
    "sales" : 7611.64,
    "salesGrowthYoY" : 42.01,
    "grossProfitMargin" : 4.31,
    "grossProfit" : 328.06,
    "operatingProfitMargin" : 2.72,
    "operatingProfit" : 207.04,
    "netProfitMargin" : 1.97,
    "netProfit" : 149.95
  }, {
    "date" : "2022-09-30",
    "sales" : 8579.92,
    "salesGrowthYoY" : 26.34,
    "grossProfitMargin" : 4.38,
    "grossProfit" : 375.80,
    "operatingProfitMargin" : 2.68,
    "operatingProfit" : 229.94,
    "netProfitMargin" : 7.64,
    "netProfit" : 655.51
  }, {
    "date" : "2022-12-31",
    "sales" : 9438.22,
    "salesGrowthYoY" : 33.14,
    "grossProfitMargin" : 4.02,
    "grossProfit" : 379.42,
    "operatingProfitMargin" : 2.25,
    "operatingProfit" : 212.36,
    "netProfitMargin" : 1.50,
    "netProfit" : 141.57
  }, {
    "date" : "2023-03-31",
    "sales" : 9711.66,
    "salesGrowthYoY" : 24.85,
    "grossProfitMargin" : 4.23,
    "grossProfit" : 410.80,
    "operatingProfitMargin" : 2.16,
    "operatingProfit" : 209.77,
    "netProfitMargin" : 1.29,
    "netProfit" : 125.28
  }, {
    "date" : "2023-06-30",
    "sales" : 9705.09,
    "salesGrowthYoY" : 27.50,
    "grossProfitMargin" : 4.42,
    "grossProfit" : 428.96,
    "operatingProfitMargin" : 2.47,
    "operatingProfit" : 239.72,
    "netProfitMargin" : 2.00,
    "netProfit" : 194.10
  }, {
    "date" : "2023-09-30",
    "sales" : 9928.25,
    "salesGrowthYoY" : 15.71,
    "grossProfitMargin" : 4.36,
    "grossProfit" : 432.87,
    "operatingProfitMargin" : 2.64,
    "operatingProfit" : 262.11,
    "netProfitMargin" : 5.77,
    "netProfit" : 572.86
  }, {
    "date" : "2023-12-31",
    "sales" : 11104.02,
    "salesGrowthYoY" : 17.65,
    "grossProfitMargin" : 3.88,
    "grossProfit" : 430.84,
    "operatingProfitMargin" : 2.25,
    "operatingProfit" : 249.84,
    "netProfitMargin" : 1.38,
    "netProfit" : 153.24
  }, {
    "date" : "2024-03-31",
    "sales" : 10490.24,
    "salesGrowthYoY" : 8.02,
    "grossProfitMargin" : 3.83,
    "grossProfit" : 401.78,
    "operatingProfitMargin" : 2.42,
    "operatingProfit" : 253.86,
    "netProfitMargin" : 1.53,
    "netProfit" : 160.50
  }, {
    "date" : "2024-06-30",
    "sales" : 10301.59,
    "salesGrowthYoY" : 6.15,
    "grossProfitMargin" : 4.11,
    "grossProfit" : 423.40,
    "operatingProfitMargin" : 2.45,
    "operatingProfit" : 252.39,
    "netProfitMargin" : 1.51,
    "netProfit" : 155.55
  }, {
    "date" : "2024-09-30",
    "sales" : 12384.69,
    "salesGrowthYoY" : 24.74,
    "grossProfitMargin" : 3.71,
    "grossProfit" : 459.47,
    "operatingProfitMargin" : 2.24,
    "operatingProfit" : 277.42,
    "netProfitMargin" : 4.99,
    "netProfit" : 618.00
  }, {
    "date" : "2024-12-31",
    "sales" : 13094.86,
    "salesGrowthYoY" : 17.93,
    "grossProfitMargin" : 3.83,
    "grossProfit" : 501.53,
    "operatingProfitMargin" : 2.28,
    "operatingProfit" : 298.56,
    "netProfitMargin" : 3.52,
    "netProfit" : 460.94
  }, {
    "date" : "2025-03-31",
    "sales" : 13121.36,
    "salesGrowthYoY" : 25.08,
    "grossProfitMargin" : 3.74,
    "grossProfit" : 490.74,
    "operatingProfitMargin" : 2.32,
    "operatingProfit" : 304.42,
    "netProfitMargin" : 1.60,
    "netProfit" : 209.94
  }, {
    "date" : "2025-06-30",
    "sales" : 12757.28,
    "salesGrowthYoY" : 23.84,
    "grossProfitMargin" : 3.78,
    "grossProfit" : 482.23,
    "operatingProfitMargin" : 2.29,
    "operatingProfit" : 292.14,
    "netProfitMargin" : 1.57,
    "netProfit" : 200.29
  }, {
    "date" : "2025-09-30",
    "sales" : 15185.12,
    "salesGrowthYoY" : 22.61,
    "grossProfitMargin" : 3.63,
    "grossProfit" : 551.22,
    "operatingProfitMargin" : 2.18,
    "operatingProfit" : 331.04,
    "netProfitMargin" : 3.50,
    "netProfit" : 531.48
  } ],
  "latestQuarterlyResult" : {
    "date" : "2025-09-30",
    "sales" : 15185.12,
    "salesGrowthYoY" : 22.61,
    "grossProfitMargin" : 3.63,
    "grossProfit" : 551.22,
    "operatingProfitMargin" : 2.18,
    "operatingProfit" : 331.04,
    "netProfitMargin" : 3.50,
    "netProfit" : 531.48
  },
  "companyScore" : {
    "priceHigherThanDma50" : 5.00,
    "priceHigherThanDma100" : 0.00,
    "priceHigherThanDma200" : 5.00,
    "dma50HigherThanDma100" : 0.00,
    "dma50HigherThanDma200" : 5.00,
    "dma100HigherThanDma200" : 5.00,
    "pricePercentageAboveDma50" : 4.99,
    "pricePercentageAboveDma100" : 5.04,
    "pricePercentageAboveDma200" : 4.86,
    "weeklyVolumeHigherThanYearlyVolume" : 0.00,
    "salesGrowthPercentile" : 14.32,
    "operatingProfitMarginPercentile" : 6.81,
    "netProfitMarginPercentile" : 9.23,
    "totalTechnicalScore" : 34.89,
    "totalFundamentalScore" : 30.37,
    "totalScore" : 65.26
  }
}