{
  "metadata" : {
    "screenerCompanyId" : "3192",
    "companyCode" : "SAIL",
    "companyName" : "S A I L",
    "screenerCompanyLink" : "https://www.screener.in/company/SAIL/consolidated/",
    "screenerTechnicalHistoryLink" : "https://www.screener.in/api/company/3192/chart/?q=Price-DMA50-DMA200-Volume&days=365",
    "screenerQuarterlyResultsLink" : "https://www.screener.in/api/company/3192/chart/?q=GPM-OPM-NPM-Quarter+Sales&days=10000",
    "attributes" : {
      "companyCode" : "SAIL",
      "companyName" : "S A I L",
      "marketCap" : 65572.00,
      "peRatio" : 21.60,
      "description" : "Steel Authority of India Limited (SAIL) is one of the largest steel-making companies in India and one of the Maharatnas of the countrys Central Public Sector Enterprises. SAIL produces iron and steel at five integrated plants and three special steel plants, located principally in the eastern and central regions of India and situated close to domestic sources of raw materials. SAIL manufactures and sells a broad range of steel products.(Source : Company Web-Site)"
    },
    "companyScore" : {
      "priceHigherThanDma50" : 5.00,
      "priceHigherThanDma100" : 5.00,
      "priceHigherThanDma200" : 5.00,
      "dma50HigherThanDma100" : 5.00,
      "dma50HigherThanDma200" : 5.00,
      "dma100HigherThanDma200" : 5.00,
      "pricePercentageAboveDma50" : 4.70,
      "pricePercentageAboveDma100" : 4.37,
      "pricePercentageAboveDma200" : 4.19,
      "weeklyVolumeHigherThanYearlyVolume" : 0.00,
      "salesGrowthPercentile" : 13.00,
      "operatingProfitMarginPercentile" : 7.75,
      "netProfitMarginPercentile" : 4.05,
      "totalTechnicalScore" : 43.27,
      "totalFundamentalScore" : 24.80,
      "totalScore" : 68.07
    }
  },
  "attributes" : {
    "companyCode" : "SAIL",
    "companyName" : "S A I L",
    "marketCap" : 65572.00,
    "peRatio" : 21.60,
    "description" : "Steel Authority of India Limited (SAIL) is one of the largest steel-making companies in India and one of the Maharatnas of the countrys Central Public Sector Enterprises. SAIL produces iron and steel at five integrated plants and three special steel plants, located principally in the eastern and central regions of India and situated close to domestic sources of raw materials. SAIL manufactures and sells a broad range of steel products.(Source : Company Web-Site)"
  },
  "technicalHistory" : [ {
    "date" : "2025-02-24",
    "price" : 108.21,
    "dma50" : 109.94,
    "dma100" : null,
    "dma200" : 120.84,
    "volume" : 25069206.00
  }, {
    "date" : "2025-02-25",
    "price" : 106.17,
    "dma50" : 109.80,
    "dma100" : null,
    "dma200" : 120.69,
    "volume" : 19676467.00
  }, {
    "date" : "2025-02-27",
    "price" : 105.98,
    "dma50" : 109.65,
    "dma100" : null,
    "dma200" : 120.55,
    "volume" : 19126840.00
  }, {
    "date" : "2025-02-28",
    "price" : 105.02,
    "dma50" : 109.47,
    "dma100" : null,
    "dma200" : 120.39,
    "volume" : 28719572.00
  }, {
    "date" : "2025-03-03",
    "price" : 106.36,
    "dma50" : 109.34,
    "dma100" : null,
    "dma200" : 120.25,
    "volume" : 24299370.00
  }, {
    "date" : "2025-03-04",
    "price" : 107.66,
    "dma50" : 109.28,
    "dma100" : null,
    "dma200" : 120.13,
    "volume" : 27064570.00
  }, {
    "date" : "2025-03-05",
    "price" : 112.53,
    "dma50" : 109.40,
    "dma100" : null,
    "dma200" : 120.05,
    "volume" : 41236547.00
  }, {
    "date" : "2025-03-06",
    "price" : 111.97,
    "dma50" : 109.51,
    "dma100" : null,
    "dma200" : 119.97,
    "volume" : 35798725.00
  }, {
    "date" : "2025-03-07",
    "price" : 110.91,
    "dma50" : 109.56,
    "dma100" : null,
    "dma200" : 119.88,
    "volume" : 22443262.00
  }, {
    "date" : "2025-03-10",
    "price" : 107.27,
    "dma50" : 109.47,
    "dma100" : null,
    "dma200" : 119.76,
    "volume" : 25071819.00
  }, {
    "date" : "2025-03-11",
    "price" : 108.13,
    "dma50" : 109.42,
    "dma100" : null,
    "dma200" : 119.64,
    "volume" : 33171616.00
  }, {
    "date" : "2025-03-12",
    "price" : 106.66,
    "dma50" : 109.31,
    "dma100" : null,
    "dma200" : 119.51,
    "volume" : 24183850.00
  }, {
    "date" : "2025-03-13",
    "price" : 105.89,
    "dma50" : 109.18,
    "dma100" : null,
    "dma200" : 119.38,
    "volume" : 26063970.00
  }, {
    "date" : "2025-03-17",
    "price" : 106.14,
    "dma50" : 109.06,
    "dma100" : null,
    "dma200" : 119.25,
    "volume" : 16601810.00
  }, {
    "date" : "2025-03-18",
    "price" : 108.91,
    "dma50" : 109.05,
    "dma100" : null,
    "dma200" : 119.14,
    "volume" : 18350532.00
  }, {
    "date" : "2025-03-19",
    "price" : 113.23,
    "dma50" : 109.22,
    "dma100" : null,
    "dma200" : 119.08,
    "volume" : 49224710.00
  }, {
    "date" : "2025-03-20",
    "price" : 113.96,
    "dma50" : 109.40,
    "dma100" : null,
    "dma200" : 119.03,
    "volume" : 24595742.00
  }, {
    "date" : "2025-03-21",
    "price" : 115.30,
    "dma50" : 109.63,
    "dma100" : null,
    "dma200" : 119.00,
    "volume" : 26468654.00
  }, {
    "date" : "2025-03-24",
    "price" : 117.24,
    "dma50" : 109.93,
    "dma100" : null,
    "dma200" : 118.98,
    "volume" : 28756648.00
  }, {
    "date" : "2025-03-25",
    "price" : 114.70,
    "dma50" : 110.12,
    "dma100" : null,
    "dma200" : 118.94,
    "volume" : 20617129.00
  }, {
    "date" : "2025-03-26",
    "price" : 113.29,
    "dma50" : 110.24,
    "dma100" : null,
    "dma200" : 118.88,
    "volume" : 15966969.00
  }, {
    "date" : "2025-03-27",
    "price" : 113.88,
    "dma50" : 110.38,
    "dma100" : null,
    "dma200" : 118.83,
    "volume" : 14697590.00
  }, {
    "date" : "2025-03-28",
    "price" : 115.18,
    "dma50" : 110.57,
    "dma100" : null,
    "dma200" : 118.79,
    "volume" : 24336015.00
  }, {
    "date" : "2025-04-01",
    "price" : 116.88,
    "dma50" : 110.82,
    "dma100" : null,
    "dma200" : 118.77,
    "volume" : 16582097.00
  }, {
    "date" : "2025-04-02",
    "price" : 118.70,
    "dma50" : 111.13,
    "dma100" : null,
    "dma200" : 118.77,
    "volume" : 22092794.00
  }, {
    "date" : "2025-04-03",
    "price" : 118.54,
    "dma50" : 111.42,
    "dma100" : null,
    "dma200" : 118.77,
    "volume" : 15269602.00
  }, {
    "date" : "2025-04-04",
    "price" : 112.60,
    "dma50" : 111.47,
    "dma100" : null,
    "dma200" : 118.71,
    "volume" : 34810714.00
  }, {
    "date" : "2025-04-07",
    "price" : 104.63,
    "dma50" : 111.20,
    "dma100" : null,
    "dma200" : 118.57,
    "volume" : 29558572.00
  }, {
    "date" : "2025-04-08",
    "price" : 104.83,
    "dma50" : 110.95,
    "dma100" : null,
    "dma200" : 118.43,
    "volume" : 21946102.00
  }, {
    "date" : "2025-04-09",
    "price" : 104.97,
    "dma50" : 110.71,
    "dma100" : null,
    "dma200" : 118.30,
    "volume" : 21079437.00
  }, {
    "date" : "2025-04-11",
    "price" : 108.34,
    "dma50" : 110.62,
    "dma100" : null,
    "dma200" : 118.20,
    "volume" : 21363628.00
  }, {
    "date" : "2025-04-15",
    "price" : 113.25,
    "dma50" : 110.72,
    "dma100" : null,
    "dma200" : 118.15,
    "volume" : 18851409.00
  }, {
    "date" : "2025-04-16",
    "price" : 115.30,
    "dma50" : 110.90,
    "dma100" : null,
    "dma200" : 118.12,
    "volume" : 21214232.00
  }, {
    "date" : "2025-04-17",
    "price" : 113.96,
    "dma50" : 111.02,
    "dma100" : null,
    "dma200" : 118.08,
    "volume" : 20555828.00
  }, {
    "date" : "2025-04-21",
    "price" : 115.99,
    "dma50" : 111.22,
    "dma100" : null,
    "dma200" : 118.06,
    "volume" : 18583008.00
  }, {
    "date" : "2025-04-22",
    "price" : 115.98,
    "dma50" : 111.40,
    "dma100" : null,
    "dma200" : 118.04,
    "volume" : 25477189.00
  }, {
    "date" : "2025-04-23",
    "price" : 116.76,
    "dma50" : 111.61,
    "dma100" : null,
    "dma200" : 118.03,
    "volume" : 16439282.00
  }, {
    "date" : "2025-04-24",
    "price" : 118.03,
    "dma50" : 111.87,
    "dma100" : null,
    "dma200" : 118.03,
    "volume" : 17570373.00
  }, {
    "date" : "2025-04-25",
    "price" : 114.81,
    "dma50" : 111.98,
    "dma100" : null,
    "dma200" : 117.99,
    "volume" : 27248654.00
  }, {
    "date" : "2025-04-28",
    "price" : 116.77,
    "dma50" : 112.17,
    "dma100" : null,
    "dma200" : 117.98,
    "volume" : 11424122.00
  }, {
    "date" : "2025-04-29",
    "price" : 115.28,
    "dma50" : 112.29,
    "dma100" : null,
    "dma200" : 117.96,
    "volume" : 12920367.00
  }, {
    "date" : "2025-04-30",
    "price" : 113.71,
    "dma50" : 112.35,
    "dma100" : null,
    "dma200" : 117.91,
    "volume" : 11332836.00
  }, {
    "date" : "2025-05-02",
    "price" : 113.22,
    "dma50" : 112.38,
    "dma100" : null,
    "dma200" : 117.87,
    "volume" : 14603805.00
  }, {
    "date" : "2025-05-05",
    "price" : 114.79,
    "dma50" : 112.48,
    "dma100" : null,
    "dma200" : 117.84,
    "volume" : 10936124.00
  }, {
    "date" : "2025-05-06",
    "price" : 111.57,
    "dma50" : 112.44,
    "dma100" : null,
    "dma200" : 117.77,
    "volume" : 14156727.00
  }, {
    "date" : "2025-05-07",
    "price" : 113.68,
    "dma50" : 112.49,
    "dma100" : null,
    "dma200" : 117.73,
    "volume" : 15063759.00
  }, {
    "date" : "2025-05-08",
    "price" : 109.24,
    "dma50" : 112.36,
    "dma100" : null,
    "dma200" : 117.65,
    "volume" : 13524919.00
  }, {
    "date" : "2025-05-09",
    "price" : 109.01,
    "dma50" : 112.23,
    "dma100" : null,
    "dma200" : 117.56,
    "volume" : 15891407.00
  }, {
    "date" : "2025-05-12",
    "price" : 118.24,
    "dma50" : 112.47,
    "dma100" : null,
    "dma200" : 117.57,
    "volume" : 26535091.00
  }, {
    "date" : "2025-05-13",
    "price" : 116.00,
    "dma50" : 112.60,
    "dma100" : null,
    "dma200" : 117.55,
    "volume" : 13437382.00
  }, {
    "date" : "2025-05-14",
    "price" : 122.68,
    "dma50" : 113.00,
    "dma100" : null,
    "dma200" : 117.60,
    "volume" : 40155263.00
  }, {
    "date" : "2025-05-15",
    "price" : 122.70,
    "dma50" : 113.38,
    "dma100" : null,
    "dma200" : 117.66,
    "volume" : 17548083.00
  }, {
    "date" : "2025-05-16",
    "price" : 122.48,
    "dma50" : 113.74,
    "dma100" : null,
    "dma200" : 117.70,
    "volume" : 13635936.00
  }, {
    "date" : "2025-05-19",
    "price" : 122.11,
    "dma50" : 114.07,
    "dma100" : null,
    "dma200" : 117.75,
    "volume" : 10401447.00
  }, {
    "date" : "2025-05-20",
    "price" : 122.52,
    "dma50" : 114.40,
    "dma100" : null,
    "dma200" : 117.79,
    "volume" : 30301439.00
  }, {
    "date" : "2025-05-21",
    "price" : 124.88,
    "dma50" : 114.81,
    "dma100" : null,
    "dma200" : 117.87,
    "volume" : 19915249.00
  }, {
    "date" : "2025-05-22",
    "price" : 125.74,
    "dma50" : 115.24,
    "dma100" : null,
    "dma200" : 117.94,
    "volume" : 18939598.00
  }, {
    "date" : "2025-05-23",
    "price" : 125.92,
    "dma50" : 115.66,
    "dma100" : null,
    "dma200" : 118.02,
    "volume" : 11606075.00
  }, {
    "date" : "2025-05-26",
    "price" : 127.79,
    "dma50" : 116.13,
    "dma100" : null,
    "dma200" : 118.12,
    "volume" : 32147795.00
  }, {
    "date" : "2025-05-27",
    "price" : 128.58,
    "dma50" : 116.62,
    "dma100" : null,
    "dma200" : 118.22,
    "volume" : 16121859.00
  }, {
    "date" : "2025-05-28",
    "price" : 128.96,
    "dma50" : 117.10,
    "dma100" : null,
    "dma200" : 118.33,
    "volume" : 23628689.00
  }, {
    "date" : "2025-05-29",
    "price" : 129.96,
    "dma50" : 117.61,
    "dma100" : null,
    "dma200" : 118.45,
    "volume" : 39994519.00
  }, {
    "date" : "2025-05-30",
    "price" : 129.18,
    "dma50" : 118.06,
    "dma100" : null,
    "dma200" : 118.55,
    "volume" : 11477213.00
  }, {
    "date" : "2025-06-02",
    "price" : 130.69,
    "dma50" : 118.56,
    "dma100" : null,
    "dma200" : 118.67,
    "volume" : 21417012.00
  }, {
    "date" : "2025-06-03",
    "price" : 130.21,
    "dma50" : 119.01,
    "dma100" : null,
    "dma200" : 118.79,
    "volume" : 20405488.00
  }, {
    "date" : "2025-06-04",
    "price" : 131.83,
    "dma50" : 119.52,
    "dma100" : null,
    "dma200" : 118.92,
    "volume" : 13495229.00
  }, {
    "date" : "2025-06-05",
    "price" : 133.11,
    "dma50" : 120.05,
    "dma100" : null,
    "dma200" : 119.06,
    "volume" : 19991776.00
  }, {
    "date" : "2025-06-06",
    "price" : 135.04,
    "dma50" : 120.64,
    "dma100" : null,
    "dma200" : 119.22,
    "volume" : 16207184.00
  }, {
    "date" : "2025-06-09",
    "price" : 133.83,
    "dma50" : 121.15,
    "dma100" : null,
    "dma200" : 119.36,
    "volume" : 8280473.00
  }, {
    "date" : "2025-06-10",
    "price" : 132.93,
    "dma50" : 121.62,
    "dma100" : null,
    "dma200" : 119.50,
    "volume" : 9198125.00
  }, {
    "date" : "2025-06-11",
    "price" : 133.15,
    "dma50" : 122.07,
    "dma100" : null,
    "dma200" : 119.64,
    "volume" : 9487863.00
  }, {
    "date" : "2025-06-12",
    "price" : 129.97,
    "dma50" : 122.38,
    "dma100" : null,
    "dma200" : 119.74,
    "volume" : 12192373.00
  }, {
    "date" : "2025-06-13",
    "price" : 129.35,
    "dma50" : 122.65,
    "dma100" : null,
    "dma200" : 119.83,
    "volume" : 9205014.00
  }, {
    "date" : "2025-06-16",
    "price" : 128.92,
    "dma50" : 122.90,
    "dma100" : null,
    "dma200" : 119.92,
    "volume" : 6342639.00
  }, {
    "date" : "2025-06-17",
    "price" : 126.91,
    "dma50" : 123.06,
    "dma100" : null,
    "dma200" : 119.99,
    "volume" : 8318850.00
  }, {
    "date" : "2025-06-18",
    "price" : 127.03,
    "dma50" : 123.21,
    "dma100" : null,
    "dma200" : 120.06,
    "volume" : 12437595.00
  }, {
    "date" : "2025-06-19",
    "price" : 125.15,
    "dma50" : 123.29,
    "dma100" : null,
    "dma200" : 120.11,
    "volume" : 11260743.00
  }, {
    "date" : "2025-06-20",
    "price" : 127.48,
    "dma50" : 123.45,
    "dma100" : null,
    "dma200" : 120.19,
    "volume" : 11468491.00
  }, {
    "date" : "2025-06-23",
    "price" : 126.60,
    "dma50" : 123.57,
    "dma100" : null,
    "dma200" : 120.25,
    "volume" : 7390320.00
  }, {
    "date" : "2025-06-24",
    "price" : 130.74,
    "dma50" : 123.86,
    "dma100" : null,
    "dma200" : 120.36,
    "volume" : 21446506.00
  }, {
    "date" : "2025-06-25",
    "price" : 128.26,
    "dma50" : 124.03,
    "dma100" : null,
    "dma200" : 120.43,
    "volume" : 11590403.00
  }, {
    "date" : "2025-06-26",
    "price" : 133.62,
    "dma50" : 124.40,
    "dma100" : null,
    "dma200" : 120.57,
    "volume" : 25187082.00
  }, {
    "date" : "2025-06-27",
    "price" : 131.70,
    "dma50" : 124.69,
    "dma100" : null,
    "dma200" : 120.68,
    "volume" : 18714991.00
  }, {
    "date" : "2025-06-30",
    "price" : 131.99,
    "dma50" : 124.98,
    "dma100" : null,
    "dma200" : 120.79,
    "volume" : 7467979.00
  }, {
    "date" : "2025-07-01",
    "price" : 133.34,
    "dma50" : 125.31,
    "dma100" : null,
    "dma200" : 120.91,
    "volume" : 13681430.00
  }, {
    "date" : "2025-07-02",
    "price" : 137.48,
    "dma50" : 125.78,
    "dma100" : null,
    "dma200" : 121.08,
    "volume" : 29662987.00
  }, {
    "date" : "2025-07-03",
    "price" : 136.50,
    "dma50" : 126.20,
    "dma100" : null,
    "dma200" : 121.23,
    "volume" : 25617491.00
  }, {
    "date" : "2025-07-04",
    "price" : 134.72,
    "dma50" : 126.54,
    "dma100" : null,
    "dma200" : 121.37,
    "volume" : 7535079.00
  }, {
    "date" : "2025-07-07",
    "price" : 133.47,
    "dma50" : 126.81,
    "dma100" : null,
    "dma200" : 121.49,
    "volume" : 5801663.00
  }, {
    "date" : "2025-07-08",
    "price" : 135.05,
    "dma50" : 127.13,
    "dma100" : null,
    "dma200" : 121.62,
    "volume" : 10465264.00
  }, {
    "date" : "2025-07-09",
    "price" : 133.88,
    "dma50" : 127.40,
    "dma100" : null,
    "dma200" : 121.74,
    "volume" : 13582527.00
  }, {
    "date" : "2025-07-10",
    "price" : 134.78,
    "dma50" : 127.69,
    "dma100" : null,
    "dma200" : 121.87,
    "volume" : 6992936.00
  }, {
    "date" : "2025-07-11",
    "price" : 134.33,
    "dma50" : 127.95,
    "dma100" : null,
    "dma200" : 122.00,
    "volume" : 10443388.00
  }, {
    "date" : "2025-07-14",
    "price" : 134.19,
    "dma50" : 128.19,
    "dma100" : null,
    "dma200" : 122.12,
    "volume" : 5902385.00
  }, {
    "date" : "2025-07-15",
    "price" : 134.88,
    "dma50" : 128.45,
    "dma100" : null,
    "dma200" : 122.25,
    "volume" : 6074917.00
  }, {
    "date" : "2025-07-16",
    "price" : 133.58,
    "dma50" : 128.65,
    "dma100" : null,
    "dma200" : 122.36,
    "volume" : 7844677.00
  }, {
    "date" : "2025-07-17",
    "price" : 133.60,
    "dma50" : 128.85,
    "dma100" : null,
    "dma200" : 122.47,
    "volume" : 6358908.00
  }, {
    "date" : "2025-07-18",
    "price" : 136.45,
    "dma50" : 129.15,
    "dma100" : null,
    "dma200" : 122.61,
    "volume" : 11080385.00
  }, {
    "date" : "2025-07-21",
    "price" : 136.94,
    "dma50" : 129.45,
    "dma100" : null,
    "dma200" : 122.75,
    "volume" : 10625450.00
  }, {
    "date" : "2025-07-22",
    "price" : 135.99,
    "dma50" : 129.71,
    "dma100" : null,
    "dma200" : 122.88,
    "volume" : 14447527.00
  }, {
    "date" : "2025-07-23",
    "price" : 134.79,
    "dma50" : 129.91,
    "dma100" : 121.57,
    "dma200" : 123.00,
    "volume" : 9142590.00
  }, {
    "date" : "2025-07-24",
    "price" : 136.17,
    "dma50" : 130.15,
    "dma100" : 121.87,
    "dma200" : 123.13,
    "volume" : 10189965.00
  }, {
    "date" : "2025-07-25",
    "price" : 130.67,
    "dma50" : 130.17,
    "dma100" : 122.12,
    "dma200" : 123.21,
    "volume" : 16398938.00
  }, {
    "date" : "2025-07-28",
    "price" : 125.59,
    "dma50" : 129.99,
    "dma100" : 122.33,
    "dma200" : 123.23,
    "volume" : 36104577.00
  }, {
    "date" : "2025-07-29",
    "price" : 126.01,
    "dma50" : 129.84,
    "dma100" : 122.52,
    "dma200" : 123.26,
    "volume" : 15241985.00
  }, {
    "date" : "2025-07-30",
    "price" : 124.16,
    "dma50" : 129.62,
    "dma100" : 122.69,
    "dma200" : 123.27,
    "volume" : 8821289.00
  }, {
    "date" : "2025-07-31",
    "price" : 124.20,
    "dma50" : 129.40,
    "dma100" : 122.81,
    "dma200" : 123.28,
    "volume" : 13677193.00
  }, {
    "date" : "2025-08-01",
    "price" : 120.12,
    "dma50" : 129.04,
    "dma100" : 122.89,
    "dma200" : 123.25,
    "volume" : 13570453.00
  }, {
    "date" : "2025-08-04",
    "price" : 125.48,
    "dma50" : 128.90,
    "dma100" : 123.03,
    "dma200" : 123.27,
    "volume" : 14308199.00
  }, {
    "date" : "2025-08-05",
    "price" : 125.16,
    "dma50" : 128.75,
    "dma100" : 123.21,
    "dma200" : 123.29,
    "volume" : 9624384.00
  }, {
    "date" : "2025-08-06",
    "price" : 123.45,
    "dma50" : 128.54,
    "dma100" : 123.36,
    "dma200" : 123.29,
    "volume" : 9809803.00
  }, {
    "date" : "2025-08-07",
    "price" : 123.36,
    "dma50" : 128.34,
    "dma100" : 123.53,
    "dma200" : 123.29,
    "volume" : 10968668.00
  }, {
    "date" : "2025-08-08",
    "price" : 121.07,
    "dma50" : 128.06,
    "dma100" : 123.68,
    "dma200" : 123.27,
    "volume" : 6339272.00
  }, {
    "date" : "2025-08-11",
    "price" : 121.67,
    "dma50" : 127.81,
    "dma100" : 123.84,
    "dma200" : 123.25,
    "volume" : 9569045.00
  }, {
    "date" : "2025-08-12",
    "price" : 122.19,
    "dma50" : 127.59,
    "dma100" : 123.97,
    "dma200" : 123.24,
    "volume" : 6988881.00
  }, {
    "date" : "2025-08-13",
    "price" : 124.05,
    "dma50" : 127.45,
    "dma100" : 124.08,
    "dma200" : 123.25,
    "volume" : 12599875.00
  }, {
    "date" : "2025-08-14",
    "price" : 120.37,
    "dma50" : 127.17,
    "dma100" : 124.14,
    "dma200" : 123.22,
    "volume" : 8200780.00
  }, {
    "date" : "2025-08-18",
    "price" : 122.44,
    "dma50" : 126.98,
    "dma100" : 124.22,
    "dma200" : 123.21,
    "volume" : 9004171.00
  }, {
    "date" : "2025-08-19",
    "price" : 122.98,
    "dma50" : 126.83,
    "dma100" : 124.27,
    "dma200" : 123.21,
    "volume" : 4999922.00
  }, {
    "date" : "2025-08-20",
    "price" : 124.09,
    "dma50" : 126.72,
    "dma100" : 124.37,
    "dma200" : 123.22,
    "volume" : 12683139.00
  }, {
    "date" : "2025-08-21",
    "price" : 123.25,
    "dma50" : 126.58,
    "dma100" : 124.47,
    "dma200" : 123.22,
    "volume" : 4724843.00
  }, {
    "date" : "2025-08-22",
    "price" : 121.93,
    "dma50" : 126.40,
    "dma100" : 124.55,
    "dma200" : 123.21,
    "volume" : 5342954.00
  }, {
    "date" : "2025-08-25",
    "price" : 122.84,
    "dma50" : 126.26,
    "dma100" : 124.62,
    "dma200" : 123.20,
    "volume" : 3284092.00
  }, {
    "date" : "2025-08-26",
    "price" : 119.94,
    "dma50" : 126.01,
    "dma100" : 124.65,
    "dma200" : 123.17,
    "volume" : 7466900.00
  }, {
    "date" : "2025-08-28",
    "price" : 119.25,
    "dma50" : 125.75,
    "dma100" : 124.66,
    "dma200" : 123.13,
    "volume" : 7982040.00
  }, {
    "date" : "2025-08-29",
    "price" : 118.66,
    "dma50" : 125.47,
    "dma100" : 124.66,
    "dma200" : 123.09,
    "volume" : 5482929.00
  }, {
    "date" : "2025-09-01",
    "price" : 121.09,
    "dma50" : 125.30,
    "dma100" : 124.75,
    "dma200" : 123.07,
    "volume" : 4888636.00
  }, {
    "date" : "2025-09-02",
    "price" : 123.09,
    "dma50" : 125.21,
    "dma100" : 124.93,
    "dma200" : 123.07,
    "volume" : 8888315.00
  }, {
    "date" : "2025-09-03",
    "price" : 129.68,
    "dma50" : 125.39,
    "dma100" : 125.18,
    "dma200" : 123.13,
    "volume" : 27862783.00
  }, {
    "date" : "2025-09-04",
    "price" : 127.57,
    "dma50" : 125.47,
    "dma100" : 125.40,
    "dma200" : 123.18,
    "volume" : 8444990.00
  }, {
    "date" : "2025-09-05",
    "price" : 129.26,
    "dma50" : 125.62,
    "dma100" : 125.61,
    "dma200" : 123.24,
    "volume" : 6144583.00
  }, {
    "date" : "2025-09-08",
    "price" : 131.45,
    "dma50" : 125.85,
    "dma100" : 125.80,
    "dma200" : 123.32,
    "volume" : 27854122.00
  }, {
    "date" : "2025-09-09",
    "price" : 129.45,
    "dma50" : 125.99,
    "dma100" : 125.94,
    "dma200" : 123.38,
    "volume" : 7291041.00
  }, {
    "date" : "2025-09-10",
    "price" : 129.72,
    "dma50" : 126.14,
    "dma100" : 126.09,
    "dma200" : 123.44,
    "volume" : 4999314.00
  }, {
    "date" : "2025-09-11",
    "price" : 131.82,
    "dma50" : 126.36,
    "dma100" : 126.25,
    "dma200" : 123.53,
    "volume" : 8464098.00
  }, {
    "date" : "2025-09-12",
    "price" : 132.26,
    "dma50" : 126.59,
    "dma100" : 126.42,
    "dma200" : 123.61,
    "volume" : 4957900.00
  }, {
    "date" : "2025-09-15",
    "price" : 132.79,
    "dma50" : 126.83,
    "dma100" : 126.58,
    "dma200" : 123.71,
    "volume" : 6933662.00
  }, {
    "date" : "2025-09-16",
    "price" : 132.94,
    "dma50" : 127.07,
    "dma100" : 126.73,
    "dma200" : 123.80,
    "volume" : 5351674.00
  }, {
    "date" : "2025-09-17",
    "price" : 132.75,
    "dma50" : 127.30,
    "dma100" : 126.90,
    "dma200" : 123.89,
    "volume" : 6274377.00
  }, {
    "date" : "2025-09-18",
    "price" : 133.18,
    "dma50" : 127.53,
    "dma100" : 127.07,
    "dma200" : 123.98,
    "volume" : 6648358.00
  }, {
    "date" : "2025-09-19",
    "price" : 136.20,
    "dma50" : 127.87,
    "dma100" : 127.28,
    "dma200" : 124.10,
    "volume" : 42719831.00
  }, {
    "date" : "2025-09-22",
    "price" : 135.49,
    "dma50" : 128.17,
    "dma100" : 127.50,
    "dma200" : 124.21,
    "volume" : 11591383.00
  }, {
    "date" : "2025-09-23",
    "price" : 137.30,
    "dma50" : 128.52,
    "dma100" : 127.74,
    "dma200" : 124.34,
    "volume" : 11357452.00
  }, {
    "date" : "2025-09-24",
    "price" : 136.34,
    "dma50" : 128.83,
    "dma100" : 127.95,
    "dma200" : 124.46,
    "volume" : 15687943.00
  }, {
    "date" : "2025-09-25",
    "price" : 136.52,
    "dma50" : 129.13,
    "dma100" : 128.20,
    "dma200" : 124.58,
    "volume" : 9521723.00
  }, {
    "date" : "2025-09-26",
    "price" : 131.02,
    "dma50" : 129.21,
    "dma100" : 128.37,
    "dma200" : 124.65,
    "volume" : 9690582.00
  }, {
    "date" : "2025-09-29",
    "price" : 131.71,
    "dma50" : 129.30,
    "dma100" : 128.60,
    "dma200" : 124.72,
    "volume" : 7156529.00
  }, {
    "date" : "2025-09-30",
    "price" : 134.48,
    "dma50" : 129.51,
    "dma100" : 128.85,
    "dma200" : 124.81,
    "volume" : 10501145.00
  }, {
    "date" : "2025-10-01",
    "price" : 134.92,
    "dma50" : 129.72,
    "dma100" : 129.02,
    "dma200" : 124.92,
    "volume" : 20710157.00
  }, {
    "date" : "2025-10-03",
    "price" : 134.96,
    "dma50" : 129.93,
    "dma100" : 129.21,
    "dma200" : 125.02,
    "volume" : 17935758.00
  }, {
    "date" : "2025-10-06",
    "price" : 132.62,
    "dma50" : 130.03,
    "dma100" : 129.31,
    "dma200" : 125.09,
    "volume" : 36587929.00
  }, {
    "date" : "2025-10-07",
    "price" : 132.88,
    "dma50" : 130.14,
    "dma100" : 129.41,
    "dma200" : 125.17,
    "volume" : 21307482.00
  }, {
    "date" : "2025-10-08",
    "price" : 131.72,
    "dma50" : 130.20,
    "dma100" : 129.50,
    "dma200" : 125.23,
    "volume" : 23912801.00
  }, {
    "date" : "2025-10-09",
    "price" : 136.46,
    "dma50" : 130.45,
    "dma100" : 129.65,
    "dma200" : 125.35,
    "volume" : 48345073.00
  }, {
    "date" : "2025-10-10",
    "price" : 132.17,
    "dma50" : 130.52,
    "dma100" : 129.74,
    "dma200" : 125.41,
    "volume" : 22564882.00
  }, {
    "date" : "2025-10-13",
    "price" : 132.51,
    "dma50" : 130.60,
    "dma100" : 129.82,
    "dma200" : 125.48,
    "volume" : 22180152.00
  }, {
    "date" : "2025-10-14",
    "price" : 128.77,
    "dma50" : 130.52,
    "dma100" : 129.85,
    "dma200" : 125.52,
    "volume" : 14367534.00
  }, {
    "date" : "2025-10-15",
    "price" : 130.29,
    "dma50" : 130.51,
    "dma100" : 129.89,
    "dma200" : 125.56,
    "volume" : 12093194.00
  }, {
    "date" : "2025-10-16",
    "price" : 131.38,
    "dma50" : 130.55,
    "dma100" : 129.93,
    "dma200" : 125.62,
    "volume" : 18048602.00
  }, {
    "date" : "2025-10-17",
    "price" : 128.68,
    "dma50" : 130.48,
    "dma100" : 129.93,
    "dma200" : 125.65,
    "volume" : 13701817.00
  }, {
    "date" : "2025-10-20",
    "price" : 129.84,
    "dma50" : 130.45,
    "dma100" : 129.94,
    "dma200" : 125.69,
    "volume" : 8955175.00
  }, {
    "date" : "2025-10-21",
    "price" : 129.95,
    "dma50" : 130.43,
    "dma100" : 129.94,
    "dma200" : 125.74,
    "volume" : 2024742.00
  }, {
    "date" : "2025-10-23",
    "price" : 129.34,
    "dma50" : 130.39,
    "dma100" : 129.94,
    "dma200" : 125.77,
    "volume" : 8551335.00
  }, {
    "date" : "2025-10-24",
    "price" : 129.46,
    "dma50" : 130.35,
    "dma100" : 129.93,
    "dma200" : 125.81,
    "volume" : 15688342.00
  }, {
    "date" : "2025-10-27",
    "price" : 129.90,
    "dma50" : 130.33,
    "dma100" : 129.93,
    "dma200" : 125.85,
    "volume" : 12937530.00
  }, {
    "date" : "2025-10-28",
    "price" : 132.16,
    "dma50" : 130.41,
    "dma100" : 129.93,
    "dma200" : 125.91,
    "volume" : 57533831.00
  }, {
    "date" : "2025-10-29",
    "price" : 140.55,
    "dma50" : 130.80,
    "dma100" : 130.00,
    "dma200" : 126.06,
    "volume" : 153331516.00
  }, {
    "date" : "2025-10-30",
    "price" : 137.05,
    "dma50" : 131.05,
    "dma100" : 130.02,
    "dma200" : 126.17,
    "volume" : 32892316.00
  }, {
    "date" : "2025-10-31",
    "price" : 136.85,
    "dma50" : 131.28,
    "dma100" : 130.05,
    "dma200" : 126.27,
    "volume" : 31172930.00
  }, {
    "date" : "2025-11-03",
    "price" : 137.97,
    "dma50" : 131.54,
    "dma100" : 130.10,
    "dma200" : 126.39,
    "volume" : 23744518.00
  }, {
    "date" : "2025-11-04",
    "price" : 138.18,
    "dma50" : 131.80,
    "dma100" : 130.16,
    "dma200" : 126.51,
    "volume" : 32818590.00
  }, {
    "date" : "2025-11-06",
    "price" : 137.91,
    "dma50" : 132.04,
    "dma100" : 130.23,
    "dma200" : 126.62,
    "volume" : 18587192.00
  }, {
    "date" : "2025-11-07",
    "price" : 141.00,
    "dma50" : 132.39,
    "dma100" : 130.35,
    "dma200" : 126.76,
    "volume" : 38092916.00
  }, {
    "date" : "2025-11-10",
    "price" : 144.34,
    "dma50" : 132.86,
    "dma100" : 130.51,
    "dma200" : 126.94,
    "volume" : 42936150.00
  }, {
    "date" : "2025-11-11",
    "price" : 144.40,
    "dma50" : 133.31,
    "dma100" : 130.68,
    "dma200" : 127.11,
    "volume" : 20324435.00
  }, {
    "date" : "2025-11-12",
    "price" : 143.49,
    "dma50" : 133.71,
    "dma100" : 130.84,
    "dma200" : 127.28,
    "volume" : 16399880.00
  }, {
    "date" : "2025-11-13",
    "price" : 144.72,
    "dma50" : 134.14,
    "dma100" : 131.04,
    "dma200" : 127.45,
    "volume" : 25807431.00
  }, {
    "date" : "2025-11-14",
    "price" : 141.99,
    "dma50" : 134.45,
    "dma100" : 131.19,
    "dma200" : 127.59,
    "volume" : 13789230.00
  }, {
    "date" : "2025-11-17",
    "price" : 141.33,
    "dma50" : 134.72,
    "dma100" : 131.33,
    "dma200" : 127.73,
    "volume" : 9505408.00
  }, {
    "date" : "2025-11-18",
    "price" : 138.90,
    "dma50" : 134.88,
    "dma100" : 131.41,
    "dma200" : 127.84,
    "volume" : 16857648.00
  }, {
    "date" : "2025-11-19",
    "price" : 139.99,
    "dma50" : 135.08,
    "dma100" : 131.53,
    "dma200" : 127.96,
    "volume" : 11503469.00
  }, {
    "date" : "2025-11-20",
    "price" : 138.19,
    "dma50" : 135.21,
    "dma100" : 131.58,
    "dma200" : 128.06,
    "volume" : 10666281.00
  }, {
    "date" : "2025-11-21",
    "price" : 134.08,
    "dma50" : 135.16,
    "dma100" : 131.60,
    "dma200" : 128.12,
    "volume" : 11498752.00
  }, {
    "date" : "2025-11-24",
    "price" : 132.08,
    "dma50" : 135.04,
    "dma100" : 131.60,
    "dma200" : 128.16,
    "volume" : 12666043.00
  }, {
    "date" : "2025-11-25",
    "price" : 132.25,
    "dma50" : 134.93,
    "dma100" : 131.59,
    "dma200" : 128.20,
    "volume" : 39502753.00
  }, {
    "date" : "2025-11-26",
    "price" : 136.92,
    "dma50" : 135.01,
    "dma100" : 131.59,
    "dma200" : 128.29,
    "volume" : 38127332.00
  }, {
    "date" : "2025-11-27",
    "price" : 136.21,
    "dma50" : 135.06,
    "dma100" : 131.58,
    "dma200" : 128.37,
    "volume" : 16377559.00
  }, {
    "date" : "2025-11-28",
    "price" : 134.91,
    "dma50" : 135.05,
    "dma100" : 131.58,
    "dma200" : 128.43,
    "volume" : 12766962.00
  }, {
    "date" : "2025-12-01",
    "price" : 135.05,
    "dma50" : 135.05,
    "dma100" : 131.60,
    "dma200" : 128.50,
    "volume" : 11194936.00
  }, {
    "date" : "2025-12-02",
    "price" : 132.46,
    "dma50" : 134.95,
    "dma100" : 131.57,
    "dma200" : 128.54,
    "volume" : 12393184.00
  }, {
    "date" : "2025-12-03",
    "price" : 131.92,
    "dma50" : 134.83,
    "dma100" : 131.55,
    "dma200" : 128.57,
    "volume" : 16732532.00
  }, {
    "date" : "2025-12-04",
    "price" : 132.14,
    "dma50" : 134.72,
    "dma100" : 131.53,
    "dma200" : 128.61,
    "volume" : 14770287.00
  }, {
    "date" : "2025-12-05",
    "price" : 132.54,
    "dma50" : 134.64,
    "dma100" : 131.51,
    "dma200" : 128.65,
    "volume" : 6877163.00
  }, {
    "date" : "2025-12-08",
    "price" : 129.75,
    "dma50" : 134.45,
    "dma100" : 131.47,
    "dma200" : 128.66,
    "volume" : 12472179.00
  }, {
    "date" : "2025-12-09",
    "price" : 129.15,
    "dma50" : 134.24,
    "dma100" : 131.41,
    "dma200" : 128.66,
    "volume" : 11725809.00
  }, {
    "date" : "2025-12-10",
    "price" : 128.52,
    "dma50" : 134.02,
    "dma100" : 131.36,
    "dma200" : 128.66,
    "volume" : 9257945.00
  }, {
    "date" : "2025-12-11",
    "price" : 129.54,
    "dma50" : 133.84,
    "dma100" : 131.32,
    "dma200" : 128.67,
    "volume" : 6798814.00
  }, {
    "date" : "2025-12-12",
    "price" : 131.90,
    "dma50" : 133.76,
    "dma100" : 131.27,
    "dma200" : 128.70,
    "volume" : 11358892.00
  }, {
    "date" : "2025-12-15",
    "price" : 132.31,
    "dma50" : 133.71,
    "dma100" : 131.23,
    "dma200" : 128.74,
    "volume" : 8628987.00
  }, {
    "date" : "2025-12-16",
    "price" : 129.68,
    "dma50" : 133.55,
    "dma100" : 131.16,
    "dma200" : 128.75,
    "volume" : 13894583.00
  }, {
    "date" : "2025-12-17",
    "price" : 130.20,
    "dma50" : 133.42,
    "dma100" : 131.12,
    "dma200" : 128.76,
    "volume" : 8790384.00
  }, {
    "date" : "2025-12-18",
    "price" : 127.27,
    "dma50" : 133.18,
    "dma100" : 131.03,
    "dma200" : 128.75,
    "volume" : 13093776.00
  }, {
    "date" : "2025-12-19",
    "price" : 125.91,
    "dma50" : 132.89,
    "dma100" : 130.98,
    "dma200" : 128.72,
    "volume" : 21811178.00
  }, {
    "date" : "2025-12-22",
    "price" : 130.06,
    "dma50" : 132.78,
    "dma100" : 131.03,
    "dma200" : 128.73,
    "volume" : 18948742.00
  }, {
    "date" : "2025-12-23",
    "price" : 132.71,
    "dma50" : 132.78,
    "dma100" : 131.09,
    "dma200" : 128.77,
    "volume" : 15058596.00
  }, {
    "date" : "2025-12-24",
    "price" : 131.85,
    "dma50" : 132.74,
    "dma100" : 131.17,
    "dma200" : 128.80,
    "volume" : 12628121.00
  }, {
    "date" : "2025-12-26",
    "price" : 132.32,
    "dma50" : 132.72,
    "dma100" : 131.25,
    "dma200" : 128.84,
    "volume" : 8344831.00
  }, {
    "date" : "2025-12-29",
    "price" : 134.09,
    "dma50" : 132.78,
    "dma100" : 131.39,
    "dma200" : 128.89,
    "volume" : 45988646.00
  }, {
    "date" : "2025-12-30",
    "price" : 141.02,
    "dma50" : 133.10,
    "dma100" : 131.55,
    "dma200" : 129.01,
    "volume" : 43875215.00
  }, {
    "date" : "2025-12-31",
    "price" : 146.99,
    "dma50" : 133.65,
    "dma100" : 131.76,
    "dma200" : 129.19,
    "volume" : 72050724.00
  }, {
    "date" : "2026-01-01",
    "price" : 148.45,
    "dma50" : 134.23,
    "dma100" : 132.01,
    "dma200" : 129.38,
    "volume" : 23853461.00
  }, {
    "date" : "2026-01-02",
    "price" : 147.47,
    "dma50" : 134.75,
    "dma100" : 132.25,
    "dma200" : 129.56,
    "volume" : 13919762.00
  }, {
    "date" : "2026-01-05",
    "price" : 150.85,
    "dma50" : 135.38,
    "dma100" : 132.55,
    "dma200" : 129.77,
    "volume" : 26398600.00
  }, {
    "date" : "2026-01-06",
    "price" : 146.44,
    "dma50" : 135.81,
    "dma100" : 132.80,
    "dma200" : 129.94,
    "volume" : 29792602.00
  }, {
    "date" : "2026-01-07",
    "price" : 150.37,
    "dma50" : 136.38,
    "dma100" : 133.08,
    "dma200" : 130.14,
    "volume" : 17283462.00
  }, {
    "date" : "2026-01-08",
    "price" : 146.46,
    "dma50" : 136.78,
    "dma100" : 133.31,
    "dma200" : 130.31,
    "volume" : 23817684.00
  }, {
    "date" : "2026-01-09",
    "price" : 145.67,
    "dma50" : 137.13,
    "dma100" : 133.56,
    "dma200" : 130.46,
    "volume" : 16749552.00
  }, {
    "date" : "2026-01-12",
    "price" : 149.22,
    "dma50" : 137.60,
    "dma100" : 133.83,
    "dma200" : 130.64,
    "volume" : 22103545.00
  }, {
    "date" : "2026-01-13",
    "price" : 147.76,
    "dma50" : 138.00,
    "dma100" : 134.07,
    "dma200" : 130.82,
    "volume" : 12083906.00
  }, {
    "date" : "2026-01-14",
    "price" : 152.44,
    "dma50" : 138.57,
    "dma100" : 134.36,
    "dma200" : 131.03,
    "volume" : 27500859.00
  }, {
    "date" : "2026-01-16",
    "price" : 149.37,
    "dma50" : 138.99,
    "dma100" : 134.62,
    "dma200" : 131.21,
    "volume" : 17363060.00
  }, {
    "date" : "2026-01-19",
    "price" : 149.70,
    "dma50" : 139.41,
    "dma100" : 134.90,
    "dma200" : 131.40,
    "volume" : 9793934.00
  }, {
    "date" : "2026-01-20",
    "price" : 145.40,
    "dma50" : 139.64,
    "dma100" : 135.12,
    "dma200" : 131.54,
    "volume" : 23290134.00
  }, {
    "date" : "2026-01-21",
    "price" : 146.45,
    "dma50" : 139.91,
    "dma100" : 135.39,
    "dma200" : 131.68,
    "volume" : 21952464.00
  }, {
    "date" : "2026-01-22",
    "price" : 151.65,
    "dma50" : 140.37,
    "dma100" : 135.71,
    "dma200" : 131.88,
    "volume" : 46952474.00
  }, {
    "date" : "2026-01-23",
    "price" : 149.03,
    "dma50" : 140.71,
    "dma100" : 136.02,
    "dma200" : 132.05,
    "volume" : 36908193.00
  }, {
    "date" : "2026-01-27",
    "price" : 155.56,
    "dma50" : 141.29,
    "dma100" : 136.36,
    "dma200" : 132.29,
    "volume" : 42284670.00
  }, {
    "date" : "2026-01-28",
    "price" : 155.74,
    "dma50" : 141.86,
    "dma100" : 136.69,
    "dma200" : 132.52,
    "volume" : 34047346.00
  }, {
    "date" : "2026-01-29",
    "price" : 157.18,
    "dma50" : 142.46,
    "dma100" : 136.96,
    "dma200" : 132.77,
    "volume" : 34358254.00
  }, {
    "date" : "2026-01-30",
    "price" : 151.13,
    "dma50" : 142.80,
    "dma100" : 137.20,
    "dma200" : 132.95,
    "volume" : 35365013.00
  }, {
    "date" : "2026-02-01",
    "price" : 148.63,
    "dma50" : 143.03,
    "dma100" : 137.39,
    "dma200" : 133.11,
    "volume" : 33111369.00
  }, {
    "date" : "2026-02-02",
    "price" : 148.67,
    "dma50" : 143.25,
    "dma100" : 137.56,
    "dma200" : 133.26,
    "volume" : 41640597.00
  }, {
    "date" : "2026-02-03",
    "price" : 154.36,
    "dma50" : 143.69,
    "dma100" : 137.81,
    "dma200" : 133.47,
    "volume" : 34666375.00
  }, {
    "date" : "2026-02-04",
    "price" : 157.29,
    "dma50" : 144.22,
    "dma100" : 138.09,
    "dma200" : 133.71,
    "volume" : 22165573.00
  }, {
    "date" : "2026-02-05",
    "price" : 158.50,
    "dma50" : 144.78,
    "dma100" : 138.35,
    "dma200" : 133.95,
    "volume" : 24320139.00
  }, {
    "date" : "2026-02-06",
    "price" : 160.52,
    "dma50" : 145.40,
    "dma100" : 138.64,
    "dma200" : 134.22,
    "volume" : 34538917.00
  }, {
    "date" : "2026-02-09",
    "price" : 158.38,
    "dma50" : 145.91,
    "dma100" : 138.89,
    "dma200" : 134.46,
    "volume" : 23366435.00
  }, {
    "date" : "2026-02-10",
    "price" : 160.99,
    "dma50" : 146.50,
    "dma100" : 139.17,
    "dma200" : 134.72,
    "volume" : 29732320.00
  }, {
    "date" : "2026-02-11",
    "price" : 162.12,
    "dma50" : 147.11,
    "dma100" : 139.47,
    "dma200" : 134.99,
    "volume" : 18376527.00
  }, {
    "date" : "2026-02-12",
    "price" : 160.35,
    "dma50" : 147.63,
    "dma100" : 139.74,
    "dma200" : 135.25,
    "volume" : 11432136.00
  }, {
    "date" : "2026-02-13",
    "price" : 159.28,
    "dma50" : 148.09,
    "dma100" : 139.97,
    "dma200" : 135.49,
    "volume" : 21060396.00
  }, {
    "date" : "2026-02-16",
    "price" : 159.58,
    "dma50" : 148.54,
    "dma100" : 140.21,
    "dma200" : 135.73,
    "volume" : 8716403.00
  }, {
    "date" : "2026-02-17",
    "price" : 157.27,
    "dma50" : 148.88,
    "dma100" : 140.41,
    "dma200" : 135.94,
    "volume" : 16349569.00
  }, {
    "date" : "2026-02-18",
    "price" : 159.21,
    "dma50" : 149.28,
    "dma100" : 140.64,
    "dma200" : 136.17,
    "volume" : 14741111.00
  }, {
    "date" : "2026-02-19",
    "price" : 155.80,
    "dma50" : 149.54,
    "dma100" : 140.83,
    "dma200" : 136.37,
    "volume" : 14150638.00
  }, {
    "date" : "2026-02-20",
    "price" : 158.75,
    "dma50" : 149.90,
    "dma100" : 141.11,
    "dma200" : 136.59,
    "volume" : 15424877.00
  } ],
  "latestTechnicalAttributes" : {
    "date" : "2026-02-20",
    "price" : 158.75,
    "dma50" : 149.90,
    "dma100" : 141.11,
    "dma200" : 136.59,
    "volume" : 15424877.00
  },
  "quarterlyResults" : [ {
    "date" : "2005-03-31",
    "sales" : 9452.29,
    "salesGrowthYoY" : null,
    "grossProfitMargin" : 63.76,
    "grossProfit" : 6026.78,
    "operatingProfitMargin" : 42.08,
    "operatingProfit" : 3977.52,
    "netProfitMargin" : 28.33,
    "netProfit" : 2677.83
  }, {
    "date" : "2005-06-30",
    "sales" : 5640.73,
    "salesGrowthYoY" : null,
    "grossProfitMargin" : 75.57,
    "grossProfit" : 4262.70,
    "operatingProfitMargin" : 35.39,
    "operatingProfit" : 1996.25,
    "netProfitMargin" : 19.97,
    "netProfit" : 1126.45
  }, {
    "date" : "2005-09-30",
    "sales" : 7219.58,
    "salesGrowthYoY" : null,
    "grossProfitMargin" : 58.26,
    "grossProfit" : 4206.13,
    "operatingProfitMargin" : 27.19,
    "operatingProfit" : 1963.00,
    "netProfitMargin" : 15.61,
    "netProfit" : 1126.98
  }, {
    "date" : "2005-12-31",
    "sales" : 6616.46,
    "salesGrowthYoY" : null,
    "grossProfitMargin" : 53.75,
    "grossProfit" : 3556.35,
    "operatingProfitMargin" : 20.39,
    "operatingProfit" : 1349.10,
    "netProfitMargin" : 9.92,
    "netProfit" : 656.35
  }, {
    "date" : "2006-03-31",
    "sales" : 8979.62,
    "salesGrowthYoY" : -5.00,
    "grossProfitMargin" : 42.82,
    "grossProfit" : 3845.07,
    "operatingProfitMargin" : 16.62,
    "operatingProfit" : 1492.41,
    "netProfitMargin" : 12.29,
    "netProfit" : 1103.60
  }, {
    "date" : "2006-06-30",
    "sales" : 7562.26,
    "salesGrowthYoY" : 34.07,
    "grossProfitMargin" : 63.54,
    "grossProfit" : 4805.06,
    "operatingProfitMargin" : 30.92,
    "operatingProfit" : 2338.25,
    "netProfitMargin" : 18.33,
    "netProfit" : 1386.16
  }, {
    "date" : "2006-09-30",
    "sales" : 8541.80,
    "salesGrowthYoY" : 18.31,
    "grossProfitMargin" : 54.09,
    "grossProfit" : 4620.26,
    "operatingProfitMargin" : 27.32,
    "operatingProfit" : 2333.62,
    "netProfitMargin" : 16.89,
    "netProfit" : 1442.71
  }, {
    "date" : "2006-12-31",
    "sales" : 8537.07,
    "salesGrowthYoY" : 29.03,
    "grossProfitMargin" : 57.94,
    "grossProfit" : 4946.38,
    "operatingProfitMargin" : 28.48,
    "operatingProfit" : 2431.36,
    "netProfitMargin" : 17.23,
    "netProfit" : 1470.94
  }, {
    "date" : "2007-03-31",
    "sales" : 10385.08,
    "salesGrowthYoY" : 15.65,
    "grossProfitMargin" : 58.35,
    "grossProfit" : 6059.69,
    "operatingProfitMargin" : 29.12,
    "operatingProfit" : 3024.14,
    "netProfitMargin" : 18.31,
    "netProfit" : 1901.51
  }, {
    "date" : "2007-06-30",
    "sales" : 8039.47,
    "salesGrowthYoY" : 6.31,
    "grossProfitMargin" : 64.94,
    "grossProfit" : 5220.83,
    "operatingProfitMargin" : 29.64,
    "operatingProfit" : 2382.90,
    "netProfitMargin" : 18.97,
    "netProfit" : 1525.09
  }, {
    "date" : "2007-09-30",
    "sales" : 9163.49,
    "salesGrowthYoY" : 7.28,
    "grossProfitMargin" : 59.54,
    "grossProfit" : 5455.94,
    "operatingProfitMargin" : 28.69,
    "operatingProfit" : 2629.01,
    "netProfitMargin" : 18.55,
    "netProfit" : 1699.83
  }, {
    "date" : "2007-12-31",
    "sales" : 9533.29,
    "salesGrowthYoY" : 11.67,
    "grossProfitMargin" : 64.22,
    "grossProfit" : 6122.28,
    "operatingProfitMargin" : 31.30,
    "operatingProfit" : 2983.92,
    "netProfitMargin" : 20.29,
    "netProfit" : 1934.30
  }, {
    "date" : "2008-03-31",
    "sales" : 13479.61,
    "salesGrowthYoY" : 29.80,
    "grossProfitMargin" : 61.57,
    "grossProfit" : 8299.40,
    "operatingProfitMargin" : 24.80,
    "operatingProfit" : 3342.94,
    "netProfitMargin" : 16.12,
    "netProfit" : 2172.91
  }, {
    "date" : "2008-06-30",
    "sales" : 11029.44,
    "salesGrowthYoY" : 37.19,
    "grossProfitMargin" : 63.89,
    "grossProfit" : 7046.71,
    "operatingProfitMargin" : 25.15,
    "operatingProfit" : 2773.90,
    "netProfitMargin" : 16.64,
    "netProfit" : 1835.30
  }, {
    "date" : "2008-09-30",
    "sales" : 12066.18,
    "salesGrowthYoY" : 31.68,
    "grossProfitMargin" : 65.12,
    "grossProfit" : 7857.50,
    "operatingProfitMargin" : 24.96,
    "operatingProfit" : 3011.72,
    "netProfitMargin" : 16.65,
    "netProfit" : 2009.02
  }, {
    "date" : "2008-12-31",
    "sales" : 8792.72,
    "salesGrowthYoY" : -7.77,
    "grossProfitMargin" : 47.65,
    "grossProfit" : 4189.73,
    "operatingProfitMargin" : 12.84,
    "operatingProfit" : 1128.99,
    "netProfitMargin" : 9.59,
    "netProfit" : 843.22
  }, {
    "date" : "2009-03-31",
    "sales" : 12057.79,
    "salesGrowthYoY" : -10.55,
    "grossProfitMargin" : 40.88,
    "grossProfit" : 4929.22,
    "operatingProfitMargin" : 17.50,
    "operatingProfit" : 2110.11,
    "netProfitMargin" : 12.25,
    "netProfit" : 1477.08
  }, {
    "date" : "2009-06-30",
    "sales" : 9163.41,
    "salesGrowthYoY" : -16.92,
    "grossProfitMargin" : 45.60,
    "grossProfit" : 4178.51,
    "operatingProfitMargin" : 20.53,
    "operatingProfit" : 1881.25,
    "netProfitMargin" : 14.52,
    "netProfit" : 1330.53
  }, {
    "date" : "2009-09-30",
    "sales" : 10035.36,
    "salesGrowthYoY" : -16.83,
    "grossProfitMargin" : 48.78,
    "grossProfit" : 4895.25,
    "operatingProfitMargin" : 23.80,
    "operatingProfit" : 2388.42,
    "netProfitMargin" : 16.58,
    "netProfit" : 1663.86
  }, {
    "date" : "2009-12-31",
    "sales" : 9878.68,
    "salesGrowthYoY" : 12.35,
    "grossProfitMargin" : 55.62,
    "grossProfit" : 5494.52,
    "operatingProfitMargin" : 26.10,
    "operatingProfit" : 2578.34,
    "netProfitMargin" : 16.96,
    "netProfit" : 1675.42
  }, {
    "date" : "2010-03-31",
    "sales" : 12229.76,
    "salesGrowthYoY" : 1.43,
    "grossProfitMargin" : 50.51,
    "grossProfit" : 6177.25,
    "operatingProfitMargin" : 25.32,
    "operatingProfit" : 3096.58,
    "netProfitMargin" : 17.05,
    "netProfit" : 2085.17
  }, {
    "date" : "2010-06-30",
    "sales" : 9133.32,
    "salesGrowthYoY" : -0.33,
    "grossProfitMargin" : 57.27,
    "grossProfit" : 5230.65,
    "operatingProfitMargin" : 20.18,
    "operatingProfit" : 1843.10,
    "netProfitMargin" : 12.88,
    "netProfit" : 1176.37
  }, {
    "date" : "2010-09-30",
    "sales" : 10747.44,
    "salesGrowthYoY" : 7.10,
    "grossProfitMargin" : 43.77,
    "grossProfit" : 4704.15,
    "operatingProfitMargin" : 14.35,
    "operatingProfit" : 1542.26,
    "netProfitMargin" : 9.17,
    "netProfit" : 985.54
  }, {
    "date" : "2010-12-31",
    "sales" : 11279.68,
    "salesGrowthYoY" : 14.18,
    "grossProfitMargin" : 45.15,
    "grossProfit" : 5092.78,
    "operatingProfitMargin" : 15.63,
    "operatingProfit" : 1763.01,
    "netProfitMargin" : 9.62,
    "netProfit" : 1085.11
  }, {
    "date" : "2011-03-31",
    "sales" : 12146.92,
    "salesGrowthYoY" : -0.68,
    "grossProfitMargin" : 47.94,
    "grossProfit" : 5823.23,
    "operatingProfitMargin" : 19.32,
    "operatingProfit" : 2346.78,
    "netProfitMargin" : 12.42,
    "netProfit" : 1508.65
  }, {
    "date" : "2011-06-30",
    "sales" : 10941.58,
    "salesGrowthYoY" : 19.80,
    "grossProfitMargin" : 45.42,
    "grossProfit" : 4969.67,
    "operatingProfitMargin" : 12.17,
    "operatingProfit" : 1331.59,
    "netProfitMargin" : 7.83,
    "netProfit" : 856.73
  }, {
    "date" : "2011-09-30",
    "sales" : 10979.46,
    "salesGrowthYoY" : 2.16,
    "grossProfitMargin" : 43.13,
    "grossProfit" : 4735.44,
    "operatingProfitMargin" : 12.01,
    "operatingProfit" : 1318.63,
    "netProfitMargin" : 7.51,
    "netProfit" : 824.56
  }, {
    "date" : "2011-12-31",
    "sales" : 10728.79,
    "salesGrowthYoY" : -4.88,
    "grossProfitMargin" : 45.42,
    "grossProfit" : 4873.02,
    "operatingProfitMargin" : 14.74,
    "operatingProfit" : 1581.42,
    "netProfitMargin" : 8.93,
    "netProfit" : 958.08
  }, {
    "date" : "2012-03-31",
    "sales" : 13685.29,
    "salesGrowthYoY" : 12.66,
    "grossProfitMargin" : 41.14,
    "grossProfit" : 5630.13,
    "operatingProfitMargin" : 13.63,
    "operatingProfit" : 1865.31,
    "netProfitMargin" : 7.89,
    "netProfit" : 1079.77
  }, {
    "date" : "2012-06-30",
    "sales" : 10777.50,
    "salesGrowthYoY" : -1.50,
    "grossProfitMargin" : 48.42,
    "grossProfit" : 5218.47,
    "operatingProfitMargin" : 14.06,
    "operatingProfit" : 1515.32,
    "netProfitMargin" : 8.11,
    "netProfit" : 874.06
  }, {
    "date" : "2012-09-30",
    "sales" : 10815.56,
    "salesGrowthYoY" : -1.49,
    "grossProfitMargin" : 45.57,
    "grossProfit" : 4928.65,
    "operatingProfitMargin" : 10.21,
    "operatingProfit" : 1104.27,
    "netProfitMargin" : 4.76,
    "netProfit" : 514.82
  }, {
    "date" : "2012-12-31",
    "sales" : 10639.12,
    "salesGrowthYoY" : -0.84,
    "grossProfitMargin" : 46.45,
    "grossProfit" : 4941.87,
    "operatingProfitMargin" : 10.42,
    "operatingProfit" : 1108.60,
    "netProfitMargin" : 4.73,
    "netProfit" : 503.23
  }, {
    "date" : "2013-03-31",
    "sales" : 12284.74,
    "salesGrowthYoY" : -10.23,
    "grossProfitMargin" : 44.06,
    "grossProfit" : 5412.66,
    "operatingProfitMargin" : 7.14,
    "operatingProfit" : 877.13,
    "netProfitMargin" : 3.56,
    "netProfit" : 437.34
  }, {
    "date" : "2013-06-30",
    "sales" : 10233.80,
    "salesGrowthYoY" : -5.04,
    "grossProfitMargin" : 49.10,
    "grossProfit" : 5024.80,
    "operatingProfitMargin" : 8.26,
    "operatingProfit" : 845.31,
    "netProfitMargin" : 4.41,
    "netProfit" : 451.31
  }, {
    "date" : "2013-09-30",
    "sales" : 11519.78,
    "salesGrowthYoY" : 6.51,
    "grossProfitMargin" : 44.04,
    "grossProfit" : 5073.31,
    "operatingProfitMargin" : 6.80,
    "operatingProfit" : 783.35,
    "netProfitMargin" : 4.37,
    "netProfit" : 503.41
  }, {
    "date" : "2013-12-31",
    "sales" : 11473.12,
    "salesGrowthYoY" : 7.84,
    "grossProfitMargin" : 48.25,
    "grossProfit" : 5535.78,
    "operatingProfitMargin" : 10.17,
    "operatingProfit" : 1166.82,
    "netProfitMargin" : 4.64,
    "netProfit" : 532.35
  }, {
    "date" : "2014-03-31",
    "sales" : 13460.76,
    "salesGrowthYoY" : 9.57,
    "grossProfitMargin" : 44.15,
    "grossProfit" : 5942.93,
    "operatingProfitMargin" : 9.00,
    "operatingProfit" : 1211.47,
    "netProfitMargin" : 3.36,
    "netProfit" : 452.28
  }, {
    "date" : "2014-06-30",
    "sales" : 11341.20,
    "salesGrowthYoY" : 10.82,
    "grossProfitMargin" : 49.70,
    "grossProfit" : 5636.58,
    "operatingProfitMargin" : 9.96,
    "operatingProfit" : 1129.58,
    "netProfitMargin" : 4.67,
    "netProfit" : 529.63
  }, {
    "date" : "2014-09-30",
    "sales" : 11678.67,
    "salesGrowthYoY" : 1.38,
    "grossProfitMargin" : 50.47,
    "grossProfit" : 5894.22,
    "operatingProfitMargin" : 11.44,
    "operatingProfit" : 1336.04,
    "netProfitMargin" : 5.56,
    "netProfit" : 649.33
  }, {
    "date" : "2014-12-31",
    "sales" : 11107.32,
    "salesGrowthYoY" : -3.19,
    "grossProfitMargin" : 51.68,
    "grossProfit" : 5740.26,
    "operatingProfitMargin" : 10.83,
    "operatingProfit" : 1202.92,
    "netProfitMargin" : 5.21,
    "netProfit" : 578.69
  }, {
    "date" : "2015-03-31",
    "sales" : 11590.55,
    "salesGrowthYoY" : -13.89,
    "grossProfitMargin" : 50.97,
    "grossProfit" : 5907.70,
    "operatingProfitMargin" : 7.88,
    "operatingProfit" : 913.34,
    "netProfitMargin" : 2.88,
    "netProfit" : 333.81
  }, {
    "date" : "2015-06-30",
    "sales" : 9493.11,
    "salesGrowthYoY" : -16.30,
    "grossProfitMargin" : 47.83,
    "grossProfit" : 4540.55,
    "operatingProfitMargin" : 0.93,
    "operatingProfit" : 88.29,
    "netProfitMargin" : -2.61,
    "netProfit" : -247.77
  }, {
    "date" : "2015-09-30",
    "sales" : 9247.54,
    "salesGrowthYoY" : -20.82,
    "grossProfitMargin" : 41.81,
    "grossProfit" : 3866.40,
    "operatingProfitMargin" : -10.04,
    "operatingProfit" : -928.45,
    "netProfitMargin" : -11.98,
    "netProfit" : -1107.86
  }, {
    "date" : "2015-12-31",
    "sales" : 8950.02,
    "salesGrowthYoY" : -19.42,
    "grossProfitMargin" : 38.82,
    "grossProfit" : 3474.40,
    "operatingProfitMargin" : -12.91,
    "operatingProfit" : -1155.45,
    "netProfitMargin" : -16.55,
    "netProfit" : -1481.23
  }, {
    "date" : "2016-03-31",
    "sales" : 11361.21,
    "salesGrowthYoY" : -1.98,
    "grossProfitMargin" : 48.76,
    "grossProfit" : 5539.73,
    "operatingProfitMargin" : -7.96,
    "operatingProfit" : -904.35,
    "netProfitMargin" : -10.43,
    "netProfit" : -1184.97
  }, {
    "date" : "2016-06-30",
    "sales" : 9238.08,
    "salesGrowthYoY" : -2.69,
    "grossProfitMargin" : 65.33,
    "grossProfit" : 6035.24,
    "operatingProfitMargin" : 2.53,
    "operatingProfit" : 233.72,
    "netProfitMargin" : -5.21,
    "netProfit" : -481.30
  }, {
    "date" : "2016-09-30",
    "sales" : 11225.60,
    "salesGrowthYoY" : 21.39,
    "grossProfitMargin" : 49.58,
    "grossProfit" : 5565.65,
    "operatingProfitMargin" : 0.99,
    "operatingProfit" : 111.13,
    "netProfitMargin" : -5.06,
    "netProfit" : -568.02
  }, {
    "date" : "2016-12-31",
    "sales" : 11298.19,
    "salesGrowthYoY" : 26.24,
    "grossProfitMargin" : 51.48,
    "grossProfit" : 5816.31,
    "operatingProfitMargin" : -0.38,
    "operatingProfit" : -42.93,
    "netProfitMargin" : -7.05,
    "netProfit" : -796.52
  }, {
    "date" : "2017-03-31",
    "sales" : 12690.54,
    "salesGrowthYoY" : 11.70,
    "grossProfitMargin" : 45.61,
    "grossProfit" : 5788.16,
    "operatingProfitMargin" : -2.08,
    "operatingProfit" : -263.96,
    "netProfitMargin" : -6.08,
    "netProfit" : -771.58
  }, {
    "date" : "2017-06-30",
    "sales" : 11579.56,
    "salesGrowthYoY" : 25.35,
    "grossProfitMargin" : 47.24,
    "grossProfit" : 5470.18,
    "operatingProfitMargin" : -0.72,
    "operatingProfit" : -83.37,
    "netProfitMargin" : -6.83,
    "netProfit" : -790.88
  }, {
    "date" : "2017-09-30",
    "sales" : 13617.42,
    "salesGrowthYoY" : 21.31,
    "grossProfitMargin" : 51.41,
    "grossProfit" : 7000.72,
    "operatingProfitMargin" : 6.71,
    "operatingProfit" : 913.73,
    "netProfitMargin" : -1.77,
    "netProfit" : -241.03
  }, {
    "date" : "2017-12-31",
    "sales" : 15323.65,
    "salesGrowthYoY" : 35.63,
    "grossProfitMargin" : 51.11,
    "grossProfit" : 7831.92,
    "operatingProfitMargin" : 9.40,
    "operatingProfit" : 1440.42,
    "netProfitMargin" : 0.43,
    "netProfit" : 65.89
  }, {
    "date" : "2018-03-31",
    "sales" : 17037.83,
    "salesGrowthYoY" : 34.26,
    "grossProfitMargin" : 55.42,
    "grossProfit" : 9442.37,
    "operatingProfitMargin" : 13.78,
    "operatingProfit" : 2347.81,
    "netProfitMargin" : 3.26,
    "netProfit" : 555.43
  }, {
    "date" : "2018-06-30",
    "sales" : 15907.19,
    "salesGrowthYoY" : 37.37,
    "grossProfitMargin" : 59.62,
    "grossProfit" : 9483.87,
    "operatingProfitMargin" : 16.20,
    "operatingProfit" : 2576.96,
    "netProfitMargin" : 4.54,
    "netProfit" : 722.19
  }, {
    "date" : "2018-09-30",
    "sales" : 16718.04,
    "salesGrowthYoY" : 22.77,
    "grossProfitMargin" : 54.88,
    "grossProfit" : 9174.86,
    "operatingProfitMargin" : 14.15,
    "operatingProfit" : 2365.60,
    "netProfitMargin" : 3.45,
    "netProfit" : 576.77
  }, {
    "date" : "2018-12-31",
    "sales" : 15835.79,
    "salesGrowthYoY" : 3.34,
    "grossProfitMargin" : 60.51,
    "grossProfit" : 9582.24,
    "operatingProfitMargin" : 16.28,
    "operatingProfit" : 2578.07,
    "netProfitMargin" : 3.99,
    "netProfit" : 631.85
  }, {
    "date" : "2019-03-31",
    "sales" : 18506.29,
    "salesGrowthYoY" : 8.62,
    "grossProfitMargin" : 49.46,
    "grossProfit" : 9153.21,
    "operatingProfitMargin" : 11.97,
    "operatingProfit" : 2215.20,
    "netProfitMargin" : 2.72,
    "netProfit" : 503.37
  }, {
    "date" : "2019-06-30",
    "sales" : 14820.01,
    "salesGrowthYoY" : -6.83,
    "grossProfitMargin" : 54.46,
    "grossProfit" : 8070.98,
    "operatingProfitMargin" : 10.67,
    "operatingProfit" : 1581.30,
    "netProfitMargin" : 0.46,
    "netProfit" : 68.17
  }, {
    "date" : "2019-09-30",
    "sales" : 14127.44,
    "salesGrowthYoY" : -15.50,
    "grossProfitMargin" : 55.07,
    "grossProfit" : 7779.98,
    "operatingProfitMargin" : 8.21,
    "operatingProfit" : 1159.86,
    "netProfitMargin" : -2.43,
    "netProfit" : -343.30
  }, {
    "date" : "2019-12-31",
    "sales" : 16541.31,
    "salesGrowthYoY" : 4.46,
    "grossProfitMargin" : 45.73,
    "grossProfit" : 7564.34,
    "operatingProfitMargin" : 6.03,
    "operatingProfit" : 997.44,
    "netProfitMargin" : -2.60,
    "netProfit" : -430.07
  }, {
    "date" : "2020-03-31",
    "sales" : 16171.79,
    "salesGrowthYoY" : -12.61,
    "grossProfitMargin" : 90.21,
    "grossProfit" : 14588.57,
    "operatingProfitMargin" : 39.94,
    "operatingProfit" : 6459.01,
    "netProfitMargin" : 19.96,
    "netProfit" : 3227.89
  }, {
    "date" : "2020-06-30",
    "sales" : 9067.48,
    "salesGrowthYoY" : -38.82,
    "grossProfitMargin" : 55.66,
    "grossProfit" : 5046.96,
    "operatingProfitMargin" : -4.44,
    "operatingProfit" : -402.60,
    "netProfitMargin" : -14.01,
    "netProfit" : -1270.35
  }, {
    "date" : "2020-09-30",
    "sales" : 16923.61,
    "salesGrowthYoY" : 19.79,
    "grossProfitMargin" : 48.42,
    "grossProfit" : 8194.41,
    "operatingProfitMargin" : 11.23,
    "operatingProfit" : 1900.52,
    "netProfitMargin" : 1.48,
    "netProfit" : 250.47
  }, {
    "date" : "2020-12-31",
    "sales" : 19832.93,
    "salesGrowthYoY" : 19.90,
    "grossProfitMargin" : 62.10,
    "grossProfit" : 12316.25,
    "operatingProfitMargin" : 25.60,
    "operatingProfit" : 5077.23,
    "netProfitMargin" : 6.47,
    "netProfit" : 1283.19
  }, {
    "date" : "2021-03-31",
    "sales" : 23286.00,
    "salesGrowthYoY" : 43.99,
    "grossProfitMargin" : 69.34,
    "grossProfit" : 16146.51,
    "operatingProfitMargin" : 26.42,
    "operatingProfit" : 6152.16,
    "netProfitMargin" : 15.32,
    "netProfit" : 3567.42
  }, {
    "date" : "2021-06-30",
    "sales" : 20642.38,
    "salesGrowthYoY" : 127.65,
    "grossProfitMargin" : 73.08,
    "grossProfit" : 15085.45,
    "operatingProfitMargin" : 31.80,
    "operatingProfit" : 6564.28,
    "netProfitMargin" : 18.65,
    "netProfit" : 3849.80
  }, {
    "date" : "2021-09-30",
    "sales" : 26826.92,
    "salesGrowthYoY" : 58.52,
    "grossProfitMargin" : 65.83,
    "grossProfit" : 17660.16,
    "operatingProfitMargin" : 26.16,
    "operatingProfit" : 7017.92,
    "netProfitMargin" : 16.04,
    "netProfit" : 4303.04
  }, {
    "date" : "2021-12-31",
    "sales" : 25245.92,
    "salesGrowthYoY" : 27.29,
    "grossProfitMargin" : 55.57,
    "grossProfit" : 14029.16,
    "operatingProfitMargin" : 13.51,
    "operatingProfit" : 3410.72,
    "netProfitMargin" : 6.79,
    "netProfit" : 1714.20
  }, {
    "date" : "2022-03-31",
    "sales" : 30758.10,
    "salesGrowthYoY" : 32.09,
    "grossProfitMargin" : 46.20,
    "grossProfit" : 14210.24,
    "operatingProfitMargin" : 14.08,
    "operatingProfit" : 4330.74,
    "netProfitMargin" : 7.84,
    "netProfit" : 2411.44
  }, {
    "date" : "2022-06-30",
    "sales" : 24028.59,
    "salesGrowthYoY" : 16.40,
    "grossProfitMargin" : 52.21,
    "grossProfit" : 12545.33,
    "operatingProfitMargin" : 9.58,
    "operatingProfit" : 2301.94,
    "netProfitMargin" : 3.23,
    "netProfit" : 776.12
  }, {
    "date" : "2022-09-30",
    "sales" : 26246.31,
    "salesGrowthYoY" : -2.16,
    "grossProfitMargin" : 37.45,
    "grossProfit" : 9829.24,
    "operatingProfitMargin" : 2.79,
    "operatingProfit" : 732.27,
    "netProfitMargin" : -1.47,
    "netProfit" : -385.82
  }, {
    "date" : "2022-12-31",
    "sales" : 25041.88,
    "salesGrowthYoY" : -0.81,
    "grossProfitMargin" : 45.99,
    "grossProfit" : 11516.76,
    "operatingProfitMargin" : 8.29,
    "operatingProfit" : 2075.97,
    "netProfitMargin" : 0.98,
    "netProfit" : 245.41
  }, {
    "date" : "2023-03-31",
    "sales" : 29130.58,
    "salesGrowthYoY" : -5.29,
    "grossProfitMargin" : 46.78,
    "grossProfit" : 13627.29,
    "operatingProfitMargin" : 10.00,
    "operatingProfit" : 2913.06,
    "netProfitMargin" : 3.69,
    "netProfit" : 1074.92
  }, {
    "date" : "2023-06-30",
    "sales" : 24357.58,
    "salesGrowthYoY" : 1.37,
    "grossProfitMargin" : 46.42,
    "grossProfit" : 11306.79,
    "operatingProfitMargin" : 6.76,
    "operatingProfit" : 1646.57,
    "netProfitMargin" : 0.62,
    "netProfit" : 151.02
  }, {
    "date" : "2023-09-30",
    "sales" : 29713.54,
    "salesGrowthYoY" : 13.21,
    "grossProfitMargin" : 47.72,
    "grossProfit" : 14179.30,
    "operatingProfitMargin" : 13.02,
    "operatingProfit" : 3868.70,
    "netProfitMargin" : 5.20,
    "netProfit" : 1545.10
  }, {
    "date" : "2023-12-31",
    "sales" : 23345.48,
    "salesGrowthYoY" : -6.77,
    "grossProfitMargin" : 52.07,
    "grossProfit" : 12155.99,
    "operatingProfitMargin" : 9.17,
    "operatingProfit" : 2140.78,
    "netProfitMargin" : 1.18,
    "netProfit" : 275.48
  }, {
    "date" : "2024-03-31",
    "sales" : 27957.99,
    "salesGrowthYoY" : -4.03,
    "grossProfitMargin" : 48.17,
    "grossProfit" : 13467.36,
    "operatingProfitMargin" : 12.43,
    "operatingProfit" : 3475.18,
    "netProfitMargin" : 4.98,
    "netProfit" : 1392.31
  }, {
    "date" : "2024-06-30",
    "sales" : 23997.78,
    "salesGrowthYoY" : -1.48,
    "grossProfitMargin" : 49.77,
    "grossProfit" : 11943.70,
    "operatingProfitMargin" : 9.25,
    "operatingProfit" : 2219.79,
    "netProfitMargin" : 1.33,
    "netProfit" : 319.17
  }, {
    "date" : "2024-09-30",
    "sales" : 24674.70,
    "salesGrowthYoY" : -16.96,
    "grossProfitMargin" : 53.14,
    "grossProfit" : 13112.14,
    "operatingProfitMargin" : 11.77,
    "operatingProfit" : 2904.21,
    "netProfitMargin" : 3.38,
    "netProfit" : 834.00
  }, {
    "date" : "2024-12-31",
    "sales" : 24489.63,
    "salesGrowthYoY" : 4.90,
    "grossProfitMargin" : 48.39,
    "grossProfit" : 11850.53,
    "operatingProfitMargin" : 8.27,
    "operatingProfit" : 2025.29,
    "netProfitMargin" : 0.47,
    "netProfit" : 115.10
  }, {
    "date" : "2025-03-31",
    "sales" : 29316.08,
    "salesGrowthYoY" : 4.86,
    "grossProfitMargin" : 50.05,
    "grossProfit" : 14672.70,
    "operatingProfitMargin" : 11.87,
    "operatingProfit" : 3479.82,
    "netProfitMargin" : 4.09,
    "netProfit" : 1199.03
  }, {
    "date" : "2025-06-30",
    "sales" : 25921.46,
    "salesGrowthYoY" : 8.02,
    "grossProfitMargin" : 52.36,
    "grossProfit" : 13572.48,
    "operatingProfitMargin" : 10.67,
    "operatingProfit" : 2765.82,
    "netProfitMargin" : 2.64,
    "netProfit" : 684.33
  }, {
    "date" : "2025-09-30",
    "sales" : 26703.94,
    "salesGrowthYoY" : 8.22,
    "grossProfitMargin" : 49.92,
    "grossProfit" : 13330.61,
    "operatingProfitMargin" : 9.46,
    "operatingProfit" : 2526.19,
    "netProfitMargin" : 2.41,
    "netProfit" : 643.56
  }, {
    "date" : "2025-12-31",
    "sales" : 27371.39,
    "salesGrowthYoY" : 11.77,
    "grossProfitMargin" : 47.56,
    "grossProfit" : 13017.83,
    "operatingProfitMargin" : 8.40,
    "operatingProfit" : 2299.20,
    "netProfitMargin" : 1.61,
    "netProfit" : 440.68
  } ],
  "latestQuarterlyResult" : {
    "date" : "2025-12-31",
    "sales" : 27371.39,
    "salesGrowthYoY" : 11.77,
    "grossProfitMargin" : 47.56,
    "grossProfit" : 13017.83,
    "operatingProfitMargin" : 8.40,
    "operatingProfit" : 2299.20,
    "netProfitMargin" : 1.61,
    "netProfit" : 440.68
  },
  "companyScore" : {
    "priceHigherThanDma50" : 5.00,
    "priceHigherThanDma100" : 5.00,
    "priceHigherThanDma200" : 5.00,
    "dma50HigherThanDma100" : 5.00,
    "dma50HigherThanDma200" : 5.00,
    "dma100HigherThanDma200" : 5.00,
    "pricePercentageAboveDma50" : 4.70,
    "pricePercentageAboveDma100" : 4.37,
    "pricePercentageAboveDma200" : 4.19,
    "weeklyVolumeHigherThanYearlyVolume" : 0.00,
    "salesGrowthPercentile" : 13.00,
    "operatingProfitMarginPercentile" : 7.75,
    "netProfitMarginPercentile" : 4.05,
    "totalTechnicalScore" : 43.27,
    "totalFundamentalScore" : 24.80,
    "totalScore" : 68.07
  }
}