{
  "metadata" : {
    "screenerCompanyId" : "2874",
    "companyCode" : "SANGAMIND",
    "companyName" : "Sangam India",
    "screenerCompanyLink" : "https://www.screener.in/company/SANGAMIND/",
    "screenerTechnicalHistoryLink" : "https://www.screener.in/api/company/2874/chart/?q=Price-DMA50-DMA200-Volume&days=365",
    "screenerQuarterlyResultsLink" : "https://www.screener.in/api/company/2874/chart/?q=GPM-OPM-NPM-Quarter+Sales&days=10000",
    "attributes" : {
      "companyCode" : "SANGAMIND",
      "companyName" : "Sangam India",
      "marketCap" : 2507.00,
      "peRatio" : 60.20,
      "description" : "Sangam (India) Limited is engaged in the business of manufacturing and selling of Synthetic Blended, Cotton & Texturised yarn, Fabrics, Denim Fabrics and readymade seamless garment. [1]"
    },
    "companyScore" : {
      "priceHigherThanDma50" : 5.00,
      "priceHigherThanDma100" : 5.00,
      "priceHigherThanDma200" : 5.00,
      "dma50HigherThanDma100" : 5.00,
      "dma50HigherThanDma200" : 5.00,
      "dma100HigherThanDma200" : 0.00,
      "pricePercentageAboveDma50" : 4.36,
      "pricePercentageAboveDma100" : 4.07,
      "pricePercentageAboveDma200" : 4.11,
      "weeklyVolumeHigherThanYearlyVolume" : 5.00,
      "salesGrowthPercentile" : 12.91,
      "operatingProfitMarginPercentile" : 13.74,
      "netProfitMarginPercentile" : 7.62,
      "totalTechnicalScore" : 42.53,
      "totalFundamentalScore" : 34.28,
      "totalScore" : 76.81
    }
  },
  "attributes" : {
    "companyCode" : "SANGAMIND",
    "companyName" : "Sangam India",
    "marketCap" : 2507.00,
    "peRatio" : 60.20,
    "description" : "Sangam (India) Limited is engaged in the business of manufacturing and selling of Synthetic Blended, Cotton & Texturised yarn, Fabrics, Denim Fabrics and readymade seamless garment. [1]"
  },
  "technicalHistory" : [ {
    "date" : "2025-01-01",
    "price" : 420.40,
    "dma50" : 402.81,
    "dma100" : null,
    "dma200" : 403.51,
    "volume" : 26561.00
  }, {
    "date" : "2025-01-02",
    "price" : 418.05,
    "dma50" : 403.41,
    "dma100" : null,
    "dma200" : 403.66,
    "volume" : 30903.00
  }, {
    "date" : "2025-01-03",
    "price" : 433.35,
    "dma50" : 404.58,
    "dma100" : null,
    "dma200" : 403.95,
    "volume" : 81858.00
  }, {
    "date" : "2025-01-06",
    "price" : 416.75,
    "dma50" : 405.06,
    "dma100" : null,
    "dma200" : 404.08,
    "volume" : 71658.00
  }, {
    "date" : "2025-01-07",
    "price" : 432.40,
    "dma50" : 406.13,
    "dma100" : null,
    "dma200" : 404.36,
    "volume" : 28458.00
  }, {
    "date" : "2025-01-08",
    "price" : 419.00,
    "dma50" : 406.63,
    "dma100" : null,
    "dma200" : 404.51,
    "volume" : 18343.00
  }, {
    "date" : "2025-01-09",
    "price" : 414.35,
    "dma50" : 406.94,
    "dma100" : null,
    "dma200" : 404.60,
    "volume" : 23939.00
  }, {
    "date" : "2025-01-10",
    "price" : 396.50,
    "dma50" : 406.53,
    "dma100" : null,
    "dma200" : 404.52,
    "volume" : 22298.00
  }, {
    "date" : "2025-01-13",
    "price" : 374.30,
    "dma50" : 405.26,
    "dma100" : null,
    "dma200" : 404.22,
    "volume" : 46991.00
  }, {
    "date" : "2025-01-14",
    "price" : 382.75,
    "dma50" : 404.38,
    "dma100" : null,
    "dma200" : 404.01,
    "volume" : 25755.00
  }, {
    "date" : "2025-01-15",
    "price" : 415.90,
    "dma50" : 404.83,
    "dma100" : null,
    "dma200" : 404.13,
    "volume" : 191863.00
  }, {
    "date" : "2025-01-16",
    "price" : 441.50,
    "dma50" : 406.27,
    "dma100" : null,
    "dma200" : 404.50,
    "volume" : 183863.00
  }, {
    "date" : "2025-01-17",
    "price" : 426.65,
    "dma50" : 407.07,
    "dma100" : null,
    "dma200" : 404.72,
    "volume" : 50479.00
  }, {
    "date" : "2025-01-20",
    "price" : 433.40,
    "dma50" : 408.10,
    "dma100" : null,
    "dma200" : 405.01,
    "volume" : 16827.00
  }, {
    "date" : "2025-01-21",
    "price" : 421.15,
    "dma50" : 408.61,
    "dma100" : null,
    "dma200" : 405.17,
    "volume" : 15199.00
  }, {
    "date" : "2025-01-22",
    "price" : 413.45,
    "dma50" : 408.80,
    "dma100" : null,
    "dma200" : 405.25,
    "volume" : 19231.00
  }, {
    "date" : "2025-01-23",
    "price" : 411.50,
    "dma50" : 408.91,
    "dma100" : null,
    "dma200" : 405.31,
    "volume" : 6335.00
  }, {
    "date" : "2025-01-24",
    "price" : 403.50,
    "dma50" : 408.70,
    "dma100" : null,
    "dma200" : 405.29,
    "volume" : 15441.00
  }, {
    "date" : "2025-01-27",
    "price" : 385.80,
    "dma50" : 407.80,
    "dma100" : null,
    "dma200" : 405.10,
    "volume" : 27778.00
  }, {
    "date" : "2025-01-28",
    "price" : 381.15,
    "dma50" : 406.75,
    "dma100" : null,
    "dma200" : 404.86,
    "volume" : 44338.00
  }, {
    "date" : "2025-01-29",
    "price" : 391.85,
    "dma50" : 406.17,
    "dma100" : null,
    "dma200" : 404.73,
    "volume" : 21357.00
  }, {
    "date" : "2025-01-30",
    "price" : 391.45,
    "dma50" : 405.59,
    "dma100" : null,
    "dma200" : 404.60,
    "volume" : 19058.00
  }, {
    "date" : "2025-01-31",
    "price" : 393.45,
    "dma50" : 405.12,
    "dma100" : null,
    "dma200" : 404.49,
    "volume" : 15702.00
  }, {
    "date" : "2025-02-01",
    "price" : 396.95,
    "dma50" : 404.80,
    "dma100" : null,
    "dma200" : 404.41,
    "volume" : 14079.00
  }, {
    "date" : "2025-02-03",
    "price" : 385.20,
    "dma50" : 404.03,
    "dma100" : null,
    "dma200" : 404.22,
    "volume" : 13664.00
  }, {
    "date" : "2025-02-04",
    "price" : 396.05,
    "dma50" : 403.71,
    "dma100" : null,
    "dma200" : 404.14,
    "volume" : 11342.00
  }, {
    "date" : "2025-02-05",
    "price" : 406.60,
    "dma50" : 403.83,
    "dma100" : null,
    "dma200" : 404.16,
    "volume" : 27822.00
  }, {
    "date" : "2025-02-06",
    "price" : 392.50,
    "dma50" : 403.38,
    "dma100" : null,
    "dma200" : 404.05,
    "volume" : 13899.00
  }, {
    "date" : "2025-02-07",
    "price" : 393.25,
    "dma50" : 402.99,
    "dma100" : null,
    "dma200" : 403.94,
    "volume" : 9369.00
  }, {
    "date" : "2025-02-10",
    "price" : 379.70,
    "dma50" : 402.07,
    "dma100" : null,
    "dma200" : 403.70,
    "volume" : 23698.00
  }, {
    "date" : "2025-02-11",
    "price" : 370.05,
    "dma50" : 400.82,
    "dma100" : null,
    "dma200" : 403.37,
    "volume" : 30194.00
  }, {
    "date" : "2025-02-12",
    "price" : 364.50,
    "dma50" : 399.39,
    "dma100" : null,
    "dma200" : 402.98,
    "volume" : 24292.00
  }, {
    "date" : "2025-02-13",
    "price" : 370.80,
    "dma50" : 398.27,
    "dma100" : null,
    "dma200" : 402.66,
    "volume" : 19227.00
  }, {
    "date" : "2025-02-14",
    "price" : 344.10,
    "dma50" : 396.15,
    "dma100" : null,
    "dma200" : 402.08,
    "volume" : 25165.00
  }, {
    "date" : "2025-02-17",
    "price" : 332.15,
    "dma50" : 393.64,
    "dma100" : null,
    "dma200" : 401.38,
    "volume" : 25050.00
  }, {
    "date" : "2025-02-18",
    "price" : 324.65,
    "dma50" : 390.93,
    "dma100" : null,
    "dma200" : 400.62,
    "volume" : 17764.00
  }, {
    "date" : "2025-02-19",
    "price" : 334.50,
    "dma50" : 388.72,
    "dma100" : null,
    "dma200" : 399.96,
    "volume" : 12265.00
  }, {
    "date" : "2025-02-20",
    "price" : 333.30,
    "dma50" : 386.55,
    "dma100" : null,
    "dma200" : 399.30,
    "volume" : 26123.00
  }, {
    "date" : "2025-02-21",
    "price" : 337.45,
    "dma50" : 384.62,
    "dma100" : null,
    "dma200" : 398.68,
    "volume" : 8522.00
  }, {
    "date" : "2025-02-24",
    "price" : 328.35,
    "dma50" : 382.41,
    "dma100" : null,
    "dma200" : 397.98,
    "volume" : 10323.00
  }, {
    "date" : "2025-02-25",
    "price" : 329.00,
    "dma50" : 380.32,
    "dma100" : null,
    "dma200" : 397.29,
    "volume" : 9904.00
  }, {
    "date" : "2025-02-27",
    "price" : 324.90,
    "dma50" : 378.15,
    "dma100" : null,
    "dma200" : 396.57,
    "volume" : 3823.00
  }, {
    "date" : "2025-02-28",
    "price" : 318.70,
    "dma50" : 375.81,
    "dma100" : null,
    "dma200" : 395.80,
    "volume" : 9316.00
  }, {
    "date" : "2025-03-03",
    "price" : 299.45,
    "dma50" : 372.82,
    "dma100" : null,
    "dma200" : 394.84,
    "volume" : 29879.00
  }, {
    "date" : "2025-03-04",
    "price" : 296.95,
    "dma50" : 369.84,
    "dma100" : null,
    "dma200" : 393.87,
    "volume" : 12870.00
  }, {
    "date" : "2025-03-05",
    "price" : 320.95,
    "dma50" : 367.93,
    "dma100" : null,
    "dma200" : 393.14,
    "volume" : 20693.00
  }, {
    "date" : "2025-03-06",
    "price" : 329.05,
    "dma50" : 366.40,
    "dma100" : null,
    "dma200" : 392.50,
    "volume" : 9383.00
  }, {
    "date" : "2025-03-07",
    "price" : 340.30,
    "dma50" : 365.38,
    "dma100" : null,
    "dma200" : 391.98,
    "volume" : 26811.00
  }, {
    "date" : "2025-03-10",
    "price" : 349.25,
    "dma50" : 364.75,
    "dma100" : null,
    "dma200" : 391.56,
    "volume" : 17384.00
  }, {
    "date" : "2025-03-11",
    "price" : 344.10,
    "dma50" : 363.94,
    "dma100" : null,
    "dma200" : 391.09,
    "volume" : 16052.00
  }, {
    "date" : "2025-03-12",
    "price" : 335.25,
    "dma50" : 362.81,
    "dma100" : null,
    "dma200" : 390.53,
    "volume" : 36912.00
  }, {
    "date" : "2025-03-13",
    "price" : 333.20,
    "dma50" : 361.65,
    "dma100" : null,
    "dma200" : 389.96,
    "volume" : 111510.00
  }, {
    "date" : "2025-03-17",
    "price" : 325.95,
    "dma50" : 360.25,
    "dma100" : null,
    "dma200" : 389.32,
    "volume" : 130116.00
  }, {
    "date" : "2025-03-18",
    "price" : 330.75,
    "dma50" : 359.09,
    "dma100" : null,
    "dma200" : 388.74,
    "volume" : 8289.00
  }, {
    "date" : "2025-03-19",
    "price" : 337.05,
    "dma50" : 358.23,
    "dma100" : null,
    "dma200" : 388.23,
    "volume" : 13797.00
  }, {
    "date" : "2025-03-20",
    "price" : 334.20,
    "dma50" : 357.29,
    "dma100" : null,
    "dma200" : 387.69,
    "volume" : 37683.00
  }, {
    "date" : "2025-03-21",
    "price" : 345.25,
    "dma50" : 356.81,
    "dma100" : null,
    "dma200" : 387.27,
    "volume" : 41044.00
  }, {
    "date" : "2025-03-24",
    "price" : 414.30,
    "dma50" : 359.07,
    "dma100" : null,
    "dma200" : 387.53,
    "volume" : 319051.00
  }, {
    "date" : "2025-03-25",
    "price" : 424.20,
    "dma50" : 361.62,
    "dma100" : null,
    "dma200" : 387.90,
    "volume" : 267426.00
  }, {
    "date" : "2025-03-26",
    "price" : 420.10,
    "dma50" : 363.92,
    "dma100" : null,
    "dma200" : 388.22,
    "volume" : 46325.00
  }, {
    "date" : "2025-03-27",
    "price" : 421.35,
    "dma50" : 366.17,
    "dma100" : null,
    "dma200" : 388.55,
    "volume" : 47781.00
  }, {
    "date" : "2025-03-28",
    "price" : 435.15,
    "dma50" : 368.87,
    "dma100" : null,
    "dma200" : 389.01,
    "volume" : 84999.00
  }, {
    "date" : "2025-04-01",
    "price" : 427.60,
    "dma50" : 371.18,
    "dma100" : null,
    "dma200" : 389.40,
    "volume" : 47040.00
  }, {
    "date" : "2025-04-02",
    "price" : 414.85,
    "dma50" : 372.89,
    "dma100" : null,
    "dma200" : 389.65,
    "volume" : 40411.00
  }, {
    "date" : "2025-04-03",
    "price" : 439.00,
    "dma50" : 375.48,
    "dma100" : null,
    "dma200" : 390.14,
    "volume" : 115525.00
  }, {
    "date" : "2025-04-04",
    "price" : 419.00,
    "dma50" : 377.19,
    "dma100" : null,
    "dma200" : 390.43,
    "volume" : 28795.00
  }, {
    "date" : "2025-04-07",
    "price" : 375.10,
    "dma50" : 377.11,
    "dma100" : null,
    "dma200" : 390.28,
    "volume" : 89702.00
  }, {
    "date" : "2025-04-08",
    "price" : 378.85,
    "dma50" : 377.18,
    "dma100" : null,
    "dma200" : 390.16,
    "volume" : 27411.00
  }, {
    "date" : "2025-04-09",
    "price" : 379.00,
    "dma50" : 377.25,
    "dma100" : null,
    "dma200" : 390.05,
    "volume" : 19039.00
  }, {
    "date" : "2025-04-11",
    "price" : 385.55,
    "dma50" : 377.57,
    "dma100" : null,
    "dma200" : 390.01,
    "volume" : 36761.00
  }, {
    "date" : "2025-04-15",
    "price" : 406.15,
    "dma50" : 378.69,
    "dma100" : null,
    "dma200" : 390.17,
    "volume" : 35705.00
  }, {
    "date" : "2025-04-16",
    "price" : 408.90,
    "dma50" : 379.88,
    "dma100" : null,
    "dma200" : 390.35,
    "volume" : 33583.00
  }, {
    "date" : "2025-04-17",
    "price" : 408.25,
    "dma50" : 380.99,
    "dma100" : null,
    "dma200" : 390.53,
    "volume" : 11477.00
  }, {
    "date" : "2025-04-21",
    "price" : 432.40,
    "dma50" : 383.01,
    "dma100" : null,
    "dma200" : 390.95,
    "volume" : 43499.00
  }, {
    "date" : "2025-04-22",
    "price" : 429.35,
    "dma50" : 384.82,
    "dma100" : null,
    "dma200" : 391.33,
    "volume" : 46400.00
  }, {
    "date" : "2025-04-23",
    "price" : 419.85,
    "dma50" : 386.20,
    "dma100" : null,
    "dma200" : 391.61,
    "volume" : 24920.00
  }, {
    "date" : "2025-04-24",
    "price" : 422.05,
    "dma50" : 387.60,
    "dma100" : null,
    "dma200" : 391.92,
    "volume" : 16956.00
  }, {
    "date" : "2025-04-25",
    "price" : 402.25,
    "dma50" : 388.18,
    "dma100" : null,
    "dma200" : 392.02,
    "volume" : 34717.00
  }, {
    "date" : "2025-04-28",
    "price" : 399.40,
    "dma50" : 388.62,
    "dma100" : null,
    "dma200" : 392.09,
    "volume" : 10951.00
  }, {
    "date" : "2025-04-29",
    "price" : 399.85,
    "dma50" : 389.06,
    "dma100" : null,
    "dma200" : 392.17,
    "volume" : 9691.00
  }, {
    "date" : "2025-04-30",
    "price" : 389.35,
    "dma50" : 389.07,
    "dma100" : null,
    "dma200" : 392.14,
    "volume" : 11591.00
  }, {
    "date" : "2025-05-02",
    "price" : 402.50,
    "dma50" : 389.60,
    "dma100" : null,
    "dma200" : 392.25,
    "volume" : 36885.00
  }, {
    "date" : "2025-05-05",
    "price" : 406.45,
    "dma50" : 390.26,
    "dma100" : null,
    "dma200" : 392.39,
    "volume" : 9665.00
  }, {
    "date" : "2025-05-06",
    "price" : 383.75,
    "dma50" : 390.00,
    "dma100" : null,
    "dma200" : 392.30,
    "volume" : 21430.00
  }, {
    "date" : "2025-05-07",
    "price" : 423.40,
    "dma50" : 391.31,
    "dma100" : null,
    "dma200" : 392.61,
    "volume" : 254117.00
  }, {
    "date" : "2025-05-08",
    "price" : 413.50,
    "dma50" : 392.18,
    "dma100" : null,
    "dma200" : 392.82,
    "volume" : 67598.00
  }, {
    "date" : "2025-05-09",
    "price" : 400.10,
    "dma50" : 392.49,
    "dma100" : null,
    "dma200" : 392.89,
    "volume" : 21683.00
  }, {
    "date" : "2025-05-12",
    "price" : 413.50,
    "dma50" : 393.32,
    "dma100" : null,
    "dma200" : 393.10,
    "volume" : 10082.00
  }, {
    "date" : "2025-05-13",
    "price" : 422.70,
    "dma50" : 394.47,
    "dma100" : null,
    "dma200" : 393.39,
    "volume" : 25553.00
  }, {
    "date" : "2025-05-14",
    "price" : 421.95,
    "dma50" : 395.55,
    "dma100" : null,
    "dma200" : 393.67,
    "volume" : 16680.00
  }, {
    "date" : "2025-05-15",
    "price" : 420.00,
    "dma50" : 396.51,
    "dma100" : null,
    "dma200" : 393.94,
    "volume" : 31024.00
  }, {
    "date" : "2025-05-16",
    "price" : 453.45,
    "dma50" : 398.74,
    "dma100" : null,
    "dma200" : 394.53,
    "volume" : 312418.00
  }, {
    "date" : "2025-05-19",
    "price" : 446.90,
    "dma50" : 400.63,
    "dma100" : null,
    "dma200" : 395.05,
    "volume" : 99085.00
  }, {
    "date" : "2025-05-20",
    "price" : 422.60,
    "dma50" : 401.49,
    "dma100" : null,
    "dma200" : 395.32,
    "volume" : 80762.00
  }, {
    "date" : "2025-05-21",
    "price" : 431.55,
    "dma50" : 402.67,
    "dma100" : null,
    "dma200" : 395.68,
    "volume" : 28867.00
  }, {
    "date" : "2025-05-22",
    "price" : 423.85,
    "dma50" : 403.50,
    "dma100" : null,
    "dma200" : 395.96,
    "volume" : 29366.00
  }, {
    "date" : "2025-05-23",
    "price" : 423.05,
    "dma50" : 404.27,
    "dma100" : null,
    "dma200" : 396.23,
    "volume" : 28086.00
  }, {
    "date" : "2025-05-26",
    "price" : 416.15,
    "dma50" : 404.73,
    "dma100" : null,
    "dma200" : 396.43,
    "volume" : 28689.00
  }, {
    "date" : "2025-05-27",
    "price" : 407.15,
    "dma50" : 404.83,
    "dma100" : null,
    "dma200" : 396.54,
    "volume" : 41490.00
  }, {
    "date" : "2025-05-28",
    "price" : 414.10,
    "dma50" : 405.19,
    "dma100" : null,
    "dma200" : 396.71,
    "volume" : 8175.00
  }, {
    "date" : "2025-05-29",
    "price" : 423.25,
    "dma50" : 405.90,
    "dma100" : 390.04,
    "dma200" : 396.98,
    "volume" : 44085.00
  }, {
    "date" : "2025-05-30",
    "price" : 406.55,
    "dma50" : 405.92,
    "dma100" : 389.93,
    "dma200" : 397.07,
    "volume" : 47301.00
  }, {
    "date" : "2025-06-02",
    "price" : 414.35,
    "dma50" : 406.25,
    "dma100" : 389.74,
    "dma200" : 397.24,
    "volume" : 18962.00
  }, {
    "date" : "2025-06-03",
    "price" : 406.45,
    "dma50" : 406.26,
    "dma100" : 389.64,
    "dma200" : 397.34,
    "volume" : 15508.00
  }, {
    "date" : "2025-06-04",
    "price" : 404.10,
    "dma50" : 406.18,
    "dma100" : 389.35,
    "dma200" : 397.40,
    "volume" : 48884.00
  }, {
    "date" : "2025-06-05",
    "price" : 421.25,
    "dma50" : 406.77,
    "dma100" : 389.37,
    "dma200" : 397.64,
    "volume" : 48038.00
  }, {
    "date" : "2025-06-06",
    "price" : 430.95,
    "dma50" : 407.72,
    "dma100" : 389.54,
    "dma200" : 397.97,
    "volume" : 100192.00
  }, {
    "date" : "2025-06-09",
    "price" : 429.45,
    "dma50" : 408.57,
    "dma100" : 389.87,
    "dma200" : 398.29,
    "volume" : 32959.00
  }, {
    "date" : "2025-06-10",
    "price" : 424.40,
    "dma50" : 409.19,
    "dma100" : 390.37,
    "dma200" : 398.55,
    "volume" : 34013.00
  }, {
    "date" : "2025-06-11",
    "price" : 421.35,
    "dma50" : 409.67,
    "dma100" : 390.76,
    "dma200" : 398.77,
    "volume" : 17703.00
  }, {
    "date" : "2025-06-12",
    "price" : 420.15,
    "dma50" : 410.08,
    "dma100" : 390.80,
    "dma200" : 398.99,
    "volume" : 14884.00
  }, {
    "date" : "2025-06-13",
    "price" : 419.70,
    "dma50" : 410.45,
    "dma100" : 390.58,
    "dma200" : 399.19,
    "volume" : 38766.00
  }, {
    "date" : "2025-06-16",
    "price" : 440.65,
    "dma50" : 411.64,
    "dma100" : 390.72,
    "dma200" : 399.60,
    "volume" : 285035.00
  }, {
    "date" : "2025-06-17",
    "price" : 429.10,
    "dma50" : 412.32,
    "dma100" : 390.68,
    "dma200" : 399.90,
    "volume" : 34042.00
  }, {
    "date" : "2025-06-18",
    "price" : 423.70,
    "dma50" : 412.77,
    "dma100" : 390.70,
    "dma200" : 400.13,
    "volume" : 39621.00
  }, {
    "date" : "2025-06-19",
    "price" : 412.60,
    "dma50" : 412.76,
    "dma100" : 390.70,
    "dma200" : 400.26,
    "volume" : 38546.00
  }, {
    "date" : "2025-06-20",
    "price" : 433.55,
    "dma50" : 413.58,
    "dma100" : 390.92,
    "dma200" : 400.59,
    "volume" : 64455.00
  }, {
    "date" : "2025-06-23",
    "price" : 446.20,
    "dma50" : 414.86,
    "dma100" : 391.34,
    "dma200" : 401.04,
    "volume" : 146497.00
  }, {
    "date" : "2025-06-24",
    "price" : 444.75,
    "dma50" : 416.03,
    "dma100" : 391.93,
    "dma200" : 401.48,
    "volume" : 56556.00
  }, {
    "date" : "2025-06-25",
    "price" : 439.75,
    "dma50" : 416.96,
    "dma100" : 392.52,
    "dma200" : 401.86,
    "volume" : 40069.00
  }, {
    "date" : "2025-06-26",
    "price" : 440.75,
    "dma50" : 417.89,
    "dma100" : 393.01,
    "dma200" : 402.25,
    "volume" : 32488.00
  }, {
    "date" : "2025-06-27",
    "price" : 491.90,
    "dma50" : 420.80,
    "dma100" : 394.01,
    "dma200" : 403.14,
    "volume" : 493265.00
  }, {
    "date" : "2025-06-30",
    "price" : 487.15,
    "dma50" : 423.40,
    "dma100" : 394.95,
    "dma200" : 403.97,
    "volume" : 186296.00
  }, {
    "date" : "2025-07-01",
    "price" : 468.55,
    "dma50" : 425.17,
    "dma100" : 395.67,
    "dma200" : 404.62,
    "volume" : 68468.00
  }, {
    "date" : "2025-07-02",
    "price" : 460.50,
    "dma50" : 426.55,
    "dma100" : 396.42,
    "dma200" : 405.17,
    "volume" : 53834.00
  }, {
    "date" : "2025-07-03",
    "price" : 458.85,
    "dma50" : 427.82,
    "dma100" : 397.05,
    "dma200" : 405.71,
    "volume" : 83205.00
  }, {
    "date" : "2025-07-04",
    "price" : 453.80,
    "dma50" : 428.84,
    "dma100" : 397.52,
    "dma200" : 406.19,
    "volume" : 44455.00
  }, {
    "date" : "2025-07-07",
    "price" : 443.10,
    "dma50" : 429.40,
    "dma100" : 398.02,
    "dma200" : 406.55,
    "volume" : 27939.00
  }, {
    "date" : "2025-07-08",
    "price" : 461.45,
    "dma50" : 430.66,
    "dma100" : 398.71,
    "dma200" : 407.10,
    "volume" : 128231.00
  }, {
    "date" : "2025-07-09",
    "price" : 460.70,
    "dma50" : 431.83,
    "dma100" : 399.52,
    "dma200" : 407.63,
    "volume" : 22806.00
  }, {
    "date" : "2025-07-10",
    "price" : 471.55,
    "dma50" : 433.39,
    "dma100" : 400.53,
    "dma200" : 408.27,
    "volume" : 55606.00
  }, {
    "date" : "2025-07-11",
    "price" : 451.15,
    "dma50" : 434.09,
    "dma100" : 401.40,
    "dma200" : 408.69,
    "volume" : 46233.00
  }, {
    "date" : "2025-07-14",
    "price" : 440.75,
    "dma50" : 434.35,
    "dma100" : 402.10,
    "dma200" : 409.01,
    "volume" : 38003.00
  }, {
    "date" : "2025-07-15",
    "price" : 463.95,
    "dma50" : 435.51,
    "dma100" : 403.30,
    "dma200" : 409.56,
    "volume" : 66139.00
  }, {
    "date" : "2025-07-16",
    "price" : 468.80,
    "dma50" : 436.81,
    "dma100" : 404.66,
    "dma200" : 410.15,
    "volume" : 77350.00
  }, {
    "date" : "2025-07-17",
    "price" : 475.20,
    "dma50" : 438.32,
    "dma100" : 406.17,
    "dma200" : 410.80,
    "volume" : 43950.00
  }, {
    "date" : "2025-07-18",
    "price" : 466.60,
    "dma50" : 439.43,
    "dma100" : 407.49,
    "dma200" : 411.35,
    "volume" : 38042.00
  }, {
    "date" : "2025-07-21",
    "price" : 467.80,
    "dma50" : 440.54,
    "dma100" : 408.83,
    "dma200" : 411.91,
    "volume" : 26978.00
  }, {
    "date" : "2025-07-22",
    "price" : 457.30,
    "dma50" : 441.20,
    "dma100" : 410.03,
    "dma200" : 412.37,
    "volume" : 23097.00
  }, {
    "date" : "2025-07-23",
    "price" : 456.30,
    "dma50" : 441.79,
    "dma100" : 411.31,
    "dma200" : 412.80,
    "volume" : 14110.00
  }, {
    "date" : "2025-07-24",
    "price" : 456.60,
    "dma50" : 442.37,
    "dma100" : 412.59,
    "dma200" : 413.24,
    "volume" : 40913.00
  }, {
    "date" : "2025-07-25",
    "price" : 448.35,
    "dma50" : 442.61,
    "dma100" : 413.82,
    "dma200" : 413.59,
    "volume" : 17144.00
  }, {
    "date" : "2025-07-28",
    "price" : 429.90,
    "dma50" : 442.11,
    "dma100" : 414.93,
    "dma200" : 413.75,
    "volume" : 44070.00
  }, {
    "date" : "2025-07-29",
    "price" : 446.60,
    "dma50" : 442.28,
    "dma100" : 416.41,
    "dma200" : 414.08,
    "volume" : 34426.00
  }, {
    "date" : "2025-07-30",
    "price" : 445.70,
    "dma50" : 442.42,
    "dma100" : 417.89,
    "dma200" : 414.39,
    "volume" : 17343.00
  }, {
    "date" : "2025-07-31",
    "price" : 433.40,
    "dma50" : 442.06,
    "dma100" : 419.02,
    "dma200" : 414.58,
    "volume" : 20032.00
  }, {
    "date" : "2025-08-01",
    "price" : 416.55,
    "dma50" : 441.06,
    "dma100" : 419.89,
    "dma200" : 414.60,
    "volume" : 24568.00
  }, {
    "date" : "2025-08-04",
    "price" : 389.80,
    "dma50" : 439.05,
    "dma100" : 420.39,
    "dma200" : 414.35,
    "volume" : 68338.00
  }, {
    "date" : "2025-08-05",
    "price" : 360.75,
    "dma50" : 435.98,
    "dma100" : 420.50,
    "dma200" : 413.82,
    "volume" : 176578.00
  }, {
    "date" : "2025-08-06",
    "price" : 377.00,
    "dma50" : 433.67,
    "dma100" : 420.83,
    "dma200" : 413.45,
    "volume" : 70606.00
  }, {
    "date" : "2025-08-07",
    "price" : 375.15,
    "dma50" : 431.37,
    "dma100" : 421.23,
    "dma200" : 413.07,
    "volume" : 37373.00
  }, {
    "date" : "2025-08-08",
    "price" : 370.95,
    "dma50" : 429.01,
    "dma100" : 421.61,
    "dma200" : 412.65,
    "volume" : 17637.00
  }, {
    "date" : "2025-08-11",
    "price" : 369.20,
    "dma50" : 426.66,
    "dma100" : 422.04,
    "dma200" : 412.22,
    "volume" : 33372.00
  }, {
    "date" : "2025-08-12",
    "price" : 368.80,
    "dma50" : 424.39,
    "dma100" : 422.42,
    "dma200" : 411.79,
    "volume" : 7033.00
  }, {
    "date" : "2025-08-13",
    "price" : 367.70,
    "dma50" : 422.17,
    "dma100" : 422.73,
    "dma200" : 411.35,
    "volume" : 10355.00
  }, {
    "date" : "2025-08-14",
    "price" : 362.10,
    "dma50" : 419.81,
    "dma100" : 423.01,
    "dma200" : 410.86,
    "volume" : 11477.00
  }, {
    "date" : "2025-08-18",
    "price" : 360.00,
    "dma50" : 417.47,
    "dma100" : 423.15,
    "dma200" : 410.35,
    "volume" : 11765.00
  }, {
    "date" : "2025-08-19",
    "price" : 369.05,
    "dma50" : 415.57,
    "dma100" : 422.70,
    "dma200" : 409.94,
    "volume" : 34563.00
  }, {
    "date" : "2025-08-20",
    "price" : 364.20,
    "dma50" : 413.55,
    "dma100" : 422.10,
    "dma200" : 409.49,
    "volume" : 16514.00
  }, {
    "date" : "2025-08-21",
    "price" : 365.25,
    "dma50" : 411.66,
    "dma100" : 421.55,
    "dma200" : 409.05,
    "volume" : 17254.00
  }, {
    "date" : "2025-08-22",
    "price" : 363.30,
    "dma50" : 409.76,
    "dma100" : 420.97,
    "dma200" : 408.59,
    "volume" : 6746.00
  }, {
    "date" : "2025-08-25",
    "price" : 354.20,
    "dma50" : 407.58,
    "dma100" : 420.16,
    "dma200" : 408.05,
    "volume" : 17978.00
  }, {
    "date" : "2025-08-26",
    "price" : 345.30,
    "dma50" : 405.14,
    "dma100" : 419.34,
    "dma200" : 407.43,
    "volume" : 10463.00
  }, {
    "date" : "2025-08-28",
    "price" : 372.60,
    "dma50" : 403.87,
    "dma100" : 418.92,
    "dma200" : 407.08,
    "volume" : 263443.00
  }, {
    "date" : "2025-08-29",
    "price" : 372.05,
    "dma50" : 402.62,
    "dma100" : 418.25,
    "dma200" : 406.73,
    "volume" : 54434.00
  }, {
    "date" : "2025-09-01",
    "price" : 376.55,
    "dma50" : 401.60,
    "dma100" : 417.82,
    "dma200" : 406.43,
    "volume" : 18302.00
  }, {
    "date" : "2025-09-02",
    "price" : 373.10,
    "dma50" : 400.48,
    "dma100" : 417.80,
    "dma200" : 406.10,
    "volume" : 12193.00
  }, {
    "date" : "2025-09-03",
    "price" : 376.45,
    "dma50" : 399.54,
    "dma100" : 417.78,
    "dma200" : 405.81,
    "volume" : 6952.00
  }, {
    "date" : "2025-09-04",
    "price" : 371.75,
    "dma50" : 398.45,
    "dma100" : 417.71,
    "dma200" : 405.47,
    "volume" : 4697.00
  }, {
    "date" : "2025-09-05",
    "price" : 365.05,
    "dma50" : 397.14,
    "dma100" : 417.50,
    "dma200" : 405.06,
    "volume" : 9144.00
  }, {
    "date" : "2025-09-08",
    "price" : 370.20,
    "dma50" : 396.08,
    "dma100" : 417.14,
    "dma200" : 404.72,
    "volume" : 7006.00
  }, {
    "date" : "2025-09-09",
    "price" : 368.55,
    "dma50" : 395.00,
    "dma100" : 416.74,
    "dma200" : 404.36,
    "volume" : 1882.00
  }, {
    "date" : "2025-09-10",
    "price" : 373.95,
    "dma50" : 394.17,
    "dma100" : 416.40,
    "dma200" : 404.05,
    "volume" : 30671.00
  }, {
    "date" : "2025-09-11",
    "price" : 401.65,
    "dma50" : 394.47,
    "dma100" : 416.09,
    "dma200" : 404.03,
    "volume" : 155941.00
  }, {
    "date" : "2025-09-12",
    "price" : 403.15,
    "dma50" : 394.81,
    "dma100" : 415.83,
    "dma200" : 404.02,
    "volume" : 29448.00
  }, {
    "date" : "2025-09-15",
    "price" : 398.35,
    "dma50" : 394.95,
    "dma100" : 415.61,
    "dma200" : 403.97,
    "volume" : 23158.00
  }, {
    "date" : "2025-09-16",
    "price" : 395.75,
    "dma50" : 394.98,
    "dma100" : 415.35,
    "dma200" : 403.88,
    "volume" : 8064.00
  }, {
    "date" : "2025-09-17",
    "price" : 408.65,
    "dma50" : 395.51,
    "dma100" : 415.41,
    "dma200" : 403.93,
    "volume" : 71801.00
  }, {
    "date" : "2025-09-18",
    "price" : 411.15,
    "dma50" : 396.13,
    "dma100" : 415.53,
    "dma200" : 404.00,
    "volume" : 23229.00
  }, {
    "date" : "2025-09-19",
    "price" : 427.70,
    "dma50" : 397.37,
    "dma100" : 415.81,
    "dma200" : 404.24,
    "volume" : 38199.00
  }, {
    "date" : "2025-09-22",
    "price" : 428.85,
    "dma50" : 398.60,
    "dma100" : 416.20,
    "dma200" : 404.48,
    "volume" : 64296.00
  }, {
    "date" : "2025-09-23",
    "price" : 434.90,
    "dma50" : 400.02,
    "dma100" : 416.53,
    "dma200" : 404.79,
    "volume" : 49058.00
  }, {
    "date" : "2025-09-24",
    "price" : 431.55,
    "dma50" : 401.26,
    "dma100" : 416.78,
    "dma200" : 405.05,
    "volume" : 18447.00
  }, {
    "date" : "2025-09-25",
    "price" : 436.40,
    "dma50" : 402.64,
    "dma100" : 417.31,
    "dma200" : 405.36,
    "volume" : 21172.00
  }, {
    "date" : "2025-09-26",
    "price" : 435.05,
    "dma50" : 403.91,
    "dma100" : 417.42,
    "dma200" : 405.66,
    "volume" : 35551.00
  }, {
    "date" : "2025-09-29",
    "price" : 437.60,
    "dma50" : 405.23,
    "dma100" : 417.66,
    "dma200" : 405.98,
    "volume" : 30478.00
  }, {
    "date" : "2025-09-30",
    "price" : 435.90,
    "dma50" : 406.43,
    "dma100" : 418.02,
    "dma200" : 406.28,
    "volume" : 12515.00
  }, {
    "date" : "2025-10-01",
    "price" : 420.85,
    "dma50" : 407.00,
    "dma100" : 418.09,
    "dma200" : 406.42,
    "volume" : 15606.00
  }, {
    "date" : "2025-10-03",
    "price" : 422.20,
    "dma50" : 407.60,
    "dma100" : 418.09,
    "dma200" : 406.58,
    "volume" : 7159.00
  }, {
    "date" : "2025-10-06",
    "price" : 407.50,
    "dma50" : 407.59,
    "dma100" : 417.95,
    "dma200" : 406.59,
    "volume" : 9739.00
  }, {
    "date" : "2025-10-07",
    "price" : 403.45,
    "dma50" : 407.43,
    "dma100" : 417.78,
    "dma200" : 406.56,
    "volume" : 16870.00
  }, {
    "date" : "2025-10-08",
    "price" : 396.15,
    "dma50" : 406.99,
    "dma100" : 417.21,
    "dma200" : 406.45,
    "volume" : 23202.00
  }, {
    "date" : "2025-10-09",
    "price" : 400.75,
    "dma50" : 406.74,
    "dma100" : 416.75,
    "dma200" : 406.40,
    "volume" : 6955.00
  }, {
    "date" : "2025-10-10",
    "price" : 430.45,
    "dma50" : 407.67,
    "dma100" : 416.82,
    "dma200" : 406.63,
    "volume" : 2070074.00
  }, {
    "date" : "2025-10-13",
    "price" : 432.65,
    "dma50" : 408.65,
    "dma100" : 416.83,
    "dma200" : 406.89,
    "volume" : 130457.00
  }, {
    "date" : "2025-10-14",
    "price" : 426.80,
    "dma50" : 409.36,
    "dma100" : 416.86,
    "dma200" : 407.09,
    "volume" : 21016.00
  }, {
    "date" : "2025-10-15",
    "price" : 428.35,
    "dma50" : 410.11,
    "dma100" : 416.92,
    "dma200" : 407.30,
    "volume" : 24001.00
  }, {
    "date" : "2025-10-16",
    "price" : 428.50,
    "dma50" : 410.83,
    "dma100" : 417.04,
    "dma200" : 407.51,
    "volume" : 7752.00
  }, {
    "date" : "2025-10-17",
    "price" : 422.40,
    "dma50" : 411.28,
    "dma100" : 417.19,
    "dma200" : 407.66,
    "volume" : 7004.00
  }, {
    "date" : "2025-10-20",
    "price" : 419.90,
    "dma50" : 411.62,
    "dma100" : 417.25,
    "dma200" : 407.78,
    "volume" : 7716.00
  }, {
    "date" : "2025-10-21",
    "price" : 430.40,
    "dma50" : 412.36,
    "dma100" : 417.32,
    "dma200" : 408.01,
    "volume" : 8926.00
  }, {
    "date" : "2025-10-23",
    "price" : 432.20,
    "dma50" : 413.14,
    "dma100" : 417.58,
    "dma200" : 408.25,
    "volume" : 38865.00
  }, {
    "date" : "2025-10-24",
    "price" : 441.70,
    "dma50" : 414.26,
    "dma100" : 417.85,
    "dma200" : 408.58,
    "volume" : 19438.00
  }, {
    "date" : "2025-10-27",
    "price" : 458.55,
    "dma50" : 415.99,
    "dma100" : 418.37,
    "dma200" : 409.08,
    "volume" : 54817.00
  }, {
    "date" : "2025-10-28",
    "price" : 452.50,
    "dma50" : 417.42,
    "dma100" : 418.86,
    "dma200" : 409.51,
    "volume" : 26040.00
  }, {
    "date" : "2025-10-29",
    "price" : 455.00,
    "dma50" : 418.90,
    "dma100" : 419.20,
    "dma200" : 409.96,
    "volume" : 11832.00
  }, {
    "date" : "2025-10-30",
    "price" : 456.00,
    "dma50" : 420.35,
    "dma100" : 419.45,
    "dma200" : 410.42,
    "volume" : 16950.00
  }, {
    "date" : "2025-10-31",
    "price" : 450.65,
    "dma50" : 421.54,
    "dma100" : 419.66,
    "dma200" : 410.82,
    "volume" : 21924.00
  }, {
    "date" : "2025-11-03",
    "price" : 441.75,
    "dma50" : 422.33,
    "dma100" : 419.83,
    "dma200" : 411.13,
    "volume" : 54666.00
  }, {
    "date" : "2025-11-04",
    "price" : 446.25,
    "dma50" : 423.27,
    "dma100" : 420.08,
    "dma200" : 411.48,
    "volume" : 10759.00
  }, {
    "date" : "2025-11-06",
    "price" : 466.60,
    "dma50" : 424.97,
    "dma100" : 420.54,
    "dma200" : 412.03,
    "volume" : 122780.00
  }, {
    "date" : "2025-11-07",
    "price" : 471.45,
    "dma50" : 426.79,
    "dma100" : 421.06,
    "dma200" : 412.62,
    "volume" : 66678.00
  }, {
    "date" : "2025-11-10",
    "price" : 474.50,
    "dma50" : 428.66,
    "dma100" : 421.40,
    "dma200" : 413.24,
    "volume" : 99715.00
  }, {
    "date" : "2025-11-11",
    "price" : 435.80,
    "dma50" : 428.94,
    "dma100" : 421.47,
    "dma200" : 413.46,
    "volume" : 141984.00
  }, {
    "date" : "2025-11-12",
    "price" : 444.95,
    "dma50" : 429.57,
    "dma100" : 421.68,
    "dma200" : 413.77,
    "volume" : 32794.00
  }, {
    "date" : "2025-11-13",
    "price" : 441.95,
    "dma50" : 430.06,
    "dma100" : 421.97,
    "dma200" : 414.05,
    "volume" : 10522.00
  }, {
    "date" : "2025-11-14",
    "price" : 451.95,
    "dma50" : 430.92,
    "dma100" : 422.16,
    "dma200" : 414.43,
    "volume" : 20349.00
  }, {
    "date" : "2025-11-17",
    "price" : 450.95,
    "dma50" : 431.70,
    "dma100" : 422.21,
    "dma200" : 414.79,
    "volume" : 22347.00
  }, {
    "date" : "2025-11-18",
    "price" : 444.05,
    "dma50" : 432.19,
    "dma100" : 422.20,
    "dma200" : 415.09,
    "volume" : 10814.00
  }, {
    "date" : "2025-11-19",
    "price" : 450.30,
    "dma50" : 432.90,
    "dma100" : 422.30,
    "dma200" : 415.44,
    "volume" : 12270.00
  }, {
    "date" : "2025-11-20",
    "price" : 450.30,
    "dma50" : 433.58,
    "dma100" : 422.40,
    "dma200" : 415.78,
    "volume" : 34946.00
  }, {
    "date" : "2025-11-21",
    "price" : 450.05,
    "dma50" : 434.22,
    "dma100" : 421.98,
    "dma200" : 416.12,
    "volume" : 16569.00
  }, {
    "date" : "2025-11-24",
    "price" : 450.30,
    "dma50" : 434.85,
    "dma100" : 421.61,
    "dma200" : 416.46,
    "volume" : 23235.00
  }, {
    "date" : "2025-11-25",
    "price" : 450.05,
    "dma50" : 435.45,
    "dma100" : 421.43,
    "dma200" : 416.80,
    "volume" : 19736.00
  }, {
    "date" : "2025-11-26",
    "price" : 448.70,
    "dma50" : 435.97,
    "dma100" : 421.31,
    "dma200" : 417.12,
    "volume" : 13916.00
  }, {
    "date" : "2025-11-27",
    "price" : 450.00,
    "dma50" : 436.52,
    "dma100" : 421.22,
    "dma200" : 417.44,
    "volume" : 10870.00
  }, {
    "date" : "2025-11-28",
    "price" : 446.45,
    "dma50" : 436.91,
    "dma100" : 421.15,
    "dma200" : 417.73,
    "volume" : 17118.00
  }, {
    "date" : "2025-12-01",
    "price" : 429.80,
    "dma50" : 436.63,
    "dma100" : 421.01,
    "dma200" : 417.85,
    "volume" : 20698.00
  }, {
    "date" : "2025-12-02",
    "price" : 431.25,
    "dma50" : 436.42,
    "dma100" : 420.71,
    "dma200" : 417.98,
    "volume" : 22602.00
  }, {
    "date" : "2025-12-03",
    "price" : 432.95,
    "dma50" : 436.28,
    "dma100" : 420.43,
    "dma200" : 418.13,
    "volume" : 14241.00
  }, {
    "date" : "2025-12-04",
    "price" : 430.90,
    "dma50" : 436.07,
    "dma100" : 420.03,
    "dma200" : 418.26,
    "volume" : 22134.00
  }, {
    "date" : "2025-12-05",
    "price" : 425.40,
    "dma50" : 435.65,
    "dma100" : 419.77,
    "dma200" : 418.33,
    "volume" : 6716.00
  }, {
    "date" : "2025-12-08",
    "price" : 424.25,
    "dma50" : 435.21,
    "dma100" : 419.61,
    "dma200" : 418.39,
    "volume" : 16132.00
  }, {
    "date" : "2025-12-09",
    "price" : 423.30,
    "dma50" : 434.74,
    "dma100" : 419.20,
    "dma200" : 418.44,
    "volume" : 10975.00
  }, {
    "date" : "2025-12-10",
    "price" : 424.75,
    "dma50" : 434.35,
    "dma100" : 418.76,
    "dma200" : 418.50,
    "volume" : 1941.00
  }, {
    "date" : "2025-12-11",
    "price" : 427.70,
    "dma50" : 434.09,
    "dma100" : 418.28,
    "dma200" : 418.59,
    "volume" : 3582.00
  }, {
    "date" : "2025-12-12",
    "price" : 443.35,
    "dma50" : 434.45,
    "dma100" : 418.05,
    "dma200" : 418.84,
    "volume" : 329969.00
  }, {
    "date" : "2025-12-15",
    "price" : 451.85,
    "dma50" : 435.13,
    "dma100" : 417.89,
    "dma200" : 419.17,
    "volume" : 49447.00
  }, {
    "date" : "2025-12-16",
    "price" : 440.65,
    "dma50" : 435.35,
    "dma100" : 417.73,
    "dma200" : 419.38,
    "volume" : 19495.00
  }, {
    "date" : "2025-12-17",
    "price" : 430.55,
    "dma50" : 435.16,
    "dma100" : 417.47,
    "dma200" : 419.49,
    "volume" : 13451.00
  }, {
    "date" : "2025-12-18",
    "price" : 427.75,
    "dma50" : 434.87,
    "dma100" : 417.18,
    "dma200" : 419.58,
    "volume" : 17750.00
  }, {
    "date" : "2025-12-19",
    "price" : 431.95,
    "dma50" : 434.76,
    "dma100" : 417.02,
    "dma200" : 419.70,
    "volume" : 6393.00
  }, {
    "date" : "2025-12-22",
    "price" : 432.90,
    "dma50" : 434.68,
    "dma100" : 417.05,
    "dma200" : 419.83,
    "volume" : 3128.00
  }, {
    "date" : "2025-12-23",
    "price" : 440.25,
    "dma50" : 434.90,
    "dma100" : 416.98,
    "dma200" : 420.03,
    "volume" : 12660.00
  }, {
    "date" : "2025-12-24",
    "price" : 450.90,
    "dma50" : 435.53,
    "dma100" : 417.03,
    "dma200" : 420.34,
    "volume" : 15250.00
  }, {
    "date" : "2025-12-26",
    "price" : 458.45,
    "dma50" : 436.43,
    "dma100" : 417.28,
    "dma200" : 420.72,
    "volume" : 34948.00
  }, {
    "date" : "2025-12-29",
    "price" : 459.70,
    "dma50" : 437.34,
    "dma100" : 417.72,
    "dma200" : 421.11,
    "volume" : 21943.00
  }, {
    "date" : "2025-12-30",
    "price" : 474.05,
    "dma50" : 438.78,
    "dma100" : 418.56,
    "dma200" : 421.63,
    "volume" : 60262.00
  }, {
    "date" : "2025-12-31",
    "price" : 497.95,
    "dma50" : 441.10,
    "dma100" : 419.93,
    "dma200" : 422.39,
    "volume" : 158860.00
  } ],
  "latestTechnicalAttributes" : {
    "date" : "2025-12-31",
    "price" : 497.95,
    "dma50" : 441.10,
    "dma100" : 419.93,
    "dma200" : 422.39,
    "volume" : 158860.00
  },
  "quarterlyResults" : [ {
    "date" : "2005-03-31",
    "sales" : 79.41,
    "salesGrowthYoY" : null,
    "grossProfitMargin" : 39.24,
    "grossProfit" : 31.16,
    "operatingProfitMargin" : 16.41,
    "operatingProfit" : 13.03,
    "netProfitMargin" : 8.16,
    "netProfit" : 6.48
  }, {
    "date" : "2005-06-30",
    "sales" : 73.96,
    "salesGrowthYoY" : null,
    "grossProfitMargin" : 39.36,
    "grossProfit" : 29.11,
    "operatingProfitMargin" : 14.40,
    "operatingProfit" : 10.65,
    "netProfitMargin" : 5.62,
    "netProfit" : 4.16
  }, {
    "date" : "2005-09-30",
    "sales" : 82.28,
    "salesGrowthYoY" : null,
    "grossProfitMargin" : 40.78,
    "grossProfit" : 33.55,
    "operatingProfitMargin" : 15.02,
    "operatingProfit" : 12.36,
    "netProfitMargin" : 7.04,
    "netProfit" : 5.79
  }, {
    "date" : "2005-12-31",
    "sales" : 82.65,
    "salesGrowthYoY" : null,
    "grossProfitMargin" : 34.34,
    "grossProfit" : 28.38,
    "operatingProfitMargin" : 16.25,
    "operatingProfit" : 13.43,
    "netProfitMargin" : 8.17,
    "netProfit" : 6.75
  }, {
    "date" : "2006-03-31",
    "sales" : 107.89,
    "salesGrowthYoY" : 35.86,
    "grossProfitMargin" : 36.80,
    "grossProfit" : 39.70,
    "operatingProfitMargin" : 20.85,
    "operatingProfit" : 22.50,
    "netProfitMargin" : 13.42,
    "netProfit" : 14.48
  }, {
    "date" : "2006-06-30",
    "sales" : 109.63,
    "salesGrowthYoY" : 48.23,
    "grossProfitMargin" : 33.17,
    "grossProfit" : 36.36,
    "operatingProfitMargin" : 17.38,
    "operatingProfit" : 19.05,
    "netProfitMargin" : 6.56,
    "netProfit" : 7.19
  }, {
    "date" : "2006-09-30",
    "sales" : 137.05,
    "salesGrowthYoY" : 66.57,
    "grossProfitMargin" : 33.16,
    "grossProfit" : 45.45,
    "operatingProfitMargin" : 17.61,
    "operatingProfit" : 24.13,
    "netProfitMargin" : 7.45,
    "netProfit" : 10.21
  }, {
    "date" : "2006-12-31",
    "sales" : 142.34,
    "salesGrowthYoY" : 72.22,
    "grossProfitMargin" : 34.05,
    "grossProfit" : 48.47,
    "operatingProfitMargin" : 18.15,
    "operatingProfit" : 25.83,
    "netProfitMargin" : 7.52,
    "netProfit" : 10.70
  }, {
    "date" : "2007-03-31",
    "sales" : 163.34,
    "salesGrowthYoY" : 51.39,
    "grossProfitMargin" : 28.74,
    "grossProfit" : 46.94,
    "operatingProfitMargin" : 15.29,
    "operatingProfit" : 24.97,
    "netProfitMargin" : 4.79,
    "netProfit" : 7.82
  }, {
    "date" : "2007-06-30",
    "sales" : 149.92,
    "salesGrowthYoY" : 36.75,
    "grossProfitMargin" : 31.18,
    "grossProfit" : 46.75,
    "operatingProfitMargin" : 15.51,
    "operatingProfit" : 23.25,
    "netProfitMargin" : 4.34,
    "netProfit" : 6.51
  }, {
    "date" : "2007-09-30",
    "sales" : 188.77,
    "salesGrowthYoY" : 37.74,
    "grossProfitMargin" : 28.34,
    "grossProfit" : 53.50,
    "operatingProfitMargin" : 14.20,
    "operatingProfit" : 26.81,
    "netProfitMargin" : 3.00,
    "netProfit" : 5.66
  }, {
    "date" : "2007-12-31",
    "sales" : 164.88,
    "salesGrowthYoY" : 15.84,
    "grossProfitMargin" : 29.81,
    "grossProfit" : 49.15,
    "operatingProfitMargin" : 13.94,
    "operatingProfit" : 22.98,
    "netProfitMargin" : 0.22,
    "netProfit" : 0.36
  }, {
    "date" : "2008-03-31",
    "sales" : 189.81,
    "salesGrowthYoY" : 16.21,
    "grossProfitMargin" : 22.14,
    "grossProfit" : 42.02,
    "operatingProfitMargin" : 7.11,
    "operatingProfit" : 13.50,
    "netProfitMargin" : -3.20,
    "netProfit" : -6.07
  }, {
    "date" : "2008-06-30",
    "sales" : 179.19,
    "salesGrowthYoY" : 19.52,
    "grossProfitMargin" : 23.04,
    "grossProfit" : 41.29,
    "operatingProfitMargin" : 8.06,
    "operatingProfit" : 14.44,
    "netProfitMargin" : -4.67,
    "netProfit" : -8.37
  }, {
    "date" : "2008-09-30",
    "sales" : 211.06,
    "salesGrowthYoY" : 11.81,
    "grossProfitMargin" : 24.02,
    "grossProfit" : 50.70,
    "operatingProfitMargin" : 8.50,
    "operatingProfit" : 17.94,
    "netProfitMargin" : -3.93,
    "netProfit" : -8.29
  }, {
    "date" : "2008-12-31",
    "sales" : 178.52,
    "salesGrowthYoY" : 8.27,
    "grossProfitMargin" : 24.19,
    "grossProfit" : 43.18,
    "operatingProfitMargin" : 8.97,
    "operatingProfit" : 16.01,
    "netProfitMargin" : -6.81,
    "netProfit" : -12.16
  }, {
    "date" : "2009-03-31",
    "sales" : 179.50,
    "salesGrowthYoY" : -5.43,
    "grossProfitMargin" : 28.81,
    "grossProfit" : 51.71,
    "operatingProfitMargin" : 12.12,
    "operatingProfit" : 21.76,
    "netProfitMargin" : -1.92,
    "netProfit" : -3.45
  }, {
    "date" : "2009-06-30",
    "sales" : 195.70,
    "salesGrowthYoY" : 9.21,
    "grossProfitMargin" : 30.98,
    "grossProfit" : 60.63,
    "operatingProfitMargin" : 15.33,
    "operatingProfit" : 30.00,
    "netProfitMargin" : 1.13,
    "netProfit" : 2.21
  }, {
    "date" : "2009-09-30",
    "sales" : 214.56,
    "salesGrowthYoY" : 1.66,
    "grossProfitMargin" : 30.01,
    "grossProfit" : 64.39,
    "operatingProfitMargin" : 14.62,
    "operatingProfit" : 31.37,
    "netProfitMargin" : 1.66,
    "netProfit" : 3.56
  }, {
    "date" : "2009-12-31",
    "sales" : 212.61,
    "salesGrowthYoY" : 19.10,
    "grossProfitMargin" : 28.29,
    "grossProfit" : 60.15,
    "operatingProfitMargin" : 14.02,
    "operatingProfit" : 29.81,
    "netProfitMargin" : 1.69,
    "netProfit" : 3.59
  }, {
    "date" : "2010-03-31",
    "sales" : 229.38,
    "salesGrowthYoY" : 27.79,
    "grossProfitMargin" : 30.09,
    "grossProfit" : 69.02,
    "operatingProfitMargin" : 16.05,
    "operatingProfit" : 36.82,
    "netProfitMargin" : 3.49,
    "netProfit" : 8.01
  }, {
    "date" : "2010-06-30",
    "sales" : 255.10,
    "salesGrowthYoY" : 30.35,
    "grossProfitMargin" : 29.63,
    "grossProfit" : 75.59,
    "operatingProfitMargin" : 15.05,
    "operatingProfit" : 38.39,
    "netProfitMargin" : 3.00,
    "netProfit" : 7.65
  }, {
    "date" : "2010-09-30",
    "sales" : 269.47,
    "salesGrowthYoY" : 25.59,
    "grossProfitMargin" : 30.14,
    "grossProfit" : 81.22,
    "operatingProfitMargin" : 15.34,
    "operatingProfit" : 41.34,
    "netProfitMargin" : 3.41,
    "netProfit" : 9.19
  }, {
    "date" : "2010-12-31",
    "sales" : 288.59,
    "salesGrowthYoY" : 35.74,
    "grossProfitMargin" : 36.07,
    "grossProfit" : 104.09,
    "operatingProfitMargin" : 19.26,
    "operatingProfit" : 55.58,
    "netProfitMargin" : 6.39,
    "netProfit" : 18.44
  }, {
    "date" : "2011-03-31",
    "sales" : 359.88,
    "salesGrowthYoY" : 56.89,
    "grossProfitMargin" : 42.15,
    "grossProfit" : 151.69,
    "operatingProfitMargin" : 16.95,
    "operatingProfit" : 61.00,
    "netProfitMargin" : 5.98,
    "netProfit" : 21.52
  }, {
    "date" : "2011-06-30",
    "sales" : 337.56,
    "salesGrowthYoY" : 32.32,
    "grossProfitMargin" : 36.19,
    "grossProfit" : 122.16,
    "operatingProfitMargin" : 11.00,
    "operatingProfit" : 37.13,
    "netProfitMargin" : 2.03,
    "netProfit" : 6.85
  }, {
    "date" : "2011-09-30",
    "sales" : 377.26,
    "salesGrowthYoY" : 40.00,
    "grossProfitMargin" : 34.60,
    "grossProfit" : 130.53,
    "operatingProfitMargin" : 11.16,
    "operatingProfit" : 42.10,
    "netProfitMargin" : 1.60,
    "netProfit" : 6.04
  }, {
    "date" : "2011-12-31",
    "sales" : 310.19,
    "salesGrowthYoY" : 7.48,
    "grossProfitMargin" : 43.50,
    "grossProfit" : 134.93,
    "operatingProfitMargin" : 10.03,
    "operatingProfit" : 31.11,
    "netProfitMargin" : -0.59,
    "netProfit" : -1.83
  }, {
    "date" : "2012-03-31",
    "sales" : 397.53,
    "salesGrowthYoY" : 10.46,
    "grossProfitMargin" : 39.78,
    "grossProfit" : 158.14,
    "operatingProfitMargin" : 10.72,
    "operatingProfit" : 42.62,
    "netProfitMargin" : 1.57,
    "netProfit" : 6.24
  }, {
    "date" : "2012-06-30",
    "sales" : 412.54,
    "salesGrowthYoY" : 22.21,
    "grossProfitMargin" : 38.98,
    "grossProfit" : 160.81,
    "operatingProfitMargin" : 12.59,
    "operatingProfit" : 51.94,
    "netProfitMargin" : 2.37,
    "netProfit" : 9.78
  }, {
    "date" : "2012-09-30",
    "sales" : 385.66,
    "salesGrowthYoY" : 2.23,
    "grossProfitMargin" : 37.53,
    "grossProfit" : 144.74,
    "operatingProfitMargin" : 15.77,
    "operatingProfit" : 60.82,
    "netProfitMargin" : 4.69,
    "netProfit" : 18.09
  }, {
    "date" : "2012-12-31",
    "sales" : 329.46,
    "salesGrowthYoY" : 6.21,
    "grossProfitMargin" : 31.13,
    "grossProfit" : 102.56,
    "operatingProfitMargin" : 15.57,
    "operatingProfit" : 51.30,
    "netProfitMargin" : 3.36,
    "netProfit" : 11.07
  }, {
    "date" : "2013-03-31",
    "sales" : 357.26,
    "salesGrowthYoY" : -10.13,
    "grossProfitMargin" : 32.66,
    "grossProfit" : 116.68,
    "operatingProfitMargin" : 14.11,
    "operatingProfit" : 50.41,
    "netProfitMargin" : 3.54,
    "netProfit" : 12.65
  }, {
    "date" : "2013-06-30",
    "sales" : 367.62,
    "salesGrowthYoY" : -10.89,
    "grossProfitMargin" : 34.40,
    "grossProfit" : 126.46,
    "operatingProfitMargin" : 12.56,
    "operatingProfit" : 46.17,
    "netProfitMargin" : 1.64,
    "netProfit" : 6.03
  }, {
    "date" : "2013-09-30",
    "sales" : 353.04,
    "salesGrowthYoY" : -8.46,
    "grossProfitMargin" : 36.92,
    "grossProfit" : 130.34,
    "operatingProfitMargin" : 14.23,
    "operatingProfit" : 50.24,
    "netProfitMargin" : 3.47,
    "netProfit" : 12.25
  }, {
    "date" : "2013-12-31",
    "sales" : 349.58,
    "salesGrowthYoY" : 6.11,
    "grossProfitMargin" : 32.33,
    "grossProfit" : 113.02,
    "operatingProfitMargin" : 13.83,
    "operatingProfit" : 48.35,
    "netProfitMargin" : 3.48,
    "netProfit" : 12.17
  }, {
    "date" : "2014-03-31",
    "sales" : 369.38,
    "salesGrowthYoY" : 3.39,
    "grossProfitMargin" : 31.14,
    "grossProfit" : 115.02,
    "operatingProfitMargin" : 13.80,
    "operatingProfit" : 50.97,
    "netProfitMargin" : 2.79,
    "netProfit" : 10.31
  }, {
    "date" : "2014-06-30",
    "sales" : 375.03,
    "salesGrowthYoY" : 2.02,
    "grossProfitMargin" : 29.64,
    "grossProfit" : 111.16,
    "operatingProfitMargin" : 13.57,
    "operatingProfit" : 50.89,
    "netProfitMargin" : 3.02,
    "netProfit" : 11.33
  }, {
    "date" : "2014-09-30",
    "sales" : 370.79,
    "salesGrowthYoY" : 5.03,
    "grossProfitMargin" : 31.99,
    "grossProfit" : 118.62,
    "operatingProfitMargin" : 14.48,
    "operatingProfit" : 53.69,
    "netProfitMargin" : 3.23,
    "netProfit" : 11.98
  }, {
    "date" : "2014-12-31",
    "sales" : 369.02,
    "salesGrowthYoY" : 5.56,
    "grossProfitMargin" : 31.39,
    "grossProfit" : 115.84,
    "operatingProfitMargin" : 14.42,
    "operatingProfit" : 53.21,
    "netProfitMargin" : 3.73,
    "netProfit" : 13.76
  }, {
    "date" : "2015-03-31",
    "sales" : 362.10,
    "salesGrowthYoY" : -1.97,
    "grossProfitMargin" : 35.31,
    "grossProfit" : 127.86,
    "operatingProfitMargin" : 16.46,
    "operatingProfit" : 59.60,
    "netProfitMargin" : 4.07,
    "netProfit" : 14.74
  }, {
    "date" : "2015-06-30",
    "sales" : 366.61,
    "salesGrowthYoY" : -2.25,
    "grossProfitMargin" : 35.95,
    "grossProfit" : 131.80,
    "operatingProfitMargin" : 16.88,
    "operatingProfit" : 61.88,
    "netProfitMargin" : 4.69,
    "netProfit" : 17.19
  }, {
    "date" : "2015-09-30",
    "sales" : 401.02,
    "salesGrowthYoY" : 8.15,
    "grossProfitMargin" : 34.50,
    "grossProfit" : 138.35,
    "operatingProfitMargin" : 15.39,
    "operatingProfit" : 61.72,
    "netProfitMargin" : 4.65,
    "netProfit" : 18.65
  }, {
    "date" : "2015-12-31",
    "sales" : 356.39,
    "salesGrowthYoY" : -3.42,
    "grossProfitMargin" : 36.09,
    "grossProfit" : 128.62,
    "operatingProfitMargin" : 15.53,
    "operatingProfit" : 55.35,
    "netProfitMargin" : 4.36,
    "netProfit" : 15.54
  }, {
    "date" : "2016-03-31",
    "sales" : 385.71,
    "salesGrowthYoY" : 6.52,
    "grossProfitMargin" : 34.34,
    "grossProfit" : 132.45,
    "operatingProfitMargin" : 13.65,
    "operatingProfit" : 52.65,
    "netProfitMargin" : 6.72,
    "netProfit" : 25.92
  }, {
    "date" : "2016-06-30",
    "sales" : 406.07,
    "salesGrowthYoY" : 10.76,
    "grossProfitMargin" : 33.82,
    "grossProfit" : 137.33,
    "operatingProfitMargin" : 13.41,
    "operatingProfit" : 54.45,
    "netProfitMargin" : 3.76,
    "netProfit" : 15.27
  }, {
    "date" : "2016-09-30",
    "sales" : 425.85,
    "salesGrowthYoY" : 6.19,
    "grossProfitMargin" : 31.97,
    "grossProfit" : 136.14,
    "operatingProfitMargin" : 11.69,
    "operatingProfit" : 49.78,
    "netProfitMargin" : 3.63,
    "netProfit" : 15.46
  }, {
    "date" : "2016-12-31",
    "sales" : 349.67,
    "salesGrowthYoY" : -1.89,
    "grossProfitMargin" : 33.09,
    "grossProfit" : 115.71,
    "operatingProfitMargin" : 10.40,
    "operatingProfit" : 36.37,
    "netProfitMargin" : 1.29,
    "netProfit" : 4.51
  }, {
    "date" : "2017-03-31",
    "sales" : 412.35,
    "salesGrowthYoY" : 6.91,
    "grossProfitMargin" : 29.18,
    "grossProfit" : 120.32,
    "operatingProfitMargin" : 8.53,
    "operatingProfit" : 35.17,
    "netProfitMargin" : 4.76,
    "netProfit" : 19.63
  }, {
    "date" : "2017-06-30",
    "sales" : 421.01,
    "salesGrowthYoY" : 3.68,
    "grossProfitMargin" : 25.96,
    "grossProfit" : 109.29,
    "operatingProfitMargin" : 6.81,
    "operatingProfit" : 28.67,
    "netProfitMargin" : 0.29,
    "netProfit" : 1.22
  }, {
    "date" : "2017-09-30",
    "sales" : 371.21,
    "salesGrowthYoY" : -12.83,
    "grossProfitMargin" : 30.23,
    "grossProfit" : 112.22,
    "operatingProfitMargin" : 8.83,
    "operatingProfit" : 32.78,
    "netProfitMargin" : 0.11,
    "netProfit" : 0.41
  }, {
    "date" : "2017-12-31",
    "sales" : 416.45,
    "salesGrowthYoY" : 19.10,
    "grossProfitMargin" : 27.34,
    "grossProfit" : 113.86,
    "operatingProfitMargin" : 7.30,
    "operatingProfit" : 30.40,
    "netProfitMargin" : 0.90,
    "netProfit" : 3.75
  }, {
    "date" : "2018-03-31",
    "sales" : 429.24,
    "salesGrowthYoY" : 4.10,
    "grossProfitMargin" : 29.47,
    "grossProfit" : 126.50,
    "operatingProfitMargin" : 8.26,
    "operatingProfit" : 35.46,
    "netProfitMargin" : 5.84,
    "netProfit" : 25.07
  }, {
    "date" : "2018-06-30",
    "sales" : 473.48,
    "salesGrowthYoY" : 12.46,
    "grossProfitMargin" : 27.77,
    "grossProfit" : 131.49,
    "operatingProfitMargin" : 8.54,
    "operatingProfit" : 40.44,
    "netProfitMargin" : 0.88,
    "netProfit" : 4.17
  }, {
    "date" : "2018-09-30",
    "sales" : 470.90,
    "salesGrowthYoY" : 26.86,
    "grossProfitMargin" : 30.30,
    "grossProfit" : 142.68,
    "operatingProfitMargin" : 10.21,
    "operatingProfit" : 48.08,
    "netProfitMargin" : 2.06,
    "netProfit" : 9.70
  }, {
    "date" : "2018-12-31",
    "sales" : 440.35,
    "salesGrowthYoY" : 5.74,
    "grossProfitMargin" : 27.38,
    "grossProfit" : 120.57,
    "operatingProfitMargin" : 7.81,
    "operatingProfit" : 34.39,
    "netProfitMargin" : 0.04,
    "netProfit" : 0.18
  }, {
    "date" : "2019-03-31",
    "sales" : 488.90,
    "salesGrowthYoY" : 13.90,
    "grossProfitMargin" : 27.53,
    "grossProfit" : 134.59,
    "operatingProfitMargin" : 8.09,
    "operatingProfit" : 39.55,
    "netProfitMargin" : 0.32,
    "netProfit" : 1.56
  }, {
    "date" : "2019-06-30",
    "sales" : 456.62,
    "salesGrowthYoY" : -3.56,
    "grossProfitMargin" : 28.41,
    "grossProfit" : 129.73,
    "operatingProfitMargin" : 8.03,
    "operatingProfit" : 36.67,
    "netProfitMargin" : 0.24,
    "netProfit" : 1.10
  }, {
    "date" : "2019-09-30",
    "sales" : 487.22,
    "salesGrowthYoY" : 3.47,
    "grossProfitMargin" : 27.70,
    "grossProfit" : 134.96,
    "operatingProfitMargin" : 8.11,
    "operatingProfit" : 39.51,
    "netProfitMargin" : 0.65,
    "netProfit" : 3.17
  }, {
    "date" : "2019-12-31",
    "sales" : 438.90,
    "salesGrowthYoY" : -0.33,
    "grossProfitMargin" : 31.35,
    "grossProfit" : 137.60,
    "operatingProfitMargin" : 9.55,
    "operatingProfit" : 41.91,
    "netProfitMargin" : 1.31,
    "netProfit" : 5.75
  }, {
    "date" : "2020-03-31",
    "sales" : 400.23,
    "salesGrowthYoY" : -18.14,
    "grossProfitMargin" : 35.75,
    "grossProfit" : 143.08,
    "operatingProfitMargin" : 10.80,
    "operatingProfit" : 43.22,
    "netProfitMargin" : 0.82,
    "netProfit" : 3.28
  }, {
    "date" : "2020-06-30",
    "sales" : 108.98,
    "salesGrowthYoY" : -76.13,
    "grossProfitMargin" : 31.77,
    "grossProfit" : 34.62,
    "operatingProfitMargin" : -14.83,
    "operatingProfit" : -16.16,
    "netProfitMargin" : -29.52,
    "netProfit" : -32.17
  }, {
    "date" : "2020-09-30",
    "sales" : 310.85,
    "salesGrowthYoY" : -36.20,
    "grossProfitMargin" : 31.88,
    "grossProfit" : 99.10,
    "operatingProfitMargin" : 7.67,
    "operatingProfit" : 23.84,
    "netProfitMargin" : -1.31,
    "netProfit" : -4.07
  }, {
    "date" : "2020-12-31",
    "sales" : 438.23,
    "salesGrowthYoY" : -0.15,
    "grossProfitMargin" : 31.12,
    "grossProfit" : 136.38,
    "operatingProfitMargin" : 9.55,
    "operatingProfit" : 41.85,
    "netProfitMargin" : 1.71,
    "netProfit" : 7.49
  }, {
    "date" : "2021-03-31",
    "sales" : 495.49,
    "salesGrowthYoY" : 23.80,
    "grossProfitMargin" : 36.88,
    "grossProfit" : 182.74,
    "operatingProfitMargin" : 14.90,
    "operatingProfit" : 73.83,
    "netProfitMargin" : 6.89,
    "netProfit" : 34.14
  }, {
    "date" : "2021-06-30",
    "sales" : 410.36,
    "salesGrowthYoY" : 276.55,
    "grossProfitMargin" : 38.09,
    "grossProfit" : 156.31,
    "operatingProfitMargin" : 12.04,
    "operatingProfit" : 49.41,
    "netProfitMargin" : 3.22,
    "netProfit" : 13.21
  }, {
    "date" : "2021-09-30",
    "sales" : 634.92,
    "salesGrowthYoY" : 104.25,
    "grossProfitMargin" : 34.13,
    "grossProfit" : 216.70,
    "operatingProfitMargin" : 11.55,
    "operatingProfit" : 73.33,
    "netProfitMargin" : 4.69,
    "netProfit" : 29.78
  }, {
    "date" : "2021-12-31",
    "sales" : 646.13,
    "salesGrowthYoY" : 47.44,
    "grossProfitMargin" : 34.22,
    "grossProfit" : 221.11,
    "operatingProfitMargin" : 11.94,
    "operatingProfit" : 77.15,
    "netProfitMargin" : 6.76,
    "netProfit" : 43.68
  }, {
    "date" : "2022-03-31",
    "sales" : 746.35,
    "salesGrowthYoY" : 50.63,
    "grossProfitMargin" : 34.08,
    "grossProfit" : 254.36,
    "operatingProfitMargin" : 14.44,
    "operatingProfit" : 107.77,
    "netProfitMargin" : 8.40,
    "netProfit" : 62.69
  }, {
    "date" : "2022-06-30",
    "sales" : 713.28,
    "salesGrowthYoY" : 73.82,
    "grossProfitMargin" : 33.02,
    "grossProfit" : 235.53,
    "operatingProfitMargin" : 13.06,
    "operatingProfit" : 93.15,
    "netProfitMargin" : 7.36,
    "netProfit" : 52.50
  }, {
    "date" : "2022-09-30",
    "sales" : 709.32,
    "salesGrowthYoY" : 11.72,
    "grossProfitMargin" : 33.39,
    "grossProfit" : 236.84,
    "operatingProfitMargin" : 11.09,
    "operatingProfit" : 78.66,
    "netProfitMargin" : 4.62,
    "netProfit" : 32.77
  }, {
    "date" : "2022-12-31",
    "sales" : 605.00,
    "salesGrowthYoY" : -6.37,
    "grossProfitMargin" : 31.86,
    "grossProfit" : 192.75,
    "operatingProfitMargin" : 9.80,
    "operatingProfit" : 59.29,
    "netProfitMargin" : 3.75,
    "netProfit" : 22.69
  }, {
    "date" : "2023-03-31",
    "sales" : 687.70,
    "salesGrowthYoY" : -7.86,
    "grossProfitMargin" : 30.70,
    "grossProfit" : 211.12,
    "operatingProfitMargin" : 10.24,
    "operatingProfit" : 70.42,
    "netProfitMargin" : 6.87,
    "netProfit" : 47.24
  }, {
    "date" : "2023-06-30",
    "sales" : 677.13,
    "salesGrowthYoY" : -5.07,
    "grossProfitMargin" : 28.59,
    "grossProfit" : 193.59,
    "operatingProfitMargin" : 7.83,
    "operatingProfit" : 53.02,
    "netProfitMargin" : 2.24,
    "netProfit" : 15.17
  }, {
    "date" : "2023-09-30",
    "sales" : 628.71,
    "salesGrowthYoY" : -11.36,
    "grossProfitMargin" : 26.94,
    "grossProfit" : 169.37,
    "operatingProfitMargin" : 6.82,
    "operatingProfit" : 42.88,
    "netProfitMargin" : 1.29,
    "netProfit" : 8.11
  }, {
    "date" : "2023-12-31",
    "sales" : 636.07,
    "salesGrowthYoY" : 5.14,
    "grossProfitMargin" : 27.49,
    "grossProfit" : 174.86,
    "operatingProfitMargin" : 7.14,
    "operatingProfit" : 45.42,
    "netProfitMargin" : 0.83,
    "netProfit" : 5.28
  }, {
    "date" : "2024-03-31",
    "sales" : 706.06,
    "salesGrowthYoY" : 2.67,
    "grossProfitMargin" : 29.45,
    "grossProfit" : 207.93,
    "operatingProfitMargin" : 8.69,
    "operatingProfit" : 61.36,
    "netProfitMargin" : 1.94,
    "netProfit" : 13.70
  }, {
    "date" : "2024-06-30",
    "sales" : 696.68,
    "salesGrowthYoY" : 2.89,
    "grossProfitMargin" : 30.47,
    "grossProfit" : 212.28,
    "operatingProfitMargin" : 8.89,
    "operatingProfit" : 61.93,
    "netProfitMargin" : 2.00,
    "netProfit" : 13.93
  }, {
    "date" : "2024-09-30",
    "sales" : 675.10,
    "salesGrowthYoY" : 7.38,
    "grossProfitMargin" : 30.54,
    "grossProfit" : 206.18,
    "operatingProfitMargin" : 7.54,
    "operatingProfit" : 50.90,
    "netProfitMargin" : 0.95,
    "netProfit" : 6.41
  }, {
    "date" : "2024-12-31",
    "sales" : 746.16,
    "salesGrowthYoY" : 17.31,
    "grossProfitMargin" : 26.22,
    "grossProfit" : 195.64,
    "operatingProfitMargin" : 7.88,
    "operatingProfit" : 58.80,
    "netProfitMargin" : 0.09,
    "netProfit" : 0.67
  }, {
    "date" : "2025-03-31",
    "sales" : 725.07,
    "salesGrowthYoY" : 2.69,
    "grossProfitMargin" : 25.52,
    "grossProfit" : 185.04,
    "operatingProfitMargin" : 7.37,
    "operatingProfit" : 53.44,
    "netProfitMargin" : 1.43,
    "netProfit" : 10.37
  }, {
    "date" : "2025-06-30",
    "sales" : 785.76,
    "salesGrowthYoY" : 12.79,
    "grossProfitMargin" : 26.85,
    "grossProfit" : 210.98,
    "operatingProfitMargin" : 7.16,
    "operatingProfit" : 56.26,
    "netProfitMargin" : 0.72,
    "netProfit" : 5.66
  }, {
    "date" : "2025-09-30",
    "sales" : 775.92,
    "salesGrowthYoY" : 14.93,
    "grossProfitMargin" : 29.77,
    "grossProfit" : 230.99,
    "operatingProfitMargin" : 9.69,
    "operatingProfit" : 75.19,
    "netProfitMargin" : 3.21,
    "netProfit" : 24.91
  } ],
  "latestQuarterlyResult" : {
    "date" : "2025-09-30",
    "sales" : 775.92,
    "salesGrowthYoY" : 14.93,
    "grossProfitMargin" : 29.77,
    "grossProfit" : 230.99,
    "operatingProfitMargin" : 9.69,
    "operatingProfit" : 75.19,
    "netProfitMargin" : 3.21,
    "netProfit" : 24.91
  },
  "companyScore" : {
    "priceHigherThanDma50" : 5.00,
    "priceHigherThanDma100" : 5.00,
    "priceHigherThanDma200" : 5.00,
    "dma50HigherThanDma100" : 5.00,
    "dma50HigherThanDma200" : 5.00,
    "dma100HigherThanDma200" : 0.00,
    "pricePercentageAboveDma50" : 4.36,
    "pricePercentageAboveDma100" : 4.07,
    "pricePercentageAboveDma200" : 4.11,
    "weeklyVolumeHigherThanYearlyVolume" : 5.00,
    "salesGrowthPercentile" : 12.91,
    "operatingProfitMarginPercentile" : 13.74,
    "netProfitMarginPercentile" : 7.62,
    "totalTechnicalScore" : 42.53,
    "totalFundamentalScore" : 34.28,
    "totalScore" : 76.81
  }
}