{
  "metadata" : {
    "screenerCompanyId" : "2905",
    "companyCode" : "SASKEN",
    "companyName" : "Sasken Technol.",
    "screenerCompanyLink" : "https://www.screener.in/company/SASKEN/consolidated/",
    "screenerTechnicalHistoryLink" : "https://www.screener.in/api/company/2905/chart/?q=Price-DMA50-DMA200-Volume&days=365",
    "screenerQuarterlyResultsLink" : "https://www.screener.in/api/company/2905/chart/?q=GPM-OPM-NPM-Quarter+Sales&days=10000",
    "attributes" : {
      "companyCode" : "SASKEN",
      "companyName" : "Sasken Technol.",
      "marketCap" : 1867.00,
      "peRatio" : 44.00,
      "description" : "Established in 1989, Sasken is a specialist in Product Engineering and Digital Transformation providing concept-to-market, chip-to-cognition R&D services to global leaders in Semiconductor, Automotive, Industrials, Consumer Electronics, Enterprise Devices, SatCom, and Transportation industries, etc. Located in India, the company has presence all over the world"
    },
    "companyScore" : {
      "priceHigherThanDma50" : 0.00,
      "priceHigherThanDma100" : 0.00,
      "priceHigherThanDma200" : 0.00,
      "dma50HigherThanDma100" : 0.00,
      "dma50HigherThanDma200" : 0.00,
      "dma100HigherThanDma200" : 0.00,
      "pricePercentageAboveDma50" : 5.30,
      "pricePercentageAboveDma100" : 5.43,
      "pricePercentageAboveDma200" : 5.65,
      "weeklyVolumeHigherThanYearlyVolume" : 0.00,
      "salesGrowthPercentile" : 15.50,
      "operatingProfitMarginPercentile" : 13.81,
      "netProfitMarginPercentile" : 5.83,
      "totalTechnicalScore" : 16.38,
      "totalFundamentalScore" : 35.14,
      "totalScore" : 51.53
    }
  },
  "attributes" : {
    "companyCode" : "SASKEN",
    "companyName" : "Sasken Technol.",
    "marketCap" : 1867.00,
    "peRatio" : 44.00,
    "description" : "Established in 1989, Sasken is a specialist in Product Engineering and Digital Transformation providing concept-to-market, chip-to-cognition R&D services to global leaders in Semiconductor, Automotive, Industrials, Consumer Electronics, Enterprise Devices, SatCom, and Transportation industries, etc. Located in India, the company has presence all over the world"
  },
  "technicalHistory" : [ {
    "date" : "2025-02-24",
    "price" : 1699.90,
    "dma50" : 1899.02,
    "dma100" : null,
    "dma200" : 1778.47,
    "volume" : 7150.00
  }, {
    "date" : "2025-02-25",
    "price" : 1647.85,
    "dma50" : 1889.17,
    "dma100" : null,
    "dma200" : 1777.17,
    "volume" : 12962.00
  }, {
    "date" : "2025-02-27",
    "price" : 1595.20,
    "dma50" : 1877.65,
    "dma100" : null,
    "dma200" : 1775.36,
    "volume" : 9609.00
  }, {
    "date" : "2025-02-28",
    "price" : 1602.05,
    "dma50" : 1866.84,
    "dma100" : null,
    "dma200" : 1773.64,
    "volume" : 21141.00
  }, {
    "date" : "2025-03-03",
    "price" : 1529.45,
    "dma50" : 1853.61,
    "dma100" : null,
    "dma200" : 1771.21,
    "volume" : 7162.00
  }, {
    "date" : "2025-03-04",
    "price" : 1590.90,
    "dma50" : 1843.30,
    "dma100" : null,
    "dma200" : 1769.41,
    "volume" : 10495.00
  }, {
    "date" : "2025-03-05",
    "price" : 1628.25,
    "dma50" : 1834.87,
    "dma100" : null,
    "dma200" : 1768.01,
    "volume" : 7721.00
  }, {
    "date" : "2025-03-06",
    "price" : 1625.35,
    "dma50" : 1826.65,
    "dma100" : null,
    "dma200" : 1766.59,
    "volume" : 15699.00
  }, {
    "date" : "2025-03-07",
    "price" : 1609.65,
    "dma50" : 1818.14,
    "dma100" : null,
    "dma200" : 1765.03,
    "volume" : 7787.00
  }, {
    "date" : "2025-03-10",
    "price" : 1504.75,
    "dma50" : 1805.85,
    "dma100" : null,
    "dma200" : 1762.44,
    "volume" : 13586.00
  }, {
    "date" : "2025-03-11",
    "price" : 1463.40,
    "dma50" : 1792.43,
    "dma100" : null,
    "dma200" : 1759.46,
    "volume" : 30211.00
  }, {
    "date" : "2025-03-12",
    "price" : 1453.00,
    "dma50" : 1779.11,
    "dma100" : null,
    "dma200" : 1756.41,
    "volume" : 14108.00
  }, {
    "date" : "2025-03-13",
    "price" : 1406.55,
    "dma50" : 1764.50,
    "dma100" : null,
    "dma200" : 1752.93,
    "volume" : 21045.00
  }, {
    "date" : "2025-03-17",
    "price" : 1361.85,
    "dma50" : 1748.71,
    "dma100" : null,
    "dma200" : 1749.04,
    "volume" : 24907.00
  }, {
    "date" : "2025-03-18",
    "price" : 1496.20,
    "dma50" : 1738.81,
    "dma100" : null,
    "dma200" : 1746.52,
    "volume" : 50599.00
  }, {
    "date" : "2025-03-19",
    "price" : 1426.30,
    "dma50" : 1726.56,
    "dma100" : null,
    "dma200" : 1743.34,
    "volume" : 48370.00
  }, {
    "date" : "2025-03-20",
    "price" : 1406.30,
    "dma50" : 1714.00,
    "dma100" : null,
    "dma200" : 1739.98,
    "volume" : 38856.00
  }, {
    "date" : "2025-03-21",
    "price" : 1404.25,
    "dma50" : 1701.85,
    "dma100" : null,
    "dma200" : 1736.64,
    "volume" : 15824.00
  }, {
    "date" : "2025-03-24",
    "price" : 1487.80,
    "dma50" : 1693.46,
    "dma100" : null,
    "dma200" : 1734.17,
    "volume" : 30379.00
  }, {
    "date" : "2025-03-25",
    "price" : 1563.70,
    "dma50" : 1688.37,
    "dma100" : null,
    "dma200" : 1732.47,
    "volume" : 55661.00
  }, {
    "date" : "2025-03-26",
    "price" : 1522.90,
    "dma50" : 1681.88,
    "dma100" : null,
    "dma200" : 1730.38,
    "volume" : 59656.00
  }, {
    "date" : "2025-03-27",
    "price" : 1522.60,
    "dma50" : 1675.63,
    "dma100" : null,
    "dma200" : 1728.32,
    "volume" : 23028.00
  }, {
    "date" : "2025-03-28",
    "price" : 1559.50,
    "dma50" : 1671.08,
    "dma100" : null,
    "dma200" : 1726.64,
    "volume" : 25751.00
  }, {
    "date" : "2025-04-01",
    "price" : 1556.70,
    "dma50" : 1666.59,
    "dma100" : null,
    "dma200" : 1724.95,
    "volume" : 14494.00
  }, {
    "date" : "2025-04-02",
    "price" : 1530.30,
    "dma50" : 1661.25,
    "dma100" : null,
    "dma200" : 1723.01,
    "volume" : 3830.00
  }, {
    "date" : "2025-04-03",
    "price" : 1562.05,
    "dma50" : 1657.36,
    "dma100" : null,
    "dma200" : 1721.41,
    "volume" : 15777.00
  }, {
    "date" : "2025-04-04",
    "price" : 1440.15,
    "dma50" : 1648.84,
    "dma100" : null,
    "dma200" : 1718.61,
    "volume" : 20139.00
  }, {
    "date" : "2025-04-07",
    "price" : 1338.05,
    "dma50" : 1636.65,
    "dma100" : null,
    "dma200" : 1714.82,
    "volume" : 33054.00
  }, {
    "date" : "2025-04-08",
    "price" : 1339.15,
    "dma50" : 1624.99,
    "dma100" : null,
    "dma200" : 1711.08,
    "volume" : 13927.00
  }, {
    "date" : "2025-04-09",
    "price" : 1296.45,
    "dma50" : 1612.10,
    "dma100" : null,
    "dma200" : 1706.96,
    "volume" : 39907.00
  }, {
    "date" : "2025-04-11",
    "price" : 1387.25,
    "dma50" : 1603.28,
    "dma100" : null,
    "dma200" : 1703.78,
    "volume" : 88477.00
  }, {
    "date" : "2025-04-15",
    "price" : 1427.70,
    "dma50" : 1596.40,
    "dma100" : null,
    "dma200" : 1701.03,
    "volume" : 18061.00
  }, {
    "date" : "2025-04-16",
    "price" : 1518.40,
    "dma50" : 1593.34,
    "dma100" : null,
    "dma200" : 1699.21,
    "volume" : 40730.00
  }, {
    "date" : "2025-04-17",
    "price" : 1517.70,
    "dma50" : 1590.37,
    "dma100" : null,
    "dma200" : 1697.41,
    "volume" : 21561.00
  }, {
    "date" : "2025-04-21",
    "price" : 1572.80,
    "dma50" : 1589.68,
    "dma100" : null,
    "dma200" : 1696.17,
    "volume" : 17748.00
  }, {
    "date" : "2025-04-22",
    "price" : 1620.30,
    "dma50" : 1590.88,
    "dma100" : null,
    "dma200" : 1695.41,
    "volume" : 14331.00
  }, {
    "date" : "2025-04-23",
    "price" : 1635.00,
    "dma50" : 1592.61,
    "dma100" : null,
    "dma200" : 1694.81,
    "volume" : 15587.00
  }, {
    "date" : "2025-04-24",
    "price" : 1627.00,
    "dma50" : 1593.96,
    "dma100" : null,
    "dma200" : 1694.14,
    "volume" : 16848.00
  }, {
    "date" : "2025-04-25",
    "price" : 1632.20,
    "dma50" : 1595.46,
    "dma100" : null,
    "dma200" : 1693.52,
    "volume" : 41190.00
  }, {
    "date" : "2025-04-28",
    "price" : 1567.80,
    "dma50" : 1594.38,
    "dma100" : null,
    "dma200" : 1692.27,
    "volume" : 41978.00
  }, {
    "date" : "2025-04-29",
    "price" : 1565.20,
    "dma50" : 1593.23,
    "dma100" : null,
    "dma200" : 1691.01,
    "volume" : 19320.00
  }, {
    "date" : "2025-04-30",
    "price" : 1535.40,
    "dma50" : 1590.97,
    "dma100" : null,
    "dma200" : 1689.46,
    "volume" : 4847.00
  }, {
    "date" : "2025-05-02",
    "price" : 1501.00,
    "dma50" : 1587.44,
    "dma100" : null,
    "dma200" : 1687.58,
    "volume" : 17361.00
  }, {
    "date" : "2025-05-05",
    "price" : 1474.60,
    "dma50" : 1583.01,
    "dma100" : null,
    "dma200" : 1685.46,
    "volume" : 17703.00
  }, {
    "date" : "2025-05-06",
    "price" : 1452.50,
    "dma50" : 1577.89,
    "dma100" : null,
    "dma200" : 1683.14,
    "volume" : 13341.00
  }, {
    "date" : "2025-05-07",
    "price" : 1418.20,
    "dma50" : 1571.63,
    "dma100" : null,
    "dma200" : 1680.51,
    "volume" : 18655.00
  }, {
    "date" : "2025-05-08",
    "price" : 1408.60,
    "dma50" : 1565.24,
    "dma100" : null,
    "dma200" : 1677.80,
    "volume" : 12798.00
  }, {
    "date" : "2025-05-09",
    "price" : 1393.80,
    "dma50" : 1558.52,
    "dma100" : null,
    "dma200" : 1674.98,
    "volume" : 11194.00
  }, {
    "date" : "2025-05-12",
    "price" : 1497.90,
    "dma50" : 1556.14,
    "dma100" : null,
    "dma200" : 1673.21,
    "volume" : 10083.00
  }, {
    "date" : "2025-05-13",
    "price" : 1474.00,
    "dma50" : 1552.92,
    "dma100" : null,
    "dma200" : 1671.23,
    "volume" : 18636.00
  }, {
    "date" : "2025-05-14",
    "price" : 1520.30,
    "dma50" : 1551.64,
    "dma100" : null,
    "dma200" : 1669.73,
    "volume" : 17854.00
  }, {
    "date" : "2025-05-15",
    "price" : 1497.20,
    "dma50" : 1549.50,
    "dma100" : null,
    "dma200" : 1668.01,
    "volume" : 19851.00
  }, {
    "date" : "2025-05-16",
    "price" : 1496.20,
    "dma50" : 1547.41,
    "dma100" : null,
    "dma200" : 1666.30,
    "volume" : 26657.00
  }, {
    "date" : "2025-05-19",
    "price" : 1480.80,
    "dma50" : 1544.80,
    "dma100" : null,
    "dma200" : 1664.46,
    "volume" : 28752.00
  }, {
    "date" : "2025-05-20",
    "price" : 1454.50,
    "dma50" : 1541.26,
    "dma100" : null,
    "dma200" : 1662.37,
    "volume" : 25564.00
  }, {
    "date" : "2025-05-21",
    "price" : 1458.00,
    "dma50" : 1537.99,
    "dma100" : null,
    "dma200" : 1660.34,
    "volume" : 10358.00
  }, {
    "date" : "2025-05-22",
    "price" : 1455.50,
    "dma50" : 1534.76,
    "dma100" : null,
    "dma200" : 1658.30,
    "volume" : 9934.00
  }, {
    "date" : "2025-05-23",
    "price" : 1451.70,
    "dma50" : 1531.50,
    "dma100" : null,
    "dma200" : 1656.24,
    "volume" : 11080.00
  }, {
    "date" : "2025-05-26",
    "price" : 1476.90,
    "dma50" : 1529.36,
    "dma100" : null,
    "dma200" : 1654.46,
    "volume" : 10392.00
  }, {
    "date" : "2025-05-27",
    "price" : 1479.10,
    "dma50" : 1527.39,
    "dma100" : null,
    "dma200" : 1652.71,
    "volume" : 8783.00
  }, {
    "date" : "2025-05-28",
    "price" : 1512.20,
    "dma50" : 1526.79,
    "dma100" : null,
    "dma200" : 1651.31,
    "volume" : 26496.00
  }, {
    "date" : "2025-05-29",
    "price" : 1495.00,
    "dma50" : 1525.55,
    "dma100" : null,
    "dma200" : 1649.76,
    "volume" : 14247.00
  }, {
    "date" : "2025-05-30",
    "price" : 1530.30,
    "dma50" : 1525.73,
    "dma100" : null,
    "dma200" : 1648.57,
    "volume" : 45399.00
  }, {
    "date" : "2025-06-02",
    "price" : 1529.20,
    "dma50" : 1525.87,
    "dma100" : null,
    "dma200" : 1647.38,
    "volume" : 10433.00
  }, {
    "date" : "2025-06-03",
    "price" : 1509.10,
    "dma50" : 1525.21,
    "dma100" : null,
    "dma200" : 1646.01,
    "volume" : 6351.00
  }, {
    "date" : "2025-06-04",
    "price" : 1481.60,
    "dma50" : 1523.50,
    "dma100" : null,
    "dma200" : 1644.37,
    "volume" : 13631.00
  }, {
    "date" : "2025-06-05",
    "price" : 1475.20,
    "dma50" : 1521.61,
    "dma100" : null,
    "dma200" : 1642.69,
    "volume" : 11225.00
  }, {
    "date" : "2025-06-06",
    "price" : 1461.50,
    "dma50" : 1519.25,
    "dma100" : null,
    "dma200" : 1640.88,
    "volume" : 11971.00
  }, {
    "date" : "2025-06-09",
    "price" : 1476.00,
    "dma50" : 1517.55,
    "dma100" : null,
    "dma200" : 1639.24,
    "volume" : 14640.00
  }, {
    "date" : "2025-06-10",
    "price" : 1475.00,
    "dma50" : 1515.89,
    "dma100" : null,
    "dma200" : 1637.61,
    "volume" : 46606.00
  }, {
    "date" : "2025-06-11",
    "price" : 1469.40,
    "dma50" : 1514.06,
    "dma100" : null,
    "dma200" : 1635.94,
    "volume" : 22707.00
  }, {
    "date" : "2025-06-12",
    "price" : 1486.50,
    "dma50" : 1512.98,
    "dma100" : null,
    "dma200" : 1634.45,
    "volume" : 39593.00
  }, {
    "date" : "2025-06-13",
    "price" : 1464.40,
    "dma50" : 1511.08,
    "dma100" : null,
    "dma200" : 1632.76,
    "volume" : 39851.00
  }, {
    "date" : "2025-06-16",
    "price" : 1445.10,
    "dma50" : 1508.49,
    "dma100" : null,
    "dma200" : 1630.89,
    "volume" : 31546.00
  }, {
    "date" : "2025-06-17",
    "price" : 1434.40,
    "dma50" : 1505.58,
    "dma100" : null,
    "dma200" : 1628.93,
    "volume" : 20496.00
  }, {
    "date" : "2025-06-18",
    "price" : 1425.50,
    "dma50" : 1502.44,
    "dma100" : null,
    "dma200" : 1626.91,
    "volume" : 12359.00
  }, {
    "date" : "2025-06-19",
    "price" : 1424.80,
    "dma50" : 1499.40,
    "dma100" : null,
    "dma200" : 1624.90,
    "volume" : 13036.00
  }, {
    "date" : "2025-06-20",
    "price" : 1395.40,
    "dma50" : 1495.32,
    "dma100" : null,
    "dma200" : 1622.62,
    "volume" : 18961.00
  }, {
    "date" : "2025-06-23",
    "price" : 1395.90,
    "dma50" : 1491.42,
    "dma100" : null,
    "dma200" : 1620.36,
    "volume" : 8815.00
  }, {
    "date" : "2025-06-24",
    "price" : 1418.70,
    "dma50" : 1488.57,
    "dma100" : null,
    "dma200" : 1618.35,
    "volume" : 20810.00
  }, {
    "date" : "2025-06-25",
    "price" : 1441.10,
    "dma50" : 1486.71,
    "dma100" : null,
    "dma200" : 1616.59,
    "volume" : 13869.00
  }, {
    "date" : "2025-06-26",
    "price" : 1442.10,
    "dma50" : 1484.96,
    "dma100" : null,
    "dma200" : 1614.85,
    "volume" : 8251.00
  }, {
    "date" : "2025-06-27",
    "price" : 1438.40,
    "dma50" : 1483.13,
    "dma100" : null,
    "dma200" : 1613.10,
    "volume" : 6056.00
  }, {
    "date" : "2025-06-30",
    "price" : 1465.80,
    "dma50" : 1482.45,
    "dma100" : null,
    "dma200" : 1611.63,
    "volume" : 19020.00
  }, {
    "date" : "2025-07-01",
    "price" : 1467.10,
    "dma50" : 1481.85,
    "dma100" : null,
    "dma200" : 1610.19,
    "volume" : 10058.00
  }, {
    "date" : "2025-07-02",
    "price" : 1457.20,
    "dma50" : 1480.88,
    "dma100" : null,
    "dma200" : 1608.67,
    "volume" : 10727.00
  }, {
    "date" : "2025-07-03",
    "price" : 1501.00,
    "dma50" : 1481.67,
    "dma100" : null,
    "dma200" : 1607.60,
    "volume" : 34214.00
  }, {
    "date" : "2025-07-04",
    "price" : 1477.70,
    "dma50" : 1481.52,
    "dma100" : null,
    "dma200" : 1606.31,
    "volume" : 22088.00
  }, {
    "date" : "2025-07-07",
    "price" : 1485.60,
    "dma50" : 1481.68,
    "dma100" : null,
    "dma200" : 1605.11,
    "volume" : 8134.00
  }, {
    "date" : "2025-07-08",
    "price" : 1470.40,
    "dma50" : 1481.24,
    "dma100" : null,
    "dma200" : 1603.77,
    "volume" : 8236.00
  }, {
    "date" : "2025-07-09",
    "price" : 1455.20,
    "dma50" : 1480.21,
    "dma100" : null,
    "dma200" : 1602.29,
    "volume" : 7223.00
  }, {
    "date" : "2025-07-10",
    "price" : 1456.60,
    "dma50" : 1479.29,
    "dma100" : null,
    "dma200" : 1600.84,
    "volume" : 9234.00
  }, {
    "date" : "2025-07-11",
    "price" : 1440.40,
    "dma50" : 1477.76,
    "dma100" : null,
    "dma200" : 1599.24,
    "volume" : 9939.00
  }, {
    "date" : "2025-07-14",
    "price" : 1421.60,
    "dma50" : 1475.56,
    "dma100" : null,
    "dma200" : 1597.47,
    "volume" : 8425.00
  }, {
    "date" : "2025-07-15",
    "price" : 1455.90,
    "dma50" : 1474.79,
    "dma100" : null,
    "dma200" : 1596.07,
    "volume" : 7432.00
  }, {
    "date" : "2025-07-16",
    "price" : 1477.00,
    "dma50" : 1474.88,
    "dma100" : null,
    "dma200" : 1594.88,
    "volume" : 7939.00
  }, {
    "date" : "2025-07-17",
    "price" : 1480.90,
    "dma50" : 1475.11,
    "dma100" : null,
    "dma200" : 1593.75,
    "volume" : 16775.00
  }, {
    "date" : "2025-07-18",
    "price" : 1477.20,
    "dma50" : 1475.19,
    "dma100" : null,
    "dma200" : 1592.59,
    "volume" : 14359.00
  }, {
    "date" : "2025-07-21",
    "price" : 1500.80,
    "dma50" : 1476.20,
    "dma100" : null,
    "dma200" : 1591.67,
    "volume" : 28888.00
  }, {
    "date" : "2025-07-22",
    "price" : 1488.30,
    "dma50" : 1476.67,
    "dma100" : null,
    "dma200" : 1590.65,
    "volume" : 8533.00
  }, {
    "date" : "2025-07-23",
    "price" : 1480.80,
    "dma50" : 1476.83,
    "dma100" : 1485.55,
    "dma200" : 1589.55,
    "volume" : 4007.00
  }, {
    "date" : "2025-07-24",
    "price" : 1492.70,
    "dma50" : 1477.46,
    "dma100" : 1483.99,
    "dma200" : 1588.59,
    "volume" : 10438.00
  }, {
    "date" : "2025-07-25",
    "price" : 1469.40,
    "dma50" : 1477.14,
    "dma100" : 1482.74,
    "dma200" : 1587.40,
    "volume" : 9959.00
  }, {
    "date" : "2025-07-28",
    "price" : 1455.60,
    "dma50" : 1476.30,
    "dma100" : 1481.27,
    "dma200" : 1586.09,
    "volume" : 10436.00
  }, {
    "date" : "2025-07-29",
    "price" : 1472.40,
    "dma50" : 1476.14,
    "dma100" : 1480.70,
    "dma200" : 1584.96,
    "volume" : 9141.00
  }, {
    "date" : "2025-07-30",
    "price" : 1498.00,
    "dma50" : 1477.00,
    "dma100" : 1479.77,
    "dma200" : 1584.09,
    "volume" : 35174.00
  }, {
    "date" : "2025-07-31",
    "price" : 1484.20,
    "dma50" : 1477.28,
    "dma100" : 1478.33,
    "dma200" : 1583.10,
    "volume" : 10786.00
  }, {
    "date" : "2025-08-01",
    "price" : 1457.80,
    "dma50" : 1476.52,
    "dma100" : 1476.66,
    "dma200" : 1581.85,
    "volume" : 12110.00
  }, {
    "date" : "2025-08-04",
    "price" : 1479.20,
    "dma50" : 1476.62,
    "dma100" : 1475.35,
    "dma200" : 1580.83,
    "volume" : 5099.00
  }, {
    "date" : "2025-08-05",
    "price" : 1471.80,
    "dma50" : 1476.43,
    "dma100" : 1475.02,
    "dma200" : 1579.75,
    "volume" : 11296.00
  }, {
    "date" : "2025-08-06",
    "price" : 1449.60,
    "dma50" : 1475.38,
    "dma100" : 1474.88,
    "dma200" : 1578.45,
    "volume" : 9634.00
  }, {
    "date" : "2025-08-07",
    "price" : 1465.70,
    "dma50" : 1475.00,
    "dma100" : 1475.01,
    "dma200" : 1577.33,
    "volume" : 6708.00
  }, {
    "date" : "2025-08-08",
    "price" : 1436.60,
    "dma50" : 1473.50,
    "dma100" : 1475.31,
    "dma200" : 1575.93,
    "volume" : 4573.00
  }, {
    "date" : "2025-08-11",
    "price" : 1486.00,
    "dma50" : 1473.99,
    "dma100" : 1476.55,
    "dma200" : 1575.04,
    "volume" : 13507.00
  }, {
    "date" : "2025-08-12",
    "price" : 1480.10,
    "dma50" : 1474.23,
    "dma100" : 1476.39,
    "dma200" : 1574.09,
    "volume" : 5932.00
  }, {
    "date" : "2025-08-13",
    "price" : 1502.50,
    "dma50" : 1475.34,
    "dma100" : 1477.15,
    "dma200" : 1573.38,
    "volume" : 9384.00
  }, {
    "date" : "2025-08-14",
    "price" : 1498.00,
    "dma50" : 1476.22,
    "dma100" : 1478.07,
    "dma200" : 1572.63,
    "volume" : 9975.00
  }, {
    "date" : "2025-08-18",
    "price" : 1517.40,
    "dma50" : 1477.84,
    "dma100" : 1479.20,
    "dma200" : 1572.08,
    "volume" : 26139.00
  }, {
    "date" : "2025-08-19",
    "price" : 1473.90,
    "dma50" : 1477.68,
    "dma100" : 1479.06,
    "dma200" : 1571.10,
    "volume" : 167275.00
  }, {
    "date" : "2025-08-20",
    "price" : 1470.60,
    "dma50" : 1477.41,
    "dma100" : 1478.13,
    "dma200" : 1570.10,
    "volume" : 28681.00
  }, {
    "date" : "2025-08-21",
    "price" : 1457.60,
    "dma50" : 1476.63,
    "dma100" : 1477.48,
    "dma200" : 1568.98,
    "volume" : 21829.00
  }, {
    "date" : "2025-08-22",
    "price" : 1435.50,
    "dma50" : 1475.02,
    "dma100" : 1476.61,
    "dma200" : 1567.65,
    "volume" : 13486.00
  }, {
    "date" : "2025-08-25",
    "price" : 1437.40,
    "dma50" : 1473.54,
    "dma100" : 1475.39,
    "dma200" : 1566.36,
    "volume" : 10051.00
  }, {
    "date" : "2025-08-26",
    "price" : 1406.30,
    "dma50" : 1470.91,
    "dma100" : 1473.88,
    "dma200" : 1564.77,
    "volume" : 13069.00
  }, {
    "date" : "2025-08-28",
    "price" : 1410.50,
    "dma50" : 1468.54,
    "dma100" : 1472.69,
    "dma200" : 1563.23,
    "volume" : 7991.00
  }, {
    "date" : "2025-08-29",
    "price" : 1456.60,
    "dma50" : 1468.07,
    "dma100" : 1471.63,
    "dma200" : 1562.17,
    "volume" : 23445.00
  }, {
    "date" : "2025-09-01",
    "price" : 1437.80,
    "dma50" : 1466.88,
    "dma100" : 1471.61,
    "dma200" : 1560.93,
    "volume" : 12597.00
  }, {
    "date" : "2025-09-02",
    "price" : 1413.30,
    "dma50" : 1464.78,
    "dma100" : 1472.36,
    "dma200" : 1559.46,
    "volume" : 9684.00
  }, {
    "date" : "2025-09-03",
    "price" : 1476.90,
    "dma50" : 1465.26,
    "dma100" : 1473.74,
    "dma200" : 1558.64,
    "volume" : 15987.00
  }, {
    "date" : "2025-09-04",
    "price" : 1461.30,
    "dma50" : 1465.10,
    "dma100" : 1475.39,
    "dma200" : 1557.67,
    "volume" : 11312.00
  }, {
    "date" : "2025-09-05",
    "price" : 1426.50,
    "dma50" : 1463.59,
    "dma100" : 1475.78,
    "dma200" : 1556.37,
    "volume" : 7332.00
  }, {
    "date" : "2025-09-08",
    "price" : 1509.70,
    "dma50" : 1465.39,
    "dma100" : 1476.60,
    "dma200" : 1555.90,
    "volume" : 53830.00
  }, {
    "date" : "2025-09-09",
    "price" : 1516.70,
    "dma50" : 1467.41,
    "dma100" : 1476.58,
    "dma200" : 1555.51,
    "volume" : 27263.00
  }, {
    "date" : "2025-09-10",
    "price" : 1511.80,
    "dma50" : 1469.15,
    "dma100" : 1476.52,
    "dma200" : 1555.08,
    "volume" : 24961.00
  }, {
    "date" : "2025-09-11",
    "price" : 1492.80,
    "dma50" : 1470.08,
    "dma100" : 1475.72,
    "dma200" : 1554.46,
    "volume" : 9153.00
  }, {
    "date" : "2025-09-12",
    "price" : 1492.40,
    "dma50" : 1470.95,
    "dma100" : 1474.44,
    "dma200" : 1553.84,
    "volume" : 8147.00
  }, {
    "date" : "2025-09-15",
    "price" : 1477.00,
    "dma50" : 1471.19,
    "dma100" : 1472.86,
    "dma200" : 1553.08,
    "volume" : 5604.00
  }, {
    "date" : "2025-09-16",
    "price" : 1492.10,
    "dma50" : 1472.01,
    "dma100" : 1471.51,
    "dma200" : 1552.47,
    "volume" : 9098.00
  }, {
    "date" : "2025-09-17",
    "price" : 1496.60,
    "dma50" : 1472.97,
    "dma100" : 1470.16,
    "dma200" : 1551.91,
    "volume" : 5072.00
  }, {
    "date" : "2025-09-18",
    "price" : 1495.40,
    "dma50" : 1473.85,
    "dma100" : 1469.43,
    "dma200" : 1551.35,
    "volume" : 4530.00
  }, {
    "date" : "2025-09-19",
    "price" : 1498.00,
    "dma50" : 1474.80,
    "dma100" : 1468.76,
    "dma200" : 1550.82,
    "volume" : 18259.00
  }, {
    "date" : "2025-09-22",
    "price" : 1500.90,
    "dma50" : 1475.82,
    "dma100" : 1468.42,
    "dma200" : 1550.32,
    "volume" : 19560.00
  }, {
    "date" : "2025-09-23",
    "price" : 1501.00,
    "dma50" : 1476.81,
    "dma100" : 1468.42,
    "dma200" : 1549.83,
    "volume" : 33089.00
  }, {
    "date" : "2025-09-24",
    "price" : 1441.20,
    "dma50" : 1475.41,
    "dma100" : 1468.08,
    "dma200" : 1548.75,
    "volume" : 19733.00
  }, {
    "date" : "2025-09-25",
    "price" : 1416.60,
    "dma50" : 1473.11,
    "dma100" : 1467.72,
    "dma200" : 1547.44,
    "volume" : 10250.00
  }, {
    "date" : "2025-09-26",
    "price" : 1390.30,
    "dma50" : 1469.86,
    "dma100" : 1467.44,
    "dma200" : 1545.87,
    "volume" : 18186.00
  }, {
    "date" : "2025-09-29",
    "price" : 1367.00,
    "dma50" : 1465.83,
    "dma100" : 1467.03,
    "dma200" : 1544.09,
    "volume" : 14700.00
  }, {
    "date" : "2025-09-30",
    "price" : 1377.30,
    "dma50" : 1462.35,
    "dma100" : 1466.86,
    "dma200" : 1542.43,
    "volume" : 7537.00
  }, {
    "date" : "2025-10-01",
    "price" : 1406.30,
    "dma50" : 1460.16,
    "dma100" : 1465.95,
    "dma200" : 1541.08,
    "volume" : 4291.00
  }, {
    "date" : "2025-10-03",
    "price" : 1385.90,
    "dma50" : 1457.24,
    "dma100" : 1465.07,
    "dma200" : 1539.54,
    "volume" : 9521.00
  }, {
    "date" : "2025-10-06",
    "price" : 1372.90,
    "dma50" : 1453.94,
    "dma100" : 1463.59,
    "dma200" : 1537.88,
    "volume" : 26717.00
  }, {
    "date" : "2025-10-07",
    "price" : 1370.80,
    "dma50" : 1450.68,
    "dma100" : 1462.33,
    "dma200" : 1536.22,
    "volume" : 8628.00
  }, {
    "date" : "2025-10-08",
    "price" : 1364.50,
    "dma50" : 1447.30,
    "dma100" : 1461.01,
    "dma200" : 1534.51,
    "volume" : 10637.00
  }, {
    "date" : "2025-10-09",
    "price" : 1375.40,
    "dma50" : 1444.48,
    "dma100" : 1459.96,
    "dma200" : 1532.92,
    "volume" : 4150.00
  }, {
    "date" : "2025-10-10",
    "price" : 1396.50,
    "dma50" : 1442.60,
    "dma100" : 1459.38,
    "dma200" : 1531.57,
    "volume" : 12753.00
  }, {
    "date" : "2025-10-13",
    "price" : 1382.10,
    "dma50" : 1440.22,
    "dma100" : 1458.62,
    "dma200" : 1530.08,
    "volume" : 10134.00
  }, {
    "date" : "2025-10-14",
    "price" : 1361.10,
    "dma50" : 1437.12,
    "dma100" : 1457.67,
    "dma200" : 1528.40,
    "volume" : 21233.00
  }, {
    "date" : "2025-10-15",
    "price" : 1374.30,
    "dma50" : 1434.66,
    "dma100" : 1456.90,
    "dma200" : 1526.86,
    "volume" : 5081.00
  }, {
    "date" : "2025-10-16",
    "price" : 1394.00,
    "dma50" : 1433.06,
    "dma100" : 1456.07,
    "dma200" : 1525.54,
    "volume" : 12331.00
  }, {
    "date" : "2025-10-17",
    "price" : 1383.40,
    "dma50" : 1431.12,
    "dma100" : 1455.11,
    "dma200" : 1524.13,
    "volume" : 5862.00
  }, {
    "date" : "2025-10-20",
    "price" : 1375.60,
    "dma50" : 1428.94,
    "dma100" : 1453.75,
    "dma200" : 1522.65,
    "volume" : 10668.00
  }, {
    "date" : "2025-10-21",
    "price" : 1395.20,
    "dma50" : 1427.61,
    "dma100" : 1452.75,
    "dma200" : 1521.38,
    "volume" : 3395.00
  }, {
    "date" : "2025-10-23",
    "price" : 1400.10,
    "dma50" : 1426.54,
    "dma100" : 1451.45,
    "dma200" : 1520.18,
    "volume" : 7996.00
  }, {
    "date" : "2025-10-24",
    "price" : 1383.00,
    "dma50" : 1424.83,
    "dma100" : 1449.99,
    "dma200" : 1518.81,
    "volume" : 5278.00
  }, {
    "date" : "2025-10-27",
    "price" : 1389.20,
    "dma50" : 1423.43,
    "dma100" : 1448.79,
    "dma200" : 1517.52,
    "volume" : 6551.00
  }, {
    "date" : "2025-10-28",
    "price" : 1389.50,
    "dma50" : 1422.10,
    "dma100" : 1447.87,
    "dma200" : 1516.25,
    "volume" : 2416.00
  }, {
    "date" : "2025-10-29",
    "price" : 1376.50,
    "dma50" : 1420.31,
    "dma100" : 1446.88,
    "dma200" : 1514.86,
    "volume" : 21392.00
  }, {
    "date" : "2025-10-30",
    "price" : 1382.30,
    "dma50" : 1418.82,
    "dma100" : 1446.09,
    "dma200" : 1513.54,
    "volume" : 4487.00
  }, {
    "date" : "2025-10-31",
    "price" : 1374.30,
    "dma50" : 1417.08,
    "dma100" : 1445.07,
    "dma200" : 1512.15,
    "volume" : 3483.00
  }, {
    "date" : "2025-11-03",
    "price" : 1365.40,
    "dma50" : 1415.05,
    "dma100" : 1443.97,
    "dma200" : 1510.69,
    "volume" : 5875.00
  }, {
    "date" : "2025-11-04",
    "price" : 1355.00,
    "dma50" : 1412.69,
    "dma100" : 1442.83,
    "dma200" : 1509.14,
    "volume" : 6544.00
  }, {
    "date" : "2025-11-06",
    "price" : 1377.60,
    "dma50" : 1411.32,
    "dma100" : 1441.74,
    "dma200" : 1507.83,
    "volume" : 39697.00
  }, {
    "date" : "2025-11-07",
    "price" : 1490.20,
    "dma50" : 1414.41,
    "dma100" : 1442.00,
    "dma200" : 1507.66,
    "volume" : 241271.00
  }, {
    "date" : "2025-11-10",
    "price" : 1468.60,
    "dma50" : 1416.54,
    "dma100" : 1442.23,
    "dma200" : 1507.27,
    "volume" : 23696.00
  }, {
    "date" : "2025-11-11",
    "price" : 1429.40,
    "dma50" : 1417.04,
    "dma100" : 1442.18,
    "dma200" : 1506.49,
    "volume" : 18926.00
  }, {
    "date" : "2025-11-12",
    "price" : 1432.60,
    "dma50" : 1417.65,
    "dma100" : 1442.26,
    "dma200" : 1505.76,
    "volume" : 13496.00
  }, {
    "date" : "2025-11-13",
    "price" : 1417.00,
    "dma50" : 1417.63,
    "dma100" : 1442.18,
    "dma200" : 1504.88,
    "volume" : 11162.00
  }, {
    "date" : "2025-11-14",
    "price" : 1429.40,
    "dma50" : 1418.09,
    "dma100" : 1442.52,
    "dma200" : 1504.13,
    "volume" : 4224.00
  }, {
    "date" : "2025-11-17",
    "price" : 1405.60,
    "dma50" : 1417.60,
    "dma100" : 1442.61,
    "dma200" : 1503.14,
    "volume" : 7945.00
  }, {
    "date" : "2025-11-18",
    "price" : 1404.90,
    "dma50" : 1417.10,
    "dma100" : 1442.48,
    "dma200" : 1502.17,
    "volume" : 39372.00
  }, {
    "date" : "2025-11-19",
    "price" : 1393.30,
    "dma50" : 1416.17,
    "dma100" : 1442.00,
    "dma200" : 1501.08,
    "volume" : 24856.00
  }, {
    "date" : "2025-11-20",
    "price" : 1369.40,
    "dma50" : 1414.33,
    "dma100" : 1441.27,
    "dma200" : 1499.77,
    "volume" : 16115.00
  }, {
    "date" : "2025-11-21",
    "price" : 1359.00,
    "dma50" : 1412.16,
    "dma100" : 1440.48,
    "dma200" : 1498.37,
    "volume" : 11552.00
  }, {
    "date" : "2025-11-24",
    "price" : 1340.50,
    "dma50" : 1409.35,
    "dma100" : 1439.22,
    "dma200" : 1496.80,
    "volume" : 7499.00
  }, {
    "date" : "2025-11-25",
    "price" : 1340.00,
    "dma50" : 1406.63,
    "dma100" : 1437.95,
    "dma200" : 1495.24,
    "volume" : 10721.00
  }, {
    "date" : "2025-11-26",
    "price" : 1370.90,
    "dma50" : 1405.23,
    "dma100" : 1437.09,
    "dma200" : 1494.00,
    "volume" : 25616.00
  }, {
    "date" : "2025-11-27",
    "price" : 1360.60,
    "dma50" : 1403.48,
    "dma100" : 1435.69,
    "dma200" : 1492.68,
    "volume" : 8757.00
  }, {
    "date" : "2025-11-28",
    "price" : 1358.80,
    "dma50" : 1401.73,
    "dma100" : 1434.50,
    "dma200" : 1491.35,
    "volume" : 16068.00
  }, {
    "date" : "2025-12-01",
    "price" : 1345.10,
    "dma50" : 1399.51,
    "dma100" : 1433.09,
    "dma200" : 1489.89,
    "volume" : 12219.00
  }, {
    "date" : "2025-12-02",
    "price" : 1330.20,
    "dma50" : 1396.79,
    "dma100" : 1431.69,
    "dma200" : 1488.30,
    "volume" : 17246.00
  }, {
    "date" : "2025-12-03",
    "price" : 1289.70,
    "dma50" : 1392.59,
    "dma100" : 1430.04,
    "dma200" : 1486.32,
    "volume" : 21166.00
  }, {
    "date" : "2025-12-04",
    "price" : 1253.60,
    "dma50" : 1387.14,
    "dma100" : 1428.01,
    "dma200" : 1484.01,
    "volume" : 26146.00
  }, {
    "date" : "2025-12-05",
    "price" : 1259.90,
    "dma50" : 1382.15,
    "dma100" : 1426.20,
    "dma200" : 1481.78,
    "volume" : 11871.00
  }, {
    "date" : "2025-12-08",
    "price" : 1205.50,
    "dma50" : 1375.22,
    "dma100" : 1424.04,
    "dma200" : 1479.03,
    "volume" : 16579.00
  }, {
    "date" : "2025-12-09",
    "price" : 1208.70,
    "dma50" : 1368.69,
    "dma100" : 1421.57,
    "dma200" : 1476.34,
    "volume" : 13605.00
  }, {
    "date" : "2025-12-10",
    "price" : 1205.60,
    "dma50" : 1362.30,
    "dma100" : 1418.85,
    "dma200" : 1473.65,
    "volume" : 14564.00
  }, {
    "date" : "2025-12-11",
    "price" : 1199.80,
    "dma50" : 1355.92,
    "dma100" : 1416.04,
    "dma200" : 1470.92,
    "volume" : 7982.00
  }, {
    "date" : "2025-12-12",
    "price" : 1228.70,
    "dma50" : 1350.94,
    "dma100" : 1413.56,
    "dma200" : 1468.51,
    "volume" : 11804.00
  }, {
    "date" : "2025-12-15",
    "price" : 1225.30,
    "dma50" : 1346.01,
    "dma100" : 1410.80,
    "dma200" : 1466.09,
    "volume" : 40467.00
  }, {
    "date" : "2025-12-16",
    "price" : 1211.00,
    "dma50" : 1340.71,
    "dma100" : 1408.03,
    "dma200" : 1463.55,
    "volume" : 30359.00
  }, {
    "date" : "2025-12-17",
    "price" : 1179.40,
    "dma50" : 1334.39,
    "dma100" : 1405.02,
    "dma200" : 1460.73,
    "volume" : 17845.00
  }, {
    "date" : "2025-12-18",
    "price" : 1164.10,
    "dma50" : 1327.71,
    "dma100" : 1401.73,
    "dma200" : 1457.77,
    "volume" : 20404.00
  }, {
    "date" : "2025-12-19",
    "price" : 1180.10,
    "dma50" : 1321.92,
    "dma100" : 1398.84,
    "dma200" : 1455.01,
    "volume" : 20410.00
  }, {
    "date" : "2025-12-22",
    "price" : 1311.80,
    "dma50" : 1321.52,
    "dma100" : 1397.40,
    "dma200" : 1453.59,
    "volume" : 430291.00
  }, {
    "date" : "2025-12-23",
    "price" : 1369.70,
    "dma50" : 1323.41,
    "dma100" : 1396.37,
    "dma200" : 1452.75,
    "volume" : 91017.00
  }, {
    "date" : "2025-12-24",
    "price" : 1504.40,
    "dma50" : 1330.51,
    "dma100" : 1396.44,
    "dma200" : 1453.27,
    "volume" : 884895.00
  }, {
    "date" : "2025-12-26",
    "price" : 1572.70,
    "dma50" : 1340.01,
    "dma100" : 1397.32,
    "dma200" : 1454.45,
    "volume" : 220593.00
  }, {
    "date" : "2025-12-29",
    "price" : 1551.70,
    "dma50" : 1348.31,
    "dma100" : 1398.26,
    "dma200" : 1455.42,
    "volume" : 51490.00
  }, {
    "date" : "2025-12-30",
    "price" : 1499.90,
    "dma50" : 1354.25,
    "dma100" : 1398.47,
    "dma200" : 1455.86,
    "volume" : 35431.00
  }, {
    "date" : "2025-12-31",
    "price" : 1522.50,
    "dma50" : 1360.85,
    "dma100" : 1398.97,
    "dma200" : 1456.53,
    "volume" : 21540.00
  }, {
    "date" : "2026-01-01",
    "price" : 1523.80,
    "dma50" : 1367.24,
    "dma100" : 1399.72,
    "dma200" : 1457.20,
    "volume" : 19162.00
  }, {
    "date" : "2026-01-02",
    "price" : 1545.40,
    "dma50" : 1374.23,
    "dma100" : 1400.51,
    "dma200" : 1458.07,
    "volume" : 26512.00
  }, {
    "date" : "2026-01-05",
    "price" : 1503.10,
    "dma50" : 1379.28,
    "dma100" : 1401.18,
    "dma200" : 1458.52,
    "volume" : 6591.00
  }, {
    "date" : "2026-01-06",
    "price" : 1470.30,
    "dma50" : 1382.85,
    "dma100" : 1401.02,
    "dma200" : 1458.64,
    "volume" : 12172.00
  }, {
    "date" : "2026-01-07",
    "price" : 1494.80,
    "dma50" : 1387.24,
    "dma100" : 1401.17,
    "dma200" : 1459.00,
    "volume" : 26245.00
  }, {
    "date" : "2026-01-08",
    "price" : 1447.20,
    "dma50" : 1389.59,
    "dma100" : 1400.61,
    "dma200" : 1458.88,
    "volume" : 10617.00
  }, {
    "date" : "2026-01-09",
    "price" : 1456.10,
    "dma50" : 1392.20,
    "dma100" : 1400.20,
    "dma200" : 1458.85,
    "volume" : 20674.00
  }, {
    "date" : "2026-01-12",
    "price" : 1421.80,
    "dma50" : 1393.36,
    "dma100" : 1399.24,
    "dma200" : 1458.49,
    "volume" : 21974.00
  }, {
    "date" : "2026-01-13",
    "price" : 1396.60,
    "dma50" : 1393.49,
    "dma100" : 1398.47,
    "dma200" : 1457.87,
    "volume" : 8258.00
  }, {
    "date" : "2026-01-14",
    "price" : 1362.10,
    "dma50" : 1392.26,
    "dma100" : 1397.38,
    "dma200" : 1456.92,
    "volume" : 13185.00
  }, {
    "date" : "2026-01-16",
    "price" : 1355.00,
    "dma50" : 1390.80,
    "dma100" : 1396.36,
    "dma200" : 1455.90,
    "volume" : 11824.00
  }, {
    "date" : "2026-01-19",
    "price" : 1340.70,
    "dma50" : 1388.83,
    "dma100" : 1395.41,
    "dma200" : 1454.76,
    "volume" : 8676.00
  }, {
    "date" : "2026-01-20",
    "price" : 1289.60,
    "dma50" : 1384.94,
    "dma100" : 1393.93,
    "dma200" : 1453.11,
    "volume" : 8974.00
  }, {
    "date" : "2026-01-21",
    "price" : 1276.20,
    "dma50" : 1380.68,
    "dma100" : 1392.63,
    "dma200" : 1451.35,
    "volume" : 11232.00
  }, {
    "date" : "2026-01-22",
    "price" : 1295.10,
    "dma50" : 1377.32,
    "dma100" : 1391.47,
    "dma200" : 1449.80,
    "volume" : 9346.00
  }, {
    "date" : "2026-01-23",
    "price" : 1243.60,
    "dma50" : 1372.08,
    "dma100" : 1389.34,
    "dma200" : 1447.75,
    "volume" : 10292.00
  }, {
    "date" : "2026-01-27",
    "price" : 1232.50,
    "dma50" : 1366.60,
    "dma100" : 1387.29,
    "dma200" : 1445.60,
    "volume" : 7863.00
  }, {
    "date" : "2026-01-28",
    "price" : 1261.80,
    "dma50" : 1362.49,
    "dma100" : 1385.78,
    "dma200" : 1443.78,
    "volume" : 5494.00
  }, {
    "date" : "2026-01-29",
    "price" : 1223.40,
    "dma50" : 1357.04,
    "dma100" : 1383.24,
    "dma200" : 1441.58,
    "volume" : 13425.00
  }, {
    "date" : "2026-01-30",
    "price" : 1230.10,
    "dma50" : 1352.06,
    "dma100" : 1380.93,
    "dma200" : 1439.48,
    "volume" : 8478.00
  }, {
    "date" : "2026-02-01",
    "price" : 1279.10,
    "dma50" : 1349.20,
    "dma100" : 1379.46,
    "dma200" : 1437.88,
    "volume" : 8957.00
  }, {
    "date" : "2026-02-02",
    "price" : 1258.80,
    "dma50" : 1345.65,
    "dma100" : 1376.95,
    "dma200" : 1436.10,
    "volume" : 7955.00
  }, {
    "date" : "2026-02-03",
    "price" : 1291.60,
    "dma50" : 1343.53,
    "dma100" : 1374.70,
    "dma200" : 1434.66,
    "volume" : 7815.00
  }, {
    "date" : "2026-02-04",
    "price" : 1267.30,
    "dma50" : 1340.55,
    "dma100" : 1372.25,
    "dma200" : 1433.00,
    "volume" : 24162.00
  }, {
    "date" : "2026-02-05",
    "price" : 1252.80,
    "dma50" : 1337.10,
    "dma100" : 1369.85,
    "dma200" : 1431.20,
    "volume" : 13803.00
  }, {
    "date" : "2026-02-06",
    "price" : 1254.00,
    "dma50" : 1333.85,
    "dma100" : 1367.47,
    "dma200" : 1429.44,
    "volume" : 20579.00
  }, {
    "date" : "2026-02-09",
    "price" : 1267.20,
    "dma50" : 1331.23,
    "dma100" : 1365.37,
    "dma200" : 1427.83,
    "volume" : 252939.00
  }, {
    "date" : "2026-02-10",
    "price" : 1307.90,
    "dma50" : 1330.32,
    "dma100" : 1363.53,
    "dma200" : 1426.63,
    "volume" : 123616.00
  }, {
    "date" : "2026-02-11",
    "price" : 1332.00,
    "dma50" : 1330.38,
    "dma100" : 1361.88,
    "dma200" : 1425.69,
    "volume" : 22706.00
  }, {
    "date" : "2026-02-12",
    "price" : 1324.70,
    "dma50" : 1330.16,
    "dma100" : 1360.17,
    "dma200" : 1424.69,
    "volume" : 28896.00
  }, {
    "date" : "2026-02-13",
    "price" : 1230.00,
    "dma50" : 1326.23,
    "dma100" : 1357.49,
    "dma200" : 1422.75,
    "volume" : 40139.00
  }, {
    "date" : "2026-02-16",
    "price" : 1211.20,
    "dma50" : 1321.72,
    "dma100" : 1354.60,
    "dma200" : 1420.65,
    "volume" : 30370.00
  }, {
    "date" : "2026-02-17",
    "price" : 1231.10,
    "dma50" : 1318.17,
    "dma100" : 1351.90,
    "dma200" : 1418.76,
    "volume" : 23967.00
  }, {
    "date" : "2026-02-18",
    "price" : 1236.10,
    "dma50" : 1314.95,
    "dma100" : 1349.85,
    "dma200" : 1416.94,
    "volume" : 6594.00
  }, {
    "date" : "2026-02-19",
    "price" : 1207.40,
    "dma50" : 1310.73,
    "dma100" : 1347.76,
    "dma200" : 1414.86,
    "volume" : 11984.00
  }, {
    "date" : "2026-02-20",
    "price" : 1229.30,
    "dma50" : 1307.54,
    "dma100" : 1346.14,
    "dma200" : 1413.01,
    "volume" : 17213.00
  } ],
  "latestTechnicalAttributes" : {
    "date" : "2026-02-20",
    "price" : 1229.30,
    "dma50" : 1307.54,
    "dma100" : 1346.14,
    "dma200" : 1413.01,
    "volume" : 17213.00
  },
  "quarterlyResults" : [ {
    "date" : "2005-03-31",
    "sales" : 67.87,
    "salesGrowthYoY" : null,
    "grossProfitMargin" : 100.00,
    "grossProfit" : 67.87,
    "operatingProfitMargin" : 19.83,
    "operatingProfit" : 13.46,
    "netProfitMargin" : 15.94,
    "netProfit" : 10.82
  }, {
    "date" : "2005-06-30",
    "sales" : 58.89,
    "salesGrowthYoY" : null,
    "grossProfitMargin" : 100.00,
    "grossProfit" : 58.89,
    "operatingProfitMargin" : 7.25,
    "operatingProfit" : 4.27,
    "netProfitMargin" : 3.89,
    "netProfit" : 2.29
  }, {
    "date" : "2005-09-30",
    "sales" : 77.01,
    "salesGrowthYoY" : null,
    "grossProfitMargin" : 100.00,
    "grossProfit" : 77.01,
    "operatingProfitMargin" : 18.41,
    "operatingProfit" : 14.18,
    "netProfitMargin" : 11.74,
    "netProfit" : 9.04
  }, {
    "date" : "2005-12-31",
    "sales" : 65.45,
    "salesGrowthYoY" : null,
    "grossProfitMargin" : 100.00,
    "grossProfit" : 65.45,
    "operatingProfitMargin" : 13.40,
    "operatingProfit" : 8.77,
    "netProfitMargin" : 6.28,
    "netProfit" : 4.11
  }, {
    "date" : "2006-03-31",
    "sales" : 66.19,
    "salesGrowthYoY" : -2.48,
    "grossProfitMargin" : 100.00,
    "grossProfit" : 66.19,
    "operatingProfitMargin" : 9.58,
    "operatingProfit" : 6.34,
    "netProfitMargin" : 5.03,
    "netProfit" : 3.33
  }, {
    "date" : "2006-06-30",
    "sales" : 76.88,
    "salesGrowthYoY" : 30.55,
    "grossProfitMargin" : 100.00,
    "grossProfit" : 76.88,
    "operatingProfitMargin" : 9.69,
    "operatingProfit" : 7.45,
    "netProfitMargin" : 7.93,
    "netProfit" : 6.10
  }, {
    "date" : "2006-09-30",
    "sales" : 93.51,
    "salesGrowthYoY" : 21.43,
    "grossProfitMargin" : 100.00,
    "grossProfit" : 93.51,
    "operatingProfitMargin" : 17.78,
    "operatingProfit" : 16.63,
    "netProfitMargin" : 11.97,
    "netProfit" : 11.19
  }, {
    "date" : "2006-12-31",
    "sales" : 88.97,
    "salesGrowthYoY" : 35.94,
    "grossProfitMargin" : 100.00,
    "grossProfit" : 88.97,
    "operatingProfitMargin" : 12.68,
    "operatingProfit" : 11.28,
    "netProfitMargin" : 8.98,
    "netProfit" : 7.99
  }, {
    "date" : "2007-03-31",
    "sales" : 92.87,
    "salesGrowthYoY" : 40.31,
    "grossProfitMargin" : 100.00,
    "grossProfit" : 92.87,
    "operatingProfitMargin" : 10.86,
    "operatingProfit" : 10.09,
    "netProfitMargin" : 9.40,
    "netProfit" : 8.73
  }, {
    "date" : "2007-06-30",
    "sales" : 88.36,
    "salesGrowthYoY" : 14.93,
    "grossProfitMargin" : 100.00,
    "grossProfit" : 88.36,
    "operatingProfitMargin" : -1.41,
    "operatingProfit" : -1.25,
    "netProfitMargin" : 2.12,
    "netProfit" : 1.87
  }, {
    "date" : "2007-09-30",
    "sales" : 105.01,
    "salesGrowthYoY" : 12.30,
    "grossProfitMargin" : 100.00,
    "grossProfit" : 105.01,
    "operatingProfitMargin" : 22.63,
    "operatingProfit" : 23.76,
    "netProfitMargin" : 13.60,
    "netProfit" : 14.28
  }, {
    "date" : "2007-12-31",
    "sales" : 93.17,
    "salesGrowthYoY" : 4.72,
    "grossProfitMargin" : 100.00,
    "grossProfit" : 93.17,
    "operatingProfitMargin" : 6.86,
    "operatingProfit" : 6.39,
    "netProfitMargin" : 2.09,
    "netProfit" : 1.95
  }, {
    "date" : "2008-03-31",
    "sales" : 102.70,
    "salesGrowthYoY" : 10.58,
    "grossProfitMargin" : 100.00,
    "grossProfit" : 102.70,
    "operatingProfitMargin" : 14.23,
    "operatingProfit" : 14.61,
    "netProfitMargin" : 6.83,
    "netProfit" : 7.01
  }, {
    "date" : "2008-06-30",
    "sales" : 110.72,
    "salesGrowthYoY" : 25.31,
    "grossProfitMargin" : 100.00,
    "grossProfit" : 110.72,
    "operatingProfitMargin" : 15.74,
    "operatingProfit" : 17.43,
    "netProfitMargin" : 8.26,
    "netProfit" : 9.15
  }, {
    "date" : "2008-09-30",
    "sales" : 123.30,
    "salesGrowthYoY" : 17.42,
    "grossProfitMargin" : 100.00,
    "grossProfit" : 123.30,
    "operatingProfitMargin" : 13.93,
    "operatingProfit" : 17.18,
    "netProfitMargin" : 5.82,
    "netProfit" : 7.18
  }, {
    "date" : "2008-12-31",
    "sales" : 125.76,
    "salesGrowthYoY" : 34.98,
    "grossProfitMargin" : 100.00,
    "grossProfit" : 125.76,
    "operatingProfitMargin" : 13.78,
    "operatingProfit" : 17.33,
    "netProfitMargin" : 6.27,
    "netProfit" : 7.89
  }, {
    "date" : "2009-03-31",
    "sales" : 119.97,
    "salesGrowthYoY" : 16.82,
    "grossProfitMargin" : 100.00,
    "grossProfit" : 119.97,
    "operatingProfitMargin" : 9.79,
    "operatingProfit" : 11.75,
    "netProfitMargin" : 1.26,
    "netProfit" : 1.51
  }, {
    "date" : "2009-06-30",
    "sales" : 95.64,
    "salesGrowthYoY" : -13.62,
    "grossProfitMargin" : 100.00,
    "grossProfit" : 95.64,
    "operatingProfitMargin" : 16.78,
    "operatingProfit" : 16.05,
    "netProfitMargin" : 9.17,
    "netProfit" : 8.77
  }, {
    "date" : "2009-09-30",
    "sales" : 97.08,
    "salesGrowthYoY" : -21.27,
    "grossProfitMargin" : 100.00,
    "grossProfit" : 97.08,
    "operatingProfitMargin" : 24.67,
    "operatingProfit" : 23.95,
    "netProfitMargin" : 16.58,
    "netProfit" : 16.10
  }, {
    "date" : "2009-12-31",
    "sales" : 100.29,
    "salesGrowthYoY" : -20.25,
    "grossProfitMargin" : 100.00,
    "grossProfit" : 100.29,
    "operatingProfitMargin" : 22.38,
    "operatingProfit" : 22.44,
    "netProfitMargin" : 19.11,
    "netProfit" : 19.17
  }, {
    "date" : "2010-03-31",
    "sales" : 108.50,
    "salesGrowthYoY" : -9.56,
    "grossProfitMargin" : 100.00,
    "grossProfit" : 108.50,
    "operatingProfitMargin" : 22.51,
    "operatingProfit" : 24.42,
    "netProfitMargin" : 21.97,
    "netProfit" : 23.84
  }, {
    "date" : "2010-06-30",
    "sales" : 104.10,
    "salesGrowthYoY" : 8.85,
    "grossProfitMargin" : 99.37,
    "grossProfit" : 103.44,
    "operatingProfitMargin" : 22.84,
    "operatingProfit" : 23.78,
    "netProfitMargin" : 23.66,
    "netProfit" : 24.63
  }, {
    "date" : "2010-09-30",
    "sales" : 97.58,
    "salesGrowthYoY" : 0.52,
    "grossProfitMargin" : 99.86,
    "grossProfit" : 97.44,
    "operatingProfitMargin" : 24.10,
    "operatingProfit" : 23.52,
    "netProfitMargin" : 21.96,
    "netProfit" : 21.43
  }, {
    "date" : "2010-12-31",
    "sales" : 98.38,
    "salesGrowthYoY" : -1.90,
    "grossProfitMargin" : 100.51,
    "grossProfit" : 98.88,
    "operatingProfitMargin" : 30.52,
    "operatingProfit" : 30.03,
    "netProfitMargin" : 25.53,
    "netProfit" : 25.12
  }, {
    "date" : "2011-03-31",
    "sales" : 94.14,
    "salesGrowthYoY" : -13.24,
    "grossProfitMargin" : 99.54,
    "grossProfit" : 93.71,
    "operatingProfitMargin" : 16.17,
    "operatingProfit" : 15.22,
    "netProfitMargin" : 19.62,
    "netProfit" : 18.47
  }, {
    "date" : "2011-06-30",
    "sales" : 94.38,
    "salesGrowthYoY" : -9.34,
    "grossProfitMargin" : 100.17,
    "grossProfit" : 94.54,
    "operatingProfitMargin" : 15.08,
    "operatingProfit" : 14.23,
    "netProfitMargin" : 11.40,
    "netProfit" : 10.76
  }, {
    "date" : "2011-09-30",
    "sales" : 98.57,
    "salesGrowthYoY" : 1.01,
    "grossProfitMargin" : 98.96,
    "grossProfit" : 97.54,
    "operatingProfitMargin" : 9.85,
    "operatingProfit" : 9.71,
    "netProfitMargin" : 9.02,
    "netProfit" : 8.89
  }, {
    "date" : "2011-12-31",
    "sales" : 94.92,
    "salesGrowthYoY" : -3.52,
    "grossProfitMargin" : 100.50,
    "grossProfit" : 95.39,
    "operatingProfitMargin" : 13.22,
    "operatingProfit" : 12.55,
    "netProfitMargin" : 13.36,
    "netProfit" : 12.68
  }, {
    "date" : "2012-03-31",
    "sales" : 100.21,
    "salesGrowthYoY" : 6.45,
    "grossProfitMargin" : 100.74,
    "grossProfit" : 100.95,
    "operatingProfitMargin" : 23.06,
    "operatingProfit" : 23.11,
    "netProfitMargin" : 13.65,
    "netProfit" : 13.68
  }, {
    "date" : "2012-06-30",
    "sales" : 102.50,
    "salesGrowthYoY" : 8.60,
    "grossProfitMargin" : 99.06,
    "grossProfit" : 101.54,
    "operatingProfitMargin" : 10.51,
    "operatingProfit" : 10.77,
    "netProfitMargin" : 11.81,
    "netProfit" : 12.11
  }, {
    "date" : "2012-09-30",
    "sales" : 87.29,
    "salesGrowthYoY" : -11.44,
    "grossProfitMargin" : 100.31,
    "grossProfit" : 87.56,
    "operatingProfitMargin" : 3.12,
    "operatingProfit" : 2.72,
    "netProfitMargin" : 8.98,
    "netProfit" : 7.84
  }, {
    "date" : "2012-12-31",
    "sales" : 89.25,
    "salesGrowthYoY" : -5.97,
    "grossProfitMargin" : 100.19,
    "grossProfit" : 89.42,
    "operatingProfitMargin" : 11.69,
    "operatingProfit" : 10.43,
    "netProfitMargin" : 12.93,
    "netProfit" : 11.54
  }, {
    "date" : "2013-03-31",
    "sales" : 83.68,
    "salesGrowthYoY" : -16.50,
    "grossProfitMargin" : 101.08,
    "grossProfit" : 84.58,
    "operatingProfitMargin" : 7.46,
    "operatingProfit" : 6.24,
    "netProfitMargin" : 5.45,
    "netProfit" : 4.56
  }, {
    "date" : "2013-06-30",
    "sales" : 85.30,
    "salesGrowthYoY" : -16.78,
    "grossProfitMargin" : 99.77,
    "grossProfit" : 85.10,
    "operatingProfitMargin" : 12.84,
    "operatingProfit" : 10.95,
    "netProfitMargin" : 14.43,
    "netProfit" : 12.31
  }, {
    "date" : "2013-09-30",
    "sales" : 88.69,
    "salesGrowthYoY" : 1.60,
    "grossProfitMargin" : 101.00,
    "grossProfit" : 89.58,
    "operatingProfitMargin" : 7.32,
    "operatingProfit" : 6.49,
    "netProfitMargin" : 25.28,
    "netProfit" : 22.42
  }, {
    "date" : "2013-12-31",
    "sales" : 86.44,
    "salesGrowthYoY" : -3.15,
    "grossProfitMargin" : 99.10,
    "grossProfit" : 85.66,
    "operatingProfitMargin" : 9.80,
    "operatingProfit" : 8.47,
    "netProfitMargin" : 6.34,
    "netProfit" : 5.48
  }, {
    "date" : "2014-03-31",
    "sales" : 93.49,
    "salesGrowthYoY" : 11.72,
    "grossProfitMargin" : 99.20,
    "grossProfit" : 92.74,
    "operatingProfitMargin" : 9.89,
    "operatingProfit" : 9.25,
    "netProfitMargin" : 24.55,
    "netProfit" : 22.95
  }, {
    "date" : "2014-06-30",
    "sales" : 85.03,
    "salesGrowthYoY" : -0.32,
    "grossProfitMargin" : 99.85,
    "grossProfit" : 84.90,
    "operatingProfitMargin" : 7.60,
    "operatingProfit" : 6.46,
    "netProfitMargin" : 5.41,
    "netProfit" : 4.60
  }, {
    "date" : "2014-09-30",
    "sales" : 88.50,
    "salesGrowthYoY" : -0.21,
    "grossProfitMargin" : 100.66,
    "grossProfit" : 89.08,
    "operatingProfitMargin" : 8.24,
    "operatingProfit" : 7.29,
    "netProfitMargin" : 10.14,
    "netProfit" : 8.97
  }, {
    "date" : "2014-12-31",
    "sales" : 86.99,
    "salesGrowthYoY" : 0.64,
    "grossProfitMargin" : 99.64,
    "grossProfit" : 86.68,
    "operatingProfitMargin" : 6.49,
    "operatingProfit" : 5.65,
    "netProfitMargin" : 6.79,
    "netProfit" : 5.91
  }, {
    "date" : "2015-03-31",
    "sales" : 86.24,
    "salesGrowthYoY" : -7.75,
    "grossProfitMargin" : 99.06,
    "grossProfit" : 85.43,
    "operatingProfitMargin" : 3.75,
    "operatingProfit" : 3.23,
    "netProfitMargin" : 5.81,
    "netProfit" : 5.01
  }, {
    "date" : "2015-06-30",
    "sales" : 90.12,
    "salesGrowthYoY" : 5.99,
    "grossProfitMargin" : 100.22,
    "grossProfit" : 90.32,
    "operatingProfitMargin" : 8.64,
    "operatingProfit" : 7.79,
    "netProfitMargin" : 8.79,
    "netProfit" : 7.92
  }, {
    "date" : "2015-09-30",
    "sales" : 106.16,
    "salesGrowthYoY" : 19.95,
    "grossProfitMargin" : 100.55,
    "grossProfit" : 106.74,
    "operatingProfitMargin" : 6.79,
    "operatingProfit" : 7.21,
    "netProfitMargin" : 15.27,
    "netProfit" : 16.21
  }, {
    "date" : "2015-12-31",
    "sales" : 104.52,
    "salesGrowthYoY" : 20.15,
    "grossProfitMargin" : 99.76,
    "grossProfit" : 104.27,
    "operatingProfitMargin" : 8.46,
    "operatingProfit" : 8.84,
    "netProfitMargin" : 5.99,
    "netProfit" : 6.26
  }, {
    "date" : "2016-03-31",
    "sales" : 101.12,
    "salesGrowthYoY" : 17.25,
    "grossProfitMargin" : 101.48,
    "grossProfit" : 102.62,
    "operatingProfitMargin" : 6.78,
    "operatingProfit" : 6.86,
    "netProfitMargin" : 10.31,
    "netProfit" : 10.43
  }, {
    "date" : "2016-06-30",
    "sales" : 100.15,
    "salesGrowthYoY" : 11.13,
    "grossProfitMargin" : 100.00,
    "grossProfit" : 100.15,
    "operatingProfitMargin" : 12.99,
    "operatingProfit" : 13.01,
    "netProfitMargin" : 18.46,
    "netProfit" : 18.49
  }, {
    "date" : "2016-09-30",
    "sales" : 100.73,
    "salesGrowthYoY" : -5.11,
    "grossProfitMargin" : 100.00,
    "grossProfit" : 100.73,
    "operatingProfitMargin" : 11.69,
    "operatingProfit" : 11.78,
    "netProfitMargin" : 15.11,
    "netProfit" : 15.22
  }, {
    "date" : "2016-12-31",
    "sales" : 90.45,
    "salesGrowthYoY" : -13.46,
    "grossProfitMargin" : 100.00,
    "grossProfit" : 90.45,
    "operatingProfitMargin" : 1.06,
    "operatingProfit" : 0.96,
    "netProfitMargin" : 5.76,
    "netProfit" : 5.21
  }, {
    "date" : "2017-03-31",
    "sales" : 99.13,
    "salesGrowthYoY" : -1.97,
    "grossProfitMargin" : 100.00,
    "grossProfit" : 99.13,
    "operatingProfitMargin" : 9.37,
    "operatingProfit" : 9.29,
    "netProfitMargin" : 19.85,
    "netProfit" : 19.68
  }, {
    "date" : "2017-06-30",
    "sales" : 99.24,
    "salesGrowthYoY" : -0.91,
    "grossProfitMargin" : 100.00,
    "grossProfit" : 99.24,
    "operatingProfitMargin" : 8.34,
    "operatingProfit" : 8.28,
    "netProfitMargin" : 16.79,
    "netProfit" : 16.66
  }, {
    "date" : "2017-09-30",
    "sales" : 108.97,
    "salesGrowthYoY" : 8.18,
    "grossProfitMargin" : 100.00,
    "grossProfit" : 108.97,
    "operatingProfitMargin" : 15.27,
    "operatingProfit" : 16.64,
    "netProfitMargin" : 18.32,
    "netProfit" : 19.96
  }, {
    "date" : "2017-12-31",
    "sales" : 108.39,
    "salesGrowthYoY" : 19.83,
    "grossProfitMargin" : 100.00,
    "grossProfit" : 108.39,
    "operatingProfitMargin" : 10.36,
    "operatingProfit" : 11.23,
    "netProfitMargin" : 20.68,
    "netProfit" : 22.42
  }, {
    "date" : "2018-03-31",
    "sales" : 104.80,
    "salesGrowthYoY" : 5.72,
    "grossProfitMargin" : 100.00,
    "grossProfit" : 104.80,
    "operatingProfitMargin" : 15.60,
    "operatingProfit" : 16.35,
    "netProfitMargin" : 22.86,
    "netProfit" : 23.96
  }, {
    "date" : "2018-06-30",
    "sales" : 108.41,
    "salesGrowthYoY" : 9.24,
    "grossProfitMargin" : 100.00,
    "grossProfit" : 108.41,
    "operatingProfitMargin" : 15.64,
    "operatingProfit" : 16.96,
    "netProfitMargin" : 28.11,
    "netProfit" : 30.47
  }, {
    "date" : "2018-09-30",
    "sales" : 101.65,
    "salesGrowthYoY" : -6.72,
    "grossProfitMargin" : 100.00,
    "grossProfit" : 101.65,
    "operatingProfitMargin" : 19.45,
    "operatingProfit" : 19.77,
    "netProfitMargin" : 21.65,
    "netProfit" : 22.01
  }, {
    "date" : "2018-12-31",
    "sales" : 101.12,
    "salesGrowthYoY" : -6.71,
    "grossProfitMargin" : 100.00,
    "grossProfit" : 101.12,
    "operatingProfitMargin" : 15.59,
    "operatingProfit" : 15.76,
    "netProfitMargin" : 20.33,
    "netProfit" : 20.56
  }, {
    "date" : "2019-03-31",
    "sales" : 103.49,
    "salesGrowthYoY" : -1.25,
    "grossProfitMargin" : 100.00,
    "grossProfit" : 103.49,
    "operatingProfitMargin" : 15.40,
    "operatingProfit" : 15.94,
    "netProfitMargin" : 20.30,
    "netProfit" : 21.01
  }, {
    "date" : "2019-06-30",
    "sales" : 110.60,
    "salesGrowthYoY" : 2.02,
    "grossProfitMargin" : 100.00,
    "grossProfit" : 110.60,
    "operatingProfitMargin" : 20.01,
    "operatingProfit" : 22.13,
    "netProfitMargin" : 19.00,
    "netProfit" : 21.01
  }, {
    "date" : "2019-09-30",
    "sales" : 109.48,
    "salesGrowthYoY" : 7.70,
    "grossProfitMargin" : 100.00,
    "grossProfit" : 109.48,
    "operatingProfitMargin" : 18.22,
    "operatingProfit" : 19.95,
    "netProfitMargin" : 24.67,
    "netProfit" : 27.01
  }, {
    "date" : "2019-12-31",
    "sales" : 99.67,
    "salesGrowthYoY" : -1.43,
    "grossProfitMargin" : 100.00,
    "grossProfit" : 99.67,
    "operatingProfitMargin" : 24.44,
    "operatingProfit" : 24.36,
    "netProfitMargin" : 23.85,
    "netProfit" : 23.77
  }, {
    "date" : "2020-03-31",
    "sales" : 96.96,
    "salesGrowthYoY" : -6.31,
    "grossProfitMargin" : 100.00,
    "grossProfit" : 96.96,
    "operatingProfitMargin" : 21.30,
    "operatingProfit" : 20.65,
    "netProfitMargin" : 10.84,
    "netProfit" : 10.51
  }, {
    "date" : "2020-06-30",
    "sales" : 99.79,
    "salesGrowthYoY" : -9.77,
    "grossProfitMargin" : 100.00,
    "grossProfit" : 99.79,
    "operatingProfitMargin" : 32.05,
    "operatingProfit" : 31.98,
    "netProfitMargin" : 28.60,
    "netProfit" : 28.54
  }, {
    "date" : "2020-09-30",
    "sales" : 98.15,
    "salesGrowthYoY" : -10.35,
    "grossProfitMargin" : 100.00,
    "grossProfit" : 98.15,
    "operatingProfitMargin" : 27.57,
    "operatingProfit" : 27.06,
    "netProfitMargin" : 24.42,
    "netProfit" : 23.97
  }, {
    "date" : "2020-12-31",
    "sales" : 100.49,
    "salesGrowthYoY" : 0.82,
    "grossProfitMargin" : 100.00,
    "grossProfit" : 100.49,
    "operatingProfitMargin" : 32.04,
    "operatingProfit" : 32.20,
    "netProfitMargin" : 32.75,
    "netProfit" : 32.91
  }, {
    "date" : "2021-03-31",
    "sales" : 94.03,
    "salesGrowthYoY" : -3.02,
    "grossProfitMargin" : 100.00,
    "grossProfit" : 94.03,
    "operatingProfitMargin" : 33.19,
    "operatingProfit" : 31.21,
    "netProfitMargin" : 17.16,
    "netProfit" : 16.14
  }, {
    "date" : "2021-06-30",
    "sales" : 97.69,
    "salesGrowthYoY" : -2.10,
    "grossProfitMargin" : 100.00,
    "grossProfit" : 97.69,
    "operatingProfitMargin" : 30.64,
    "operatingProfit" : 29.93,
    "netProfitMargin" : 36.80,
    "netProfit" : 35.95
  }, {
    "date" : "2021-09-30",
    "sales" : 99.46,
    "salesGrowthYoY" : 1.33,
    "grossProfitMargin" : 100.00,
    "grossProfit" : 99.46,
    "operatingProfitMargin" : 33.70,
    "operatingProfit" : 33.52,
    "netProfitMargin" : 39.21,
    "netProfit" : 39.00
  }, {
    "date" : "2021-12-31",
    "sales" : 94.33,
    "salesGrowthYoY" : -6.13,
    "grossProfitMargin" : 100.00,
    "grossProfit" : 94.33,
    "operatingProfitMargin" : 29.95,
    "operatingProfit" : 28.25,
    "netProfitMargin" : 29.28,
    "netProfit" : 27.62
  }, {
    "date" : "2022-03-31",
    "sales" : 94.41,
    "salesGrowthYoY" : 0.40,
    "grossProfitMargin" : 100.00,
    "grossProfit" : 94.41,
    "operatingProfitMargin" : 26.50,
    "operatingProfit" : 25.02,
    "netProfitMargin" : 27.25,
    "netProfit" : 25.73
  }, {
    "date" : "2022-06-30",
    "sales" : 85.60,
    "salesGrowthYoY" : -12.38,
    "grossProfitMargin" : 100.00,
    "grossProfit" : 85.60,
    "operatingProfitMargin" : 24.59,
    "operatingProfit" : 21.05,
    "netProfitMargin" : 11.39,
    "netProfit" : 9.75
  }, {
    "date" : "2022-09-30",
    "sales" : 90.43,
    "salesGrowthYoY" : -9.08,
    "grossProfitMargin" : 100.00,
    "grossProfit" : 90.43,
    "operatingProfitMargin" : 14.62,
    "operatingProfit" : 13.22,
    "netProfitMargin" : 30.71,
    "netProfit" : 27.77
  }, {
    "date" : "2022-12-31",
    "sales" : 88.45,
    "salesGrowthYoY" : -6.23,
    "grossProfitMargin" : 100.00,
    "grossProfit" : 88.45,
    "operatingProfitMargin" : 11.01,
    "operatingProfit" : 9.74,
    "netProfitMargin" : 30.01,
    "netProfit" : 26.54
  }, {
    "date" : "2023-03-31",
    "sales" : 86.49,
    "salesGrowthYoY" : -8.39,
    "grossProfitMargin" : 100.00,
    "grossProfit" : 86.49,
    "operatingProfitMargin" : 13.07,
    "operatingProfit" : 11.30,
    "netProfitMargin" : 39.41,
    "netProfit" : 34.09
  }, {
    "date" : "2023-06-30",
    "sales" : 82.24,
    "salesGrowthYoY" : -3.93,
    "grossProfitMargin" : 100.00,
    "grossProfit" : 82.24,
    "operatingProfitMargin" : 7.87,
    "operatingProfit" : 6.47,
    "netProfitMargin" : 28.61,
    "netProfit" : 23.53
  }, {
    "date" : "2023-09-30",
    "sales" : 85.21,
    "salesGrowthYoY" : -5.77,
    "grossProfitMargin" : 100.00,
    "grossProfit" : 85.21,
    "operatingProfitMargin" : 11.15,
    "operatingProfit" : 9.50,
    "netProfitMargin" : 27.04,
    "netProfit" : 23.04
  }, {
    "date" : "2023-12-31",
    "sales" : 81.07,
    "salesGrowthYoY" : -8.34,
    "grossProfitMargin" : 100.00,
    "grossProfit" : 81.07,
    "operatingProfitMargin" : 7.03,
    "operatingProfit" : 5.70,
    "netProfitMargin" : 25.84,
    "netProfit" : 20.95
  }, {
    "date" : "2024-03-31",
    "sales" : 86.11,
    "salesGrowthYoY" : -0.44,
    "grossProfitMargin" : 100.00,
    "grossProfit" : 86.11,
    "operatingProfitMargin" : -1.51,
    "operatingProfit" : -1.30,
    "netProfitMargin" : 19.32,
    "netProfit" : 16.64
  }, {
    "date" : "2024-06-30",
    "sales" : 100.59,
    "salesGrowthYoY" : 22.31,
    "grossProfitMargin" : 100.00,
    "grossProfit" : 100.59,
    "operatingProfitMargin" : 2.78,
    "operatingProfit" : 2.80,
    "netProfitMargin" : 14.75,
    "netProfit" : 14.84
  }, {
    "date" : "2024-09-30",
    "sales" : 112.40,
    "salesGrowthYoY" : 31.91,
    "grossProfitMargin" : 100.00,
    "grossProfit" : 112.40,
    "operatingProfitMargin" : 1.33,
    "operatingProfit" : 1.49,
    "netProfitMargin" : 9.64,
    "netProfit" : 10.84
  }, {
    "date" : "2024-12-31",
    "sales" : 118.41,
    "salesGrowthYoY" : 46.06,
    "grossProfitMargin" : 100.00,
    "grossProfit" : 118.41,
    "operatingProfitMargin" : 4.79,
    "operatingProfit" : 5.67,
    "netProfitMargin" : 9.83,
    "netProfit" : 11.64
  }, {
    "date" : "2025-03-31",
    "sales" : 114.43,
    "salesGrowthYoY" : 32.89,
    "grossProfitMargin" : 100.00,
    "grossProfit" : 114.43,
    "operatingProfitMargin" : -1.10,
    "operatingProfit" : -1.26,
    "netProfitMargin" : 10.00,
    "netProfit" : 11.44
  }, {
    "date" : "2025-06-30",
    "sales" : 118.34,
    "salesGrowthYoY" : 17.65,
    "grossProfitMargin" : 100.00,
    "grossProfit" : 118.34,
    "operatingProfitMargin" : 2.53,
    "operatingProfit" : 2.99,
    "netProfitMargin" : 7.75,
    "netProfit" : 9.17
  }, {
    "date" : "2025-09-30",
    "sales" : 132.39,
    "salesGrowthYoY" : 17.78,
    "grossProfitMargin" : 100.00,
    "grossProfit" : 132.39,
    "operatingProfitMargin" : 11.56,
    "operatingProfit" : 15.30,
    "netProfitMargin" : 12.30,
    "netProfit" : 16.28
  }, {
    "date" : "2025-12-31",
    "sales" : 137.12,
    "salesGrowthYoY" : 15.80,
    "grossProfitMargin" : 100.00,
    "grossProfit" : 137.12,
    "operatingProfitMargin" : 16.71,
    "operatingProfit" : 22.91,
    "netProfitMargin" : 16.89,
    "netProfit" : 23.16
  } ],
  "latestQuarterlyResult" : {
    "date" : "2025-12-31",
    "sales" : 137.12,
    "salesGrowthYoY" : 15.80,
    "grossProfitMargin" : 100.00,
    "grossProfit" : 137.12,
    "operatingProfitMargin" : 16.71,
    "operatingProfit" : 22.91,
    "netProfitMargin" : 16.89,
    "netProfit" : 23.16
  },
  "companyScore" : {
    "priceHigherThanDma50" : 0.00,
    "priceHigherThanDma100" : 0.00,
    "priceHigherThanDma200" : 0.00,
    "dma50HigherThanDma100" : 0.00,
    "dma50HigherThanDma200" : 0.00,
    "dma100HigherThanDma200" : 0.00,
    "pricePercentageAboveDma50" : 5.30,
    "pricePercentageAboveDma100" : 5.43,
    "pricePercentageAboveDma200" : 5.65,
    "weeklyVolumeHigherThanYearlyVolume" : 0.00,
    "salesGrowthPercentile" : 15.50,
    "operatingProfitMarginPercentile" : 13.81,
    "netProfitMarginPercentile" : 5.83,
    "totalTechnicalScore" : 16.38,
    "totalFundamentalScore" : 35.14,
    "totalScore" : 51.53
  }
}