{
  "metadata" : {
    "screenerCompanyId" : "2911",
    "companyCode" : "SAURASHCEM",
    "companyName" : "Saurashtra Cem.",
    "screenerCompanyLink" : "https://www.screener.in/company/SAURASHCEM",
    "screenerTechnicalHistoryLink" : "https://www.screener.in/api/company/2911/chart/?q=Price-DMA50-DMA200-Volume&days=365",
    "screenerQuarterlyResultsLink" : "https://www.screener.in/api/company/2911/chart/?q=GPM-OPM-NPM-Quarter+Sales&days=10000",
    "attributes" : {
      "companyCode" : "SAURASHCEM",
      "companyName" : "Saurashtra Cem.",
      "marketCap" : 1010.00,
      "peRatio" : 35.00,
      "description" : "Incorporated in 1956, Saurashtra Cement is in the business of manufacturing and selling of Cement and Paints[1]"
    },
    "companyScore" : {
      "priceHigherThanDma50" : 0.00,
      "priceHigherThanDma100" : 0.00,
      "priceHigherThanDma200" : 0.00,
      "dma50HigherThanDma100" : 0.00,
      "dma50HigherThanDma200" : 0.00,
      "dma100HigherThanDma200" : 5.00,
      "pricePercentageAboveDma50" : 5.48,
      "pricePercentageAboveDma100" : 5.70,
      "pricePercentageAboveDma200" : 5.55,
      "weeklyVolumeHigherThanYearlyVolume" : 0.00,
      "salesGrowthPercentile" : 14.94,
      "operatingProfitMarginPercentile" : 5.64,
      "netProfitMarginPercentile" : 6.05,
      "totalTechnicalScore" : 21.74,
      "totalFundamentalScore" : 26.62,
      "totalScore" : 48.36
    }
  },
  "attributes" : {
    "companyCode" : "SAURASHCEM",
    "companyName" : "Saurashtra Cem.",
    "marketCap" : 1010.00,
    "peRatio" : 35.00,
    "description" : "Incorporated in 1956, Saurashtra Cement is in the business of manufacturing and selling of Cement and Paints[1]"
  },
  "technicalHistory" : [ {
    "date" : "2024-11-27",
    "price" : 106.97,
    "dma50" : 115.39,
    "dma100" : null,
    "dma200" : 119.80,
    "volume" : 57228.00
  }, {
    "date" : "2024-11-28",
    "price" : 114.66,
    "dma50" : 115.36,
    "dma100" : null,
    "dma200" : 119.75,
    "volume" : 315051.00
  }, {
    "date" : "2024-11-29",
    "price" : 112.50,
    "dma50" : 115.25,
    "dma100" : null,
    "dma200" : 119.68,
    "volume" : 172776.00
  }, {
    "date" : "2024-12-02",
    "price" : 113.12,
    "dma50" : 115.17,
    "dma100" : null,
    "dma200" : 119.62,
    "volume" : 136167.00
  }, {
    "date" : "2024-12-03",
    "price" : 111.24,
    "dma50" : 115.01,
    "dma100" : null,
    "dma200" : 119.53,
    "volume" : 132531.00
  }, {
    "date" : "2024-12-04",
    "price" : 111.88,
    "dma50" : 114.89,
    "dma100" : null,
    "dma200" : 119.46,
    "volume" : 48913.00
  }, {
    "date" : "2024-12-05",
    "price" : 112.74,
    "dma50" : 114.81,
    "dma100" : null,
    "dma200" : 119.39,
    "volume" : 69602.00
  }, {
    "date" : "2024-12-06",
    "price" : 109.76,
    "dma50" : 114.61,
    "dma100" : null,
    "dma200" : 119.29,
    "volume" : 126757.00
  }, {
    "date" : "2024-12-09",
    "price" : 110.65,
    "dma50" : 114.45,
    "dma100" : null,
    "dma200" : 119.21,
    "volume" : 49243.00
  }, {
    "date" : "2024-12-10",
    "price" : 112.18,
    "dma50" : 114.37,
    "dma100" : null,
    "dma200" : 119.14,
    "volume" : 62543.00
  }, {
    "date" : "2024-12-11",
    "price" : 112.36,
    "dma50" : 114.29,
    "dma100" : null,
    "dma200" : 119.07,
    "volume" : 176463.00
  }, {
    "date" : "2024-12-12",
    "price" : 112.62,
    "dma50" : 114.22,
    "dma100" : null,
    "dma200" : 119.01,
    "volume" : 101521.00
  }, {
    "date" : "2024-12-13",
    "price" : 107.96,
    "dma50" : 113.98,
    "dma100" : null,
    "dma200" : 118.90,
    "volume" : 194764.00
  }, {
    "date" : "2024-12-16",
    "price" : 114.23,
    "dma50" : 113.99,
    "dma100" : null,
    "dma200" : 118.85,
    "volume" : 220901.00
  }, {
    "date" : "2024-12-17",
    "price" : 112.88,
    "dma50" : 113.94,
    "dma100" : null,
    "dma200" : 118.79,
    "volume" : 86266.00
  }, {
    "date" : "2024-12-18",
    "price" : 109.98,
    "dma50" : 113.79,
    "dma100" : null,
    "dma200" : 118.70,
    "volume" : 112477.00
  }, {
    "date" : "2024-12-19",
    "price" : 107.41,
    "dma50" : 113.54,
    "dma100" : null,
    "dma200" : 118.59,
    "volume" : 98235.00
  }, {
    "date" : "2024-12-20",
    "price" : 105.96,
    "dma50" : 113.24,
    "dma100" : null,
    "dma200" : 118.46,
    "volume" : 61568.00
  }, {
    "date" : "2024-12-23",
    "price" : 103.72,
    "dma50" : 112.87,
    "dma100" : null,
    "dma200" : 118.32,
    "volume" : 113372.00
  }, {
    "date" : "2024-12-24",
    "price" : 104.98,
    "dma50" : 112.56,
    "dma100" : null,
    "dma200" : 118.19,
    "volume" : 43786.00
  }, {
    "date" : "2024-12-26",
    "price" : 125.29,
    "dma50" : 113.06,
    "dma100" : null,
    "dma200" : 118.26,
    "volume" : 2045239.00
  }, {
    "date" : "2024-12-27",
    "price" : 120.76,
    "dma50" : 113.36,
    "dma100" : null,
    "dma200" : 118.28,
    "volume" : 982659.00
  }, {
    "date" : "2024-12-30",
    "price" : 115.36,
    "dma50" : 113.44,
    "dma100" : null,
    "dma200" : 118.25,
    "volume" : 162455.00
  }, {
    "date" : "2024-12-31",
    "price" : 118.25,
    "dma50" : 113.63,
    "dma100" : null,
    "dma200" : 118.25,
    "volume" : 328598.00
  }, {
    "date" : "2025-01-01",
    "price" : 118.10,
    "dma50" : 113.80,
    "dma100" : null,
    "dma200" : 118.25,
    "volume" : 38564.00
  }, {
    "date" : "2025-01-02",
    "price" : 118.66,
    "dma50" : 113.99,
    "dma100" : null,
    "dma200" : 118.25,
    "volume" : 107078.00
  }, {
    "date" : "2025-01-03",
    "price" : 118.34,
    "dma50" : 114.16,
    "dma100" : null,
    "dma200" : 118.26,
    "volume" : 43715.00
  }, {
    "date" : "2025-01-06",
    "price" : 114.14,
    "dma50" : 114.16,
    "dma100" : null,
    "dma200" : 118.21,
    "volume" : 90040.00
  }, {
    "date" : "2025-01-07",
    "price" : 114.00,
    "dma50" : 114.16,
    "dma100" : null,
    "dma200" : 118.17,
    "volume" : 76610.00
  }, {
    "date" : "2025-01-08",
    "price" : 114.85,
    "dma50" : 114.18,
    "dma100" : null,
    "dma200" : 118.14,
    "volume" : 62706.00
  }, {
    "date" : "2025-01-09",
    "price" : 112.40,
    "dma50" : 114.11,
    "dma100" : null,
    "dma200" : 118.08,
    "volume" : 133615.00
  }, {
    "date" : "2025-01-10",
    "price" : 107.09,
    "dma50" : 113.84,
    "dma100" : null,
    "dma200" : 117.97,
    "volume" : 127870.00
  }, {
    "date" : "2025-01-13",
    "price" : 103.19,
    "dma50" : 113.42,
    "dma100" : null,
    "dma200" : 117.83,
    "volume" : 131371.00
  }, {
    "date" : "2025-01-14",
    "price" : 108.69,
    "dma50" : 113.23,
    "dma100" : null,
    "dma200" : 117.73,
    "volume" : 122993.00
  }, {
    "date" : "2025-01-15",
    "price" : 107.44,
    "dma50" : 113.01,
    "dma100" : null,
    "dma200" : 117.63,
    "volume" : 54542.00
  }, {
    "date" : "2025-01-16",
    "price" : 104.51,
    "dma50" : 112.67,
    "dma100" : null,
    "dma200" : 117.50,
    "volume" : 127824.00
  }, {
    "date" : "2025-01-17",
    "price" : 105.21,
    "dma50" : 112.38,
    "dma100" : null,
    "dma200" : 117.38,
    "volume" : 53691.00
  }, {
    "date" : "2025-01-20",
    "price" : 106.08,
    "dma50" : 112.13,
    "dma100" : null,
    "dma200" : 117.27,
    "volume" : 78842.00
  }, {
    "date" : "2025-01-21",
    "price" : 105.26,
    "dma50" : 111.86,
    "dma100" : null,
    "dma200" : 117.15,
    "volume" : 76112.00
  }, {
    "date" : "2025-01-22",
    "price" : 103.78,
    "dma50" : 111.55,
    "dma100" : null,
    "dma200" : 117.01,
    "volume" : 42247.00
  }, {
    "date" : "2025-01-23",
    "price" : 104.00,
    "dma50" : 111.25,
    "dma100" : null,
    "dma200" : 116.88,
    "volume" : 79628.00
  }, {
    "date" : "2025-01-24",
    "price" : 103.07,
    "dma50" : 110.93,
    "dma100" : null,
    "dma200" : 116.75,
    "volume" : 104230.00
  }, {
    "date" : "2025-01-27",
    "price" : 99.46,
    "dma50" : 110.48,
    "dma100" : null,
    "dma200" : 116.58,
    "volume" : 185937.00
  }, {
    "date" : "2025-01-28",
    "price" : 97.44,
    "dma50" : 109.97,
    "dma100" : null,
    "dma200" : 116.39,
    "volume" : 84666.00
  }, {
    "date" : "2025-01-29",
    "price" : 100.48,
    "dma50" : 109.60,
    "dma100" : null,
    "dma200" : 116.23,
    "volume" : 45400.00
  }, {
    "date" : "2025-01-30",
    "price" : 100.26,
    "dma50" : 109.23,
    "dma100" : null,
    "dma200" : 116.07,
    "volume" : 44242.00
  }, {
    "date" : "2025-01-31",
    "price" : 101.50,
    "dma50" : 108.93,
    "dma100" : null,
    "dma200" : 115.92,
    "volume" : 18274.00
  }, {
    "date" : "2025-02-01",
    "price" : 101.08,
    "dma50" : 108.62,
    "dma100" : null,
    "dma200" : 115.78,
    "volume" : 60194.00
  }, {
    "date" : "2025-02-03",
    "price" : 97.02,
    "dma50" : 108.17,
    "dma100" : null,
    "dma200" : 115.59,
    "volume" : 140902.00
  }, {
    "date" : "2025-02-04",
    "price" : 99.37,
    "dma50" : 107.82,
    "dma100" : null,
    "dma200" : 115.43,
    "volume" : 41689.00
  }, {
    "date" : "2025-02-05",
    "price" : 99.83,
    "dma50" : 107.51,
    "dma100" : null,
    "dma200" : 115.27,
    "volume" : 41388.00
  }, {
    "date" : "2025-02-06",
    "price" : 98.28,
    "dma50" : 107.14,
    "dma100" : null,
    "dma200" : 115.10,
    "volume" : 40836.00
  }, {
    "date" : "2025-02-07",
    "price" : 97.73,
    "dma50" : 106.78,
    "dma100" : null,
    "dma200" : 114.93,
    "volume" : 38629.00
  }, {
    "date" : "2025-02-10",
    "price" : 96.08,
    "dma50" : 106.36,
    "dma100" : null,
    "dma200" : 114.74,
    "volume" : 76145.00
  }, {
    "date" : "2025-02-11",
    "price" : 92.33,
    "dma50" : 105.81,
    "dma100" : null,
    "dma200" : 114.52,
    "volume" : 50306.00
  }, {
    "date" : "2025-02-12",
    "price" : 88.72,
    "dma50" : 105.14,
    "dma100" : null,
    "dma200" : 114.26,
    "volume" : 110810.00
  }, {
    "date" : "2025-02-13",
    "price" : 88.71,
    "dma50" : 104.49,
    "dma100" : null,
    "dma200" : 114.01,
    "volume" : 57674.00
  }, {
    "date" : "2025-02-14",
    "price" : 81.87,
    "dma50" : 103.60,
    "dma100" : null,
    "dma200" : 113.69,
    "volume" : 139585.00
  }, {
    "date" : "2025-02-17",
    "price" : 81.77,
    "dma50" : 102.75,
    "dma100" : null,
    "dma200" : 113.37,
    "volume" : 102721.00
  }, {
    "date" : "2025-02-18",
    "price" : 79.19,
    "dma50" : 101.82,
    "dma100" : null,
    "dma200" : 113.03,
    "volume" : 80168.00
  }, {
    "date" : "2025-02-19",
    "price" : 82.40,
    "dma50" : 101.06,
    "dma100" : null,
    "dma200" : 112.73,
    "volume" : 94799.00
  }, {
    "date" : "2025-02-20",
    "price" : 85.57,
    "dma50" : 100.46,
    "dma100" : null,
    "dma200" : 112.46,
    "volume" : 72070.00
  }, {
    "date" : "2025-02-21",
    "price" : 87.84,
    "dma50" : 99.96,
    "dma100" : null,
    "dma200" : 112.21,
    "volume" : 41765.00
  }, {
    "date" : "2025-02-24",
    "price" : 85.71,
    "dma50" : 99.40,
    "dma100" : null,
    "dma200" : 111.95,
    "volume" : 39041.00
  }, {
    "date" : "2025-02-25",
    "price" : 84.37,
    "dma50" : 98.81,
    "dma100" : null,
    "dma200" : 111.67,
    "volume" : 22876.00
  }, {
    "date" : "2025-02-27",
    "price" : 80.45,
    "dma50" : 98.09,
    "dma100" : null,
    "dma200" : 111.36,
    "volume" : 62588.00
  }, {
    "date" : "2025-02-28",
    "price" : 76.72,
    "dma50" : 97.25,
    "dma100" : null,
    "dma200" : 111.02,
    "volume" : 64716.00
  }, {
    "date" : "2025-03-03",
    "price" : 75.56,
    "dma50" : 96.40,
    "dma100" : null,
    "dma200" : 110.66,
    "volume" : 73304.00
  }, {
    "date" : "2025-03-04",
    "price" : 79.59,
    "dma50" : 95.74,
    "dma100" : null,
    "dma200" : 110.36,
    "volume" : 114902.00
  }, {
    "date" : "2025-03-05",
    "price" : 81.35,
    "dma50" : 95.18,
    "dma100" : null,
    "dma200" : 110.07,
    "volume" : 135314.00
  }, {
    "date" : "2025-03-06",
    "price" : 80.12,
    "dma50" : 94.59,
    "dma100" : null,
    "dma200" : 109.77,
    "volume" : 191737.00
  }, {
    "date" : "2025-03-07",
    "price" : 81.97,
    "dma50" : 94.09,
    "dma100" : null,
    "dma200" : 109.49,
    "volume" : 127137.00
  }, {
    "date" : "2025-03-10",
    "price" : 80.29,
    "dma50" : 93.55,
    "dma100" : null,
    "dma200" : 109.20,
    "volume" : 109552.00
  }, {
    "date" : "2025-03-11",
    "price" : 77.25,
    "dma50" : 92.91,
    "dma100" : null,
    "dma200" : 108.88,
    "volume" : 134350.00
  }, {
    "date" : "2025-03-12",
    "price" : 75.90,
    "dma50" : 92.25,
    "dma100" : null,
    "dma200" : 108.56,
    "volume" : 72322.00
  }, {
    "date" : "2025-03-13",
    "price" : 76.52,
    "dma50" : 91.63,
    "dma100" : null,
    "dma200" : 108.24,
    "volume" : 103201.00
  }, {
    "date" : "2025-03-17",
    "price" : 75.55,
    "dma50" : 91.00,
    "dma100" : null,
    "dma200" : 107.91,
    "volume" : 196909.00
  }, {
    "date" : "2025-03-18",
    "price" : 75.14,
    "dma50" : 90.38,
    "dma100" : null,
    "dma200" : 107.59,
    "volume" : 216772.00
  }, {
    "date" : "2025-03-19",
    "price" : 76.89,
    "dma50" : 89.85,
    "dma100" : null,
    "dma200" : 107.28,
    "volume" : 272980.00
  }, {
    "date" : "2025-03-20",
    "price" : 76.37,
    "dma50" : 89.32,
    "dma100" : null,
    "dma200" : 106.97,
    "volume" : 201289.00
  }, {
    "date" : "2025-03-21",
    "price" : 80.17,
    "dma50" : 88.96,
    "dma100" : null,
    "dma200" : 106.71,
    "volume" : 244827.00
  }, {
    "date" : "2025-03-24",
    "price" : 80.40,
    "dma50" : 88.63,
    "dma100" : null,
    "dma200" : 106.44,
    "volume" : 315632.00
  }, {
    "date" : "2025-03-25",
    "price" : 78.69,
    "dma50" : 88.24,
    "dma100" : null,
    "dma200" : 106.17,
    "volume" : 272869.00
  }, {
    "date" : "2025-03-26",
    "price" : 75.43,
    "dma50" : 87.73,
    "dma100" : null,
    "dma200" : 105.86,
    "volume" : 368938.00
  }, {
    "date" : "2025-03-27",
    "price" : 77.62,
    "dma50" : 87.34,
    "dma100" : null,
    "dma200" : 105.58,
    "volume" : 577859.00
  }, {
    "date" : "2025-03-28",
    "price" : 75.09,
    "dma50" : 86.86,
    "dma100" : null,
    "dma200" : 105.28,
    "volume" : 646055.00
  }, {
    "date" : "2025-04-01",
    "price" : 82.53,
    "dma50" : 86.69,
    "dma100" : null,
    "dma200" : 105.05,
    "volume" : 841337.00
  }, {
    "date" : "2025-04-02",
    "price" : 86.85,
    "dma50" : 86.69,
    "dma100" : null,
    "dma200" : 104.87,
    "volume" : 286713.00
  }, {
    "date" : "2025-04-03",
    "price" : 89.96,
    "dma50" : 86.82,
    "dma100" : null,
    "dma200" : 104.72,
    "volume" : 178615.00
  }, {
    "date" : "2025-04-04",
    "price" : 88.05,
    "dma50" : 86.87,
    "dma100" : null,
    "dma200" : 104.56,
    "volume" : 221295.00
  }, {
    "date" : "2025-04-07",
    "price" : 81.64,
    "dma50" : 86.66,
    "dma100" : null,
    "dma200" : 104.33,
    "volume" : 362621.00
  }, {
    "date" : "2025-04-08",
    "price" : 80.93,
    "dma50" : 86.44,
    "dma100" : null,
    "dma200" : 104.10,
    "volume" : 234533.00
  }, {
    "date" : "2025-04-09",
    "price" : 80.54,
    "dma50" : 86.21,
    "dma100" : null,
    "dma200" : 103.86,
    "volume" : 153517.00
  }, {
    "date" : "2025-04-11",
    "price" : 81.06,
    "dma50" : 86.01,
    "dma100" : null,
    "dma200" : 103.63,
    "volume" : 91275.00
  }, {
    "date" : "2025-04-15",
    "price" : 83.42,
    "dma50" : 85.90,
    "dma100" : null,
    "dma200" : 103.43,
    "volume" : 88506.00
  }, {
    "date" : "2025-04-16",
    "price" : 84.33,
    "dma50" : 85.84,
    "dma100" : null,
    "dma200" : 103.24,
    "volume" : 205097.00
  }, {
    "date" : "2025-04-17",
    "price" : 84.75,
    "dma50" : 85.80,
    "dma100" : null,
    "dma200" : 103.06,
    "volume" : 82444.00
  }, {
    "date" : "2025-04-21",
    "price" : 85.39,
    "dma50" : 85.78,
    "dma100" : null,
    "dma200" : 102.88,
    "volume" : 114615.00
  }, {
    "date" : "2025-04-22",
    "price" : 86.63,
    "dma50" : 85.82,
    "dma100" : null,
    "dma200" : 102.72,
    "volume" : 54748.00
  }, {
    "date" : "2025-04-23",
    "price" : 86.50,
    "dma50" : 85.84,
    "dma100" : null,
    "dma200" : 102.56,
    "volume" : 96645.00
  }, {
    "date" : "2025-04-24",
    "price" : 97.95,
    "dma50" : 86.32,
    "dma100" : 95.94,
    "dma200" : 102.51,
    "volume" : 1540853.00
  }, {
    "date" : "2025-04-25",
    "price" : 91.12,
    "dma50" : 86.51,
    "dma100" : 95.70,
    "dma200" : 102.40,
    "volume" : 313376.00
  }, {
    "date" : "2025-04-28",
    "price" : 95.15,
    "dma50" : 86.85,
    "dma100" : 95.53,
    "dma200" : 102.33,
    "volume" : 767339.00
  }, {
    "date" : "2025-04-29",
    "price" : 93.57,
    "dma50" : 87.11,
    "dma100" : 95.33,
    "dma200" : 102.24,
    "volume" : 100949.00
  }, {
    "date" : "2025-04-30",
    "price" : 92.14,
    "dma50" : 87.31,
    "dma100" : 95.14,
    "dma200" : 102.14,
    "volume" : 82157.00
  }, {
    "date" : "2025-05-02",
    "price" : 88.98,
    "dma50" : 87.37,
    "dma100" : 94.91,
    "dma200" : 102.01,
    "volume" : 181558.00
  }, {
    "date" : "2025-05-05",
    "price" : 90.94,
    "dma50" : 87.51,
    "dma100" : 94.70,
    "dma200" : 101.90,
    "volume" : 65746.00
  }, {
    "date" : "2025-05-06",
    "price" : 87.61,
    "dma50" : 87.52,
    "dma100" : 94.48,
    "dma200" : 101.76,
    "volume" : 98291.00
  }, {
    "date" : "2025-05-07",
    "price" : 86.48,
    "dma50" : 87.48,
    "dma100" : 94.23,
    "dma200" : 101.61,
    "volume" : 95928.00
  }, {
    "date" : "2025-05-08",
    "price" : 85.55,
    "dma50" : 87.40,
    "dma100" : 93.97,
    "dma200" : 101.45,
    "volume" : 49212.00
  }, {
    "date" : "2025-05-09",
    "price" : 84.19,
    "dma50" : 87.27,
    "dma100" : 93.69,
    "dma200" : 101.27,
    "volume" : 66773.00
  }, {
    "date" : "2025-05-12",
    "price" : 90.36,
    "dma50" : 87.40,
    "dma100" : 93.46,
    "dma200" : 101.17,
    "volume" : 130734.00
  }, {
    "date" : "2025-05-13",
    "price" : 93.46,
    "dma50" : 87.63,
    "dma100" : 93.32,
    "dma200" : 101.09,
    "volume" : 148860.00
  }, {
    "date" : "2025-05-14",
    "price" : 93.21,
    "dma50" : 87.85,
    "dma100" : 93.11,
    "dma200" : 101.01,
    "volume" : 107606.00
  }, {
    "date" : "2025-05-15",
    "price" : 93.25,
    "dma50" : 88.06,
    "dma100" : 92.91,
    "dma200" : 100.93,
    "volume" : 57312.00
  }, {
    "date" : "2025-05-16",
    "price" : 95.26,
    "dma50" : 88.35,
    "dma100" : 92.76,
    "dma200" : 100.88,
    "volume" : 83603.00
  }, {
    "date" : "2025-05-19",
    "price" : 96.57,
    "dma50" : 88.67,
    "dma100" : 92.66,
    "dma200" : 100.83,
    "volume" : 106905.00
  }, {
    "date" : "2025-05-20",
    "price" : 93.16,
    "dma50" : 88.84,
    "dma100" : 92.53,
    "dma200" : 100.76,
    "volume" : 159705.00
  }, {
    "date" : "2025-05-21",
    "price" : 90.88,
    "dma50" : 88.92,
    "dma100" : 92.40,
    "dma200" : 100.66,
    "volume" : 171064.00
  }, {
    "date" : "2025-05-22",
    "price" : 92.35,
    "dma50" : 89.06,
    "dma100" : 92.27,
    "dma200" : 100.58,
    "volume" : 72733.00
  }, {
    "date" : "2025-05-23",
    "price" : 94.25,
    "dma50" : 89.26,
    "dma100" : 91.96,
    "dma200" : 100.51,
    "volume" : 329641.00
  }, {
    "date" : "2025-05-26",
    "price" : 92.34,
    "dma50" : 89.38,
    "dma100" : 91.68,
    "dma200" : 100.43,
    "volume" : 138519.00
  }, {
    "date" : "2025-05-27",
    "price" : 91.65,
    "dma50" : 89.47,
    "dma100" : 91.44,
    "dma200" : 100.34,
    "volume" : 86222.00
  }, {
    "date" : "2025-05-28",
    "price" : 90.56,
    "dma50" : 89.51,
    "dma100" : 91.16,
    "dma200" : 100.25,
    "volume" : 94602.00
  }, {
    "date" : "2025-05-29",
    "price" : 90.91,
    "dma50" : 89.57,
    "dma100" : 90.89,
    "dma200" : 100.15,
    "volume" : 39529.00
  }, {
    "date" : "2025-05-30",
    "price" : 89.23,
    "dma50" : 89.56,
    "dma100" : 90.60,
    "dma200" : 100.05,
    "volume" : 139035.00
  }, {
    "date" : "2025-06-02",
    "price" : 90.05,
    "dma50" : 89.58,
    "dma100" : 90.32,
    "dma200" : 99.95,
    "volume" : 123183.00
  }, {
    "date" : "2025-06-03",
    "price" : 89.52,
    "dma50" : 89.57,
    "dma100" : 90.07,
    "dma200" : 99.84,
    "volume" : 42531.00
  }, {
    "date" : "2025-06-04",
    "price" : 89.94,
    "dma50" : 89.59,
    "dma100" : 89.83,
    "dma200" : 99.74,
    "volume" : 34271.00
  }, {
    "date" : "2025-06-05",
    "price" : 89.43,
    "dma50" : 89.58,
    "dma100" : 89.57,
    "dma200" : 99.64,
    "volume" : 47911.00
  }, {
    "date" : "2025-06-06",
    "price" : 90.12,
    "dma50" : 89.60,
    "dma100" : 89.35,
    "dma200" : 99.55,
    "volume" : 50097.00
  }, {
    "date" : "2025-06-09",
    "price" : 90.89,
    "dma50" : 89.65,
    "dma100" : 89.19,
    "dma200" : 99.46,
    "volume" : 98257.00
  }, {
    "date" : "2025-06-10",
    "price" : 92.16,
    "dma50" : 89.75,
    "dma100" : 89.08,
    "dma200" : 99.39,
    "volume" : 197638.00
  }, {
    "date" : "2025-06-11",
    "price" : 91.63,
    "dma50" : 89.82,
    "dma100" : 88.91,
    "dma200" : 99.31,
    "volume" : 141826.00
  }, {
    "date" : "2025-06-12",
    "price" : 89.66,
    "dma50" : 89.82,
    "dma100" : 88.73,
    "dma200" : 99.21,
    "volume" : 93208.00
  }, {
    "date" : "2025-06-13",
    "price" : 88.24,
    "dma50" : 89.76,
    "dma100" : 88.57,
    "dma200" : 99.11,
    "volume" : 97770.00
  }, {
    "date" : "2025-06-16",
    "price" : 88.56,
    "dma50" : 89.71,
    "dma100" : 88.40,
    "dma200" : 99.00,
    "volume" : 66019.00
  }, {
    "date" : "2025-06-17",
    "price" : 87.67,
    "dma50" : 89.63,
    "dma100" : 88.22,
    "dma200" : 98.89,
    "volume" : 47209.00
  }, {
    "date" : "2025-06-18",
    "price" : 85.51,
    "dma50" : 89.47,
    "dma100" : 88.02,
    "dma200" : 98.75,
    "volume" : 78241.00
  }, {
    "date" : "2025-06-19",
    "price" : 84.32,
    "dma50" : 89.27,
    "dma100" : 87.83,
    "dma200" : 98.61,
    "volume" : 91647.00
  }, {
    "date" : "2025-06-20",
    "price" : 86.03,
    "dma50" : 89.14,
    "dma100" : 87.65,
    "dma200" : 98.49,
    "volume" : 38015.00
  }, {
    "date" : "2025-06-23",
    "price" : 87.01,
    "dma50" : 89.06,
    "dma100" : 87.49,
    "dma200" : 98.37,
    "volume" : 65447.00
  }, {
    "date" : "2025-06-24",
    "price" : 87.68,
    "dma50" : 89.00,
    "dma100" : 87.37,
    "dma200" : 98.27,
    "volume" : 163844.00
  }, {
    "date" : "2025-06-25",
    "price" : 87.77,
    "dma50" : 88.95,
    "dma100" : 87.27,
    "dma200" : 98.16,
    "volume" : 99052.00
  }, {
    "date" : "2025-06-26",
    "price" : 87.52,
    "dma50" : 88.90,
    "dma100" : 87.14,
    "dma200" : 98.06,
    "volume" : 116776.00
  }, {
    "date" : "2025-06-27",
    "price" : 94.50,
    "dma50" : 89.12,
    "dma100" : 87.08,
    "dma200" : 98.02,
    "volume" : 1168715.00
  }, {
    "date" : "2025-06-30",
    "price" : 92.76,
    "dma50" : 89.26,
    "dma100" : 87.00,
    "dma200" : 97.97,
    "volume" : 145317.00
  }, {
    "date" : "2025-07-01",
    "price" : 90.20,
    "dma50" : 89.30,
    "dma100" : 86.89,
    "dma200" : 97.89,
    "volume" : 239771.00
  }, {
    "date" : "2025-07-02",
    "price" : 92.13,
    "dma50" : 89.41,
    "dma100" : 86.84,
    "dma200" : 97.83,
    "volume" : 117848.00
  }, {
    "date" : "2025-07-03",
    "price" : 91.76,
    "dma50" : 89.50,
    "dma100" : 86.76,
    "dma200" : 97.77,
    "volume" : 64591.00
  }, {
    "date" : "2025-07-04",
    "price" : 91.01,
    "dma50" : 89.56,
    "dma100" : 86.67,
    "dma200" : 97.71,
    "volume" : 72351.00
  }, {
    "date" : "2025-07-07",
    "price" : 89.87,
    "dma50" : 89.57,
    "dma100" : 86.59,
    "dma200" : 97.63,
    "volume" : 60846.00
  }, {
    "date" : "2025-07-08",
    "price" : 90.78,
    "dma50" : 89.62,
    "dma100" : 86.52,
    "dma200" : 97.56,
    "volume" : 58310.00
  }, {
    "date" : "2025-07-09",
    "price" : 90.10,
    "dma50" : 89.64,
    "dma100" : 86.46,
    "dma200" : 97.48,
    "volume" : 43602.00
  }, {
    "date" : "2025-07-10",
    "price" : 89.93,
    "dma50" : 89.65,
    "dma100" : 86.44,
    "dma200" : 97.41,
    "volume" : 54217.00
  }, {
    "date" : "2025-07-11",
    "price" : 88.72,
    "dma50" : 89.61,
    "dma100" : 86.44,
    "dma200" : 97.32,
    "volume" : 60551.00
  }, {
    "date" : "2025-07-14",
    "price" : 88.41,
    "dma50" : 89.57,
    "dma100" : 86.43,
    "dma200" : 97.23,
    "volume" : 62728.00
  }, {
    "date" : "2025-07-15",
    "price" : 88.28,
    "dma50" : 89.52,
    "dma100" : 86.50,
    "dma200" : 97.15,
    "volume" : 68274.00
  }, {
    "date" : "2025-07-16",
    "price" : 96.15,
    "dma50" : 89.78,
    "dma100" : 86.64,
    "dma200" : 97.14,
    "volume" : 1411599.00
  }, {
    "date" : "2025-07-17",
    "price" : 93.25,
    "dma50" : 89.91,
    "dma100" : 86.78,
    "dma200" : 97.10,
    "volume" : 223540.00
  }, {
    "date" : "2025-07-18",
    "price" : 93.65,
    "dma50" : 90.06,
    "dma100" : 86.89,
    "dma200" : 97.06,
    "volume" : 205839.00
  }, {
    "date" : "2025-07-21",
    "price" : 103.79,
    "dma50" : 90.60,
    "dma100" : 87.08,
    "dma200" : 97.13,
    "volume" : 4945615.00
  }, {
    "date" : "2025-07-22",
    "price" : 108.28,
    "dma50" : 91.29,
    "dma100" : 87.28,
    "dma200" : 97.24,
    "volume" : 1909015.00
  }, {
    "date" : "2025-07-23",
    "price" : 107.14,
    "dma50" : 91.91,
    "dma100" : 87.50,
    "dma200" : 97.34,
    "volume" : 651582.00
  }, {
    "date" : "2025-07-24",
    "price" : 104.86,
    "dma50" : 92.42,
    "dma100" : 87.70,
    "dma200" : 97.41,
    "volume" : 384069.00
  }, {
    "date" : "2025-07-25",
    "price" : 103.78,
    "dma50" : 92.87,
    "dma100" : 87.93,
    "dma200" : 97.48,
    "volume" : 550357.00
  }, {
    "date" : "2025-07-28",
    "price" : 101.29,
    "dma50" : 93.20,
    "dma100" : 88.18,
    "dma200" : 97.51,
    "volume" : 192012.00
  }, {
    "date" : "2025-07-29",
    "price" : 107.88,
    "dma50" : 93.77,
    "dma100" : 88.50,
    "dma200" : 97.62,
    "volume" : 648323.00
  }, {
    "date" : "2025-07-30",
    "price" : 119.01,
    "dma50" : 94.76,
    "dma100" : 88.90,
    "dma200" : 97.83,
    "volume" : 5052381.00
  }, {
    "date" : "2025-07-31",
    "price" : 125.04,
    "dma50" : 95.95,
    "dma100" : 89.33,
    "dma200" : 98.10,
    "volume" : 2349091.00
  }, {
    "date" : "2025-08-01",
    "price" : 122.43,
    "dma50" : 96.99,
    "dma100" : 89.76,
    "dma200" : 98.34,
    "volume" : 749468.00
  }, {
    "date" : "2025-08-04",
    "price" : 127.30,
    "dma50" : 98.18,
    "dma100" : 90.21,
    "dma200" : 98.63,
    "volume" : 937924.00
  }, {
    "date" : "2025-08-05",
    "price" : 122.34,
    "dma50" : 99.12,
    "dma100" : 90.63,
    "dma200" : 98.87,
    "volume" : 387821.00
  }, {
    "date" : "2025-08-06",
    "price" : 117.12,
    "dma50" : 99.83,
    "dma100" : 91.03,
    "dma200" : 99.05,
    "volume" : 437528.00
  }, {
    "date" : "2025-08-07",
    "price" : 115.16,
    "dma50" : 100.43,
    "dma100" : 91.42,
    "dma200" : 99.21,
    "volume" : 272702.00
  }, {
    "date" : "2025-08-08",
    "price" : 116.98,
    "dma50" : 101.08,
    "dma100" : 91.83,
    "dma200" : 99.39,
    "volume" : 225954.00
  }, {
    "date" : "2025-08-11",
    "price" : 116.81,
    "dma50" : 101.70,
    "dma100" : 92.24,
    "dma200" : 99.56,
    "volume" : 80274.00
  }, {
    "date" : "2025-08-12",
    "price" : 119.71,
    "dma50" : 102.40,
    "dma100" : 92.68,
    "dma200" : 99.76,
    "volume" : 149153.00
  }, {
    "date" : "2025-08-13",
    "price" : 118.77,
    "dma50" : 103.04,
    "dma100" : 93.10,
    "dma200" : 99.95,
    "volume" : 189906.00
  }, {
    "date" : "2025-08-14",
    "price" : 116.51,
    "dma50" : 103.57,
    "dma100" : 93.51,
    "dma200" : 100.11,
    "volume" : 75209.00
  }, {
    "date" : "2025-08-18",
    "price" : 117.23,
    "dma50" : 104.11,
    "dma100" : 93.88,
    "dma200" : 100.28,
    "volume" : 265093.00
  }, {
    "date" : "2025-08-19",
    "price" : 119.36,
    "dma50" : 104.71,
    "dma100" : 94.27,
    "dma200" : 100.47,
    "volume" : 168386.00
  }, {
    "date" : "2025-08-20",
    "price" : 117.27,
    "dma50" : 105.20,
    "dma100" : 94.65,
    "dma200" : 100.64,
    "volume" : 217905.00
  }, {
    "date" : "2025-08-21",
    "price" : 118.02,
    "dma50" : 105.70,
    "dma100" : 95.08,
    "dma200" : 100.81,
    "volume" : 618801.00
  }, {
    "date" : "2025-08-22",
    "price" : 119.58,
    "dma50" : 106.25,
    "dma100" : 95.50,
    "dma200" : 101.00,
    "volume" : 243200.00
  }, {
    "date" : "2025-08-25",
    "price" : 120.74,
    "dma50" : 106.81,
    "dma100" : 95.95,
    "dma200" : 101.20,
    "volume" : 142548.00
  }, {
    "date" : "2025-08-26",
    "price" : 115.52,
    "dma50" : 107.16,
    "dma100" : 96.28,
    "dma200" : 101.34,
    "volume" : 191936.00
  }, {
    "date" : "2025-08-28",
    "price" : 115.16,
    "dma50" : 107.47,
    "dma100" : 96.57,
    "dma200" : 101.48,
    "volume" : 119606.00
  }, {
    "date" : "2025-08-29",
    "price" : 112.24,
    "dma50" : 107.66,
    "dma100" : 96.79,
    "dma200" : 101.58,
    "volume" : 135301.00
  }, {
    "date" : "2025-09-01",
    "price" : 118.88,
    "dma50" : 108.10,
    "dma100" : 97.10,
    "dma200" : 101.76,
    "volume" : 1387795.00
  }, {
    "date" : "2025-09-02",
    "price" : 118.05,
    "dma50" : 108.49,
    "dma100" : 97.46,
    "dma200" : 101.92,
    "volume" : 257610.00
  }, {
    "date" : "2025-09-03",
    "price" : 118.77,
    "dma50" : 108.89,
    "dma100" : 97.84,
    "dma200" : 102.09,
    "volume" : 129565.00
  }, {
    "date" : "2025-09-04",
    "price" : 121.62,
    "dma50" : 109.39,
    "dma100" : 98.25,
    "dma200" : 102.28,
    "volume" : 539258.00
  }, {
    "date" : "2025-09-05",
    "price" : 117.62,
    "dma50" : 109.71,
    "dma100" : 98.62,
    "dma200" : 102.43,
    "volume" : 374186.00
  }, {
    "date" : "2025-09-08",
    "price" : 116.25,
    "dma50" : 109.97,
    "dma100" : 98.94,
    "dma200" : 102.57,
    "volume" : 146974.00
  }, {
    "date" : "2025-09-09",
    "price" : 117.27,
    "dma50" : 110.26,
    "dma100" : 99.27,
    "dma200" : 102.72,
    "volume" : 101957.00
  }, {
    "date" : "2025-09-10",
    "price" : 115.29,
    "dma50" : 110.45,
    "dma100" : 99.58,
    "dma200" : 102.84,
    "volume" : 86780.00
  }, {
    "date" : "2025-09-11",
    "price" : 114.86,
    "dma50" : 110.63,
    "dma100" : 99.87,
    "dma200" : 102.96,
    "volume" : 115531.00
  }, {
    "date" : "2025-09-12",
    "price" : 114.62,
    "dma50" : 110.78,
    "dma100" : 100.15,
    "dma200" : 103.08,
    "volume" : 69497.00
  }, {
    "date" : "2025-09-15",
    "price" : 113.27,
    "dma50" : 110.88,
    "dma100" : 100.42,
    "dma200" : 103.18,
    "volume" : 108412.00
  }, {
    "date" : "2025-09-16",
    "price" : 113.74,
    "dma50" : 110.99,
    "dma100" : 100.58,
    "dma200" : 103.28,
    "volume" : 93768.00
  }, {
    "date" : "2025-09-17",
    "price" : 112.58,
    "dma50" : 111.05,
    "dma100" : 100.79,
    "dma200" : 103.38,
    "volume" : 127483.00
  }, {
    "date" : "2025-09-18",
    "price" : 111.83,
    "dma50" : 111.08,
    "dma100" : 100.96,
    "dma200" : 103.46,
    "volume" : 77018.00
  }, {
    "date" : "2025-09-19",
    "price" : 110.07,
    "dma50" : 111.04,
    "dma100" : 101.13,
    "dma200" : 103.53,
    "volume" : 131798.00
  }, {
    "date" : "2025-09-22",
    "price" : 108.54,
    "dma50" : 110.95,
    "dma100" : 101.29,
    "dma200" : 103.58,
    "volume" : 133739.00
  }, {
    "date" : "2025-09-23",
    "price" : 107.64,
    "dma50" : 110.82,
    "dma100" : 101.48,
    "dma200" : 103.62,
    "volume" : 81515.00
  }, {
    "date" : "2025-09-24",
    "price" : 106.33,
    "dma50" : 110.64,
    "dma100" : 101.63,
    "dma200" : 103.64,
    "volume" : 117606.00
  }, {
    "date" : "2025-09-25",
    "price" : 105.34,
    "dma50" : 110.43,
    "dma100" : 101.81,
    "dma200" : 103.66,
    "volume" : 36828.00
  }, {
    "date" : "2025-09-26",
    "price" : 107.53,
    "dma50" : 110.32,
    "dma100" : 102.02,
    "dma200" : 103.70,
    "volume" : 455119.00
  }, {
    "date" : "2025-09-29",
    "price" : 105.29,
    "dma50" : 110.12,
    "dma100" : 102.22,
    "dma200" : 103.72,
    "volume" : 70929.00
  }, {
    "date" : "2025-09-30",
    "price" : 104.39,
    "dma50" : 109.90,
    "dma100" : 102.42,
    "dma200" : 103.72,
    "volume" : 34871.00
  }, {
    "date" : "2025-10-01",
    "price" : 108.91,
    "dma50" : 109.86,
    "dma100" : 102.60,
    "dma200" : 103.77,
    "volume" : 86031.00
  }, {
    "date" : "2025-10-03",
    "price" : 111.13,
    "dma50" : 109.91,
    "dma100" : 102.78,
    "dma200" : 103.85,
    "volume" : 108160.00
  }, {
    "date" : "2025-10-06",
    "price" : 107.60,
    "dma50" : 109.82,
    "dma100" : 102.92,
    "dma200" : 103.88,
    "volume" : 74275.00
  }, {
    "date" : "2025-10-07",
    "price" : 107.31,
    "dma50" : 109.72,
    "dma100" : 103.06,
    "dma200" : 103.92,
    "volume" : 61561.00
  }, {
    "date" : "2025-10-08",
    "price" : 105.74,
    "dma50" : 109.56,
    "dma100" : 103.17,
    "dma200" : 103.94,
    "volume" : 38225.00
  }, {
    "date" : "2025-10-09",
    "price" : 105.41,
    "dma50" : 109.40,
    "dma100" : 103.26,
    "dma200" : 103.95,
    "volume" : 113050.00
  }, {
    "date" : "2025-10-10",
    "price" : 105.66,
    "dma50" : 109.25,
    "dma100" : 103.38,
    "dma200" : 103.97,
    "volume" : 103419.00
  }, {
    "date" : "2025-10-13",
    "price" : 105.55,
    "dma50" : 109.11,
    "dma100" : 103.53,
    "dma200" : 103.98,
    "volume" : 53232.00
  }, {
    "date" : "2025-10-14",
    "price" : 102.29,
    "dma50" : 108.84,
    "dma100" : 103.63,
    "dma200" : 103.97,
    "volume" : 68048.00
  }, {
    "date" : "2025-10-15",
    "price" : 103.89,
    "dma50" : 108.65,
    "dma100" : 103.72,
    "dma200" : 103.97,
    "volume" : 29154.00
  }, {
    "date" : "2025-10-16",
    "price" : 103.23,
    "dma50" : 108.43,
    "dma100" : 103.83,
    "dma200" : 103.96,
    "volume" : 43143.00
  }, {
    "date" : "2025-10-17",
    "price" : 99.34,
    "dma50" : 108.08,
    "dma100" : 103.91,
    "dma200" : 103.91,
    "volume" : 183108.00
  }, {
    "date" : "2025-10-20",
    "price" : 102.35,
    "dma50" : 107.85,
    "dma100" : 104.03,
    "dma200" : 103.90,
    "volume" : 115908.00
  }, {
    "date" : "2025-10-21",
    "price" : 103.83,
    "dma50" : 107.70,
    "dma100" : 104.16,
    "dma200" : 103.90,
    "volume" : 18624.00
  }, {
    "date" : "2025-10-23",
    "price" : 101.64,
    "dma50" : 107.46,
    "dma100" : 104.28,
    "dma200" : 103.87,
    "volume" : 41575.00
  }, {
    "date" : "2025-10-24",
    "price" : 101.72,
    "dma50" : 107.23,
    "dma100" : 104.40,
    "dma200" : 103.85,
    "volume" : 50751.00
  }, {
    "date" : "2025-10-27",
    "price" : 103.58,
    "dma50" : 107.09,
    "dma100" : 104.54,
    "dma200" : 103.85,
    "volume" : 62718.00
  }, {
    "date" : "2025-10-28",
    "price" : 102.13,
    "dma50" : 106.90,
    "dma100" : 104.66,
    "dma200" : 103.83,
    "volume" : 68068.00
  }, {
    "date" : "2025-10-29",
    "price" : 101.15,
    "dma50" : 106.67,
    "dma100" : 104.78,
    "dma200" : 103.81,
    "volume" : 64091.00
  }, {
    "date" : "2025-10-30",
    "price" : 100.87,
    "dma50" : 106.44,
    "dma100" : 104.89,
    "dma200" : 103.78,
    "volume" : 86526.00
  }, {
    "date" : "2025-10-31",
    "price" : 101.04,
    "dma50" : 106.23,
    "dma100" : 104.99,
    "dma200" : 103.75,
    "volume" : 78001.00
  }, {
    "date" : "2025-11-03",
    "price" : 100.54,
    "dma50" : 106.01,
    "dma100" : 105.07,
    "dma200" : 103.72,
    "volume" : 46561.00
  }, {
    "date" : "2025-11-04",
    "price" : 99.72,
    "dma50" : 105.76,
    "dma100" : 105.15,
    "dma200" : 103.68,
    "volume" : 69231.00
  }, {
    "date" : "2025-11-06",
    "price" : 99.46,
    "dma50" : 105.51,
    "dma100" : 105.25,
    "dma200" : 103.64,
    "volume" : 85555.00
  }, {
    "date" : "2025-11-07",
    "price" : 97.65,
    "dma50" : 105.21,
    "dma100" : 105.34,
    "dma200" : 103.58,
    "volume" : 46538.00
  }, {
    "date" : "2025-11-10",
    "price" : 98.64,
    "dma50" : 104.95,
    "dma100" : 105.44,
    "dma200" : 103.53,
    "volume" : 77432.00
  }, {
    "date" : "2025-11-11",
    "price" : 97.22,
    "dma50" : 104.64,
    "dma100" : 105.54,
    "dma200" : 103.46,
    "volume" : 40472.00
  }, {
    "date" : "2025-11-12",
    "price" : 98.04,
    "dma50" : 104.39,
    "dma100" : 105.67,
    "dma200" : 103.41,
    "volume" : 51924.00
  }, {
    "date" : "2025-11-13",
    "price" : 98.01,
    "dma50" : 104.14,
    "dma100" : 105.80,
    "dma200" : 103.36,
    "volume" : 34987.00
  }, {
    "date" : "2025-11-14",
    "price" : 98.03,
    "dma50" : 103.90,
    "dma100" : 105.92,
    "dma200" : 103.30,
    "volume" : 48849.00
  }, {
    "date" : "2025-11-17",
    "price" : 96.56,
    "dma50" : 103.61,
    "dma100" : 106.02,
    "dma200" : 103.24,
    "volume" : 59357.00
  }, {
    "date" : "2025-11-18",
    "price" : 96.36,
    "dma50" : 103.32,
    "dma100" : 106.10,
    "dma200" : 103.17,
    "volume" : 25594.00
  }, {
    "date" : "2025-11-19",
    "price" : 96.47,
    "dma50" : 103.06,
    "dma100" : 106.19,
    "dma200" : 103.10,
    "volume" : 19763.00
  }, {
    "date" : "2025-11-20",
    "price" : 93.07,
    "dma50" : 102.66,
    "dma100" : 106.25,
    "dma200" : 103.00,
    "volume" : 99845.00
  }, {
    "date" : "2025-11-21",
    "price" : 92.36,
    "dma50" : 102.26,
    "dma100" : 106.23,
    "dma200" : 102.90,
    "volume" : 69570.00
  }, {
    "date" : "2025-11-24",
    "price" : 90.10,
    "dma50" : 101.78,
    "dma100" : 106.20,
    "dma200" : 102.77,
    "volume" : 79747.00
  }, {
    "date" : "2025-11-25",
    "price" : 90.32,
    "dma50" : 101.33,
    "dma100" : 106.20,
    "dma200" : 102.64,
    "volume" : 107031.00
  }, {
    "date" : "2025-11-26",
    "price" : 91.24,
    "dma50" : 100.94,
    "dma100" : 106.19,
    "dma200" : 102.53,
    "volume" : 61707.00
  } ],
  "latestTechnicalAttributes" : {
    "date" : "2025-11-26",
    "price" : 91.24,
    "dma50" : 100.94,
    "dma100" : 106.19,
    "dma200" : 102.53,
    "volume" : 61707.00
  },
  "quarterlyResults" : [ {
    "date" : "2005-03-31",
    "sales" : 56.96,
    "salesGrowthYoY" : null,
    "grossProfitMargin" : 37.90,
    "grossProfit" : 21.59,
    "operatingProfitMargin" : 13.45,
    "operatingProfit" : 7.66,
    "netProfitMargin" : -18.93,
    "netProfit" : -10.78
  }, {
    "date" : "2005-06-30",
    "sales" : 58.24,
    "salesGrowthYoY" : null,
    "grossProfitMargin" : 44.06,
    "grossProfit" : 25.66,
    "operatingProfitMargin" : 16.16,
    "operatingProfit" : 9.41,
    "netProfitMargin" : -29.98,
    "netProfit" : -17.46
  }, {
    "date" : "2005-09-30",
    "sales" : 50.97,
    "salesGrowthYoY" : null,
    "grossProfitMargin" : 42.12,
    "grossProfit" : 21.47,
    "operatingProfitMargin" : 13.32,
    "operatingProfit" : 6.79,
    "netProfitMargin" : -18.87,
    "netProfit" : -9.62
  }, {
    "date" : "2005-12-31",
    "sales" : 63.31,
    "salesGrowthYoY" : null,
    "grossProfitMargin" : 44.68,
    "grossProfit" : 28.29,
    "operatingProfitMargin" : 15.12,
    "operatingProfit" : 9.57,
    "netProfitMargin" : 8.73,
    "netProfit" : 5.53
  }, {
    "date" : "2006-03-31",
    "sales" : 56.76,
    "salesGrowthYoY" : -0.35,
    "grossProfitMargin" : 35.27,
    "grossProfit" : 20.02,
    "operatingProfitMargin" : -8.21,
    "operatingProfit" : -4.66,
    "netProfitMargin" : -28.26,
    "netProfit" : -16.04
  }, {
    "date" : "2006-06-30",
    "sales" : 89.01,
    "salesGrowthYoY" : 52.83,
    "grossProfitMargin" : 51.47,
    "grossProfit" : 45.81,
    "operatingProfitMargin" : 16.62,
    "operatingProfit" : 14.79,
    "netProfitMargin" : 8.88,
    "netProfit" : 7.90
  }, {
    "date" : "2006-09-30",
    "sales" : 85.25,
    "salesGrowthYoY" : 67.26,
    "grossProfitMargin" : 48.01,
    "grossProfit" : 40.93,
    "operatingProfitMargin" : 17.29,
    "operatingProfit" : 14.74,
    "netProfitMargin" : 4.56,
    "netProfit" : 3.89
  }, {
    "date" : "2006-12-31",
    "sales" : 87.88,
    "salesGrowthYoY" : 38.81,
    "grossProfitMargin" : 54.63,
    "grossProfit" : 48.01,
    "operatingProfitMargin" : 13.44,
    "operatingProfit" : 11.81,
    "netProfitMargin" : 15.78,
    "netProfit" : 13.87
  }, {
    "date" : "2007-03-31",
    "sales" : 105.18,
    "salesGrowthYoY" : 85.31,
    "grossProfitMargin" : 53.83,
    "grossProfit" : 56.62,
    "operatingProfitMargin" : 16.12,
    "operatingProfit" : 16.96,
    "netProfitMargin" : 6.96,
    "netProfit" : 7.32
  }, {
    "date" : "2007-06-30",
    "sales" : 131.23,
    "salesGrowthYoY" : 47.43,
    "grossProfitMargin" : 53.39,
    "grossProfit" : 70.06,
    "operatingProfitMargin" : 19.92,
    "operatingProfit" : 26.14,
    "netProfitMargin" : 10.97,
    "netProfit" : 14.40
  }, {
    "date" : "2007-09-30",
    "sales" : 91.13,
    "salesGrowthYoY" : 6.90,
    "grossProfitMargin" : 49.82,
    "grossProfit" : 45.40,
    "operatingProfitMargin" : 6.92,
    "operatingProfit" : 6.31,
    "netProfitMargin" : -3.98,
    "netProfit" : -3.63
  }, {
    "date" : "2007-12-31",
    "sales" : 110.74,
    "salesGrowthYoY" : 26.01,
    "grossProfitMargin" : 52.68,
    "grossProfit" : 58.34,
    "operatingProfitMargin" : 10.13,
    "operatingProfit" : 11.22,
    "netProfitMargin" : 0.42,
    "netProfit" : 0.47
  }, {
    "date" : "2008-03-31",
    "sales" : 167.80,
    "salesGrowthYoY" : 59.54,
    "grossProfitMargin" : 50.48,
    "grossProfit" : 84.71,
    "operatingProfitMargin" : 15.04,
    "operatingProfit" : 25.24,
    "netProfitMargin" : 5.45,
    "netProfit" : 9.15
  }, {
    "date" : "2008-06-30",
    "sales" : 111.99,
    "salesGrowthYoY" : -14.66,
    "grossProfitMargin" : 48.60,
    "grossProfit" : 54.43,
    "operatingProfitMargin" : 4.38,
    "operatingProfit" : 4.91,
    "netProfitMargin" : -8.38,
    "netProfit" : -9.38
  }, {
    "date" : "2008-09-30",
    "sales" : 104.14,
    "salesGrowthYoY" : 14.28,
    "grossProfitMargin" : 36.52,
    "grossProfit" : 38.03,
    "operatingProfitMargin" : -6.80,
    "operatingProfit" : -7.08,
    "netProfitMargin" : -12.64,
    "netProfit" : -13.16
  }, {
    "date" : "2008-12-31",
    "sales" : 140.63,
    "salesGrowthYoY" : 26.99,
    "grossProfitMargin" : 38.70,
    "grossProfit" : 54.42,
    "operatingProfitMargin" : 8.33,
    "operatingProfit" : 11.71,
    "netProfitMargin" : -1.76,
    "netProfit" : -2.48
  }, {
    "date" : "2009-03-31",
    "sales" : 150.40,
    "salesGrowthYoY" : -10.37,
    "grossProfitMargin" : 51.36,
    "grossProfit" : 77.25,
    "operatingProfitMargin" : 21.94,
    "operatingProfit" : 33.00,
    "netProfitMargin" : 6.86,
    "netProfit" : 10.32
  }, {
    "date" : "2009-06-30",
    "sales" : 144.09,
    "salesGrowthYoY" : 28.66,
    "grossProfitMargin" : 64.29,
    "grossProfit" : 92.64,
    "operatingProfitMargin" : 30.29,
    "operatingProfit" : 43.64,
    "netProfitMargin" : 12.06,
    "netProfit" : 17.38
  }, {
    "date" : "2009-09-30",
    "sales" : 70.94,
    "salesGrowthYoY" : -31.88,
    "grossProfitMargin" : 64.11,
    "grossProfit" : 45.48,
    "operatingProfitMargin" : -6.88,
    "operatingProfit" : -4.88,
    "netProfitMargin" : -23.26,
    "netProfit" : -16.50
  }, {
    "date" : "2009-12-31",
    "sales" : 106.46,
    "salesGrowthYoY" : -24.30,
    "grossProfitMargin" : 53.49,
    "grossProfit" : 56.95,
    "operatingProfitMargin" : 14.22,
    "operatingProfit" : 15.14,
    "netProfitMargin" : -2.16,
    "netProfit" : -2.30
  }, {
    "date" : "2010-03-31",
    "sales" : 122.98,
    "salesGrowthYoY" : -18.23,
    "grossProfitMargin" : 62.74,
    "grossProfit" : 77.16,
    "operatingProfitMargin" : 16.64,
    "operatingProfit" : 20.46,
    "netProfitMargin" : 3.51,
    "netProfit" : 4.32
  }, {
    "date" : "2010-06-30",
    "sales" : 101.65,
    "salesGrowthYoY" : -29.45,
    "grossProfitMargin" : 54.41,
    "grossProfit" : 55.31,
    "operatingProfitMargin" : 12.37,
    "operatingProfit" : 12.57,
    "netProfitMargin" : -2.15,
    "netProfit" : -2.19
  }, {
    "date" : "2010-09-30",
    "sales" : 72.12,
    "salesGrowthYoY" : 1.66,
    "grossProfitMargin" : 41.72,
    "grossProfit" : 30.09,
    "operatingProfitMargin" : -15.34,
    "operatingProfit" : -11.06,
    "netProfitMargin" : -32.32,
    "netProfit" : -23.31
  }, {
    "date" : "2010-12-31",
    "sales" : 89.94,
    "salesGrowthYoY" : -15.52,
    "grossProfitMargin" : 54.48,
    "grossProfit" : 49.00,
    "operatingProfitMargin" : 9.11,
    "operatingProfit" : 8.19,
    "netProfitMargin" : -6.70,
    "netProfit" : -6.03
  }, {
    "date" : "2011-03-31",
    "sales" : 131.09,
    "salesGrowthYoY" : 6.59,
    "grossProfitMargin" : 55.98,
    "grossProfit" : 73.38,
    "operatingProfitMargin" : 14.21,
    "operatingProfit" : 18.63,
    "netProfitMargin" : -21.76,
    "netProfit" : -28.53
  }, {
    "date" : "2011-06-30",
    "sales" : 121.30,
    "salesGrowthYoY" : 19.33,
    "grossProfitMargin" : 51.23,
    "grossProfit" : 62.14,
    "operatingProfitMargin" : 13.90,
    "operatingProfit" : 16.86,
    "netProfitMargin" : 0.82,
    "netProfit" : 0.99
  }, {
    "date" : "2011-09-30",
    "sales" : 96.04,
    "salesGrowthYoY" : 33.17,
    "grossProfitMargin" : 43.26,
    "grossProfit" : 41.55,
    "operatingProfitMargin" : -5.62,
    "operatingProfit" : -5.40,
    "netProfitMargin" : -22.91,
    "netProfit" : -22.00
  }, {
    "date" : "2011-12-31",
    "sales" : 95.48,
    "salesGrowthYoY" : 6.16,
    "grossProfitMargin" : 50.81,
    "grossProfit" : 48.51,
    "operatingProfitMargin" : -0.07,
    "operatingProfit" : -0.07,
    "netProfitMargin" : -16.07,
    "netProfit" : -15.34
  }, {
    "date" : "2012-03-31",
    "sales" : 125.81,
    "salesGrowthYoY" : -4.03,
    "grossProfitMargin" : 61.12,
    "grossProfit" : 76.90,
    "operatingProfitMargin" : 24.54,
    "operatingProfit" : 30.87,
    "netProfitMargin" : 13.72,
    "netProfit" : 17.26
  }, {
    "date" : "2012-06-30",
    "sales" : 141.63,
    "salesGrowthYoY" : 16.76,
    "grossProfitMargin" : 54.87,
    "grossProfit" : 77.71,
    "operatingProfitMargin" : 22.44,
    "operatingProfit" : 31.78,
    "netProfitMargin" : 11.72,
    "netProfit" : 16.60
  }, {
    "date" : "2012-09-30",
    "sales" : 127.36,
    "salesGrowthYoY" : 32.61,
    "grossProfitMargin" : 58.91,
    "grossProfit" : 75.03,
    "operatingProfitMargin" : 14.72,
    "operatingProfit" : 18.75,
    "netProfitMargin" : 5.87,
    "netProfit" : 7.48
  }, {
    "date" : "2012-12-31",
    "sales" : 139.56,
    "salesGrowthYoY" : 46.17,
    "grossProfitMargin" : 62.53,
    "grossProfit" : 87.27,
    "operatingProfitMargin" : 24.38,
    "operatingProfit" : 34.02,
    "netProfitMargin" : 13.06,
    "netProfit" : 18.23
  }, {
    "date" : "2013-03-31",
    "sales" : 129.36,
    "salesGrowthYoY" : 2.82,
    "grossProfitMargin" : 63.96,
    "grossProfit" : 82.74,
    "operatingProfitMargin" : 21.91,
    "operatingProfit" : 28.34,
    "netProfitMargin" : 6.99,
    "netProfit" : 9.04
  }, {
    "date" : "2013-06-30",
    "sales" : 102.70,
    "salesGrowthYoY" : -27.49,
    "grossProfitMargin" : 65.45,
    "grossProfit" : 67.22,
    "operatingProfitMargin" : 11.61,
    "operatingProfit" : 11.92,
    "netProfitMargin" : 2.65,
    "netProfit" : 2.72
  }, {
    "date" : "2013-09-30",
    "sales" : 108.26,
    "salesGrowthYoY" : -15.00,
    "grossProfitMargin" : 52.48,
    "grossProfit" : 56.81,
    "operatingProfitMargin" : -2.07,
    "operatingProfit" : -2.24,
    "netProfitMargin" : -10.24,
    "netProfit" : -11.09
  }, {
    "date" : "2013-12-31",
    "sales" : 143.49,
    "salesGrowthYoY" : 2.82,
    "grossProfitMargin" : 53.19,
    "grossProfit" : 76.32,
    "operatingProfitMargin" : 13.91,
    "operatingProfit" : 19.96,
    "netProfitMargin" : 7.39,
    "netProfit" : 10.60
  }, {
    "date" : "2014-03-31",
    "sales" : 176.90,
    "salesGrowthYoY" : 36.75,
    "grossProfitMargin" : 55.40,
    "grossProfit" : 98.00,
    "operatingProfitMargin" : 16.19,
    "operatingProfit" : 28.64,
    "netProfitMargin" : 10.41,
    "netProfit" : 18.42
  }, {
    "date" : "2014-06-30",
    "sales" : 164.77,
    "salesGrowthYoY" : 60.44,
    "grossProfitMargin" : 59.70,
    "grossProfit" : 98.37,
    "operatingProfitMargin" : 23.34,
    "operatingProfit" : 38.46,
    "netProfitMargin" : 7.60,
    "netProfit" : 12.52
  }, {
    "date" : "2014-09-30",
    "sales" : 127.38,
    "salesGrowthYoY" : 17.66,
    "grossProfitMargin" : 61.14,
    "grossProfit" : 77.88,
    "operatingProfitMargin" : 5.93,
    "operatingProfit" : 7.55,
    "netProfitMargin" : 1.52,
    "netProfit" : 1.94
  }, {
    "date" : "2014-12-31",
    "sales" : 132.87,
    "salesGrowthYoY" : -7.40,
    "grossProfitMargin" : 61.99,
    "grossProfit" : 82.37,
    "operatingProfitMargin" : 14.21,
    "operatingProfit" : 18.88,
    "netProfitMargin" : 8.85,
    "netProfit" : 11.76
  }, {
    "date" : "2015-03-31",
    "sales" : 137.69,
    "salesGrowthYoY" : -22.17,
    "grossProfitMargin" : 68.19,
    "grossProfit" : 93.89,
    "operatingProfitMargin" : 17.69,
    "operatingProfit" : 24.36,
    "netProfitMargin" : 12.39,
    "netProfit" : 17.06
  }, {
    "date" : "2015-06-30",
    "sales" : 129.58,
    "salesGrowthYoY" : -21.36,
    "grossProfitMargin" : 65.13,
    "grossProfit" : 84.40,
    "operatingProfitMargin" : 12.52,
    "operatingProfit" : 16.22,
    "netProfitMargin" : 7.14,
    "netProfit" : 9.25
  }, {
    "date" : "2015-09-30",
    "sales" : 129.20,
    "salesGrowthYoY" : 1.43,
    "grossProfitMargin" : 66.90,
    "grossProfit" : 86.43,
    "operatingProfitMargin" : 12.34,
    "operatingProfit" : 15.94,
    "netProfitMargin" : 8.00,
    "netProfit" : 10.34
  }, {
    "date" : "2015-12-31",
    "sales" : 125.84,
    "salesGrowthYoY" : -5.29,
    "grossProfitMargin" : 64.02,
    "grossProfit" : 80.56,
    "operatingProfitMargin" : 0.05,
    "operatingProfit" : 0.06,
    "netProfitMargin" : -2.03,
    "netProfit" : -2.55
  }, {
    "date" : "2016-03-31",
    "sales" : 145.09,
    "salesGrowthYoY" : 5.37,
    "grossProfitMargin" : 69.39,
    "grossProfit" : 100.68,
    "operatingProfitMargin" : 21.19,
    "operatingProfit" : 30.74,
    "netProfitMargin" : 13.52,
    "netProfit" : 19.62
  }, {
    "date" : "2016-06-30",
    "sales" : 143.32,
    "salesGrowthYoY" : 10.60,
    "grossProfitMargin" : 69.75,
    "grossProfit" : 99.97,
    "operatingProfitMargin" : 21.32,
    "operatingProfit" : 30.56,
    "netProfitMargin" : 15.09,
    "netProfit" : 21.63
  }, {
    "date" : "2016-09-30",
    "sales" : 110.73,
    "salesGrowthYoY" : -14.30,
    "grossProfitMargin" : 68.75,
    "grossProfit" : 76.13,
    "operatingProfitMargin" : 7.75,
    "operatingProfit" : 8.58,
    "netProfitMargin" : 3.97,
    "netProfit" : 4.40
  }, {
    "date" : "2016-12-31",
    "sales" : 112.00,
    "salesGrowthYoY" : -11.00,
    "grossProfitMargin" : 54.74,
    "grossProfit" : 61.31,
    "operatingProfitMargin" : -15.43,
    "operatingProfit" : -17.28,
    "netProfitMargin" : -14.71,
    "netProfit" : -16.48
  }, {
    "date" : "2017-03-31",
    "sales" : 107.07,
    "salesGrowthYoY" : -26.20,
    "grossProfitMargin" : 95.11,
    "grossProfit" : 101.83,
    "operatingProfitMargin" : 7.15,
    "operatingProfit" : 7.66,
    "netProfitMargin" : 4.20,
    "netProfit" : 4.50
  }, {
    "date" : "2017-06-30",
    "sales" : 139.10,
    "salesGrowthYoY" : -2.94,
    "grossProfitMargin" : 94.47,
    "grossProfit" : 131.41,
    "operatingProfitMargin" : 21.04,
    "operatingProfit" : 29.27,
    "netProfitMargin" : 16.41,
    "netProfit" : 22.83
  }, {
    "date" : "2017-09-30",
    "sales" : 115.09,
    "salesGrowthYoY" : 3.94,
    "grossProfitMargin" : 103.56,
    "grossProfit" : 119.19,
    "operatingProfitMargin" : 12.14,
    "operatingProfit" : 13.97,
    "netProfitMargin" : 8.75,
    "netProfit" : 10.07
  }, {
    "date" : "2017-12-31",
    "sales" : 142.35,
    "salesGrowthYoY" : 27.10,
    "grossProfitMargin" : 97.35,
    "grossProfit" : 138.58,
    "operatingProfitMargin" : 4.13,
    "operatingProfit" : 5.88,
    "netProfitMargin" : 2.33,
    "netProfit" : 3.32
  }, {
    "date" : "2018-03-31",
    "sales" : 178.53,
    "salesGrowthYoY" : 66.74,
    "grossProfitMargin" : 77.82,
    "grossProfit" : 138.93,
    "operatingProfitMargin" : 0.44,
    "operatingProfit" : 0.79,
    "netProfitMargin" : 14.74,
    "netProfit" : 26.32
  }, {
    "date" : "2018-06-30",
    "sales" : 167.96,
    "salesGrowthYoY" : 20.75,
    "grossProfitMargin" : 85.85,
    "grossProfit" : 144.19,
    "operatingProfitMargin" : 5.69,
    "operatingProfit" : 9.56,
    "netProfitMargin" : 2.94,
    "netProfit" : 4.94
  }, {
    "date" : "2018-09-30",
    "sales" : 134.32,
    "salesGrowthYoY" : 16.71,
    "grossProfitMargin" : 92.70,
    "grossProfit" : 124.51,
    "operatingProfitMargin" : -0.11,
    "operatingProfit" : -0.15,
    "netProfitMargin" : -2.77,
    "netProfit" : -3.72
  }, {
    "date" : "2018-12-31",
    "sales" : 158.47,
    "salesGrowthYoY" : 11.32,
    "grossProfitMargin" : 85.28,
    "grossProfit" : 135.14,
    "operatingProfitMargin" : 0.24,
    "operatingProfit" : 0.38,
    "netProfitMargin" : 1.96,
    "netProfit" : 3.11
  }, {
    "date" : "2019-03-31",
    "sales" : 160.61,
    "salesGrowthYoY" : -10.04,
    "grossProfitMargin" : 79.09,
    "grossProfit" : 127.03,
    "operatingProfitMargin" : -3.32,
    "operatingProfit" : -5.33,
    "netProfitMargin" : -3.37,
    "netProfit" : -5.41
  }, {
    "date" : "2019-06-30",
    "sales" : 150.77,
    "salesGrowthYoY" : -10.23,
    "grossProfitMargin" : 95.79,
    "grossProfit" : 144.42,
    "operatingProfitMargin" : 15.45,
    "operatingProfit" : 23.29,
    "netProfitMargin" : 10.37,
    "netProfit" : 15.63
  }, {
    "date" : "2019-09-30",
    "sales" : 128.30,
    "salesGrowthYoY" : -4.48,
    "grossProfitMargin" : 95.17,
    "grossProfit" : 122.10,
    "operatingProfitMargin" : 19.01,
    "operatingProfit" : 24.39,
    "netProfitMargin" : 11.99,
    "netProfit" : 15.38
  }, {
    "date" : "2019-12-31",
    "sales" : 152.19,
    "salesGrowthYoY" : -3.96,
    "grossProfitMargin" : 91.52,
    "grossProfit" : 139.28,
    "operatingProfitMargin" : 19.84,
    "operatingProfit" : 30.19,
    "netProfitMargin" : 12.45,
    "netProfit" : 18.95
  }, {
    "date" : "2020-03-31",
    "sales" : 176.93,
    "salesGrowthYoY" : 10.16,
    "grossProfitMargin" : 65.31,
    "grossProfit" : 115.55,
    "operatingProfitMargin" : 17.76,
    "operatingProfit" : 31.42,
    "netProfitMargin" : 9.25,
    "netProfit" : 16.37
  }, {
    "date" : "2020-06-30",
    "sales" : 97.47,
    "salesGrowthYoY" : -35.35,
    "grossProfitMargin" : 97.37,
    "grossProfit" : 94.91,
    "operatingProfitMargin" : 14.77,
    "operatingProfit" : 14.40,
    "netProfitMargin" : 8.48,
    "netProfit" : 8.27
  }, {
    "date" : "2020-09-30",
    "sales" : 126.52,
    "salesGrowthYoY" : -1.39,
    "grossProfitMargin" : 61.38,
    "grossProfit" : 77.66,
    "operatingProfitMargin" : 14.26,
    "operatingProfit" : 18.04,
    "netProfitMargin" : 9.29,
    "netProfit" : 11.75
  }, {
    "date" : "2020-12-31",
    "sales" : 206.47,
    "salesGrowthYoY" : 35.67,
    "grossProfitMargin" : 60.50,
    "grossProfit" : 124.91,
    "operatingProfitMargin" : 16.53,
    "operatingProfit" : 34.13,
    "netProfitMargin" : 10.02,
    "netProfit" : 20.69
  }, {
    "date" : "2021-03-31",
    "sales" : 243.25,
    "salesGrowthYoY" : 37.48,
    "grossProfitMargin" : 61.32,
    "grossProfit" : 149.16,
    "operatingProfitMargin" : 19.78,
    "operatingProfit" : 48.11,
    "netProfitMargin" : 13.02,
    "netProfit" : 31.67
  }, {
    "date" : "2021-06-30",
    "sales" : 164.99,
    "salesGrowthYoY" : 69.27,
    "grossProfitMargin" : 59.94,
    "grossProfit" : 98.90,
    "operatingProfitMargin" : 14.27,
    "operatingProfit" : 23.54,
    "netProfitMargin" : 7.82,
    "netProfit" : 12.90
  }, {
    "date" : "2021-09-30",
    "sales" : 177.55,
    "salesGrowthYoY" : 40.33,
    "grossProfitMargin" : 50.82,
    "grossProfit" : 90.23,
    "operatingProfitMargin" : -4.26,
    "operatingProfit" : -7.56,
    "netProfitMargin" : -4.07,
    "netProfit" : -7.23
  }, {
    "date" : "2021-12-31",
    "sales" : 192.25,
    "salesGrowthYoY" : -6.89,
    "grossProfitMargin" : 49.41,
    "grossProfit" : 94.99,
    "operatingProfitMargin" : 5.97,
    "operatingProfit" : 11.48,
    "netProfitMargin" : 2.12,
    "netProfit" : 4.08
  }, {
    "date" : "2022-03-31",
    "sales" : 429.58,
    "salesGrowthYoY" : 76.60,
    "grossProfitMargin" : 40.13,
    "grossProfit" : 172.39,
    "operatingProfitMargin" : 0.71,
    "operatingProfit" : 3.05,
    "netProfitMargin" : -0.77,
    "netProfit" : -3.31
  }, {
    "date" : "2022-06-30",
    "sales" : 402.93,
    "salesGrowthYoY" : 144.21,
    "grossProfitMargin" : 39.18,
    "grossProfit" : 157.87,
    "operatingProfitMargin" : 3.71,
    "operatingProfit" : 14.95,
    "netProfitMargin" : 1.09,
    "netProfit" : 4.39
  }, {
    "date" : "2022-09-30",
    "sales" : 328.57,
    "salesGrowthYoY" : 85.06,
    "grossProfitMargin" : 33.09,
    "grossProfit" : 108.72,
    "operatingProfitMargin" : -14.27,
    "operatingProfit" : -46.89,
    "netProfitMargin" : -11.58,
    "netProfit" : -38.05
  }, {
    "date" : "2022-12-31",
    "sales" : 442.38,
    "salesGrowthYoY" : 130.11,
    "grossProfitMargin" : 39.79,
    "grossProfit" : 176.02,
    "operatingProfitMargin" : 1.77,
    "operatingProfit" : 7.83,
    "netProfitMargin" : -0.65,
    "netProfit" : -2.88
  }, {
    "date" : "2023-03-31",
    "sales" : 471.42,
    "salesGrowthYoY" : 9.74,
    "grossProfitMargin" : 40.93,
    "grossProfit" : 192.95,
    "operatingProfitMargin" : 6.33,
    "operatingProfit" : 29.84,
    "netProfitMargin" : 3.04,
    "netProfit" : 14.33
  }, {
    "date" : "2023-06-30",
    "sales" : 446.11,
    "salesGrowthYoY" : 10.72,
    "grossProfitMargin" : 41.63,
    "grossProfit" : 185.72,
    "operatingProfitMargin" : 6.97,
    "operatingProfit" : 31.09,
    "netProfitMargin" : 3.35,
    "netProfit" : 14.94
  }, {
    "date" : "2023-09-30",
    "sales" : 374.86,
    "salesGrowthYoY" : 14.09,
    "grossProfitMargin" : 46.32,
    "grossProfit" : 173.64,
    "operatingProfitMargin" : 2.84,
    "operatingProfit" : 10.65,
    "netProfitMargin" : 0.02,
    "netProfit" : 0.07
  }, {
    "date" : "2023-12-31",
    "sales" : 446.69,
    "salesGrowthYoY" : 0.97,
    "grossProfitMargin" : 49.29,
    "grossProfit" : 220.17,
    "operatingProfitMargin" : 9.64,
    "operatingProfit" : 43.06,
    "netProfitMargin" : 4.98,
    "netProfit" : 22.25
  }, {
    "date" : "2024-03-31",
    "sales" : 497.49,
    "salesGrowthYoY" : 5.53,
    "grossProfitMargin" : 49.27,
    "grossProfit" : 245.11,
    "operatingProfitMargin" : 9.03,
    "operatingProfit" : 44.92,
    "netProfitMargin" : 6.37,
    "netProfit" : 31.69
  }, {
    "date" : "2024-06-30",
    "sales" : 385.80,
    "salesGrowthYoY" : -13.52,
    "grossProfitMargin" : 48.91,
    "grossProfit" : 188.69,
    "operatingProfitMargin" : 5.97,
    "operatingProfit" : 23.03,
    "netProfitMargin" : 2.54,
    "netProfit" : 9.80
  }, {
    "date" : "2024-09-30",
    "sales" : 296.28,
    "salesGrowthYoY" : -20.96,
    "grossProfitMargin" : 41.17,
    "grossProfit" : 121.98,
    "operatingProfitMargin" : -13.47,
    "operatingProfit" : -39.91,
    "netProfitMargin" : -10.63,
    "netProfit" : -31.49
  }, {
    "date" : "2024-12-31",
    "sales" : 377.50,
    "salesGrowthYoY" : -15.49,
    "grossProfitMargin" : 45.65,
    "grossProfit" : 172.33,
    "operatingProfitMargin" : 2.04,
    "operatingProfit" : 7.70,
    "netProfitMargin" : -1.17,
    "netProfit" : -4.42
  }, {
    "date" : "2025-03-31",
    "sales" : 478.05,
    "salesGrowthYoY" : -3.91,
    "grossProfitMargin" : 49.01,
    "grossProfit" : 234.29,
    "operatingProfitMargin" : 11.04,
    "operatingProfit" : 52.78,
    "netProfitMargin" : 5.75,
    "netProfit" : 27.49
  }, {
    "date" : "2025-06-30",
    "sales" : 423.57,
    "salesGrowthYoY" : 9.79,
    "grossProfitMargin" : 49.76,
    "grossProfit" : 210.77,
    "operatingProfitMargin" : 8.20,
    "operatingProfit" : 34.73,
    "netProfitMargin" : 3.96,
    "netProfit" : 16.77
  }, {
    "date" : "2025-09-30",
    "sales" : 385.64,
    "salesGrowthYoY" : 30.16,
    "grossProfitMargin" : 45.64,
    "grossProfit" : 176.01,
    "operatingProfitMargin" : -2.54,
    "operatingProfit" : -9.80,
    "netProfitMargin" : -2.86,
    "netProfit" : -11.03
  } ],
  "latestQuarterlyResult" : {
    "date" : "2025-09-30",
    "sales" : 385.64,
    "salesGrowthYoY" : 30.16,
    "grossProfitMargin" : 45.64,
    "grossProfit" : 176.01,
    "operatingProfitMargin" : -2.54,
    "operatingProfit" : -9.80,
    "netProfitMargin" : -2.86,
    "netProfit" : -11.03
  },
  "companyScore" : {
    "priceHigherThanDma50" : 0.00,
    "priceHigherThanDma100" : 0.00,
    "priceHigherThanDma200" : 0.00,
    "dma50HigherThanDma100" : 0.00,
    "dma50HigherThanDma200" : 0.00,
    "dma100HigherThanDma200" : 5.00,
    "pricePercentageAboveDma50" : 5.48,
    "pricePercentageAboveDma100" : 5.70,
    "pricePercentageAboveDma200" : 5.55,
    "weeklyVolumeHigherThanYearlyVolume" : 0.00,
    "salesGrowthPercentile" : 14.94,
    "operatingProfitMarginPercentile" : 5.64,
    "netProfitMarginPercentile" : 6.05,
    "totalTechnicalScore" : 21.74,
    "totalFundamentalScore" : 26.62,
    "totalScore" : 48.36
  }
}