{
  "metadata" : {
    "screenerCompanyId" : "2992",
    "companyCode" : "SBCL",
    "companyName" : "Shivalik Bimetal",
    "screenerCompanyLink" : "https://www.screener.in/company/SBCL/consolidated/",
    "screenerTechnicalHistoryLink" : "https://www.screener.in/api/company/2992/chart/?q=Price-DMA50-DMA200-Volume&days=365",
    "screenerQuarterlyResultsLink" : "https://www.screener.in/api/company/2992/chart/?q=GPM-OPM-NPM-Quarter+Sales&days=10000",
    "attributes" : {
      "companyCode" : "SBCL",
      "companyName" : "Shivalik Bimetal",
      "marketCap" : 2972.00,
      "peRatio" : 32.50,
      "description" : "Incorporated in 1984, Shivalik Bimetal Control Ltd. manufactures thermostatic bimetal/trimetal strips, components, shunt resistors and clad metals. [1]"
    },
    "companyScore" : {
      "priceHigherThanDma50" : 5.00,
      "priceHigherThanDma100" : 5.00,
      "priceHigherThanDma200" : 5.00,
      "dma50HigherThanDma100" : 0.00,
      "dma50HigherThanDma200" : 0.00,
      "dma100HigherThanDma200" : 0.00,
      "pricePercentageAboveDma50" : 4.26,
      "pricePercentageAboveDma100" : 4.46,
      "pricePercentageAboveDma200" : 4.63,
      "weeklyVolumeHigherThanYearlyVolume" : 5.00,
      "salesGrowthPercentile" : 7.75,
      "operatingProfitMarginPercentile" : 19.45,
      "netProfitMarginPercentile" : 9.88,
      "totalTechnicalScore" : 33.35,
      "totalFundamentalScore" : 37.08,
      "totalScore" : 70.43
    }
  },
  "attributes" : {
    "companyCode" : "SBCL",
    "companyName" : "Shivalik Bimetal",
    "marketCap" : 2972.00,
    "peRatio" : 32.50,
    "description" : "Incorporated in 1984, Shivalik Bimetal Control Ltd. manufactures thermostatic bimetal/trimetal strips, components, shunt resistors and clad metals. [1]"
  },
  "technicalHistory" : [ {
    "date" : "2025-02-11",
    "price" : 497.65,
    "dma50" : 548.04,
    "dma100" : null,
    "dma200" : 574.61,
    "volume" : 131074.00
  }, {
    "date" : "2025-02-12",
    "price" : 483.85,
    "dma50" : 545.52,
    "dma100" : null,
    "dma200" : 573.71,
    "volume" : 117403.00
  }, {
    "date" : "2025-02-13",
    "price" : 463.15,
    "dma50" : 542.29,
    "dma100" : null,
    "dma200" : 572.61,
    "volume" : 236197.00
  }, {
    "date" : "2025-02-14",
    "price" : 483.45,
    "dma50" : 539.99,
    "dma100" : null,
    "dma200" : 571.72,
    "volume" : 329422.00
  }, {
    "date" : "2025-02-17",
    "price" : 443.20,
    "dma50" : 536.19,
    "dma100" : null,
    "dma200" : 570.44,
    "volume" : 301170.00
  }, {
    "date" : "2025-02-18",
    "price" : 455.00,
    "dma50" : 533.01,
    "dma100" : null,
    "dma200" : 569.30,
    "volume" : 193558.00
  }, {
    "date" : "2025-02-19",
    "price" : 471.75,
    "dma50" : 530.60,
    "dma100" : null,
    "dma200" : 568.32,
    "volume" : 251018.00
  }, {
    "date" : "2025-02-20",
    "price" : 481.65,
    "dma50" : 528.68,
    "dma100" : null,
    "dma200" : 567.46,
    "volume" : 185311.00
  }, {
    "date" : "2025-02-21",
    "price" : 450.40,
    "dma50" : 525.61,
    "dma100" : null,
    "dma200" : 566.30,
    "volume" : 219768.00
  }, {
    "date" : "2025-02-24",
    "price" : 449.90,
    "dma50" : 522.64,
    "dma100" : null,
    "dma200" : 565.14,
    "volume" : 213979.00
  }, {
    "date" : "2025-02-25",
    "price" : 451.25,
    "dma50" : 519.85,
    "dma100" : null,
    "dma200" : 564.01,
    "volume" : 172594.00
  }, {
    "date" : "2025-02-27",
    "price" : 433.50,
    "dma50" : 516.46,
    "dma100" : null,
    "dma200" : 562.71,
    "volume" : 317339.00
  }, {
    "date" : "2025-02-28",
    "price" : 406.10,
    "dma50" : 512.13,
    "dma100" : null,
    "dma200" : 561.15,
    "volume" : 845662.00
  }, {
    "date" : "2025-03-03",
    "price" : 421.80,
    "dma50" : 508.59,
    "dma100" : null,
    "dma200" : 559.76,
    "volume" : 279123.00
  }, {
    "date" : "2025-03-04",
    "price" : 412.10,
    "dma50" : 504.81,
    "dma100" : null,
    "dma200" : 558.29,
    "volume" : 359212.00
  }, {
    "date" : "2025-03-05",
    "price" : 425.80,
    "dma50" : 501.71,
    "dma100" : null,
    "dma200" : 556.98,
    "volume" : 180070.00
  }, {
    "date" : "2025-03-06",
    "price" : 451.15,
    "dma50" : 499.72,
    "dma100" : null,
    "dma200" : 555.92,
    "volume" : 216579.00
  }, {
    "date" : "2025-03-07",
    "price" : 469.35,
    "dma50" : 498.53,
    "dma100" : null,
    "dma200" : 555.06,
    "volume" : 169750.00
  }, {
    "date" : "2025-03-10",
    "price" : 471.55,
    "dma50" : 497.47,
    "dma100" : null,
    "dma200" : 554.23,
    "volume" : 191604.00
  }, {
    "date" : "2025-03-11",
    "price" : 460.30,
    "dma50" : 496.02,
    "dma100" : null,
    "dma200" : 553.30,
    "volume" : 211841.00
  }, {
    "date" : "2025-03-12",
    "price" : 440.45,
    "dma50" : 493.84,
    "dma100" : null,
    "dma200" : 552.17,
    "volume" : 143859.00
  }, {
    "date" : "2025-03-13",
    "price" : 436.25,
    "dma50" : 491.58,
    "dma100" : null,
    "dma200" : 551.02,
    "volume" : 122672.00
  }, {
    "date" : "2025-03-17",
    "price" : 422.30,
    "dma50" : 488.86,
    "dma100" : null,
    "dma200" : 549.74,
    "volume" : 176836.00
  }, {
    "date" : "2025-03-18",
    "price" : 441.10,
    "dma50" : 486.99,
    "dma100" : null,
    "dma200" : 548.66,
    "volume" : 100974.00
  }, {
    "date" : "2025-03-19",
    "price" : 464.15,
    "dma50" : 486.09,
    "dma100" : null,
    "dma200" : 547.82,
    "volume" : 79241.00
  }, {
    "date" : "2025-03-20",
    "price" : 468.55,
    "dma50" : 485.41,
    "dma100" : null,
    "dma200" : 547.03,
    "volume" : 97493.00
  }, {
    "date" : "2025-03-21",
    "price" : 483.55,
    "dma50" : 485.33,
    "dma100" : null,
    "dma200" : 546.40,
    "volume" : 109645.00
  }, {
    "date" : "2025-03-24",
    "price" : 478.45,
    "dma50" : 485.06,
    "dma100" : null,
    "dma200" : 545.72,
    "volume" : 95033.00
  }, {
    "date" : "2025-03-25",
    "price" : 460.70,
    "dma50" : 484.11,
    "dma100" : null,
    "dma200" : 544.87,
    "volume" : 99437.00
  }, {
    "date" : "2025-03-26",
    "price" : 449.80,
    "dma50" : 482.76,
    "dma100" : null,
    "dma200" : 543.93,
    "volume" : 103614.00
  }, {
    "date" : "2025-03-27",
    "price" : 451.35,
    "dma50" : 481.53,
    "dma100" : null,
    "dma200" : 543.01,
    "volume" : 124732.00
  }, {
    "date" : "2025-03-28",
    "price" : 462.05,
    "dma50" : 480.77,
    "dma100" : null,
    "dma200" : 542.20,
    "volume" : 108212.00
  }, {
    "date" : "2025-04-01",
    "price" : 460.65,
    "dma50" : 479.98,
    "dma100" : null,
    "dma200" : 541.39,
    "volume" : 70485.00
  }, {
    "date" : "2025-04-02",
    "price" : 455.85,
    "dma50" : 479.03,
    "dma100" : null,
    "dma200" : 540.54,
    "volume" : 59678.00
  }, {
    "date" : "2025-04-03",
    "price" : 456.75,
    "dma50" : 478.16,
    "dma100" : null,
    "dma200" : 539.70,
    "volume" : 45488.00
  }, {
    "date" : "2025-04-04",
    "price" : 423.45,
    "dma50" : 476.01,
    "dma100" : null,
    "dma200" : 538.55,
    "volume" : 185149.00
  }, {
    "date" : "2025-04-07",
    "price" : 399.55,
    "dma50" : 473.01,
    "dma100" : null,
    "dma200" : 537.16,
    "volume" : 218266.00
  }, {
    "date" : "2025-04-08",
    "price" : 398.65,
    "dma50" : 470.10,
    "dma100" : null,
    "dma200" : 535.79,
    "volume" : 116583.00
  }, {
    "date" : "2025-04-09",
    "price" : 385.60,
    "dma50" : 466.78,
    "dma100" : null,
    "dma200" : 534.29,
    "volume" : 122478.00
  }, {
    "date" : "2025-04-11",
    "price" : 401.05,
    "dma50" : 464.21,
    "dma100" : null,
    "dma200" : 532.97,
    "volume" : 791657.00
  }, {
    "date" : "2025-04-15",
    "price" : 414.40,
    "dma50" : 462.25,
    "dma100" : null,
    "dma200" : 531.79,
    "volume" : 189596.00
  }, {
    "date" : "2025-04-16",
    "price" : 435.45,
    "dma50" : 461.20,
    "dma100" : null,
    "dma200" : 530.83,
    "volume" : 263304.00
  }, {
    "date" : "2025-04-17",
    "price" : 440.25,
    "dma50" : 460.38,
    "dma100" : null,
    "dma200" : 529.93,
    "volume" : 84983.00
  }, {
    "date" : "2025-04-21",
    "price" : 450.10,
    "dma50" : 459.98,
    "dma100" : null,
    "dma200" : 529.13,
    "volume" : 65009.00
  }, {
    "date" : "2025-04-22",
    "price" : 464.45,
    "dma50" : 460.15,
    "dma100" : null,
    "dma200" : 528.49,
    "volume" : 108176.00
  }, {
    "date" : "2025-04-23",
    "price" : 455.40,
    "dma50" : 459.97,
    "dma100" : null,
    "dma200" : 527.76,
    "volume" : 124048.00
  }, {
    "date" : "2025-04-24",
    "price" : 467.15,
    "dma50" : 460.25,
    "dma100" : null,
    "dma200" : 527.16,
    "volume" : 388271.00
  }, {
    "date" : "2025-04-25",
    "price" : 456.50,
    "dma50" : 460.10,
    "dma100" : null,
    "dma200" : 526.46,
    "volume" : 179225.00
  }, {
    "date" : "2025-04-28",
    "price" : 448.10,
    "dma50" : 459.63,
    "dma100" : null,
    "dma200" : 525.68,
    "volume" : 72011.00
  }, {
    "date" : "2025-04-29",
    "price" : 451.05,
    "dma50" : 459.29,
    "dma100" : null,
    "dma200" : 524.93,
    "volume" : 84139.00
  }, {
    "date" : "2025-04-30",
    "price" : 437.95,
    "dma50" : 458.46,
    "dma100" : null,
    "dma200" : 524.07,
    "volume" : 49708.00
  }, {
    "date" : "2025-05-02",
    "price" : 431.50,
    "dma50" : 457.40,
    "dma100" : null,
    "dma200" : 523.15,
    "volume" : 54779.00
  }, {
    "date" : "2025-05-05",
    "price" : 434.25,
    "dma50" : 456.49,
    "dma100" : null,
    "dma200" : 522.26,
    "volume" : 41720.00
  }, {
    "date" : "2025-05-06",
    "price" : 420.50,
    "dma50" : 455.08,
    "dma100" : null,
    "dma200" : 521.25,
    "volume" : 70473.00
  }, {
    "date" : "2025-05-07",
    "price" : 419.65,
    "dma50" : 453.69,
    "dma100" : null,
    "dma200" : 520.24,
    "volume" : 48336.00
  }, {
    "date" : "2025-05-08",
    "price" : 413.90,
    "dma50" : 452.13,
    "dma100" : null,
    "dma200" : 519.18,
    "volume" : 58003.00
  }, {
    "date" : "2025-05-09",
    "price" : 416.85,
    "dma50" : 450.75,
    "dma100" : null,
    "dma200" : 518.16,
    "volume" : 73142.00
  }, {
    "date" : "2025-05-12",
    "price" : 443.30,
    "dma50" : 450.45,
    "dma100" : null,
    "dma200" : 517.42,
    "volume" : 58315.00
  }, {
    "date" : "2025-05-13",
    "price" : 452.75,
    "dma50" : 450.54,
    "dma100" : null,
    "dma200" : 516.77,
    "volume" : 55434.00
  }, {
    "date" : "2025-05-14",
    "price" : 467.20,
    "dma50" : 451.20,
    "dma100" : null,
    "dma200" : 516.28,
    "volume" : 68319.00
  }, {
    "date" : "2025-05-15",
    "price" : 474.80,
    "dma50" : 452.12,
    "dma100" : null,
    "dma200" : 515.87,
    "volume" : 76069.00
  }, {
    "date" : "2025-05-16",
    "price" : 485.60,
    "dma50" : 453.44,
    "dma100" : null,
    "dma200" : 515.57,
    "volume" : 64206.00
  }, {
    "date" : "2025-05-19",
    "price" : 497.15,
    "dma50" : 455.15,
    "dma100" : null,
    "dma200" : 515.38,
    "volume" : 86328.00
  }, {
    "date" : "2025-05-20",
    "price" : 502.95,
    "dma50" : 457.03,
    "dma100" : null,
    "dma200" : 515.26,
    "volume" : 189203.00
  }, {
    "date" : "2025-05-21",
    "price" : 499.50,
    "dma50" : 458.69,
    "dma100" : null,
    "dma200" : 515.10,
    "volume" : 52830.00
  }, {
    "date" : "2025-05-22",
    "price" : 488.75,
    "dma50" : 459.87,
    "dma100" : null,
    "dma200" : 514.84,
    "volume" : 40844.00
  }, {
    "date" : "2025-05-23",
    "price" : 494.65,
    "dma50" : 461.23,
    "dma100" : null,
    "dma200" : 514.64,
    "volume" : 90844.00
  }, {
    "date" : "2025-05-26",
    "price" : 489.05,
    "dma50" : 462.32,
    "dma100" : null,
    "dma200" : 514.39,
    "volume" : 55266.00
  }, {
    "date" : "2025-05-27",
    "price" : 491.75,
    "dma50" : 463.48,
    "dma100" : null,
    "dma200" : 514.16,
    "volume" : 28841.00
  }, {
    "date" : "2025-05-28",
    "price" : 493.00,
    "dma50" : 464.64,
    "dma100" : null,
    "dma200" : 513.95,
    "volume" : 30488.00
  }, {
    "date" : "2025-05-29",
    "price" : 496.30,
    "dma50" : 465.88,
    "dma100" : null,
    "dma200" : 513.77,
    "volume" : 36523.00
  }, {
    "date" : "2025-05-30",
    "price" : 496.65,
    "dma50" : 467.08,
    "dma100" : null,
    "dma200" : 513.60,
    "volume" : 95286.00
  }, {
    "date" : "2025-06-02",
    "price" : 497.05,
    "dma50" : 468.26,
    "dma100" : null,
    "dma200" : 513.44,
    "volume" : 60599.00
  }, {
    "date" : "2025-06-03",
    "price" : 504.80,
    "dma50" : 469.69,
    "dma100" : null,
    "dma200" : 513.35,
    "volume" : 114101.00
  }, {
    "date" : "2025-06-04",
    "price" : 504.20,
    "dma50" : 471.05,
    "dma100" : null,
    "dma200" : 513.26,
    "volume" : 100562.00
  }, {
    "date" : "2025-06-05",
    "price" : 492.90,
    "dma50" : 471.90,
    "dma100" : null,
    "dma200" : 513.06,
    "volume" : 46997.00
  }, {
    "date" : "2025-06-06",
    "price" : 485.80,
    "dma50" : 472.45,
    "dma100" : null,
    "dma200" : 512.79,
    "volume" : 42687.00
  }, {
    "date" : "2025-06-09",
    "price" : 487.15,
    "dma50" : 473.02,
    "dma100" : null,
    "dma200" : 512.53,
    "volume" : 69045.00
  }, {
    "date" : "2025-06-10",
    "price" : 481.50,
    "dma50" : 473.36,
    "dma100" : null,
    "dma200" : 512.22,
    "volume" : 240559.00
  }, {
    "date" : "2025-06-11",
    "price" : 497.25,
    "dma50" : 474.29,
    "dma100" : null,
    "dma200" : 512.08,
    "volume" : 93770.00
  }, {
    "date" : "2025-06-12",
    "price" : 499.30,
    "dma50" : 475.27,
    "dma100" : null,
    "dma200" : 511.95,
    "volume" : 79323.00
  }, {
    "date" : "2025-06-13",
    "price" : 486.85,
    "dma50" : 475.73,
    "dma100" : null,
    "dma200" : 511.70,
    "volume" : 64573.00
  }, {
    "date" : "2025-06-16",
    "price" : 484.10,
    "dma50" : 476.06,
    "dma100" : null,
    "dma200" : 511.42,
    "volume" : 47403.00
  }, {
    "date" : "2025-06-17",
    "price" : 483.45,
    "dma50" : 476.35,
    "dma100" : null,
    "dma200" : 511.15,
    "volume" : 39435.00
  }, {
    "date" : "2025-06-18",
    "price" : 483.30,
    "dma50" : 476.62,
    "dma100" : null,
    "dma200" : 510.87,
    "volume" : 31135.00
  }, {
    "date" : "2025-06-19",
    "price" : 479.60,
    "dma50" : 476.74,
    "dma100" : null,
    "dma200" : 510.56,
    "volume" : 68734.00
  }, {
    "date" : "2025-06-20",
    "price" : 487.05,
    "dma50" : 477.14,
    "dma100" : null,
    "dma200" : 510.32,
    "volume" : 41446.00
  }, {
    "date" : "2025-06-23",
    "price" : 485.85,
    "dma50" : 477.48,
    "dma100" : null,
    "dma200" : 510.08,
    "volume" : 81197.00
  }, {
    "date" : "2025-06-24",
    "price" : 491.40,
    "dma50" : 478.03,
    "dma100" : null,
    "dma200" : 509.89,
    "volume" : 49688.00
  }, {
    "date" : "2025-06-25",
    "price" : 497.35,
    "dma50" : 478.79,
    "dma100" : null,
    "dma200" : 509.77,
    "volume" : 38113.00
  }, {
    "date" : "2025-06-26",
    "price" : 526.40,
    "dma50" : 480.65,
    "dma100" : null,
    "dma200" : 509.93,
    "volume" : 333829.00
  }, {
    "date" : "2025-06-27",
    "price" : 557.25,
    "dma50" : 483.66,
    "dma100" : null,
    "dma200" : 510.41,
    "volume" : 532985.00
  }, {
    "date" : "2025-06-30",
    "price" : 559.50,
    "dma50" : 486.63,
    "dma100" : null,
    "dma200" : 510.89,
    "volume" : 138680.00
  }, {
    "date" : "2025-07-01",
    "price" : 561.65,
    "dma50" : 489.57,
    "dma100" : null,
    "dma200" : 511.40,
    "volume" : 104463.00
  }, {
    "date" : "2025-07-02",
    "price" : 549.20,
    "dma50" : 491.91,
    "dma100" : null,
    "dma200" : 511.77,
    "volume" : 39222.00
  }, {
    "date" : "2025-07-03",
    "price" : 531.35,
    "dma50" : 493.46,
    "dma100" : null,
    "dma200" : 511.97,
    "volume" : 111455.00
  }, {
    "date" : "2025-07-04",
    "price" : 535.05,
    "dma50" : 495.09,
    "dma100" : null,
    "dma200" : 512.20,
    "volume" : 67761.00
  }, {
    "date" : "2025-07-07",
    "price" : 555.90,
    "dma50" : 497.47,
    "dma100" : null,
    "dma200" : 512.63,
    "volume" : 127707.00
  }, {
    "date" : "2025-07-08",
    "price" : 563.70,
    "dma50" : 500.07,
    "dma100" : null,
    "dma200" : 513.14,
    "volume" : 114449.00
  }, {
    "date" : "2025-07-09",
    "price" : 557.35,
    "dma50" : 502.32,
    "dma100" : null,
    "dma200" : 513.58,
    "volume" : 55048.00
  }, {
    "date" : "2025-07-10",
    "price" : 547.10,
    "dma50" : 504.07,
    "dma100" : 470.30,
    "dma200" : 513.92,
    "volume" : 40660.00
  }, {
    "date" : "2025-07-11",
    "price" : 534.10,
    "dma50" : 505.25,
    "dma100" : 470.80,
    "dma200" : 514.12,
    "volume" : 75283.00
  }, {
    "date" : "2025-07-14",
    "price" : 532.85,
    "dma50" : 506.33,
    "dma100" : 471.50,
    "dma200" : 514.30,
    "volume" : 271827.00
  }, {
    "date" : "2025-07-15",
    "price" : 554.70,
    "dma50" : 508.23,
    "dma100" : 472.21,
    "dma200" : 514.70,
    "volume" : 95063.00
  }, {
    "date" : "2025-07-16",
    "price" : 577.15,
    "dma50" : 510.93,
    "dma100" : 473.55,
    "dma200" : 515.33,
    "volume" : 320312.00
  }, {
    "date" : "2025-07-17",
    "price" : 587.75,
    "dma50" : 513.94,
    "dma100" : 474.88,
    "dma200" : 516.05,
    "volume" : 140408.00
  }, {
    "date" : "2025-07-18",
    "price" : 600.45,
    "dma50" : 517.34,
    "dma100" : 476.16,
    "dma200" : 516.89,
    "volume" : 180810.00
  }, {
    "date" : "2025-07-21",
    "price" : 568.60,
    "dma50" : 519.35,
    "dma100" : 477.03,
    "dma200" : 517.40,
    "volume" : 123124.00
  }, {
    "date" : "2025-07-22",
    "price" : 561.45,
    "dma50" : 521.00,
    "dma100" : 478.14,
    "dma200" : 517.84,
    "volume" : 45225.00
  }, {
    "date" : "2025-07-23",
    "price" : 554.95,
    "dma50" : 522.33,
    "dma100" : 479.19,
    "dma200" : 518.21,
    "volume" : 57943.00
  }, {
    "date" : "2025-07-24",
    "price" : 570.35,
    "dma50" : 524.21,
    "dma100" : 480.38,
    "dma200" : 518.73,
    "volume" : 89543.00
  }, {
    "date" : "2025-07-25",
    "price" : 553.80,
    "dma50" : 525.37,
    "dma100" : 481.59,
    "dma200" : 519.08,
    "volume" : 67877.00
  }, {
    "date" : "2025-07-28",
    "price" : 522.65,
    "dma50" : 525.27,
    "dma100" : 482.75,
    "dma200" : 519.11,
    "volume" : 138891.00
  }, {
    "date" : "2025-07-29",
    "price" : 522.30,
    "dma50" : 525.15,
    "dma100" : 483.76,
    "dma200" : 519.14,
    "volume" : 48381.00
  }, {
    "date" : "2025-07-30",
    "price" : 531.35,
    "dma50" : 525.39,
    "dma100" : 484.95,
    "dma200" : 519.27,
    "volume" : 156053.00
  }, {
    "date" : "2025-07-31",
    "price" : 531.00,
    "dma50" : 525.61,
    "dma100" : 486.00,
    "dma200" : 519.38,
    "volume" : 60239.00
  }, {
    "date" : "2025-08-01",
    "price" : 539.05,
    "dma50" : 526.14,
    "dma100" : 486.88,
    "dma200" : 519.58,
    "volume" : 76650.00
  }, {
    "date" : "2025-08-04",
    "price" : 531.30,
    "dma50" : 526.34,
    "dma100" : 487.50,
    "dma200" : 519.69,
    "volume" : 45372.00
  }, {
    "date" : "2025-08-05",
    "price" : 538.70,
    "dma50" : 526.83,
    "dma100" : 488.17,
    "dma200" : 519.88,
    "volume" : 64066.00
  }, {
    "date" : "2025-08-06",
    "price" : 520.35,
    "dma50" : 526.57,
    "dma100" : 488.77,
    "dma200" : 519.89,
    "volume" : 69706.00
  }, {
    "date" : "2025-08-07",
    "price" : 521.05,
    "dma50" : 526.36,
    "dma100" : 489.58,
    "dma200" : 519.90,
    "volume" : 61821.00
  }, {
    "date" : "2025-08-08",
    "price" : 519.35,
    "dma50" : 526.08,
    "dma100" : 490.41,
    "dma200" : 519.89,
    "volume" : 47682.00
  }, {
    "date" : "2025-08-11",
    "price" : 502.45,
    "dma50" : 525.16,
    "dma100" : 491.21,
    "dma200" : 519.72,
    "volume" : 74588.00
  }, {
    "date" : "2025-08-12",
    "price" : 501.45,
    "dma50" : 524.23,
    "dma100" : 491.81,
    "dma200" : 519.54,
    "volume" : 34518.00
  }, {
    "date" : "2025-08-13",
    "price" : 497.40,
    "dma50" : 523.17,
    "dma100" : 492.15,
    "dma200" : 519.32,
    "volume" : 67193.00
  }, {
    "date" : "2025-08-14",
    "price" : 523.35,
    "dma50" : 523.18,
    "dma100" : 492.70,
    "dma200" : 519.36,
    "volume" : 2199148.00
  }, {
    "date" : "2025-08-18",
    "price" : 518.05,
    "dma50" : 522.98,
    "dma100" : 493.04,
    "dma200" : 519.35,
    "volume" : 164282.00
  }, {
    "date" : "2025-08-19",
    "price" : 519.50,
    "dma50" : 522.84,
    "dma100" : 493.45,
    "dma200" : 519.35,
    "volume" : 125093.00
  }, {
    "date" : "2025-08-20",
    "price" : 530.20,
    "dma50" : 523.13,
    "dma100" : 494.15,
    "dma200" : 519.46,
    "volume" : 67945.00
  }, {
    "date" : "2025-08-21",
    "price" : 530.25,
    "dma50" : 523.41,
    "dma100" : 494.95,
    "dma200" : 519.56,
    "volume" : 58286.00
  }, {
    "date" : "2025-08-22",
    "price" : 531.60,
    "dma50" : 523.73,
    "dma100" : 495.75,
    "dma200" : 519.68,
    "volume" : 50771.00
  }, {
    "date" : "2025-08-25",
    "price" : 525.80,
    "dma50" : 523.81,
    "dma100" : 496.39,
    "dma200" : 519.74,
    "volume" : 45568.00
  }, {
    "date" : "2025-08-26",
    "price" : 518.55,
    "dma50" : 523.61,
    "dma100" : 496.97,
    "dma200" : 519.73,
    "volume" : 38085.00
  }, {
    "date" : "2025-08-28",
    "price" : 501.00,
    "dma50" : 522.72,
    "dma100" : 497.42,
    "dma200" : 519.55,
    "volume" : 57179.00
  }, {
    "date" : "2025-08-29",
    "price" : 487.30,
    "dma50" : 521.33,
    "dma100" : 497.73,
    "dma200" : 519.22,
    "volume" : 120513.00
  }, {
    "date" : "2025-09-01",
    "price" : 503.90,
    "dma50" : 520.65,
    "dma100" : 498.53,
    "dma200" : 519.07,
    "volume" : 47987.00
  }, {
    "date" : "2025-09-02",
    "price" : 509.45,
    "dma50" : 520.21,
    "dma100" : 499.63,
    "dma200" : 518.98,
    "volume" : 66845.00
  }, {
    "date" : "2025-09-03",
    "price" : 514.10,
    "dma50" : 519.97,
    "dma100" : 500.78,
    "dma200" : 518.93,
    "volume" : 101533.00
  }, {
    "date" : "2025-09-04",
    "price" : 508.10,
    "dma50" : 519.50,
    "dma100" : 502.01,
    "dma200" : 518.82,
    "volume" : 58548.00
  }, {
    "date" : "2025-09-05",
    "price" : 504.90,
    "dma50" : 518.93,
    "dma100" : 503.05,
    "dma200" : 518.68,
    "volume" : 43928.00
  }, {
    "date" : "2025-09-08",
    "price" : 505.60,
    "dma50" : 518.41,
    "dma100" : 503.96,
    "dma200" : 518.55,
    "volume" : 77046.00
  }, {
    "date" : "2025-09-09",
    "price" : 507.35,
    "dma50" : 517.97,
    "dma100" : 504.68,
    "dma200" : 518.44,
    "volume" : 85752.00
  }, {
    "date" : "2025-09-10",
    "price" : 517.40,
    "dma50" : 517.95,
    "dma100" : 505.45,
    "dma200" : 518.43,
    "volume" : 152057.00
  }, {
    "date" : "2025-09-11",
    "price" : 513.40,
    "dma50" : 517.77,
    "dma100" : 506.08,
    "dma200" : 518.38,
    "volume" : 66579.00
  }, {
    "date" : "2025-09-12",
    "price" : 517.25,
    "dma50" : 517.75,
    "dma100" : 506.61,
    "dma200" : 518.37,
    "volume" : 53937.00
  }, {
    "date" : "2025-09-15",
    "price" : 517.70,
    "dma50" : 517.75,
    "dma100" : 507.23,
    "dma200" : 518.36,
    "volume" : 67143.00
  }, {
    "date" : "2025-09-16",
    "price" : 524.40,
    "dma50" : 518.01,
    "dma100" : 507.81,
    "dma200" : 518.42,
    "volume" : 41231.00
  }, {
    "date" : "2025-09-17",
    "price" : 545.85,
    "dma50" : 519.10,
    "dma100" : 508.70,
    "dma200" : 518.69,
    "volume" : 106569.00
  }, {
    "date" : "2025-09-18",
    "price" : 554.35,
    "dma50" : 520.49,
    "dma100" : 509.76,
    "dma200" : 519.05,
    "volume" : 153976.00
  }, {
    "date" : "2025-09-19",
    "price" : 548.00,
    "dma50" : 521.56,
    "dma100" : 510.73,
    "dma200" : 519.34,
    "volume" : 78689.00
  }, {
    "date" : "2025-09-22",
    "price" : 553.60,
    "dma50" : 522.82,
    "dma100" : 511.89,
    "dma200" : 519.68,
    "volume" : 55796.00
  }, {
    "date" : "2025-09-23",
    "price" : 564.45,
    "dma50" : 524.45,
    "dma100" : 513.22,
    "dma200" : 520.12,
    "volume" : 227120.00
  }, {
    "date" : "2025-09-24",
    "price" : 562.80,
    "dma50" : 525.96,
    "dma100" : 514.50,
    "dma200" : 520.55,
    "volume" : 82379.00
  }, {
    "date" : "2025-09-25",
    "price" : 555.10,
    "dma50" : 527.10,
    "dma100" : 515.85,
    "dma200" : 520.89,
    "volume" : 54756.00
  }, {
    "date" : "2025-09-26",
    "price" : 537.70,
    "dma50" : 527.52,
    "dma100" : 517.03,
    "dma200" : 521.06,
    "volume" : 60712.00
  }, {
    "date" : "2025-09-29",
    "price" : 501.90,
    "dma50" : 526.51,
    "dma100" : 517.91,
    "dma200" : 520.87,
    "volume" : 303625.00
  }, {
    "date" : "2025-09-30",
    "price" : 500.00,
    "dma50" : 525.47,
    "dma100" : 518.74,
    "dma200" : 520.66,
    "volume" : 205560.00
  }, {
    "date" : "2025-10-01",
    "price" : 506.35,
    "dma50" : 524.72,
    "dma100" : 519.37,
    "dma200" : 520.52,
    "volume" : 73390.00
  }, {
    "date" : "2025-10-03",
    "price" : 520.45,
    "dma50" : 524.55,
    "dma100" : 520.05,
    "dma200" : 520.52,
    "volume" : 43551.00
  }, {
    "date" : "2025-10-06",
    "price" : 510.45,
    "dma50" : 524.00,
    "dma100" : 520.48,
    "dma200" : 520.42,
    "volume" : 97571.00
  }, {
    "date" : "2025-10-07",
    "price" : 508.20,
    "dma50" : 523.38,
    "dma100" : 520.82,
    "dma200" : 520.30,
    "volume" : 61745.00
  }, {
    "date" : "2025-10-08",
    "price" : 503.35,
    "dma50" : 522.60,
    "dma100" : 520.99,
    "dma200" : 520.13,
    "volume" : 47998.00
  }, {
    "date" : "2025-10-09",
    "price" : 504.95,
    "dma50" : 521.90,
    "dma100" : 521.07,
    "dma200" : 519.98,
    "volume" : 36805.00
  }, {
    "date" : "2025-10-10",
    "price" : 503.75,
    "dma50" : 521.19,
    "dma100" : 521.08,
    "dma200" : 519.82,
    "volume" : 65156.00
  }, {
    "date" : "2025-10-13",
    "price" : 496.60,
    "dma50" : 520.23,
    "dma100" : 521.05,
    "dma200" : 519.58,
    "volume" : 38880.00
  }, {
    "date" : "2025-10-14",
    "price" : 484.70,
    "dma50" : 518.83,
    "dma100" : 521.01,
    "dma200" : 519.24,
    "volume" : 79565.00
  }, {
    "date" : "2025-10-15",
    "price" : 490.40,
    "dma50" : 517.72,
    "dma100" : 520.97,
    "dma200" : 518.95,
    "volume" : 164141.00
  }, {
    "date" : "2025-10-16",
    "price" : 485.10,
    "dma50" : 516.44,
    "dma100" : 520.93,
    "dma200" : 518.61,
    "volume" : 92744.00
  }, {
    "date" : "2025-10-17",
    "price" : 476.20,
    "dma50" : 514.86,
    "dma100" : 520.77,
    "dma200" : 518.19,
    "volume" : 95859.00
  }, {
    "date" : "2025-10-20",
    "price" : 480.45,
    "dma50" : 513.51,
    "dma100" : 520.65,
    "dma200" : 517.82,
    "volume" : 65627.00
  }, {
    "date" : "2025-10-21",
    "price" : 489.50,
    "dma50" : 512.57,
    "dma100" : 520.58,
    "dma200" : 517.53,
    "volume" : 33487.00
  }, {
    "date" : "2025-10-23",
    "price" : 475.15,
    "dma50" : 511.10,
    "dma100" : 520.36,
    "dma200" : 517.11,
    "volume" : 192406.00
  }, {
    "date" : "2025-10-24",
    "price" : 478.35,
    "dma50" : 509.82,
    "dma100" : 520.18,
    "dma200" : 516.73,
    "volume" : 104095.00
  }, {
    "date" : "2025-10-27",
    "price" : 478.10,
    "dma50" : 508.57,
    "dma100" : 519.91,
    "dma200" : 516.34,
    "volume" : 110244.00
  }, {
    "date" : "2025-10-28",
    "price" : 490.15,
    "dma50" : 507.85,
    "dma100" : 519.77,
    "dma200" : 516.08,
    "volume" : 196870.00
  }, {
    "date" : "2025-10-29",
    "price" : 488.90,
    "dma50" : 507.11,
    "dma100" : 519.73,
    "dma200" : 515.81,
    "volume" : 50539.00
  }, {
    "date" : "2025-10-30",
    "price" : 480.25,
    "dma50" : 506.06,
    "dma100" : 519.67,
    "dma200" : 515.46,
    "volume" : 59839.00
  }, {
    "date" : "2025-10-31",
    "price" : 479.80,
    "dma50" : 505.03,
    "dma100" : 519.60,
    "dma200" : 515.10,
    "volume" : 28023.00
  }, {
    "date" : "2025-11-03",
    "price" : 483.95,
    "dma50" : 504.20,
    "dma100" : 519.62,
    "dma200" : 514.79,
    "volume" : 68239.00
  }, {
    "date" : "2025-11-04",
    "price" : 465.60,
    "dma50" : 502.69,
    "dma100" : 519.31,
    "dma200" : 514.30,
    "volume" : 356539.00
  }, {
    "date" : "2025-11-06",
    "price" : 471.40,
    "dma50" : 501.46,
    "dma100" : 519.03,
    "dma200" : 513.88,
    "volume" : 75619.00
  }, {
    "date" : "2025-11-07",
    "price" : 498.45,
    "dma50" : 501.34,
    "dma100" : 519.15,
    "dma200" : 513.72,
    "volume" : 150869.00
  }, {
    "date" : "2025-11-10",
    "price" : 504.10,
    "dma50" : 501.45,
    "dma100" : 519.35,
    "dma200" : 513.63,
    "volume" : 264658.00
  }, {
    "date" : "2025-11-11",
    "price" : 494.75,
    "dma50" : 501.19,
    "dma100" : 519.46,
    "dma200" : 513.44,
    "volume" : 57705.00
  }, {
    "date" : "2025-11-12",
    "price" : 495.65,
    "dma50" : 500.97,
    "dma100" : 519.58,
    "dma200" : 513.26,
    "volume" : 119395.00
  }, {
    "date" : "2025-11-13",
    "price" : 486.70,
    "dma50" : 500.41,
    "dma100" : 519.65,
    "dma200" : 513.00,
    "volume" : 145080.00
  }, {
    "date" : "2025-11-14",
    "price" : 473.75,
    "dma50" : 499.36,
    "dma100" : 519.52,
    "dma200" : 512.61,
    "volume" : 144648.00
  }, {
    "date" : "2025-11-17",
    "price" : 473.70,
    "dma50" : 498.36,
    "dma100" : 519.40,
    "dma200" : 512.22,
    "volume" : 40270.00
  }, {
    "date" : "2025-11-18",
    "price" : 471.15,
    "dma50" : 497.29,
    "dma100" : 519.20,
    "dma200" : 511.81,
    "volume" : 32029.00
  }, {
    "date" : "2025-11-19",
    "price" : 457.25,
    "dma50" : 495.72,
    "dma100" : 518.79,
    "dma200" : 511.27,
    "volume" : 184382.00
  }, {
    "date" : "2025-11-20",
    "price" : 453.25,
    "dma50" : 494.06,
    "dma100" : 518.06,
    "dma200" : 510.69,
    "volume" : 132522.00
  }, {
    "date" : "2025-11-21",
    "price" : 440.00,
    "dma50" : 491.94,
    "dma100" : 516.89,
    "dma200" : 509.99,
    "volume" : 103612.00
  }, {
    "date" : "2025-11-24",
    "price" : 435.45,
    "dma50" : 489.72,
    "dma100" : 515.65,
    "dma200" : 509.25,
    "volume" : 82470.00
  }, {
    "date" : "2025-11-25",
    "price" : 439.80,
    "dma50" : 487.76,
    "dma100" : 514.43,
    "dma200" : 508.56,
    "volume" : 55348.00
  }, {
    "date" : "2025-11-26",
    "price" : 438.55,
    "dma50" : 485.83,
    "dma100" : 513.33,
    "dma200" : 507.86,
    "volume" : 57305.00
  }, {
    "date" : "2025-11-27",
    "price" : 431.15,
    "dma50" : 483.69,
    "dma100" : 512.32,
    "dma200" : 507.10,
    "volume" : 77926.00
  }, {
    "date" : "2025-11-28",
    "price" : 436.70,
    "dma50" : 481.85,
    "dma100" : 511.34,
    "dma200" : 506.39,
    "volume" : 84819.00
  }, {
    "date" : "2025-12-01",
    "price" : 436.75,
    "dma50" : 480.08,
    "dma100" : 510.15,
    "dma200" : 505.70,
    "volume" : 65376.00
  }, {
    "date" : "2025-12-02",
    "price" : 435.85,
    "dma50" : 478.34,
    "dma100" : 508.87,
    "dma200" : 505.01,
    "volume" : 30565.00
  }, {
    "date" : "2025-12-03",
    "price" : 439.40,
    "dma50" : 476.82,
    "dma100" : 507.69,
    "dma200" : 504.35,
    "volume" : 86872.00
  }, {
    "date" : "2025-12-04",
    "price" : 444.25,
    "dma50" : 475.54,
    "dma100" : 506.66,
    "dma200" : 503.76,
    "volume" : 41602.00
  }, {
    "date" : "2025-12-05",
    "price" : 436.05,
    "dma50" : 473.99,
    "dma100" : 505.68,
    "dma200" : 503.08,
    "volume" : 67422.00
  }, {
    "date" : "2025-12-08",
    "price" : 435.00,
    "dma50" : 472.46,
    "dma100" : 504.70,
    "dma200" : 502.40,
    "volume" : 200697.00
  }, {
    "date" : "2025-12-09",
    "price" : 440.00,
    "dma50" : 471.19,
    "dma100" : 503.56,
    "dma200" : 501.78,
    "volume" : 39582.00
  }, {
    "date" : "2025-12-10",
    "price" : 439.45,
    "dma50" : 469.94,
    "dma100" : 502.18,
    "dma200" : 501.16,
    "volume" : 35145.00
  }, {
    "date" : "2025-12-11",
    "price" : 443.60,
    "dma50" : 468.91,
    "dma100" : 500.74,
    "dma200" : 500.59,
    "volume" : 65773.00
  }, {
    "date" : "2025-12-12",
    "price" : 451.60,
    "dma50" : 468.23,
    "dma100" : 499.25,
    "dma200" : 500.10,
    "volume" : 51169.00
  }, {
    "date" : "2025-12-15",
    "price" : 459.95,
    "dma50" : 467.91,
    "dma100" : 498.16,
    "dma200" : 499.70,
    "volume" : 37272.00
  }, {
    "date" : "2025-12-16",
    "price" : 449.15,
    "dma50" : 467.17,
    "dma100" : 497.04,
    "dma200" : 499.20,
    "volume" : 78865.00
  }, {
    "date" : "2025-12-17",
    "price" : 445.85,
    "dma50" : 466.33,
    "dma100" : 495.95,
    "dma200" : 498.67,
    "volume" : 37925.00
  }, {
    "date" : "2025-12-18",
    "price" : 440.20,
    "dma50" : 465.31,
    "dma100" : 494.65,
    "dma200" : 498.09,
    "volume" : 77069.00
  }, {
    "date" : "2025-12-19",
    "price" : 440.10,
    "dma50" : 464.32,
    "dma100" : 493.51,
    "dma200" : 497.51,
    "volume" : 58339.00
  }, {
    "date" : "2025-12-22",
    "price" : 443.25,
    "dma50" : 463.50,
    "dma100" : 492.72,
    "dma200" : 496.97,
    "volume" : 94837.00
  }, {
    "date" : "2025-12-23",
    "price" : 445.85,
    "dma50" : 462.80,
    "dma100" : 491.95,
    "dma200" : 496.46,
    "volume" : 38978.00
  }, {
    "date" : "2025-12-24",
    "price" : 432.75,
    "dma50" : 461.62,
    "dma100" : 490.97,
    "dma200" : 495.83,
    "volume" : 120186.00
  }, {
    "date" : "2025-12-26",
    "price" : 437.60,
    "dma50" : 460.68,
    "dma100" : 490.03,
    "dma200" : 495.25,
    "volume" : 85911.00
  }, {
    "date" : "2025-12-29",
    "price" : 428.00,
    "dma50" : 459.40,
    "dma100" : 488.92,
    "dma200" : 494.58,
    "volume" : 50851.00
  }, {
    "date" : "2025-12-30",
    "price" : 424.95,
    "dma50" : 458.05,
    "dma100" : 487.86,
    "dma200" : 493.89,
    "volume" : 82130.00
  }, {
    "date" : "2025-12-31",
    "price" : 429.70,
    "dma50" : 456.94,
    "dma100" : 486.77,
    "dma200" : 493.25,
    "volume" : 23283.00
  }, {
    "date" : "2026-01-01",
    "price" : 426.50,
    "dma50" : 455.74,
    "dma100" : 485.83,
    "dma200" : 492.58,
    "volume" : 56617.00
  }, {
    "date" : "2026-01-02",
    "price" : 433.50,
    "dma50" : 454.87,
    "dma100" : 484.95,
    "dma200" : 492.00,
    "volume" : 37678.00
  }, {
    "date" : "2026-01-05",
    "price" : 422.25,
    "dma50" : 453.59,
    "dma100" : 483.98,
    "dma200" : 491.30,
    "volume" : 79057.00
  }, {
    "date" : "2026-01-06",
    "price" : 416.95,
    "dma50" : 452.16,
    "dma100" : 483.13,
    "dma200" : 490.56,
    "volume" : 41452.00
  }, {
    "date" : "2026-01-07",
    "price" : 427.90,
    "dma50" : 451.20,
    "dma100" : 482.39,
    "dma200" : 489.94,
    "volume" : 64460.00
  }, {
    "date" : "2026-01-08",
    "price" : 429.30,
    "dma50" : 450.35,
    "dma100" : 481.71,
    "dma200" : 489.34,
    "volume" : 176306.00
  }, {
    "date" : "2026-01-09",
    "price" : 428.05,
    "dma50" : 449.47,
    "dma100" : 480.76,
    "dma200" : 488.73,
    "volume" : 155351.00
  }, {
    "date" : "2026-01-12",
    "price" : 433.25,
    "dma50" : 448.84,
    "dma100" : 479.91,
    "dma200" : 488.17,
    "volume" : 308232.00
  }, {
    "date" : "2026-01-13",
    "price" : 433.50,
    "dma50" : 448.23,
    "dma100" : 479.05,
    "dma200" : 487.63,
    "volume" : 99652.00
  }, {
    "date" : "2026-01-14",
    "price" : 437.45,
    "dma50" : 447.81,
    "dma100" : 478.12,
    "dma200" : 487.13,
    "volume" : 41612.00
  }, {
    "date" : "2026-01-16",
    "price" : 438.40,
    "dma50" : 447.44,
    "dma100" : 477.20,
    "dma200" : 486.65,
    "volume" : 131752.00
  }, {
    "date" : "2026-01-19",
    "price" : 435.25,
    "dma50" : 446.96,
    "dma100" : 476.24,
    "dma200" : 486.13,
    "volume" : 45899.00
  }, {
    "date" : "2026-01-20",
    "price" : 433.20,
    "dma50" : 446.42,
    "dma100" : 475.31,
    "dma200" : 485.61,
    "volume" : 80110.00
  }, {
    "date" : "2026-01-21",
    "price" : 423.25,
    "dma50" : 445.52,
    "dma100" : 474.36,
    "dma200" : 484.99,
    "volume" : 121844.00
  }, {
    "date" : "2026-01-22",
    "price" : 421.10,
    "dma50" : 444.56,
    "dma100" : 473.56,
    "dma200" : 484.35,
    "volume" : 93137.00
  }, {
    "date" : "2026-01-23",
    "price" : 414.80,
    "dma50" : 443.39,
    "dma100" : 472.84,
    "dma200" : 483.66,
    "volume" : 44081.00
  }, {
    "date" : "2026-01-27",
    "price" : 406.50,
    "dma50" : 441.94,
    "dma100" : 471.86,
    "dma200" : 482.89,
    "volume" : 60360.00
  }, {
    "date" : "2026-01-28",
    "price" : 410.55,
    "dma50" : 440.71,
    "dma100" : 470.87,
    "dma200" : 482.17,
    "volume" : 43294.00
  }, {
    "date" : "2026-01-29",
    "price" : 418.80,
    "dma50" : 439.85,
    "dma100" : 469.92,
    "dma200" : 481.54,
    "volume" : 69365.00
  }, {
    "date" : "2026-01-30",
    "price" : 425.05,
    "dma50" : 439.27,
    "dma100" : 469.09,
    "dma200" : 480.98,
    "volume" : 30564.00
  }, {
    "date" : "2026-02-01",
    "price" : 420.40,
    "dma50" : 438.53,
    "dma100" : 468.25,
    "dma200" : 480.38,
    "volume" : 20906.00
  }, {
    "date" : "2026-02-02",
    "price" : 418.75,
    "dma50" : 437.76,
    "dma100" : 467.38,
    "dma200" : 479.76,
    "volume" : 47935.00
  }, {
    "date" : "2026-02-03",
    "price" : 489.00,
    "dma50" : 439.77,
    "dma100" : 467.19,
    "dma200" : 479.86,
    "volume" : 590192.00
  }, {
    "date" : "2026-02-04",
    "price" : 483.20,
    "dma50" : 441.47,
    "dma100" : 466.85,
    "dma200" : 479.89,
    "volume" : 75782.00
  }, {
    "date" : "2026-02-05",
    "price" : 453.60,
    "dma50" : 441.95,
    "dma100" : 466.25,
    "dma200" : 479.63,
    "volume" : 86013.00
  }, {
    "date" : "2026-02-06",
    "price" : 485.50,
    "dma50" : 443.65,
    "dma100" : 465.94,
    "dma200" : 479.69,
    "volume" : 178387.00
  }, {
    "date" : "2026-02-09",
    "price" : 516.00,
    "dma50" : 446.49,
    "dma100" : 465.92,
    "dma200" : 480.05,
    "volume" : 273318.00
  }, {
    "date" : "2026-02-10",
    "price" : 515.85,
    "dma50" : 449.21,
    "dma100" : 465.83,
    "dma200" : 480.40,
    "volume" : 100911.00
  } ],
  "latestTechnicalAttributes" : {
    "date" : "2026-02-10",
    "price" : 515.85,
    "dma50" : 449.21,
    "dma100" : 465.83,
    "dma200" : 480.40,
    "volume" : 100911.00
  },
  "quarterlyResults" : [ {
    "date" : "2005-03-31",
    "sales" : 16.05,
    "salesGrowthYoY" : null,
    "grossProfitMargin" : 45.48,
    "grossProfit" : 7.30,
    "operatingProfitMargin" : 16.14,
    "operatingProfit" : 2.59,
    "netProfitMargin" : 9.78,
    "netProfit" : 1.57
  }, {
    "date" : "2005-06-30",
    "sales" : 16.45,
    "salesGrowthYoY" : null,
    "grossProfitMargin" : 46.26,
    "grossProfit" : 7.61,
    "operatingProfitMargin" : 16.84,
    "operatingProfit" : 2.77,
    "netProfitMargin" : 10.21,
    "netProfit" : 1.68
  }, {
    "date" : "2005-09-30",
    "sales" : 15.08,
    "salesGrowthYoY" : null,
    "grossProfitMargin" : 38.00,
    "grossProfit" : 5.73,
    "operatingProfitMargin" : 15.38,
    "operatingProfit" : 2.32,
    "netProfitMargin" : 7.10,
    "netProfit" : 1.07
  }, {
    "date" : "2005-12-31",
    "sales" : 18.14,
    "salesGrowthYoY" : null,
    "grossProfitMargin" : 42.17,
    "grossProfit" : 7.65,
    "operatingProfitMargin" : 14.33,
    "operatingProfit" : 2.60,
    "netProfitMargin" : 7.77,
    "netProfit" : 1.41
  }, {
    "date" : "2006-03-31",
    "sales" : 14.30,
    "salesGrowthYoY" : -10.90,
    "grossProfitMargin" : 42.31,
    "grossProfit" : 6.05,
    "operatingProfitMargin" : 16.85,
    "operatingProfit" : 2.41,
    "netProfitMargin" : 9.86,
    "netProfit" : 1.41
  }, {
    "date" : "2006-06-30",
    "sales" : 13.06,
    "salesGrowthYoY" : -20.61,
    "grossProfitMargin" : 46.48,
    "grossProfit" : 6.07,
    "operatingProfitMargin" : 17.15,
    "operatingProfit" : 2.24,
    "netProfitMargin" : 9.88,
    "netProfit" : 1.29
  }, {
    "date" : "2006-09-30",
    "sales" : 16.36,
    "salesGrowthYoY" : 8.49,
    "grossProfitMargin" : 45.11,
    "grossProfit" : 7.38,
    "operatingProfitMargin" : 17.24,
    "operatingProfit" : 2.82,
    "netProfitMargin" : 10.27,
    "netProfit" : 1.68
  }, {
    "date" : "2006-12-31",
    "sales" : 15.55,
    "salesGrowthYoY" : -14.28,
    "grossProfitMargin" : 52.03,
    "grossProfit" : 8.09,
    "operatingProfitMargin" : 17.81,
    "operatingProfit" : 2.77,
    "netProfitMargin" : 12.15,
    "netProfit" : 1.89
  }, {
    "date" : "2007-03-31",
    "sales" : 17.57,
    "salesGrowthYoY" : 22.87,
    "grossProfitMargin" : 50.03,
    "grossProfit" : 8.79,
    "operatingProfitMargin" : 16.62,
    "operatingProfit" : 2.92,
    "netProfitMargin" : 9.16,
    "netProfit" : 1.61
  }, {
    "date" : "2007-06-30",
    "sales" : 17.97,
    "salesGrowthYoY" : 37.60,
    "grossProfitMargin" : 47.58,
    "grossProfit" : 8.55,
    "operatingProfitMargin" : 16.69,
    "operatingProfit" : 3.00,
    "netProfitMargin" : 11.24,
    "netProfit" : 2.02
  }, {
    "date" : "2007-09-30",
    "sales" : 19.09,
    "salesGrowthYoY" : 16.69,
    "grossProfitMargin" : 48.93,
    "grossProfit" : 9.34,
    "operatingProfitMargin" : 16.66,
    "operatingProfit" : 3.18,
    "netProfitMargin" : 11.31,
    "netProfit" : 2.16
  }, {
    "date" : "2007-12-31",
    "sales" : 17.53,
    "salesGrowthYoY" : 12.73,
    "grossProfitMargin" : 54.25,
    "grossProfit" : 9.51,
    "operatingProfitMargin" : 17.34,
    "operatingProfit" : 3.04,
    "netProfitMargin" : 11.52,
    "netProfit" : 2.02
  }, {
    "date" : "2008-03-31",
    "sales" : 17.80,
    "salesGrowthYoY" : 1.31,
    "grossProfitMargin" : 35.06,
    "grossProfit" : 6.24,
    "operatingProfitMargin" : 11.80,
    "operatingProfit" : 2.10,
    "netProfitMargin" : 7.53,
    "netProfit" : 1.34
  }, {
    "date" : "2008-06-30",
    "sales" : 17.82,
    "salesGrowthYoY" : -0.83,
    "grossProfitMargin" : 42.26,
    "grossProfit" : 7.53,
    "operatingProfitMargin" : 15.04,
    "operatingProfit" : 2.68,
    "netProfitMargin" : 8.70,
    "netProfit" : 1.55
  }, {
    "date" : "2008-09-30",
    "sales" : 22.61,
    "salesGrowthYoY" : 18.44,
    "grossProfitMargin" : 35.60,
    "grossProfit" : 8.05,
    "operatingProfitMargin" : 12.16,
    "operatingProfit" : 2.75,
    "netProfitMargin" : 6.81,
    "netProfit" : 1.54
  }, {
    "date" : "2008-12-31",
    "sales" : 15.22,
    "salesGrowthYoY" : -13.18,
    "grossProfitMargin" : 46.91,
    "grossProfit" : 7.14,
    "operatingProfitMargin" : 15.24,
    "operatingProfit" : 2.32,
    "netProfitMargin" : 7.36,
    "netProfit" : 1.12
  }, {
    "date" : "2009-03-31",
    "sales" : 14.57,
    "salesGrowthYoY" : -18.15,
    "grossProfitMargin" : 41.80,
    "grossProfit" : 6.09,
    "operatingProfitMargin" : 5.70,
    "operatingProfit" : 0.83,
    "netProfitMargin" : 0.82,
    "netProfit" : 0.12
  }, {
    "date" : "2009-06-30",
    "sales" : 15.32,
    "salesGrowthYoY" : -14.03,
    "grossProfitMargin" : 41.84,
    "grossProfit" : 6.41,
    "operatingProfitMargin" : 12.34,
    "operatingProfit" : 1.89,
    "netProfitMargin" : 5.55,
    "netProfit" : 0.85
  }, {
    "date" : "2009-09-30",
    "sales" : 19.26,
    "salesGrowthYoY" : -14.82,
    "grossProfitMargin" : 45.48,
    "grossProfit" : 8.76,
    "operatingProfitMargin" : 17.65,
    "operatingProfit" : 3.40,
    "netProfitMargin" : 10.28,
    "netProfit" : 1.98
  }, {
    "date" : "2009-12-31",
    "sales" : 18.75,
    "salesGrowthYoY" : 23.19,
    "grossProfitMargin" : 45.01,
    "grossProfit" : 8.44,
    "operatingProfitMargin" : 14.35,
    "operatingProfit" : 2.69,
    "netProfitMargin" : 7.25,
    "netProfit" : 1.36
  }, {
    "date" : "2010-03-31",
    "sales" : 20.29,
    "salesGrowthYoY" : 39.26,
    "grossProfitMargin" : 42.04,
    "grossProfit" : 8.53,
    "operatingProfitMargin" : 14.19,
    "operatingProfit" : 2.88,
    "netProfitMargin" : 8.72,
    "netProfit" : 1.77
  }, {
    "date" : "2010-06-30",
    "sales" : 21.37,
    "salesGrowthYoY" : 39.49,
    "grossProfitMargin" : 41.46,
    "grossProfit" : 8.86,
    "operatingProfitMargin" : 14.27,
    "operatingProfit" : 3.05,
    "netProfitMargin" : 7.81,
    "netProfit" : 1.67
  }, {
    "date" : "2010-09-30",
    "sales" : 24.17,
    "salesGrowthYoY" : 25.49,
    "grossProfitMargin" : 43.90,
    "grossProfit" : 10.61,
    "operatingProfitMargin" : 14.89,
    "operatingProfit" : 3.60,
    "netProfitMargin" : 9.68,
    "netProfit" : 2.34
  }, {
    "date" : "2010-12-31",
    "sales" : 21.94,
    "salesGrowthYoY" : 17.01,
    "grossProfitMargin" : 43.44,
    "grossProfit" : 9.53,
    "operatingProfitMargin" : 12.85,
    "operatingProfit" : 2.82,
    "netProfitMargin" : 7.98,
    "netProfit" : 1.75
  }, {
    "date" : "2011-03-31",
    "sales" : 21.16,
    "salesGrowthYoY" : 4.29,
    "grossProfitMargin" : 38.19,
    "grossProfit" : 8.08,
    "operatingProfitMargin" : 8.32,
    "operatingProfit" : 1.76,
    "netProfitMargin" : 3.83,
    "netProfit" : 0.81
  }, {
    "date" : "2011-06-30",
    "sales" : 21.17,
    "salesGrowthYoY" : -0.94,
    "grossProfitMargin" : 42.47,
    "grossProfit" : 8.99,
    "operatingProfitMargin" : 15.02,
    "operatingProfit" : 3.18,
    "netProfitMargin" : 9.35,
    "netProfit" : 1.98
  }, {
    "date" : "2011-09-30",
    "sales" : 22.48,
    "salesGrowthYoY" : -6.99,
    "grossProfitMargin" : 43.19,
    "grossProfit" : 9.71,
    "operatingProfitMargin" : 13.03,
    "operatingProfit" : 2.93,
    "netProfitMargin" : 4.40,
    "netProfit" : 0.99
  }, {
    "date" : "2011-12-31",
    "sales" : 15.85,
    "salesGrowthYoY" : -27.76,
    "grossProfitMargin" : 40.32,
    "grossProfit" : 6.39,
    "operatingProfitMargin" : -8.26,
    "operatingProfit" : -1.31,
    "netProfitMargin" : -15.96,
    "netProfit" : -2.53
  }, {
    "date" : "2012-03-31",
    "sales" : 19.97,
    "salesGrowthYoY" : -5.62,
    "grossProfitMargin" : 28.74,
    "grossProfit" : 5.74,
    "operatingProfitMargin" : 3.51,
    "operatingProfit" : 0.70,
    "netProfitMargin" : -3.56,
    "netProfit" : -0.71
  }, {
    "date" : "2012-06-30",
    "sales" : 20.61,
    "salesGrowthYoY" : -2.65,
    "grossProfitMargin" : 39.74,
    "grossProfit" : 8.19,
    "operatingProfitMargin" : 5.34,
    "operatingProfit" : 1.10,
    "netProfitMargin" : -2.91,
    "netProfit" : -0.60
  }, {
    "date" : "2012-09-30",
    "sales" : 19.99,
    "salesGrowthYoY" : -11.08,
    "grossProfitMargin" : 40.07,
    "grossProfit" : 8.01,
    "operatingProfitMargin" : 12.21,
    "operatingProfit" : 2.44,
    "netProfitMargin" : 4.60,
    "netProfit" : 0.92
  }, {
    "date" : "2012-12-31",
    "sales" : 17.54,
    "salesGrowthYoY" : 10.66,
    "grossProfitMargin" : 39.97,
    "grossProfit" : 7.01,
    "operatingProfitMargin" : 7.98,
    "operatingProfit" : 1.40,
    "netProfitMargin" : -1.03,
    "netProfit" : -0.18
  }, {
    "date" : "2013-03-31",
    "sales" : 20.12,
    "salesGrowthYoY" : 0.75,
    "grossProfitMargin" : 38.17,
    "grossProfit" : 7.68,
    "operatingProfitMargin" : 14.86,
    "operatingProfit" : 2.99,
    "netProfitMargin" : 3.73,
    "netProfit" : 0.75
  }, {
    "date" : "2013-06-30",
    "sales" : 19.63,
    "salesGrowthYoY" : -4.75,
    "grossProfitMargin" : 44.63,
    "grossProfit" : 8.76,
    "operatingProfitMargin" : 9.68,
    "operatingProfit" : 1.90,
    "netProfitMargin" : 2.14,
    "netProfit" : 0.42
  }, {
    "date" : "2013-09-30",
    "sales" : 18.67,
    "salesGrowthYoY" : -6.60,
    "grossProfitMargin" : 41.14,
    "grossProfit" : 7.68,
    "operatingProfitMargin" : 7.55,
    "operatingProfit" : 1.41,
    "netProfitMargin" : 0.21,
    "netProfit" : 0.04
  }, {
    "date" : "2013-12-31",
    "sales" : 20.23,
    "salesGrowthYoY" : 15.34,
    "grossProfitMargin" : 40.88,
    "grossProfit" : 8.27,
    "operatingProfitMargin" : 16.31,
    "operatingProfit" : 3.30,
    "netProfitMargin" : 7.61,
    "netProfit" : 1.54
  }, {
    "date" : "2014-03-31",
    "sales" : 22.16,
    "salesGrowthYoY" : 10.14,
    "grossProfitMargin" : 35.74,
    "grossProfit" : 7.92,
    "operatingProfitMargin" : 13.45,
    "operatingProfit" : 2.98,
    "netProfitMargin" : 8.26,
    "netProfit" : 1.83
  }, {
    "date" : "2014-06-30",
    "sales" : 21.37,
    "salesGrowthYoY" : 8.86,
    "grossProfitMargin" : 44.31,
    "grossProfit" : 9.47,
    "operatingProfitMargin" : 18.44,
    "operatingProfit" : 3.94,
    "netProfitMargin" : 7.44,
    "netProfit" : 1.59
  }, {
    "date" : "2014-09-30",
    "sales" : 24.36,
    "salesGrowthYoY" : 30.48,
    "grossProfitMargin" : 42.78,
    "grossProfit" : 10.42,
    "operatingProfitMargin" : 18.51,
    "operatingProfit" : 4.51,
    "netProfitMargin" : 7.59,
    "netProfit" : 1.85
  }, {
    "date" : "2014-12-31",
    "sales" : 25.03,
    "salesGrowthYoY" : 23.73,
    "grossProfitMargin" : 39.75,
    "grossProfit" : 9.95,
    "operatingProfitMargin" : 13.82,
    "operatingProfit" : 3.46,
    "netProfitMargin" : 3.00,
    "netProfit" : 0.75
  }, {
    "date" : "2015-03-31",
    "sales" : 24.45,
    "salesGrowthYoY" : 10.33,
    "grossProfitMargin" : 39.30,
    "grossProfit" : 9.61,
    "operatingProfitMargin" : 15.54,
    "operatingProfit" : 3.80,
    "netProfitMargin" : 5.03,
    "netProfit" : 1.23
  }, {
    "date" : "2015-06-30",
    "sales" : 24.13,
    "salesGrowthYoY" : 12.92,
    "grossProfitMargin" : 38.62,
    "grossProfit" : 9.32,
    "operatingProfitMargin" : 12.60,
    "operatingProfit" : 3.04,
    "netProfitMargin" : 3.40,
    "netProfit" : 0.82
  }, {
    "date" : "2015-09-30",
    "sales" : 24.40,
    "salesGrowthYoY" : 0.16,
    "grossProfitMargin" : 39.71,
    "grossProfit" : 9.69,
    "operatingProfitMargin" : 11.56,
    "operatingProfit" : 2.82,
    "netProfitMargin" : 2.42,
    "netProfit" : 0.59
  }, {
    "date" : "2015-12-31",
    "sales" : 24.88,
    "salesGrowthYoY" : -0.60,
    "grossProfitMargin" : 43.65,
    "grossProfit" : 10.86,
    "operatingProfitMargin" : 17.40,
    "operatingProfit" : 4.33,
    "netProfitMargin" : 6.55,
    "netProfit" : 1.63
  }, {
    "date" : "2016-03-31",
    "sales" : 25.44,
    "salesGrowthYoY" : 4.05,
    "grossProfitMargin" : 42.96,
    "grossProfit" : 10.93,
    "operatingProfitMargin" : 14.70,
    "operatingProfit" : 3.74,
    "netProfitMargin" : 4.68,
    "netProfit" : 1.19
  }, {
    "date" : "2016-06-30",
    "sales" : 27.20,
    "salesGrowthYoY" : 12.72,
    "grossProfitMargin" : 44.89,
    "grossProfit" : 12.21,
    "operatingProfitMargin" : 14.85,
    "operatingProfit" : 4.04,
    "netProfitMargin" : 5.59,
    "netProfit" : 1.52
  }, {
    "date" : "2016-09-30",
    "sales" : 29.01,
    "salesGrowthYoY" : 18.89,
    "grossProfitMargin" : 46.98,
    "grossProfit" : 13.63,
    "operatingProfitMargin" : 14.68,
    "operatingProfit" : 4.26,
    "netProfitMargin" : 8.48,
    "netProfit" : 2.46
  }, {
    "date" : "2016-12-31",
    "sales" : 31.29,
    "salesGrowthYoY" : 25.76,
    "grossProfitMargin" : 48.74,
    "grossProfit" : 15.25,
    "operatingProfitMargin" : 17.55,
    "operatingProfit" : 5.49,
    "netProfitMargin" : 6.33,
    "netProfit" : 1.98
  }, {
    "date" : "2017-03-31",
    "sales" : 31.26,
    "salesGrowthYoY" : 22.88,
    "grossProfitMargin" : 50.00,
    "grossProfit" : 15.63,
    "operatingProfitMargin" : 19.67,
    "operatingProfit" : 6.15,
    "netProfitMargin" : 10.04,
    "netProfit" : 3.14
  }, {
    "date" : "2017-06-30",
    "sales" : 36.94,
    "salesGrowthYoY" : 35.81,
    "grossProfitMargin" : 47.56,
    "grossProfit" : 17.57,
    "operatingProfitMargin" : 19.38,
    "operatingProfit" : 7.16,
    "netProfitMargin" : 10.31,
    "netProfit" : 3.81
  }, {
    "date" : "2017-09-30",
    "sales" : 38.02,
    "salesGrowthYoY" : 31.06,
    "grossProfitMargin" : 47.53,
    "grossProfit" : 18.07,
    "operatingProfitMargin" : 15.99,
    "operatingProfit" : 6.08,
    "netProfitMargin" : 9.10,
    "netProfit" : 3.46
  }, {
    "date" : "2017-12-31",
    "sales" : 41.66,
    "salesGrowthYoY" : 33.14,
    "grossProfitMargin" : 47.43,
    "grossProfit" : 19.76,
    "operatingProfitMargin" : 13.13,
    "operatingProfit" : 5.47,
    "netProfitMargin" : 7.35,
    "netProfit" : 3.06
  }, {
    "date" : "2018-03-31",
    "sales" : 41.29,
    "salesGrowthYoY" : 32.09,
    "grossProfitMargin" : 50.57,
    "grossProfit" : 20.88,
    "operatingProfitMargin" : 16.93,
    "operatingProfit" : 6.99,
    "netProfitMargin" : 13.68,
    "netProfit" : 5.65
  }, {
    "date" : "2018-06-30",
    "sales" : 50.32,
    "salesGrowthYoY" : 36.22,
    "grossProfitMargin" : 46.82,
    "grossProfit" : 23.56,
    "operatingProfitMargin" : 17.55,
    "operatingProfit" : 8.83,
    "netProfitMargin" : 11.53,
    "netProfit" : 5.80
  }, {
    "date" : "2018-09-30",
    "sales" : 50.11,
    "salesGrowthYoY" : 31.80,
    "grossProfitMargin" : 48.05,
    "grossProfit" : 24.08,
    "operatingProfitMargin" : 18.24,
    "operatingProfit" : 9.14,
    "netProfitMargin" : 11.10,
    "netProfit" : 5.56
  }, {
    "date" : "2018-12-31",
    "sales" : 45.28,
    "salesGrowthYoY" : 8.69,
    "grossProfitMargin" : 50.51,
    "grossProfit" : 22.87,
    "operatingProfitMargin" : 19.85,
    "operatingProfit" : 8.99,
    "netProfitMargin" : 13.01,
    "netProfit" : 5.89
  }, {
    "date" : "2019-03-31",
    "sales" : 47.68,
    "salesGrowthYoY" : 15.48,
    "grossProfitMargin" : 56.65,
    "grossProfit" : 27.01,
    "operatingProfitMargin" : 17.97,
    "operatingProfit" : 8.57,
    "netProfitMargin" : 12.21,
    "netProfit" : 5.82
  }, {
    "date" : "2019-06-30",
    "sales" : 50.68,
    "salesGrowthYoY" : 0.72,
    "grossProfitMargin" : 41.28,
    "grossProfit" : 20.92,
    "operatingProfitMargin" : 10.64,
    "operatingProfit" : 5.39,
    "netProfitMargin" : 5.80,
    "netProfit" : 2.94
  }, {
    "date" : "2019-09-30",
    "sales" : 45.86,
    "salesGrowthYoY" : -8.48,
    "grossProfitMargin" : 42.52,
    "grossProfit" : 19.50,
    "operatingProfitMargin" : 10.10,
    "operatingProfit" : 4.63,
    "netProfitMargin" : 6.89,
    "netProfit" : 3.16
  }, {
    "date" : "2019-12-31",
    "sales" : 44.37,
    "salesGrowthYoY" : -2.01,
    "grossProfitMargin" : 44.90,
    "grossProfit" : 19.92,
    "operatingProfitMargin" : 14.22,
    "operatingProfit" : 6.31,
    "netProfitMargin" : 8.36,
    "netProfit" : 3.71
  }, {
    "date" : "2020-03-31",
    "sales" : 46.30,
    "salesGrowthYoY" : -2.89,
    "grossProfitMargin" : 42.55,
    "grossProfit" : 19.70,
    "operatingProfitMargin" : 9.55,
    "operatingProfit" : 4.42,
    "netProfitMargin" : 5.96,
    "netProfit" : 2.76
  }, {
    "date" : "2020-06-30",
    "sales" : 28.51,
    "salesGrowthYoY" : -43.75,
    "grossProfitMargin" : 47.42,
    "grossProfit" : 13.52,
    "operatingProfitMargin" : 11.86,
    "operatingProfit" : 3.38,
    "netProfitMargin" : 5.96,
    "netProfit" : 1.70
  }, {
    "date" : "2020-09-30",
    "sales" : 49.32,
    "salesGrowthYoY" : 7.54,
    "grossProfitMargin" : 49.05,
    "grossProfit" : 24.19,
    "operatingProfitMargin" : 15.25,
    "operatingProfit" : 7.52,
    "netProfitMargin" : 10.20,
    "netProfit" : 5.03
  }, {
    "date" : "2020-12-31",
    "sales" : 59.03,
    "salesGrowthYoY" : 33.04,
    "grossProfitMargin" : 50.82,
    "grossProfit" : 30.00,
    "operatingProfitMargin" : 21.31,
    "operatingProfit" : 12.58,
    "netProfitMargin" : 15.01,
    "netProfit" : 8.86
  }, {
    "date" : "2021-03-31",
    "sales" : 66.86,
    "salesGrowthYoY" : 44.41,
    "grossProfitMargin" : 51.97,
    "grossProfit" : 34.75,
    "operatingProfitMargin" : 18.94,
    "operatingProfit" : 12.66,
    "netProfitMargin" : 12.82,
    "netProfit" : 8.57
  }, {
    "date" : "2021-06-30",
    "sales" : 70.31,
    "salesGrowthYoY" : 146.62,
    "grossProfitMargin" : 50.55,
    "grossProfit" : 35.54,
    "operatingProfitMargin" : 22.56,
    "operatingProfit" : 15.86,
    "netProfitMargin" : 15.90,
    "netProfit" : 11.18
  }, {
    "date" : "2021-09-30",
    "sales" : 76.23,
    "salesGrowthYoY" : 54.56,
    "grossProfitMargin" : 51.59,
    "grossProfit" : 39.33,
    "operatingProfitMargin" : 23.39,
    "operatingProfit" : 17.83,
    "netProfitMargin" : 16.83,
    "netProfit" : 12.83
  }, {
    "date" : "2021-12-31",
    "sales" : 88.13,
    "salesGrowthYoY" : 49.30,
    "grossProfitMargin" : 49.10,
    "grossProfit" : 43.27,
    "operatingProfitMargin" : 23.33,
    "operatingProfit" : 20.56,
    "netProfitMargin" : 16.68,
    "netProfit" : 14.70
  }, {
    "date" : "2022-03-31",
    "sales" : 89.32,
    "salesGrowthYoY" : 33.59,
    "grossProfitMargin" : 50.15,
    "grossProfit" : 44.79,
    "operatingProfitMargin" : 21.53,
    "operatingProfit" : 19.23,
    "netProfitMargin" : 14.86,
    "netProfit" : 13.27
  }, {
    "date" : "2022-06-30",
    "sales" : 97.69,
    "salesGrowthYoY" : 38.94,
    "grossProfitMargin" : 50.14,
    "grossProfit" : 48.98,
    "operatingProfitMargin" : 24.82,
    "operatingProfit" : 24.25,
    "netProfitMargin" : 17.51,
    "netProfit" : 17.11
  }, {
    "date" : "2022-09-30",
    "sales" : 104.87,
    "salesGrowthYoY" : 37.57,
    "grossProfitMargin" : 52.56,
    "grossProfit" : 55.12,
    "operatingProfitMargin" : 24.52,
    "operatingProfit" : 25.71,
    "netProfitMargin" : 17.89,
    "netProfit" : 18.76
  }, {
    "date" : "2022-12-31",
    "sales" : 107.54,
    "salesGrowthYoY" : 22.02,
    "grossProfitMargin" : 50.02,
    "grossProfit" : 53.79,
    "operatingProfitMargin" : 25.84,
    "operatingProfit" : 27.79,
    "netProfitMargin" : 16.97,
    "netProfit" : 18.25
  }, {
    "date" : "2023-03-31",
    "sales" : 110.13,
    "salesGrowthYoY" : 23.30,
    "grossProfitMargin" : 51.17,
    "grossProfit" : 56.35,
    "operatingProfitMargin" : 24.53,
    "operatingProfit" : 27.01,
    "netProfitMargin" : 17.16,
    "netProfit" : 18.90
  }, {
    "date" : "2023-06-30",
    "sales" : 113.07,
    "salesGrowthYoY" : 15.74,
    "grossProfitMargin" : 49.80,
    "grossProfit" : 56.31,
    "operatingProfitMargin" : 25.65,
    "operatingProfit" : 29.00,
    "netProfitMargin" : 17.89,
    "netProfit" : 20.23
  }, {
    "date" : "2023-09-30",
    "sales" : 112.39,
    "salesGrowthYoY" : 7.17,
    "grossProfitMargin" : 48.78,
    "grossProfit" : 54.82,
    "operatingProfitMargin" : 24.74,
    "operatingProfit" : 27.81,
    "netProfitMargin" : 17.51,
    "netProfit" : 19.68
  }, {
    "date" : "2023-12-31",
    "sales" : 112.17,
    "salesGrowthYoY" : 4.31,
    "grossProfitMargin" : 45.95,
    "grossProfit" : 51.54,
    "operatingProfitMargin" : 21.58,
    "operatingProfit" : 24.21,
    "netProfitMargin" : 14.19,
    "netProfit" : 15.92
  }, {
    "date" : "2024-03-31",
    "sales" : 111.77,
    "salesGrowthYoY" : 1.49,
    "grossProfitMargin" : 46.60,
    "grossProfit" : 52.08,
    "operatingProfitMargin" : 19.10,
    "operatingProfit" : 21.35,
    "netProfitMargin" : 22.64,
    "netProfit" : 25.30
  }, {
    "date" : "2024-06-30",
    "sales" : 107.22,
    "salesGrowthYoY" : -5.17,
    "grossProfitMargin" : 45.78,
    "grossProfit" : 49.09,
    "operatingProfitMargin" : 20.73,
    "operatingProfit" : 22.23,
    "netProfitMargin" : 15.20,
    "netProfit" : 16.30
  }, {
    "date" : "2024-09-30",
    "sales" : 109.55,
    "salesGrowthYoY" : -2.53,
    "grossProfitMargin" : 47.34,
    "grossProfit" : 51.86,
    "operatingProfitMargin" : 23.49,
    "operatingProfit" : 25.73,
    "netProfitMargin" : 17.57,
    "netProfit" : 19.25
  }, {
    "date" : "2024-12-31",
    "sales" : 106.22,
    "salesGrowthYoY" : -5.30,
    "grossProfitMargin" : 47.02,
    "grossProfit" : 49.94,
    "operatingProfitMargin" : 21.90,
    "operatingProfit" : 23.26,
    "netProfitMargin" : 16.49,
    "netProfit" : 17.52
  }, {
    "date" : "2025-03-31",
    "sales" : 114.22,
    "salesGrowthYoY" : 2.19,
    "grossProfitMargin" : 46.17,
    "grossProfit" : 52.74,
    "operatingProfitMargin" : 23.17,
    "operatingProfit" : 26.46,
    "netProfitMargin" : 17.09,
    "netProfit" : 19.52
  }, {
    "date" : "2025-06-30",
    "sales" : 116.70,
    "salesGrowthYoY" : 8.84,
    "grossProfitMargin" : 47.93,
    "grossProfit" : 55.93,
    "operatingProfitMargin" : 25.26,
    "operatingProfit" : 29.48,
    "netProfitMargin" : 17.97,
    "netProfit" : 20.97
  }, {
    "date" : "2025-09-30",
    "sales" : 118.42,
    "salesGrowthYoY" : 8.10,
    "grossProfitMargin" : 49.81,
    "grossProfit" : 58.99,
    "operatingProfitMargin" : 23.81,
    "operatingProfit" : 28.20,
    "netProfitMargin" : 17.88,
    "netProfit" : 21.17
  }, {
    "date" : "2025-12-31",
    "sales" : 110.13,
    "salesGrowthYoY" : 3.68,
    "grossProfitMargin" : 50.40,
    "grossProfit" : 55.51,
    "operatingProfitMargin" : 24.90,
    "operatingProfit" : 27.42,
    "netProfitMargin" : 18.10,
    "netProfit" : 19.93
  } ],
  "latestQuarterlyResult" : {
    "date" : "2025-12-31",
    "sales" : 110.13,
    "salesGrowthYoY" : 3.68,
    "grossProfitMargin" : 50.40,
    "grossProfit" : 55.51,
    "operatingProfitMargin" : 24.90,
    "operatingProfit" : 27.42,
    "netProfitMargin" : 18.10,
    "netProfit" : 19.93
  },
  "companyScore" : {
    "priceHigherThanDma50" : 5.00,
    "priceHigherThanDma100" : 5.00,
    "priceHigherThanDma200" : 5.00,
    "dma50HigherThanDma100" : 0.00,
    "dma50HigherThanDma200" : 0.00,
    "dma100HigherThanDma200" : 0.00,
    "pricePercentageAboveDma50" : 4.26,
    "pricePercentageAboveDma100" : 4.46,
    "pricePercentageAboveDma200" : 4.63,
    "weeklyVolumeHigherThanYearlyVolume" : 5.00,
    "salesGrowthPercentile" : 7.75,
    "operatingProfitMarginPercentile" : 19.45,
    "netProfitMarginPercentile" : 9.88,
    "totalTechnicalScore" : 33.35,
    "totalFundamentalScore" : 37.08,
    "totalScore" : 70.43
  }
}