{
  "metadata" : {
    "screenerCompanyId" : "3045",
    "companyCode" : "SEPC",
    "companyName" : "SEPC",
    "screenerCompanyLink" : "https://www.screener.in/company/SEPC/consolidated/",
    "screenerTechnicalHistoryLink" : "https://www.screener.in/api/company/3045/chart/?q=Price-DMA50-DMA200-Volume&days=365",
    "screenerQuarterlyResultsLink" : "https://www.screener.in/api/company/3045/chart/?q=GPM-OPM-NPM-Quarter+Sales&days=10000",
    "attributes" : {
      "companyCode" : "SEPC",
      "companyName" : "SEPC",
      "marketCap" : 1705.00,
      "peRatio" : 33.80,
      "description" : "SEPC (Shriram EPC Ltd till February 2021) was incorporated in June 2000. The company became majority owned by Mark AB since September 2022 post infusion of Rs 350 crore. SEPC specialises in executing EPC contracts, providing integrated solutions encompassing design, engineering, procurement, construction and project management services in water, process and process and metallurgy, and infrastructure segments.[1]"
    },
    "companyScore" : {
      "priceHigherThanDma50" : 0.00,
      "priceHigherThanDma100" : 0.00,
      "priceHigherThanDma200" : 0.00,
      "dma50HigherThanDma100" : 0.00,
      "dma50HigherThanDma200" : 0.00,
      "dma100HigherThanDma200" : 0.00,
      "pricePercentageAboveDma50" : 5.11,
      "pricePercentageAboveDma100" : 5.63,
      "pricePercentageAboveDma200" : 6.15,
      "weeklyVolumeHigherThanYearlyVolume" : 0.00,
      "salesGrowthPercentile" : 14.65,
      "operatingProfitMarginPercentile" : 18.52,
      "netProfitMarginPercentile" : 9.64,
      "totalTechnicalScore" : 16.89,
      "totalFundamentalScore" : 42.80,
      "totalScore" : 59.69
    }
  },
  "attributes" : {
    "companyCode" : "SEPC",
    "companyName" : "SEPC",
    "marketCap" : 1705.00,
    "peRatio" : 33.80,
    "description" : "SEPC (Shriram EPC Ltd till February 2021) was incorporated in June 2000. The company became majority owned by Mark AB since September 2022 post infusion of Rs 350 crore. SEPC specialises in executing EPC contracts, providing integrated solutions encompassing design, engineering, procurement, construction and project management services in water, process and process and metallurgy, and infrastructure segments.[1]"
  },
  "technicalHistory" : [ {
    "date" : "2025-02-10",
    "price" : 15.59,
    "dma50" : 18.72,
    "dma100" : null,
    "dma200" : 20.37,
    "volume" : 4042510.00
  }, {
    "date" : "2025-02-11",
    "price" : 15.04,
    "dma50" : 18.58,
    "dma100" : null,
    "dma200" : 20.32,
    "volume" : 4776183.00
  }, {
    "date" : "2025-02-12",
    "price" : 14.74,
    "dma50" : 18.42,
    "dma100" : null,
    "dma200" : 20.26,
    "volume" : 7853826.00
  }, {
    "date" : "2025-02-13",
    "price" : 14.28,
    "dma50" : 18.26,
    "dma100" : null,
    "dma200" : 20.20,
    "volume" : 6091590.00
  }, {
    "date" : "2025-02-14",
    "price" : 13.97,
    "dma50" : 18.09,
    "dma100" : null,
    "dma200" : 20.14,
    "volume" : 6313131.00
  }, {
    "date" : "2025-02-17",
    "price" : 13.51,
    "dma50" : 17.91,
    "dma100" : null,
    "dma200" : 20.07,
    "volume" : 9625259.00
  }, {
    "date" : "2025-02-18",
    "price" : 13.21,
    "dma50" : 17.73,
    "dma100" : null,
    "dma200" : 20.01,
    "volume" : 9656420.00
  }, {
    "date" : "2025-02-19",
    "price" : 14.28,
    "dma50" : 17.59,
    "dma100" : null,
    "dma200" : 19.95,
    "volume" : 10230916.00
  }, {
    "date" : "2025-02-20",
    "price" : 14.12,
    "dma50" : 17.46,
    "dma100" : null,
    "dma200" : 19.89,
    "volume" : 7014792.00
  }, {
    "date" : "2025-02-21",
    "price" : 13.85,
    "dma50" : 17.32,
    "dma100" : null,
    "dma200" : 19.83,
    "volume" : 6663435.00
  }, {
    "date" : "2025-02-24",
    "price" : 13.26,
    "dma50" : 17.16,
    "dma100" : null,
    "dma200" : 19.77,
    "volume" : 5256442.00
  }, {
    "date" : "2025-02-25",
    "price" : 13.39,
    "dma50" : 17.01,
    "dma100" : null,
    "dma200" : 19.70,
    "volume" : 4447321.00
  }, {
    "date" : "2025-02-27",
    "price" : 12.91,
    "dma50" : 16.85,
    "dma100" : null,
    "dma200" : 19.63,
    "volume" : 5035399.00
  }, {
    "date" : "2025-02-28",
    "price" : 12.55,
    "dma50" : 16.68,
    "dma100" : null,
    "dma200" : 19.56,
    "volume" : 7156409.00
  }, {
    "date" : "2025-03-03",
    "price" : 11.92,
    "dma50" : 16.49,
    "dma100" : null,
    "dma200" : 19.49,
    "volume" : 14182173.00
  }, {
    "date" : "2025-03-04",
    "price" : 12.38,
    "dma50" : 16.33,
    "dma100" : null,
    "dma200" : 19.42,
    "volume" : 8798650.00
  }, {
    "date" : "2025-03-05",
    "price" : 13.01,
    "dma50" : 16.20,
    "dma100" : null,
    "dma200" : 19.35,
    "volume" : 9410610.00
  }, {
    "date" : "2025-03-06",
    "price" : 13.13,
    "dma50" : 16.08,
    "dma100" : null,
    "dma200" : 19.29,
    "volume" : 9960551.00
  }, {
    "date" : "2025-03-07",
    "price" : 13.46,
    "dma50" : 15.98,
    "dma100" : null,
    "dma200" : 19.23,
    "volume" : 9311223.00
  }, {
    "date" : "2025-03-10",
    "price" : 12.53,
    "dma50" : 15.84,
    "dma100" : null,
    "dma200" : 19.17,
    "volume" : 8604993.00
  }, {
    "date" : "2025-03-11",
    "price" : 12.07,
    "dma50" : 15.70,
    "dma100" : null,
    "dma200" : 19.10,
    "volume" : 11313358.00
  }, {
    "date" : "2025-03-12",
    "price" : 14.46,
    "dma50" : 15.65,
    "dma100" : null,
    "dma200" : 19.05,
    "volume" : 70666905.00
  }, {
    "date" : "2025-03-13",
    "price" : 15.48,
    "dma50" : 15.64,
    "dma100" : null,
    "dma200" : 19.01,
    "volume" : 86733974.00
  }, {
    "date" : "2025-03-17",
    "price" : 14.48,
    "dma50" : 15.60,
    "dma100" : null,
    "dma200" : 18.97,
    "volume" : 21120787.00
  }, {
    "date" : "2025-03-18",
    "price" : 14.99,
    "dma50" : 15.57,
    "dma100" : null,
    "dma200" : 18.93,
    "volume" : 20013930.00
  }, {
    "date" : "2025-03-19",
    "price" : 15.26,
    "dma50" : 15.56,
    "dma100" : null,
    "dma200" : 18.89,
    "volume" : 17282543.00
  }, {
    "date" : "2025-03-20",
    "price" : 14.79,
    "dma50" : 15.53,
    "dma100" : null,
    "dma200" : 18.85,
    "volume" : 13826046.00
  }, {
    "date" : "2025-03-21",
    "price" : 15.17,
    "dma50" : 15.51,
    "dma100" : null,
    "dma200" : 18.82,
    "volume" : 14245358.00
  }, {
    "date" : "2025-03-24",
    "price" : 15.10,
    "dma50" : 15.50,
    "dma100" : null,
    "dma200" : 18.78,
    "volume" : 14401055.00
  }, {
    "date" : "2025-03-25",
    "price" : 14.16,
    "dma50" : 15.45,
    "dma100" : null,
    "dma200" : 18.73,
    "volume" : 18593237.00
  }, {
    "date" : "2025-03-26",
    "price" : 13.33,
    "dma50" : 15.36,
    "dma100" : null,
    "dma200" : 18.68,
    "volume" : 19627479.00
  }, {
    "date" : "2025-03-27",
    "price" : 13.50,
    "dma50" : 15.29,
    "dma100" : null,
    "dma200" : 18.63,
    "volume" : 23562987.00
  }, {
    "date" : "2025-03-28",
    "price" : 13.25,
    "dma50" : 15.21,
    "dma100" : null,
    "dma200" : 18.57,
    "volume" : 18722798.00
  }, {
    "date" : "2025-04-01",
    "price" : 13.88,
    "dma50" : 15.16,
    "dma100" : null,
    "dma200" : 18.53,
    "volume" : 9945316.00
  }, {
    "date" : "2025-04-02",
    "price" : 14.00,
    "dma50" : 15.11,
    "dma100" : null,
    "dma200" : 18.48,
    "volume" : 9774898.00
  }, {
    "date" : "2025-04-03",
    "price" : 14.11,
    "dma50" : 15.07,
    "dma100" : null,
    "dma200" : 18.44,
    "volume" : 9000511.00
  }, {
    "date" : "2025-04-04",
    "price" : 13.52,
    "dma50" : 15.01,
    "dma100" : null,
    "dma200" : 18.39,
    "volume" : 8150479.00
  }, {
    "date" : "2025-04-07",
    "price" : 12.91,
    "dma50" : 14.93,
    "dma100" : null,
    "dma200" : 18.34,
    "volume" : 11581525.00
  }, {
    "date" : "2025-04-08",
    "price" : 13.16,
    "dma50" : 14.86,
    "dma100" : null,
    "dma200" : 18.28,
    "volume" : 6705020.00
  }, {
    "date" : "2025-04-09",
    "price" : 13.04,
    "dma50" : 14.79,
    "dma100" : null,
    "dma200" : 18.23,
    "volume" : 5365308.00
  }, {
    "date" : "2025-04-11",
    "price" : 13.43,
    "dma50" : 14.74,
    "dma100" : null,
    "dma200" : 18.18,
    "volume" : 5012085.00
  }, {
    "date" : "2025-04-15",
    "price" : 14.22,
    "dma50" : 14.72,
    "dma100" : null,
    "dma200" : 18.14,
    "volume" : 8217498.00
  }, {
    "date" : "2025-04-16",
    "price" : 14.25,
    "dma50" : 14.70,
    "dma100" : null,
    "dma200" : 18.11,
    "volume" : 5526801.00
  }, {
    "date" : "2025-04-17",
    "price" : 14.39,
    "dma50" : 14.69,
    "dma100" : null,
    "dma200" : 18.07,
    "volume" : 5931456.00
  }, {
    "date" : "2025-04-21",
    "price" : 14.79,
    "dma50" : 14.69,
    "dma100" : null,
    "dma200" : 18.04,
    "volume" : 6395074.00
  }, {
    "date" : "2025-04-22",
    "price" : 14.74,
    "dma50" : 14.69,
    "dma100" : null,
    "dma200" : 18.00,
    "volume" : 6907428.00
  }, {
    "date" : "2025-04-23",
    "price" : 14.81,
    "dma50" : 14.70,
    "dma100" : null,
    "dma200" : 17.97,
    "volume" : 8317429.00
  }, {
    "date" : "2025-04-24",
    "price" : 14.79,
    "dma50" : 14.70,
    "dma100" : null,
    "dma200" : 17.94,
    "volume" : 8918786.00
  }, {
    "date" : "2025-04-25",
    "price" : 13.96,
    "dma50" : 14.67,
    "dma100" : null,
    "dma200" : 17.90,
    "volume" : 8366100.00
  }, {
    "date" : "2025-04-28",
    "price" : 13.81,
    "dma50" : 14.64,
    "dma100" : null,
    "dma200" : 17.86,
    "volume" : 7395904.00
  }, {
    "date" : "2025-04-29",
    "price" : 13.69,
    "dma50" : 14.60,
    "dma100" : null,
    "dma200" : 17.82,
    "volume" : 4929281.00
  }, {
    "date" : "2025-04-30",
    "price" : 13.23,
    "dma50" : 14.55,
    "dma100" : null,
    "dma200" : 17.77,
    "volume" : 6289051.00
  }, {
    "date" : "2025-05-02",
    "price" : 13.12,
    "dma50" : 14.49,
    "dma100" : null,
    "dma200" : 17.73,
    "volume" : 4692652.00
  }, {
    "date" : "2025-05-05",
    "price" : 13.34,
    "dma50" : 14.45,
    "dma100" : null,
    "dma200" : 17.68,
    "volume" : 3803844.00
  }, {
    "date" : "2025-05-06",
    "price" : 12.65,
    "dma50" : 14.37,
    "dma100" : null,
    "dma200" : 17.63,
    "volume" : 5490069.00
  }, {
    "date" : "2025-05-07",
    "price" : 12.74,
    "dma50" : 14.31,
    "dma100" : null,
    "dma200" : 17.58,
    "volume" : 4805923.00
  }, {
    "date" : "2025-05-08",
    "price" : 12.54,
    "dma50" : 14.24,
    "dma100" : null,
    "dma200" : 17.53,
    "volume" : 3930543.00
  }, {
    "date" : "2025-05-09",
    "price" : 12.56,
    "dma50" : 14.18,
    "dma100" : null,
    "dma200" : 17.48,
    "volume" : 5061095.00
  }, {
    "date" : "2025-05-12",
    "price" : 13.56,
    "dma50" : 14.15,
    "dma100" : null,
    "dma200" : 17.45,
    "volume" : 6980931.00
  }, {
    "date" : "2025-05-13",
    "price" : 13.72,
    "dma50" : 14.13,
    "dma100" : null,
    "dma200" : 17.41,
    "volume" : 7983819.00
  }, {
    "date" : "2025-05-14",
    "price" : 14.22,
    "dma50" : 14.14,
    "dma100" : null,
    "dma200" : 17.38,
    "volume" : 9486488.00
  }, {
    "date" : "2025-05-15",
    "price" : 14.08,
    "dma50" : 14.14,
    "dma100" : null,
    "dma200" : 17.34,
    "volume" : 13086413.00
  }, {
    "date" : "2025-05-16",
    "price" : 14.42,
    "dma50" : 14.15,
    "dma100" : null,
    "dma200" : 17.31,
    "volume" : 8586947.00
  }, {
    "date" : "2025-05-19",
    "price" : 14.34,
    "dma50" : 14.15,
    "dma100" : null,
    "dma200" : 17.28,
    "volume" : 12798335.00
  }, {
    "date" : "2025-05-20",
    "price" : 14.11,
    "dma50" : 14.15,
    "dma100" : null,
    "dma200" : 17.25,
    "volume" : 15810976.00
  }, {
    "date" : "2025-05-21",
    "price" : 14.04,
    "dma50" : 14.15,
    "dma100" : null,
    "dma200" : 17.22,
    "volume" : 14600714.00
  }, {
    "date" : "2025-05-22",
    "price" : 13.81,
    "dma50" : 14.13,
    "dma100" : null,
    "dma200" : 17.19,
    "volume" : 8992302.00
  }, {
    "date" : "2025-05-23",
    "price" : 13.92,
    "dma50" : 14.13,
    "dma100" : null,
    "dma200" : 17.15,
    "volume" : 26066779.00
  }, {
    "date" : "2025-05-26",
    "price" : 14.28,
    "dma50" : 14.13,
    "dma100" : null,
    "dma200" : 17.13,
    "volume" : 16968508.00
  }, {
    "date" : "2025-05-27",
    "price" : 14.28,
    "dma50" : 14.14,
    "dma100" : null,
    "dma200" : 17.10,
    "volume" : 10661020.00
  }, {
    "date" : "2025-05-28",
    "price" : 15.15,
    "dma50" : 14.18,
    "dma100" : null,
    "dma200" : 17.08,
    "volume" : 37089999.00
  }, {
    "date" : "2025-05-29",
    "price" : 14.97,
    "dma50" : 14.21,
    "dma100" : null,
    "dma200" : 17.06,
    "volume" : 15560034.00
  }, {
    "date" : "2025-05-30",
    "price" : 14.97,
    "dma50" : 14.24,
    "dma100" : null,
    "dma200" : 17.04,
    "volume" : 20502536.00
  }, {
    "date" : "2025-06-02",
    "price" : 14.65,
    "dma50" : 14.25,
    "dma100" : null,
    "dma200" : 17.01,
    "volume" : 9060240.00
  }, {
    "date" : "2025-06-03",
    "price" : 14.31,
    "dma50" : 14.26,
    "dma100" : null,
    "dma200" : 16.99,
    "volume" : 5714484.00
  }, {
    "date" : "2025-06-04",
    "price" : 14.74,
    "dma50" : 14.28,
    "dma100" : null,
    "dma200" : 16.96,
    "volume" : 9236492.00
  }, {
    "date" : "2025-06-05",
    "price" : 14.82,
    "dma50" : 14.30,
    "dma100" : null,
    "dma200" : 16.94,
    "volume" : 13255460.00
  }, {
    "date" : "2025-06-06",
    "price" : 14.53,
    "dma50" : 14.31,
    "dma100" : null,
    "dma200" : 16.92,
    "volume" : 10969657.00
  }, {
    "date" : "2025-06-09",
    "price" : 13.61,
    "dma50" : 14.28,
    "dma100" : null,
    "dma200" : 16.89,
    "volume" : 28166596.00
  }, {
    "date" : "2025-06-10",
    "price" : 13.27,
    "dma50" : 14.24,
    "dma100" : null,
    "dma200" : 16.85,
    "volume" : 42383536.00
  }, {
    "date" : "2025-06-11",
    "price" : 13.76,
    "dma50" : 14.22,
    "dma100" : null,
    "dma200" : 16.82,
    "volume" : 80589106.00
  }, {
    "date" : "2025-06-12",
    "price" : 14.28,
    "dma50" : 14.22,
    "dma100" : null,
    "dma200" : 16.79,
    "volume" : 70476082.00
  }, {
    "date" : "2025-06-13",
    "price" : 13.51,
    "dma50" : 14.20,
    "dma100" : null,
    "dma200" : 16.76,
    "volume" : 41024353.00
  }, {
    "date" : "2025-06-16",
    "price" : 13.43,
    "dma50" : 14.17,
    "dma100" : null,
    "dma200" : 16.73,
    "volume" : 23541161.00
  }, {
    "date" : "2025-06-17",
    "price" : 13.63,
    "dma50" : 14.14,
    "dma100" : null,
    "dma200" : 16.70,
    "volume" : 30088759.00
  }, {
    "date" : "2025-06-18",
    "price" : 13.34,
    "dma50" : 14.11,
    "dma100" : null,
    "dma200" : 16.66,
    "volume" : 15393987.00
  }, {
    "date" : "2025-06-19",
    "price" : 12.96,
    "dma50" : 14.07,
    "dma100" : null,
    "dma200" : 16.63,
    "volume" : 15791414.00
  }, {
    "date" : "2025-06-20",
    "price" : 13.24,
    "dma50" : 14.03,
    "dma100" : null,
    "dma200" : 16.59,
    "volume" : 21854344.00
  }, {
    "date" : "2025-06-23",
    "price" : 13.24,
    "dma50" : 14.00,
    "dma100" : null,
    "dma200" : 16.56,
    "volume" : 9258632.00
  }, {
    "date" : "2025-06-24",
    "price" : 13.45,
    "dma50" : 13.98,
    "dma100" : null,
    "dma200" : 16.53,
    "volume" : 10957145.00
  }, {
    "date" : "2025-06-25",
    "price" : 13.95,
    "dma50" : 13.98,
    "dma100" : null,
    "dma200" : 16.50,
    "volume" : 18137874.00
  }, {
    "date" : "2025-06-26",
    "price" : 13.72,
    "dma50" : 13.97,
    "dma100" : null,
    "dma200" : 16.48,
    "volume" : 9403732.00
  }, {
    "date" : "2025-06-27",
    "price" : 13.53,
    "dma50" : 13.95,
    "dma100" : null,
    "dma200" : 16.45,
    "volume" : 8722688.00
  }, {
    "date" : "2025-06-30",
    "price" : 13.23,
    "dma50" : 13.92,
    "dma100" : null,
    "dma200" : 16.41,
    "volume" : 11903099.00
  }, {
    "date" : "2025-07-01",
    "price" : 13.53,
    "dma50" : 13.91,
    "dma100" : null,
    "dma200" : 16.39,
    "volume" : 12656090.00
  }, {
    "date" : "2025-07-02",
    "price" : 13.40,
    "dma50" : 13.89,
    "dma100" : null,
    "dma200" : 16.36,
    "volume" : 6077583.00
  }, {
    "date" : "2025-07-03",
    "price" : 13.34,
    "dma50" : 13.87,
    "dma100" : null,
    "dma200" : 16.33,
    "volume" : 5287293.00
  }, {
    "date" : "2025-07-04",
    "price" : 13.39,
    "dma50" : 13.85,
    "dma100" : null,
    "dma200" : 16.30,
    "volume" : 7217333.00
  }, {
    "date" : "2025-07-07",
    "price" : 13.39,
    "dma50" : 13.83,
    "dma100" : null,
    "dma200" : 16.27,
    "volume" : 5094205.00
  }, {
    "date" : "2025-07-08",
    "price" : 13.29,
    "dma50" : 13.81,
    "dma100" : null,
    "dma200" : 16.24,
    "volume" : 6044385.00
  }, {
    "date" : "2025-07-09",
    "price" : 13.34,
    "dma50" : 13.79,
    "dma100" : 13.80,
    "dma200" : 16.21,
    "volume" : 6487885.00
  }, {
    "date" : "2025-07-10",
    "price" : 14.12,
    "dma50" : 13.80,
    "dma100" : 13.79,
    "dma200" : 16.19,
    "volume" : 55018575.00
  }, {
    "date" : "2025-07-11",
    "price" : 14.02,
    "dma50" : 13.81,
    "dma100" : 13.78,
    "dma200" : 16.17,
    "volume" : 18863972.00
  }, {
    "date" : "2025-07-14",
    "price" : 13.78,
    "dma50" : 13.81,
    "dma100" : 13.78,
    "dma200" : 16.14,
    "volume" : 10077766.00
  }, {
    "date" : "2025-07-15",
    "price" : 13.69,
    "dma50" : 13.81,
    "dma100" : 13.78,
    "dma200" : 16.12,
    "volume" : 12566857.00
  }, {
    "date" : "2025-07-16",
    "price" : 13.48,
    "dma50" : 13.79,
    "dma100" : 13.78,
    "dma200" : 16.09,
    "volume" : 6963538.00
  }, {
    "date" : "2025-07-17",
    "price" : 13.39,
    "dma50" : 13.78,
    "dma100" : 13.78,
    "dma200" : 16.07,
    "volume" : 6810113.00
  }, {
    "date" : "2025-07-18",
    "price" : 13.36,
    "dma50" : 13.76,
    "dma100" : 13.77,
    "dma200" : 16.04,
    "volume" : 6254865.00
  }, {
    "date" : "2025-07-21",
    "price" : 13.05,
    "dma50" : 13.73,
    "dma100" : 13.76,
    "dma200" : 16.01,
    "volume" : 10293787.00
  }, {
    "date" : "2025-07-22",
    "price" : 12.79,
    "dma50" : 13.70,
    "dma100" : 13.75,
    "dma200" : 15.98,
    "volume" : 13129147.00
  }, {
    "date" : "2025-07-23",
    "price" : 12.65,
    "dma50" : 13.66,
    "dma100" : 13.74,
    "dma200" : 15.94,
    "volume" : 10426696.00
  }, {
    "date" : "2025-07-24",
    "price" : 12.25,
    "dma50" : 13.60,
    "dma100" : 13.73,
    "dma200" : 15.91,
    "volume" : 11150776.00
  }, {
    "date" : "2025-07-25",
    "price" : 11.64,
    "dma50" : 13.52,
    "dma100" : 13.72,
    "dma200" : 15.86,
    "volume" : 22385663.00
  }, {
    "date" : "2025-07-28",
    "price" : 12.00,
    "dma50" : 13.46,
    "dma100" : 13.71,
    "dma200" : 15.83,
    "volume" : 13440852.00
  }, {
    "date" : "2025-07-29",
    "price" : 11.99,
    "dma50" : 13.41,
    "dma100" : 13.71,
    "dma200" : 15.79,
    "volume" : 6328329.00
  }, {
    "date" : "2025-07-30",
    "price" : 11.82,
    "dma50" : 13.34,
    "dma100" : 13.71,
    "dma200" : 15.75,
    "volume" : 4419618.00
  }, {
    "date" : "2025-07-31",
    "price" : 11.72,
    "dma50" : 13.28,
    "dma100" : 13.69,
    "dma200" : 15.71,
    "volume" : 8528059.00
  }, {
    "date" : "2025-08-01",
    "price" : 11.77,
    "dma50" : 13.22,
    "dma100" : 13.68,
    "dma200" : 15.67,
    "volume" : 4642407.00
  }, {
    "date" : "2025-08-04",
    "price" : 11.86,
    "dma50" : 13.17,
    "dma100" : 13.66,
    "dma200" : 15.63,
    "volume" : 4874916.00
  }, {
    "date" : "2025-08-05",
    "price" : 11.72,
    "dma50" : 13.11,
    "dma100" : 13.66,
    "dma200" : 15.59,
    "volume" : 3698498.00
  }, {
    "date" : "2025-08-06",
    "price" : 11.61,
    "dma50" : 13.05,
    "dma100" : 13.65,
    "dma200" : 15.55,
    "volume" : 2607114.00
  }, {
    "date" : "2025-08-07",
    "price" : 11.47,
    "dma50" : 12.99,
    "dma100" : 13.62,
    "dma200" : 15.51,
    "volume" : 4678813.00
  }, {
    "date" : "2025-08-08",
    "price" : 11.47,
    "dma50" : 12.93,
    "dma100" : 13.58,
    "dma200" : 15.47,
    "volume" : 3356596.00
  }, {
    "date" : "2025-08-11",
    "price" : 11.08,
    "dma50" : 12.86,
    "dma100" : 13.55,
    "dma200" : 15.43,
    "volume" : 7058604.00
  }, {
    "date" : "2025-08-12",
    "price" : 11.16,
    "dma50" : 12.79,
    "dma100" : 13.51,
    "dma200" : 15.39,
    "volume" : 3522769.00
  }, {
    "date" : "2025-08-13",
    "price" : 11.28,
    "dma50" : 12.73,
    "dma100" : 13.47,
    "dma200" : 15.34,
    "volume" : 4202872.00
  }, {
    "date" : "2025-08-14",
    "price" : 11.18,
    "dma50" : 12.67,
    "dma100" : 13.43,
    "dma200" : 15.30,
    "volume" : 2898956.00
  }, {
    "date" : "2025-08-18",
    "price" : 11.59,
    "dma50" : 12.63,
    "dma100" : 13.40,
    "dma200" : 15.27,
    "volume" : 11609378.00
  }, {
    "date" : "2025-08-19",
    "price" : 12.12,
    "dma50" : 12.61,
    "dma100" : 13.37,
    "dma200" : 15.24,
    "volume" : 9745479.00
  }, {
    "date" : "2025-08-20",
    "price" : 12.20,
    "dma50" : 12.59,
    "dma100" : 13.35,
    "dma200" : 15.20,
    "volume" : 6456724.00
  }, {
    "date" : "2025-08-21",
    "price" : 12.02,
    "dma50" : 12.57,
    "dma100" : 13.33,
    "dma200" : 15.17,
    "volume" : 7147177.00
  }, {
    "date" : "2025-08-22",
    "price" : 11.87,
    "dma50" : 12.54,
    "dma100" : 13.32,
    "dma200" : 15.14,
    "volume" : 3158843.00
  }, {
    "date" : "2025-08-25",
    "price" : 11.77,
    "dma50" : 12.51,
    "dma100" : 13.30,
    "dma200" : 15.11,
    "volume" : 3225738.00
  }, {
    "date" : "2025-08-26",
    "price" : 11.55,
    "dma50" : 12.47,
    "dma100" : 13.28,
    "dma200" : 15.07,
    "volume" : 3126276.00
  }, {
    "date" : "2025-08-28",
    "price" : 11.35,
    "dma50" : 12.43,
    "dma100" : 13.25,
    "dma200" : 15.03,
    "volume" : 3177656.00
  }, {
    "date" : "2025-08-29",
    "price" : 11.24,
    "dma50" : 12.38,
    "dma100" : 13.22,
    "dma200" : 15.00,
    "volume" : 2659636.00
  }, {
    "date" : "2025-09-01",
    "price" : 11.52,
    "dma50" : 12.35,
    "dma100" : 13.20,
    "dma200" : 14.96,
    "volume" : 3369882.00
  }, {
    "date" : "2025-09-02",
    "price" : 11.73,
    "dma50" : 12.33,
    "dma100" : 13.19,
    "dma200" : 14.93,
    "volume" : 5652252.00
  }, {
    "date" : "2025-09-03",
    "price" : 12.03,
    "dma50" : 12.31,
    "dma100" : 13.18,
    "dma200" : 14.90,
    "volume" : 5401755.00
  }, {
    "date" : "2025-09-04",
    "price" : 11.65,
    "dma50" : 12.29,
    "dma100" : 13.17,
    "dma200" : 14.87,
    "volume" : 4999586.00
  }, {
    "date" : "2025-09-05",
    "price" : 11.72,
    "dma50" : 12.27,
    "dma100" : 13.15,
    "dma200" : 14.84,
    "volume" : 3040998.00
  }, {
    "date" : "2025-09-08",
    "price" : 11.95,
    "dma50" : 12.25,
    "dma100" : 13.13,
    "dma200" : 14.81,
    "volume" : 5355974.00
  }, {
    "date" : "2025-09-09",
    "price" : 11.82,
    "dma50" : 12.24,
    "dma100" : 13.10,
    "dma200" : 14.78,
    "volume" : 3062193.00
  }, {
    "date" : "2025-09-10",
    "price" : 11.85,
    "dma50" : 12.22,
    "dma100" : 13.08,
    "dma200" : 14.75,
    "volume" : 2930863.00
  }, {
    "date" : "2025-09-11",
    "price" : 11.92,
    "dma50" : 12.21,
    "dma100" : 13.05,
    "dma200" : 14.72,
    "volume" : 6864371.00
  }, {
    "date" : "2025-09-12",
    "price" : 11.84,
    "dma50" : 12.20,
    "dma100" : 13.02,
    "dma200" : 14.69,
    "volume" : 3020372.00
  }, {
    "date" : "2025-09-15",
    "price" : 12.07,
    "dma50" : 12.19,
    "dma100" : 12.99,
    "dma200" : 14.67,
    "volume" : 15828715.00
  }, {
    "date" : "2025-09-16",
    "price" : 12.11,
    "dma50" : 12.19,
    "dma100" : 12.97,
    "dma200" : 14.64,
    "volume" : 5303996.00
  }, {
    "date" : "2025-09-17",
    "price" : 12.10,
    "dma50" : 12.18,
    "dma100" : 12.95,
    "dma200" : 14.62,
    "volume" : 4106580.00
  }, {
    "date" : "2025-09-18",
    "price" : 13.10,
    "dma50" : 12.22,
    "dma100" : 12.94,
    "dma200" : 14.60,
    "volume" : 86602910.00
  }, {
    "date" : "2025-09-19",
    "price" : 13.06,
    "dma50" : 12.25,
    "dma100" : 12.93,
    "dma200" : 14.59,
    "volume" : 22354801.00
  }, {
    "date" : "2025-09-22",
    "price" : 13.12,
    "dma50" : 12.29,
    "dma100" : 12.93,
    "dma200" : 14.57,
    "volume" : 27623656.00
  }, {
    "date" : "2025-09-23",
    "price" : 12.96,
    "dma50" : 12.31,
    "dma100" : 12.93,
    "dma200" : 14.56,
    "volume" : 10122574.00
  }, {
    "date" : "2025-09-24",
    "price" : 12.91,
    "dma50" : 12.34,
    "dma100" : 12.93,
    "dma200" : 14.54,
    "volume" : 13993985.00
  }, {
    "date" : "2025-09-25",
    "price" : 12.37,
    "dma50" : 12.34,
    "dma100" : 12.92,
    "dma200" : 14.52,
    "volume" : 10140805.00
  }, {
    "date" : "2025-09-26",
    "price" : 12.03,
    "dma50" : 12.33,
    "dma100" : 12.92,
    "dma200" : 14.49,
    "volume" : 8586177.00
  }, {
    "date" : "2025-09-29",
    "price" : 11.87,
    "dma50" : 12.31,
    "dma100" : 12.91,
    "dma200" : 14.47,
    "volume" : 6406592.00
  }, {
    "date" : "2025-09-30",
    "price" : 11.96,
    "dma50" : 12.29,
    "dma100" : 12.90,
    "dma200" : 14.44,
    "volume" : 5422479.00
  }, {
    "date" : "2025-10-01",
    "price" : 12.04,
    "dma50" : 12.28,
    "dma100" : 12.89,
    "dma200" : 14.42,
    "volume" : 5191374.00
  }, {
    "date" : "2025-10-03",
    "price" : 12.16,
    "dma50" : 12.28,
    "dma100" : 12.87,
    "dma200" : 14.39,
    "volume" : 5082449.00
  }, {
    "date" : "2025-10-06",
    "price" : 11.87,
    "dma50" : 12.26,
    "dma100" : 12.85,
    "dma200" : 14.37,
    "volume" : 5303337.00
  }, {
    "date" : "2025-10-07",
    "price" : 11.83,
    "dma50" : 12.25,
    "dma100" : 12.83,
    "dma200" : 14.34,
    "volume" : 4747921.00
  }, {
    "date" : "2025-10-08",
    "price" : 11.73,
    "dma50" : 12.23,
    "dma100" : 12.80,
    "dma200" : 14.32,
    "volume" : 4906649.00
  }, {
    "date" : "2025-10-09",
    "price" : 11.72,
    "dma50" : 12.21,
    "dma100" : 12.78,
    "dma200" : 14.29,
    "volume" : 3686693.00
  }, {
    "date" : "2025-10-10",
    "price" : 11.81,
    "dma50" : 12.19,
    "dma100" : 12.75,
    "dma200" : 14.27,
    "volume" : 4113788.00
  }, {
    "date" : "2025-10-13",
    "price" : 11.64,
    "dma50" : 12.17,
    "dma100" : 12.73,
    "dma200" : 14.24,
    "volume" : 3164725.00
  }, {
    "date" : "2025-10-14",
    "price" : 11.39,
    "dma50" : 12.14,
    "dma100" : 12.70,
    "dma200" : 14.21,
    "volume" : 3739488.00
  }, {
    "date" : "2025-10-15",
    "price" : 11.32,
    "dma50" : 12.11,
    "dma100" : 12.68,
    "dma200" : 14.18,
    "volume" : 4876887.00
  }, {
    "date" : "2025-10-16",
    "price" : 11.46,
    "dma50" : 12.08,
    "dma100" : 12.65,
    "dma200" : 14.16,
    "volume" : 4143558.00
  }, {
    "date" : "2025-10-17",
    "price" : 11.39,
    "dma50" : 12.05,
    "dma100" : 12.62,
    "dma200" : 14.13,
    "volume" : 3770843.00
  }, {
    "date" : "2025-10-20",
    "price" : 11.37,
    "dma50" : 12.03,
    "dma100" : 12.58,
    "dma200" : 14.10,
    "volume" : 3147621.00
  }, {
    "date" : "2025-10-21",
    "price" : 11.37,
    "dma50" : 12.00,
    "dma100" : 12.55,
    "dma200" : 14.08,
    "volume" : 1524611.00
  }, {
    "date" : "2025-10-23",
    "price" : 11.46,
    "dma50" : 11.98,
    "dma100" : 12.51,
    "dma200" : 14.05,
    "volume" : 5628150.00
  }, {
    "date" : "2025-10-24",
    "price" : 11.41,
    "dma50" : 11.96,
    "dma100" : 12.48,
    "dma200" : 14.02,
    "volume" : 3090017.00
  }, {
    "date" : "2025-10-27",
    "price" : 11.39,
    "dma50" : 11.94,
    "dma100" : 12.45,
    "dma200" : 14.00,
    "volume" : 2913759.00
  }, {
    "date" : "2025-10-28",
    "price" : 11.21,
    "dma50" : 11.91,
    "dma100" : 12.41,
    "dma200" : 13.97,
    "volume" : 4346738.00
  }, {
    "date" : "2025-10-29",
    "price" : 11.43,
    "dma50" : 11.89,
    "dma100" : 12.38,
    "dma200" : 13.94,
    "volume" : 4457802.00
  }, {
    "date" : "2025-10-30",
    "price" : 11.31,
    "dma50" : 11.87,
    "dma100" : 12.35,
    "dma200" : 13.92,
    "volume" : 2755935.00
  }, {
    "date" : "2025-10-31",
    "price" : 11.24,
    "dma50" : 11.84,
    "dma100" : 12.33,
    "dma200" : 13.89,
    "volume" : 2481388.00
  }, {
    "date" : "2025-11-03",
    "price" : 11.00,
    "dma50" : 11.81,
    "dma100" : 12.30,
    "dma200" : 13.86,
    "volume" : 5544056.00
  }, {
    "date" : "2025-11-04",
    "price" : 11.04,
    "dma50" : 11.78,
    "dma100" : 12.28,
    "dma200" : 13.83,
    "volume" : 20534829.00
  }, {
    "date" : "2025-11-06",
    "price" : 11.06,
    "dma50" : 11.75,
    "dma100" : 12.24,
    "dma200" : 13.81,
    "volume" : 5421570.00
  }, {
    "date" : "2025-11-07",
    "price" : 10.95,
    "dma50" : 11.72,
    "dma100" : 12.22,
    "dma200" : 13.78,
    "volume" : 5629260.00
  }, {
    "date" : "2025-11-10",
    "price" : 10.93,
    "dma50" : 11.69,
    "dma100" : 12.19,
    "dma200" : 13.75,
    "volume" : 4396657.00
  }, {
    "date" : "2025-11-11",
    "price" : 10.89,
    "dma50" : 11.66,
    "dma100" : 12.17,
    "dma200" : 13.72,
    "volume" : 2900041.00
  }, {
    "date" : "2025-11-12",
    "price" : 10.99,
    "dma50" : 11.63,
    "dma100" : 12.14,
    "dma200" : 13.69,
    "volume" : 3223535.00
  }, {
    "date" : "2025-11-13",
    "price" : 11.22,
    "dma50" : 11.61,
    "dma100" : 12.12,
    "dma200" : 13.67,
    "volume" : 5900727.00
  }, {
    "date" : "2025-11-14",
    "price" : 11.30,
    "dma50" : 11.60,
    "dma100" : 12.10,
    "dma200" : 13.65,
    "volume" : 3767528.00
  }, {
    "date" : "2025-11-17",
    "price" : 10.68,
    "dma50" : 11.57,
    "dma100" : 12.08,
    "dma200" : 13.62,
    "volume" : 13913980.00
  }, {
    "date" : "2025-11-18",
    "price" : 10.44,
    "dma50" : 11.52,
    "dma100" : 12.05,
    "dma200" : 13.58,
    "volume" : 15869264.00
  }, {
    "date" : "2025-11-19",
    "price" : 10.51,
    "dma50" : 11.48,
    "dma100" : 12.01,
    "dma200" : 13.55,
    "volume" : 17568881.00
  }, {
    "date" : "2025-11-20",
    "price" : 10.22,
    "dma50" : 11.43,
    "dma100" : 11.98,
    "dma200" : 13.52,
    "volume" : 22936233.00
  }, {
    "date" : "2025-11-21",
    "price" : 10.15,
    "dma50" : 11.38,
    "dma100" : 11.95,
    "dma200" : 13.49,
    "volume" : 13245992.00
  }, {
    "date" : "2025-11-24",
    "price" : 9.65,
    "dma50" : 11.31,
    "dma100" : 11.91,
    "dma200" : 13.45,
    "volume" : 9207907.00
  }, {
    "date" : "2025-11-25",
    "price" : 9.74,
    "dma50" : 11.25,
    "dma100" : 11.87,
    "dma200" : 13.41,
    "volume" : 4817332.00
  }, {
    "date" : "2025-11-26",
    "price" : 9.85,
    "dma50" : 11.20,
    "dma100" : 11.84,
    "dma200" : 13.38,
    "volume" : 4446243.00
  }, {
    "date" : "2025-11-27",
    "price" : 10.22,
    "dma50" : 11.16,
    "dma100" : 11.81,
    "dma200" : 13.35,
    "volume" : 10208415.00
  }, {
    "date" : "2025-11-28",
    "price" : 10.05,
    "dma50" : 11.12,
    "dma100" : 11.77,
    "dma200" : 13.31,
    "volume" : 15539246.00
  }, {
    "date" : "2025-12-01",
    "price" : 9.23,
    "dma50" : 11.04,
    "dma100" : 11.73,
    "dma200" : 13.27,
    "volume" : 23712189.00
  }, {
    "date" : "2025-12-02",
    "price" : 9.02,
    "dma50" : 10.96,
    "dma100" : 11.69,
    "dma200" : 13.23,
    "volume" : 18894294.00
  }, {
    "date" : "2025-12-03",
    "price" : 9.12,
    "dma50" : 10.89,
    "dma100" : 11.65,
    "dma200" : 13.19,
    "volume" : 15633886.00
  }, {
    "date" : "2025-12-04",
    "price" : 8.99,
    "dma50" : 10.82,
    "dma100" : 11.59,
    "dma200" : 13.15,
    "volume" : 10296522.00
  }, {
    "date" : "2025-12-05",
    "price" : 8.80,
    "dma50" : 10.74,
    "dma100" : 11.54,
    "dma200" : 13.10,
    "volume" : 11428973.00
  }, {
    "date" : "2025-12-08",
    "price" : 8.92,
    "dma50" : 10.67,
    "dma100" : 11.49,
    "dma200" : 13.06,
    "volume" : 26490961.00
  }, {
    "date" : "2025-12-09",
    "price" : 8.90,
    "dma50" : 10.60,
    "dma100" : 11.45,
    "dma200" : 13.02,
    "volume" : 13100819.00
  }, {
    "date" : "2025-12-10",
    "price" : 8.82,
    "dma50" : 10.53,
    "dma100" : 11.40,
    "dma200" : 12.98,
    "volume" : 16103494.00
  }, {
    "date" : "2025-12-11",
    "price" : 9.03,
    "dma50" : 10.47,
    "dma100" : 11.36,
    "dma200" : 12.94,
    "volume" : 12341418.00
  }, {
    "date" : "2025-12-12",
    "price" : 9.12,
    "dma50" : 10.41,
    "dma100" : 11.31,
    "dma200" : 12.90,
    "volume" : 7079475.00
  }, {
    "date" : "2025-12-15",
    "price" : 10.20,
    "dma50" : 10.41,
    "dma100" : 11.28,
    "dma200" : 12.87,
    "volume" : 131356493.00
  }, {
    "date" : "2025-12-16",
    "price" : 10.67,
    "dma50" : 10.42,
    "dma100" : 11.26,
    "dma200" : 12.85,
    "volume" : 106822569.00
  }, {
    "date" : "2025-12-17",
    "price" : 10.13,
    "dma50" : 10.41,
    "dma100" : 11.24,
    "dma200" : 12.83,
    "volume" : 28900100.00
  }, {
    "date" : "2025-12-18",
    "price" : 9.91,
    "dma50" : 10.39,
    "dma100" : 11.21,
    "dma200" : 12.80,
    "volume" : 19214451.00
  }, {
    "date" : "2025-12-19",
    "price" : 10.16,
    "dma50" : 10.38,
    "dma100" : 11.20,
    "dma200" : 12.77,
    "volume" : 15262354.00
  }, {
    "date" : "2025-12-22",
    "price" : 10.18,
    "dma50" : 10.37,
    "dma100" : 11.18,
    "dma200" : 12.74,
    "volume" : 12936849.00
  }, {
    "date" : "2025-12-23",
    "price" : 10.05,
    "dma50" : 10.36,
    "dma100" : 11.16,
    "dma200" : 12.72,
    "volume" : 6889187.00
  }, {
    "date" : "2025-12-24",
    "price" : 10.03,
    "dma50" : 10.34,
    "dma100" : 11.14,
    "dma200" : 12.69,
    "volume" : 10057106.00
  }, {
    "date" : "2025-12-26",
    "price" : 9.83,
    "dma50" : 10.32,
    "dma100" : 11.13,
    "dma200" : 12.66,
    "volume" : 6423288.00
  }, {
    "date" : "2025-12-29",
    "price" : 10.22,
    "dma50" : 10.32,
    "dma100" : 11.11,
    "dma200" : 12.64,
    "volume" : 43797492.00
  }, {
    "date" : "2025-12-30",
    "price" : 10.04,
    "dma50" : 10.31,
    "dma100" : 11.09,
    "dma200" : 12.61,
    "volume" : 9333252.00
  }, {
    "date" : "2025-12-31",
    "price" : 10.12,
    "dma50" : 10.30,
    "dma100" : 11.08,
    "dma200" : 12.59,
    "volume" : 12832868.00
  }, {
    "date" : "2026-01-01",
    "price" : 10.01,
    "dma50" : 10.29,
    "dma100" : 11.06,
    "dma200" : 12.56,
    "volume" : 5852189.00
  }, {
    "date" : "2026-01-02",
    "price" : 10.06,
    "dma50" : 10.28,
    "dma100" : 11.05,
    "dma200" : 12.54,
    "volume" : 7562246.00
  }, {
    "date" : "2026-01-05",
    "price" : 9.92,
    "dma50" : 10.27,
    "dma100" : 11.03,
    "dma200" : 12.51,
    "volume" : 6727830.00
  }, {
    "date" : "2026-01-06",
    "price" : 9.77,
    "dma50" : 10.25,
    "dma100" : 11.02,
    "dma200" : 12.48,
    "volume" : 8076833.00
  }, {
    "date" : "2026-01-07",
    "price" : 9.82,
    "dma50" : 10.23,
    "dma100" : 11.00,
    "dma200" : 12.46,
    "volume" : 5583789.00
  }, {
    "date" : "2026-01-08",
    "price" : 9.49,
    "dma50" : 10.20,
    "dma100" : 10.99,
    "dma200" : 12.43,
    "volume" : 14064581.00
  }, {
    "date" : "2026-01-09",
    "price" : 9.21,
    "dma50" : 10.16,
    "dma100" : 10.97,
    "dma200" : 12.40,
    "volume" : 15551202.00
  }, {
    "date" : "2026-01-12",
    "price" : 9.19,
    "dma50" : 10.12,
    "dma100" : 10.94,
    "dma200" : 12.36,
    "volume" : 16874467.00
  }, {
    "date" : "2026-01-13",
    "price" : 9.05,
    "dma50" : 10.08,
    "dma100" : 10.91,
    "dma200" : 12.33,
    "volume" : 17522515.00
  }, {
    "date" : "2026-01-14",
    "price" : 8.95,
    "dma50" : 10.04,
    "dma100" : 10.88,
    "dma200" : 12.30,
    "volume" : 12136890.00
  }, {
    "date" : "2026-01-16",
    "price" : 8.87,
    "dma50" : 9.99,
    "dma100" : 10.85,
    "dma200" : 12.26,
    "volume" : 12016815.00
  }, {
    "date" : "2026-01-19",
    "price" : 8.73,
    "dma50" : 9.94,
    "dma100" : 10.82,
    "dma200" : 12.23,
    "volume" : 9267329.00
  }, {
    "date" : "2026-01-20",
    "price" : 8.28,
    "dma50" : 9.88,
    "dma100" : 10.78,
    "dma200" : 12.19,
    "volume" : 14378575.00
  }, {
    "date" : "2026-01-21",
    "price" : 8.12,
    "dma50" : 9.81,
    "dma100" : 10.75,
    "dma200" : 12.15,
    "volume" : 15477049.00
  }, {
    "date" : "2026-01-22",
    "price" : 8.13,
    "dma50" : 9.74,
    "dma100" : 10.71,
    "dma200" : 12.11,
    "volume" : 8270559.00
  }, {
    "date" : "2026-01-23",
    "price" : 7.85,
    "dma50" : 9.67,
    "dma100" : 10.68,
    "dma200" : 12.07,
    "volume" : 9880417.00
  }, {
    "date" : "2026-01-27",
    "price" : 7.94,
    "dma50" : 9.60,
    "dma100" : 10.64,
    "dma200" : 12.02,
    "volume" : 14772675.00
  }, {
    "date" : "2026-01-28",
    "price" : 8.30,
    "dma50" : 9.55,
    "dma100" : 10.61,
    "dma200" : 11.99,
    "volume" : 11583910.00
  }, {
    "date" : "2026-01-29",
    "price" : 8.11,
    "dma50" : 9.49,
    "dma100" : 10.57,
    "dma200" : 11.95,
    "volume" : 9302799.00
  }, {
    "date" : "2026-01-30",
    "price" : 8.24,
    "dma50" : 9.44,
    "dma100" : 10.54,
    "dma200" : 11.91,
    "volume" : 8832230.00
  }, {
    "date" : "2026-02-01",
    "price" : 8.10,
    "dma50" : 9.39,
    "dma100" : 10.50,
    "dma200" : 11.87,
    "volume" : 4648909.00
  }, {
    "date" : "2026-02-02",
    "price" : 7.96,
    "dma50" : 9.34,
    "dma100" : 10.46,
    "dma200" : 11.84,
    "volume" : 8035999.00
  }, {
    "date" : "2026-02-03",
    "price" : 8.11,
    "dma50" : 9.29,
    "dma100" : 10.42,
    "dma200" : 11.80,
    "volume" : 6852579.00
  }, {
    "date" : "2026-02-04",
    "price" : 8.50,
    "dma50" : 9.26,
    "dma100" : 10.39,
    "dma200" : 11.77,
    "volume" : 12664715.00
  }, {
    "date" : "2026-02-05",
    "price" : 8.46,
    "dma50" : 9.23,
    "dma100" : 10.36,
    "dma200" : 11.73,
    "volume" : 6251015.00
  }, {
    "date" : "2026-02-06",
    "price" : 9.02,
    "dma50" : 9.22,
    "dma100" : 10.33,
    "dma200" : 11.71,
    "volume" : 13450542.00
  } ],
  "latestTechnicalAttributes" : {
    "date" : "2026-02-06",
    "price" : 9.02,
    "dma50" : 9.22,
    "dma100" : 10.33,
    "dma200" : 11.71,
    "volume" : 13450542.00
  },
  "quarterlyResults" : [ {
    "date" : "2007-06-30",
    "sales" : 50.22,
    "salesGrowthYoY" : null,
    "grossProfitMargin" : 15.93,
    "grossProfit" : 8.00,
    "operatingProfitMargin" : 5.50,
    "operatingProfit" : 2.76,
    "netProfitMargin" : 2.81,
    "netProfit" : 1.41
  }, {
    "date" : "2007-09-30",
    "sales" : 163.14,
    "salesGrowthYoY" : null,
    "grossProfitMargin" : 14.41,
    "grossProfit" : 23.51,
    "operatingProfitMargin" : 9.48,
    "operatingProfit" : 15.47,
    "netProfitMargin" : 5.24,
    "netProfit" : 8.55
  }, {
    "date" : "2007-12-31",
    "sales" : 89.95,
    "salesGrowthYoY" : null,
    "grossProfitMargin" : 18.22,
    "grossProfit" : 16.39,
    "operatingProfitMargin" : 11.11,
    "operatingProfit" : 9.99,
    "netProfitMargin" : 6.66,
    "netProfit" : 5.99
  }, {
    "date" : "2008-03-31",
    "sales" : 345.25,
    "salesGrowthYoY" : null,
    "grossProfitMargin" : 14.83,
    "grossProfit" : 51.20,
    "operatingProfitMargin" : 11.70,
    "operatingProfit" : 40.39,
    "netProfitMargin" : 5.63,
    "netProfit" : 19.44
  }, {
    "date" : "2008-06-30",
    "sales" : 161.76,
    "salesGrowthYoY" : 222.10,
    "grossProfitMargin" : 14.85,
    "grossProfit" : 24.02,
    "operatingProfitMargin" : 9.65,
    "operatingProfit" : 15.61,
    "netProfitMargin" : 4.54,
    "netProfit" : 7.34
  }, {
    "date" : "2008-09-30",
    "sales" : 170.68,
    "salesGrowthYoY" : 4.62,
    "grossProfitMargin" : 13.04,
    "grossProfit" : 22.26,
    "operatingProfitMargin" : 8.15,
    "operatingProfit" : 13.91,
    "netProfitMargin" : 4.10,
    "netProfit" : 7.00
  }, {
    "date" : "2008-12-31",
    "sales" : 229.93,
    "salesGrowthYoY" : 155.62,
    "grossProfitMargin" : 9.46,
    "grossProfit" : 21.75,
    "operatingProfitMargin" : 5.52,
    "operatingProfit" : 12.69,
    "netProfitMargin" : 3.12,
    "netProfit" : 7.17
  }, {
    "date" : "2009-03-31",
    "sales" : 361.65,
    "salesGrowthYoY" : 4.75,
    "grossProfitMargin" : 13.21,
    "grossProfit" : 47.77,
    "operatingProfitMargin" : 10.49,
    "operatingProfit" : 37.94,
    "netProfitMargin" : 5.12,
    "netProfit" : 18.52
  }, {
    "date" : "2009-06-30",
    "sales" : 199.98,
    "salesGrowthYoY" : 23.63,
    "grossProfitMargin" : 15.58,
    "grossProfit" : 31.16,
    "operatingProfitMargin" : 10.23,
    "operatingProfit" : 20.46,
    "netProfitMargin" : 4.03,
    "netProfit" : 8.06
  }, {
    "date" : "2009-09-30",
    "sales" : 196.07,
    "salesGrowthYoY" : 14.88,
    "grossProfitMargin" : 13.65,
    "grossProfit" : 26.76,
    "operatingProfitMargin" : 9.55,
    "operatingProfit" : 18.72,
    "netProfitMargin" : 4.62,
    "netProfit" : 9.06
  }, {
    "date" : "2009-12-31",
    "sales" : 240.39,
    "salesGrowthYoY" : 4.55,
    "grossProfitMargin" : 14.14,
    "grossProfit" : 33.99,
    "operatingProfitMargin" : 10.30,
    "operatingProfit" : 24.76,
    "netProfitMargin" : 3.09,
    "netProfit" : 7.43
  }, {
    "date" : "2010-03-31",
    "sales" : 478.69,
    "salesGrowthYoY" : 32.36,
    "grossProfitMargin" : 12.67,
    "grossProfit" : 60.65,
    "operatingProfitMargin" : 10.16,
    "operatingProfit" : 48.63,
    "netProfitMargin" : 4.20,
    "netProfit" : 20.10
  }, {
    "date" : "2010-06-30",
    "sales" : 261.18,
    "salesGrowthYoY" : 30.60,
    "grossProfitMargin" : 13.88,
    "grossProfit" : 36.25,
    "operatingProfitMargin" : 9.98,
    "operatingProfit" : 26.07,
    "netProfitMargin" : 4.27,
    "netProfit" : 11.15
  }, {
    "date" : "2010-09-30",
    "sales" : 297.43,
    "salesGrowthYoY" : 51.70,
    "grossProfitMargin" : 17.97,
    "grossProfit" : 53.45,
    "operatingProfitMargin" : 14.52,
    "operatingProfit" : 43.19,
    "netProfitMargin" : 4.83,
    "netProfit" : 14.37
  }, {
    "date" : "2010-12-31",
    "sales" : 280.27,
    "salesGrowthYoY" : 16.59,
    "grossProfitMargin" : 116.74,
    "grossProfit" : 327.19,
    "operatingProfitMargin" : 14.03,
    "operatingProfit" : 39.32,
    "netProfitMargin" : 3.14,
    "netProfit" : 8.80
  }, {
    "date" : "2011-03-31",
    "sales" : 477.21,
    "salesGrowthYoY" : -0.31,
    "grossProfitMargin" : 71.50,
    "grossProfit" : 341.21,
    "operatingProfitMargin" : 10.78,
    "operatingProfit" : 51.44,
    "netProfitMargin" : 3.09,
    "netProfit" : 14.75
  }, {
    "date" : "2011-06-30",
    "sales" : 298.64,
    "salesGrowthYoY" : 14.34,
    "grossProfitMargin" : 112.35,
    "grossProfit" : 335.52,
    "operatingProfitMargin" : 19.08,
    "operatingProfit" : 56.98,
    "netProfitMargin" : 2.64,
    "netProfit" : 7.88
  }, {
    "date" : "2011-09-30",
    "sales" : 216.43,
    "salesGrowthYoY" : -27.23,
    "grossProfitMargin" : 136.13,
    "grossProfit" : 294.63,
    "operatingProfitMargin" : 21.62,
    "operatingProfit" : 46.79,
    "netProfitMargin" : 2.91,
    "netProfit" : 6.30
  }, {
    "date" : "2011-12-31",
    "sales" : 263.36,
    "salesGrowthYoY" : -6.03,
    "grossProfitMargin" : 115.81,
    "grossProfit" : 305.00,
    "operatingProfitMargin" : 21.23,
    "operatingProfit" : 55.91,
    "netProfitMargin" : 2.59,
    "netProfit" : 6.82
  }, {
    "date" : "2012-03-31",
    "sales" : 604.09,
    "salesGrowthYoY" : 26.59,
    "grossProfitMargin" : 82.76,
    "grossProfit" : 499.94,
    "operatingProfitMargin" : 10.45,
    "operatingProfit" : 63.13,
    "netProfitMargin" : 0.75,
    "netProfit" : 4.53
  }, {
    "date" : "2012-06-30",
    "sales" : 410.84,
    "salesGrowthYoY" : 37.57,
    "grossProfitMargin" : 23.80,
    "grossProfit" : 97.78,
    "operatingProfitMargin" : 15.45,
    "operatingProfit" : 63.47,
    "netProfitMargin" : 0.23,
    "netProfit" : 0.94
  }, {
    "date" : "2012-09-30",
    "sales" : 376.84,
    "salesGrowthYoY" : 74.12,
    "grossProfitMargin" : 88.35,
    "grossProfit" : 332.94,
    "operatingProfitMargin" : 19.22,
    "operatingProfit" : 72.43,
    "netProfitMargin" : 1.13,
    "netProfit" : 4.26
  }, {
    "date" : "2012-12-31",
    "sales" : 391.26,
    "salesGrowthYoY" : 48.56,
    "grossProfitMargin" : 27.52,
    "grossProfit" : 107.67,
    "operatingProfitMargin" : 19.48,
    "operatingProfit" : 76.22,
    "netProfitMargin" : 1.12,
    "netProfit" : 4.38
  }, {
    "date" : "2013-03-31",
    "sales" : 311.68,
    "salesGrowthYoY" : -48.41,
    "grossProfitMargin" : 103.67,
    "grossProfit" : 323.12,
    "operatingProfitMargin" : 20.56,
    "operatingProfit" : 64.08,
    "netProfitMargin" : -2.13,
    "netProfit" : -6.64
  }, {
    "date" : "2013-06-30",
    "sales" : 214.50,
    "salesGrowthYoY" : -47.79,
    "grossProfitMargin" : 41.45,
    "grossProfit" : 88.91,
    "operatingProfitMargin" : -7.08,
    "operatingProfit" : -15.19,
    "netProfitMargin" : -30.06,
    "netProfit" : -64.48
  }, {
    "date" : "2013-09-30",
    "sales" : 165.82,
    "salesGrowthYoY" : -56.00,
    "grossProfitMargin" : 36.29,
    "grossProfit" : 60.18,
    "operatingProfitMargin" : 19.37,
    "operatingProfit" : 32.12,
    "netProfitMargin" : -25.04,
    "netProfit" : -41.52
  }, {
    "date" : "2013-12-31",
    "sales" : 193.91,
    "salesGrowthYoY" : -50.44,
    "grossProfitMargin" : 37.53,
    "grossProfit" : 72.77,
    "operatingProfitMargin" : 16.11,
    "operatingProfit" : 31.24,
    "netProfitMargin" : -6.41,
    "netProfit" : -12.43
  }, {
    "date" : "2014-03-31",
    "sales" : 135.36,
    "salesGrowthYoY" : -56.57,
    "grossProfitMargin" : -177.48,
    "grossProfit" : -240.24,
    "operatingProfitMargin" : -236.73,
    "operatingProfit" : -320.44,
    "netProfitMargin" : -284.74,
    "netProfit" : -385.42
  }, {
    "date" : "2014-06-30",
    "sales" : 138.75,
    "salesGrowthYoY" : -35.31,
    "grossProfitMargin" : 25.10,
    "grossProfit" : 34.83,
    "operatingProfitMargin" : 7.36,
    "operatingProfit" : 10.21,
    "netProfitMargin" : -40.15,
    "netProfit" : -55.71
  }, {
    "date" : "2014-09-30",
    "sales" : 119.20,
    "salesGrowthYoY" : -28.11,
    "grossProfitMargin" : 12.09,
    "grossProfit" : 14.41,
    "operatingProfitMargin" : -16.02,
    "operatingProfit" : -19.10,
    "netProfitMargin" : -59.18,
    "netProfit" : -70.54
  }, {
    "date" : "2014-12-31",
    "sales" : 134.75,
    "salesGrowthYoY" : -30.51,
    "grossProfitMargin" : 17.52,
    "grossProfit" : 23.61,
    "operatingProfitMargin" : -2.38,
    "operatingProfit" : -3.21,
    "netProfitMargin" : -26.62,
    "netProfit" : -35.87
  }, {
    "date" : "2015-03-31",
    "sales" : 154.96,
    "salesGrowthYoY" : 14.48,
    "grossProfitMargin" : -16.88,
    "grossProfit" : -26.16,
    "operatingProfitMargin" : -35.49,
    "operatingProfit" : -55.00,
    "netProfitMargin" : -58.55,
    "netProfit" : -90.73
  }, {
    "date" : "2015-06-30",
    "sales" : 151.35,
    "salesGrowthYoY" : 9.08,
    "grossProfitMargin" : 35.53,
    "grossProfit" : 53.77,
    "operatingProfitMargin" : 22.71,
    "operatingProfit" : 34.37,
    "netProfitMargin" : -1.84,
    "netProfit" : -2.78
  }, {
    "date" : "2015-09-30",
    "sales" : 103.44,
    "salesGrowthYoY" : -13.22,
    "grossProfitMargin" : 48.79,
    "grossProfit" : 50.47,
    "operatingProfitMargin" : 29.57,
    "operatingProfit" : 30.59,
    "netProfitMargin" : -16.85,
    "netProfit" : -17.43
  }, {
    "date" : "2015-12-31",
    "sales" : 153.08,
    "salesGrowthYoY" : 13.60,
    "grossProfitMargin" : 21.54,
    "grossProfit" : 32.97,
    "operatingProfitMargin" : 8.50,
    "operatingProfit" : 13.01,
    "netProfitMargin" : -16.67,
    "netProfit" : -25.52
  }, {
    "date" : "2016-03-31",
    "sales" : 139.72,
    "salesGrowthYoY" : -9.83,
    "grossProfitMargin" : 8.60,
    "grossProfit" : 12.02,
    "operatingProfitMargin" : -35.53,
    "operatingProfit" : -49.64,
    "netProfitMargin" : -65.22,
    "netProfit" : -91.13
  }, {
    "date" : "2016-06-30",
    "sales" : 94.45,
    "salesGrowthYoY" : -37.59,
    "grossProfitMargin" : 46.44,
    "grossProfit" : 43.86,
    "operatingProfitMargin" : 25.71,
    "operatingProfit" : 24.28,
    "netProfitMargin" : -12.78,
    "netProfit" : -12.07
  }, {
    "date" : "2016-09-30",
    "sales" : 80.09,
    "salesGrowthYoY" : -22.57,
    "grossProfitMargin" : 29.25,
    "grossProfit" : 23.43,
    "operatingProfitMargin" : 2.47,
    "operatingProfit" : 1.98,
    "netProfitMargin" : -27.23,
    "netProfit" : -21.81
  }, {
    "date" : "2016-12-31",
    "sales" : 133.35,
    "salesGrowthYoY" : -12.89,
    "grossProfitMargin" : 24.33,
    "grossProfit" : 32.44,
    "operatingProfitMargin" : 7.84,
    "operatingProfit" : 10.45,
    "netProfitMargin" : -75.52,
    "netProfit" : -100.71
  }, {
    "date" : "2017-03-31",
    "sales" : 211.80,
    "salesGrowthYoY" : 51.59,
    "grossProfitMargin" : 8.29,
    "grossProfit" : 17.56,
    "operatingProfitMargin" : -20.39,
    "operatingProfit" : -43.19,
    "netProfitMargin" : -5.78,
    "netProfit" : -12.24
  }, {
    "date" : "2017-06-30",
    "sales" : 200.40,
    "salesGrowthYoY" : 112.18,
    "grossProfitMargin" : 10.81,
    "grossProfit" : 21.66,
    "operatingProfitMargin" : -0.03,
    "operatingProfit" : -0.06,
    "netProfitMargin" : -0.47,
    "netProfit" : -0.94
  }, {
    "date" : "2017-09-30",
    "sales" : 115.31,
    "salesGrowthYoY" : 43.98,
    "grossProfitMargin" : 20.30,
    "grossProfit" : 23.41,
    "operatingProfitMargin" : -1.66,
    "operatingProfit" : -1.91,
    "netProfitMargin" : 2.12,
    "netProfit" : 2.44
  }, {
    "date" : "2017-12-31",
    "sales" : 177.95,
    "salesGrowthYoY" : 33.45,
    "grossProfitMargin" : 29.24,
    "grossProfit" : 52.03,
    "operatingProfitMargin" : 11.65,
    "operatingProfit" : 20.73,
    "netProfitMargin" : 4.71,
    "netProfit" : 8.38
  }, {
    "date" : "2018-03-31",
    "sales" : 121.39,
    "salesGrowthYoY" : -42.69,
    "grossProfitMargin" : 31.54,
    "grossProfit" : 38.29,
    "operatingProfitMargin" : 7.84,
    "operatingProfit" : 9.52,
    "netProfitMargin" : 0.72,
    "netProfit" : 0.87
  }, {
    "date" : "2018-06-30",
    "sales" : 102.04,
    "salesGrowthYoY" : -49.08,
    "grossProfitMargin" : 28.38,
    "grossProfit" : 28.96,
    "operatingProfitMargin" : 7.81,
    "operatingProfit" : 7.97,
    "netProfitMargin" : 5.15,
    "netProfit" : 5.26
  }, {
    "date" : "2018-09-30",
    "sales" : 131.53,
    "salesGrowthYoY" : 14.07,
    "grossProfitMargin" : 38.52,
    "grossProfit" : 50.67,
    "operatingProfitMargin" : 22.55,
    "operatingProfit" : 29.66,
    "netProfitMargin" : 12.27,
    "netProfit" : 16.14
  }, {
    "date" : "2018-12-31",
    "sales" : 188.54,
    "salesGrowthYoY" : 5.95,
    "grossProfitMargin" : 27.08,
    "grossProfit" : 51.06,
    "operatingProfitMargin" : 9.02,
    "operatingProfit" : 17.01,
    "netProfitMargin" : 0.78,
    "netProfit" : 1.47
  }, {
    "date" : "2019-03-31",
    "sales" : 318.56,
    "salesGrowthYoY" : 162.43,
    "grossProfitMargin" : 7.80,
    "grossProfit" : 24.85,
    "operatingProfitMargin" : -0.85,
    "operatingProfit" : -2.71,
    "netProfitMargin" : 0.72,
    "netProfit" : 2.29
  }, {
    "date" : "2019-06-30",
    "sales" : 207.47,
    "salesGrowthYoY" : 103.32,
    "grossProfitMargin" : 22.17,
    "grossProfit" : 46.00,
    "operatingProfitMargin" : 10.57,
    "operatingProfit" : 21.93,
    "netProfitMargin" : 2.13,
    "netProfit" : 4.42
  }, {
    "date" : "2019-09-30",
    "sales" : 159.69,
    "salesGrowthYoY" : 21.41,
    "grossProfitMargin" : 12.02,
    "grossProfit" : 19.19,
    "operatingProfitMargin" : 0.71,
    "operatingProfit" : 1.13,
    "netProfitMargin" : 1.58,
    "netProfit" : 2.52
  }, {
    "date" : "2019-12-31",
    "sales" : 192.78,
    "salesGrowthYoY" : 2.25,
    "grossProfitMargin" : 19.99,
    "grossProfit" : 38.54,
    "operatingProfitMargin" : 9.64,
    "operatingProfit" : 18.58,
    "netProfitMargin" : 1.83,
    "netProfit" : 3.53
  }, {
    "date" : "2020-03-31",
    "sales" : 121.11,
    "salesGrowthYoY" : -61.98,
    "grossProfitMargin" : 28.25,
    "grossProfit" : 34.21,
    "operatingProfitMargin" : -0.33,
    "operatingProfit" : -0.40,
    "netProfitMargin" : -20.95,
    "netProfit" : -25.37
  }, {
    "date" : "2020-06-30",
    "sales" : 99.59,
    "salesGrowthYoY" : -52.00,
    "grossProfitMargin" : 8.67,
    "grossProfit" : 8.63,
    "operatingProfitMargin" : -10.90,
    "operatingProfit" : -10.86,
    "netProfitMargin" : -31.01,
    "netProfit" : -30.88
  }, {
    "date" : "2020-09-30",
    "sales" : 143.73,
    "salesGrowthYoY" : -9.99,
    "grossProfitMargin" : 7.03,
    "grossProfit" : 10.10,
    "operatingProfitMargin" : -4.72,
    "operatingProfit" : -6.78,
    "netProfitMargin" : -21.95,
    "netProfit" : -31.55
  }, {
    "date" : "2020-12-31",
    "sales" : 122.28,
    "salesGrowthYoY" : -36.57,
    "grossProfitMargin" : -0.73,
    "grossProfit" : -0.89,
    "operatingProfitMargin" : -31.62,
    "operatingProfit" : -38.66,
    "netProfitMargin" : -49.69,
    "netProfit" : -60.76
  }, {
    "date" : "2021-03-31",
    "sales" : 164.17,
    "salesGrowthYoY" : 35.55,
    "grossProfitMargin" : -2.49,
    "grossProfit" : -4.09,
    "operatingProfitMargin" : -17.03,
    "operatingProfit" : -27.96,
    "netProfitMargin" : -30.21,
    "netProfit" : -49.60
  }, {
    "date" : "2021-06-30",
    "sales" : 65.88,
    "salesGrowthYoY" : -33.85,
    "grossProfitMargin" : 3.87,
    "grossProfit" : 2.55,
    "operatingProfitMargin" : -16.14,
    "operatingProfit" : -10.63,
    "netProfitMargin" : -56.13,
    "netProfit" : -36.98
  }, {
    "date" : "2021-09-30",
    "sales" : 80.38,
    "salesGrowthYoY" : -44.08,
    "grossProfitMargin" : 9.29,
    "grossProfit" : 7.47,
    "operatingProfitMargin" : -9.94,
    "operatingProfit" : -7.99,
    "netProfitMargin" : -44.82,
    "netProfit" : -36.03
  }, {
    "date" : "2021-12-31",
    "sales" : 64.13,
    "salesGrowthYoY" : -47.55,
    "grossProfitMargin" : -4.18,
    "grossProfit" : -2.68,
    "operatingProfitMargin" : -28.68,
    "operatingProfit" : -18.39,
    "netProfitMargin" : -74.69,
    "netProfit" : -47.90
  }, {
    "date" : "2022-03-31",
    "sales" : 92.39,
    "salesGrowthYoY" : -43.72,
    "grossProfitMargin" : 47.72,
    "grossProfit" : 44.09,
    "operatingProfitMargin" : 7.22,
    "operatingProfit" : 6.67,
    "netProfitMargin" : -104.32,
    "netProfit" : -96.38
  }, {
    "date" : "2022-06-30",
    "sales" : 59.24,
    "salesGrowthYoY" : -10.08,
    "grossProfitMargin" : 11.31,
    "grossProfit" : 6.70,
    "operatingProfitMargin" : -18.32,
    "operatingProfit" : -10.85,
    "netProfitMargin" : -63.69,
    "netProfit" : -37.73
  }, {
    "date" : "2022-09-30",
    "sales" : 54.93,
    "salesGrowthYoY" : -31.66,
    "grossProfitMargin" : 9.70,
    "grossProfit" : 5.33,
    "operatingProfitMargin" : -148.30,
    "operatingProfit" : -81.46,
    "netProfitMargin" : -169.87,
    "netProfit" : -93.31
  }, {
    "date" : "2022-12-31",
    "sales" : 122.45,
    "salesGrowthYoY" : 90.94,
    "grossProfitMargin" : 22.80,
    "grossProfit" : 27.92,
    "operatingProfitMargin" : 11.39,
    "operatingProfit" : 13.95,
    "netProfitMargin" : 0.72,
    "netProfit" : 0.88
  }, {
    "date" : "2023-03-31",
    "sales" : 142.23,
    "salesGrowthYoY" : 53.95,
    "grossProfitMargin" : 14.28,
    "grossProfit" : 20.31,
    "operatingProfitMargin" : 2.77,
    "operatingProfit" : 3.94,
    "netProfitMargin" : -13.62,
    "netProfit" : -19.37
  }, {
    "date" : "2023-06-30",
    "sales" : 143.28,
    "salesGrowthYoY" : 141.86,
    "grossProfitMargin" : 19.53,
    "grossProfit" : 27.98,
    "operatingProfitMargin" : 9.09,
    "operatingProfit" : 13.02,
    "netProfitMargin" : 3.62,
    "netProfit" : 5.19
  }, {
    "date" : "2023-09-30",
    "sales" : 129.18,
    "salesGrowthYoY" : 135.17,
    "grossProfitMargin" : 18.83,
    "grossProfit" : 24.32,
    "operatingProfitMargin" : 6.91,
    "operatingProfit" : 8.93,
    "netProfitMargin" : 4.20,
    "netProfit" : 5.43
  }, {
    "date" : "2023-12-31",
    "sales" : 140.70,
    "salesGrowthYoY" : 14.90,
    "grossProfitMargin" : 9.60,
    "grossProfit" : 13.51,
    "operatingProfitMargin" : -1.27,
    "operatingProfit" : -1.79,
    "netProfitMargin" : 3.99,
    "netProfit" : 5.61
  }, {
    "date" : "2024-03-31",
    "sales" : 147.82,
    "salesGrowthYoY" : 3.93,
    "grossProfitMargin" : 19.24,
    "grossProfit" : 28.44,
    "operatingProfitMargin" : 4.49,
    "operatingProfit" : 6.64,
    "netProfitMargin" : 4.36,
    "netProfit" : 6.44
  }, {
    "date" : "2024-06-30",
    "sales" : 175.82,
    "salesGrowthYoY" : 22.71,
    "grossProfitMargin" : 24.03,
    "grossProfit" : 42.25,
    "operatingProfitMargin" : 13.80,
    "operatingProfit" : 24.26,
    "netProfitMargin" : 4.63,
    "netProfit" : 8.14
  }, {
    "date" : "2024-09-30",
    "sales" : 170.99,
    "salesGrowthYoY" : 32.37,
    "grossProfitMargin" : 15.75,
    "grossProfit" : 26.93,
    "operatingProfitMargin" : 4.50,
    "operatingProfit" : 7.69,
    "netProfitMargin" : 1.35,
    "netProfit" : 2.31
  }, {
    "date" : "2024-12-31",
    "sales" : 133.04,
    "salesGrowthYoY" : -5.44,
    "grossProfitMargin" : 15.94,
    "grossProfit" : 21.21,
    "operatingProfitMargin" : 2.63,
    "operatingProfit" : 3.50,
    "netProfitMargin" : 13.00,
    "netProfit" : 17.30
  }, {
    "date" : "2025-03-31",
    "sales" : 117.80,
    "salesGrowthYoY" : -20.31,
    "grossProfitMargin" : 29.44,
    "grossProfit" : 34.68,
    "operatingProfitMargin" : 13.11,
    "operatingProfit" : 15.44,
    "netProfitMargin" : 8.63,
    "netProfit" : 10.17
  }, {
    "date" : "2025-06-30",
    "sales" : 79.04,
    "salesGrowthYoY" : -55.04,
    "grossProfitMargin" : 43.71,
    "grossProfit" : 34.55,
    "operatingProfitMargin" : 23.46,
    "operatingProfit" : 18.54,
    "netProfitMargin" : 8.68,
    "netProfit" : 6.86
  }, {
    "date" : "2025-09-30",
    "sales" : 140.53,
    "salesGrowthYoY" : -17.81,
    "grossProfitMargin" : 25.98,
    "grossProfit" : 36.51,
    "operatingProfitMargin" : 3.84,
    "operatingProfit" : 5.40,
    "netProfitMargin" : 2.22,
    "netProfit" : 3.12
  }, {
    "date" : "2025-12-31",
    "sales" : 174.51,
    "salesGrowthYoY" : 31.17,
    "grossProfitMargin" : 17.91,
    "grossProfit" : 31.25,
    "operatingProfitMargin" : 9.80,
    "operatingProfit" : 17.10,
    "netProfitMargin" : 2.23,
    "netProfit" : 3.89
  } ],
  "latestQuarterlyResult" : {
    "date" : "2025-12-31",
    "sales" : 174.51,
    "salesGrowthYoY" : 31.17,
    "grossProfitMargin" : 17.91,
    "grossProfit" : 31.25,
    "operatingProfitMargin" : 9.80,
    "operatingProfit" : 17.10,
    "netProfitMargin" : 2.23,
    "netProfit" : 3.89
  },
  "companyScore" : {
    "priceHigherThanDma50" : 0.00,
    "priceHigherThanDma100" : 0.00,
    "priceHigherThanDma200" : 0.00,
    "dma50HigherThanDma100" : 0.00,
    "dma50HigherThanDma200" : 0.00,
    "dma100HigherThanDma200" : 0.00,
    "pricePercentageAboveDma50" : 5.11,
    "pricePercentageAboveDma100" : 5.63,
    "pricePercentageAboveDma200" : 6.15,
    "weeklyVolumeHigherThanYearlyVolume" : 0.00,
    "salesGrowthPercentile" : 14.65,
    "operatingProfitMarginPercentile" : 18.52,
    "netProfitMarginPercentile" : 9.64,
    "totalTechnicalScore" : 16.89,
    "totalFundamentalScore" : 42.80,
    "totalScore" : 59.69
  }
}