{
  "metadata" : {
    "screenerCompanyId" : "1059828",
    "companyCode" : "SHARDACROP",
    "companyName" : "Sharda Cropchem",
    "screenerCompanyLink" : "https://www.screener.in/company/SHARDACROP/consolidated/",
    "screenerTechnicalHistoryLink" : "https://www.screener.in/api/company/1059828/chart/?q=Price-DMA50-DMA200-Volume&days=365",
    "screenerQuarterlyResultsLink" : "https://www.screener.in/api/company/1059828/chart/?q=GPM-OPM-NPM-Quarter+Sales&days=10000",
    "attributes" : {
      "companyCode" : "SHARDACROP",
      "companyName" : "Sharda Cropchem",
      "marketCap" : 11295.00,
      "peRatio" : 20.00,
      "description" : "Sharda Cropchem is principally engaged in export of agrochemicals (technical grade and formulations) and non-agro products such as conveyor belts, rubber belts/sheets, dyes and dye intermediates to various countries across the world."
    },
    "companyScore" : {
      "priceHigherThanDma50" : 5.00,
      "priceHigherThanDma100" : 5.00,
      "priceHigherThanDma200" : 5.00,
      "dma50HigherThanDma100" : 5.00,
      "dma50HigherThanDma200" : 5.00,
      "dma100HigherThanDma200" : 5.00,
      "pricePercentageAboveDma50" : 3.67,
      "pricePercentageAboveDma100" : 2.95,
      "pricePercentageAboveDma200" : 2.71,
      "weeklyVolumeHigherThanYearlyVolume" : 5.00,
      "salesGrowthPercentile" : 16.17,
      "operatingProfitMarginPercentile" : 14.82,
      "netProfitMarginPercentile" : 7.86,
      "totalTechnicalScore" : 44.33,
      "totalFundamentalScore" : 38.85,
      "totalScore" : 83.18
    }
  },
  "attributes" : {
    "companyCode" : "SHARDACROP",
    "companyName" : "Sharda Cropchem",
    "marketCap" : 11295.00,
    "peRatio" : 20.00,
    "description" : "Sharda Cropchem is principally engaged in export of agrochemicals (technical grade and formulations) and non-agro products such as conveyor belts, rubber belts/sheets, dyes and dye intermediates to various countries across the world."
  },
  "technicalHistory" : [ {
    "date" : "2025-02-18",
    "price" : 518.15,
    "dma50" : 649.90,
    "dma100" : null,
    "dma200" : 613.68,
    "volume" : 245820.00
  }, {
    "date" : "2025-02-19",
    "price" : 542.90,
    "dma50" : 645.71,
    "dma100" : null,
    "dma200" : 612.98,
    "volume" : 122915.00
  }, {
    "date" : "2025-02-20",
    "price" : 552.00,
    "dma50" : 642.03,
    "dma100" : null,
    "dma200" : 612.37,
    "volume" : 98681.00
  }, {
    "date" : "2025-02-21",
    "price" : 531.35,
    "dma50" : 637.69,
    "dma100" : null,
    "dma200" : 611.56,
    "volume" : 96056.00
  }, {
    "date" : "2025-02-24",
    "price" : 528.75,
    "dma50" : 633.42,
    "dma100" : null,
    "dma200" : 610.74,
    "volume" : 71902.00
  }, {
    "date" : "2025-02-25",
    "price" : 537.90,
    "dma50" : 629.67,
    "dma100" : null,
    "dma200" : 610.02,
    "volume" : 198926.00
  }, {
    "date" : "2025-02-27",
    "price" : 519.30,
    "dma50" : 625.35,
    "dma100" : null,
    "dma200" : 609.11,
    "volume" : 105867.00
  }, {
    "date" : "2025-02-28",
    "price" : 495.55,
    "dma50" : 620.26,
    "dma100" : null,
    "dma200" : 607.98,
    "volume" : 151466.00
  }, {
    "date" : "2025-03-03",
    "price" : 501.50,
    "dma50" : 615.60,
    "dma100" : null,
    "dma200" : 606.92,
    "volume" : 166446.00
  }, {
    "date" : "2025-03-04",
    "price" : 527.80,
    "dma50" : 612.16,
    "dma100" : null,
    "dma200" : 606.14,
    "volume" : 356862.00
  }, {
    "date" : "2025-03-05",
    "price" : 540.00,
    "dma50" : 609.33,
    "dma100" : null,
    "dma200" : 605.48,
    "volume" : 328347.00
  }, {
    "date" : "2025-03-06",
    "price" : 557.80,
    "dma50" : 607.31,
    "dma100" : null,
    "dma200" : 605.00,
    "volume" : 619015.00
  }, {
    "date" : "2025-03-07",
    "price" : 563.70,
    "dma50" : 605.60,
    "dma100" : null,
    "dma200" : 604.59,
    "volume" : 175514.00
  }, {
    "date" : "2025-03-10",
    "price" : 550.75,
    "dma50" : 603.44,
    "dma100" : null,
    "dma200" : 604.06,
    "volume" : 156556.00
  }, {
    "date" : "2025-03-11",
    "price" : 562.40,
    "dma50" : 601.84,
    "dma100" : null,
    "dma200" : 603.64,
    "volume" : 184182.00
  }, {
    "date" : "2025-03-12",
    "price" : 543.90,
    "dma50" : 599.56,
    "dma100" : null,
    "dma200" : 603.05,
    "volume" : 108758.00
  }, {
    "date" : "2025-03-13",
    "price" : 546.30,
    "dma50" : 597.47,
    "dma100" : null,
    "dma200" : 602.48,
    "volume" : 121450.00
  }, {
    "date" : "2025-03-17",
    "price" : 548.25,
    "dma50" : 595.54,
    "dma100" : null,
    "dma200" : 601.94,
    "volume" : 122455.00
  }, {
    "date" : "2025-03-18",
    "price" : 527.65,
    "dma50" : 592.88,
    "dma100" : null,
    "dma200" : 601.20,
    "volume" : 944240.00
  }, {
    "date" : "2025-03-19",
    "price" : 536.00,
    "dma50" : 590.65,
    "dma100" : null,
    "dma200" : 600.56,
    "volume" : 242685.00
  }, {
    "date" : "2025-03-20",
    "price" : 563.50,
    "dma50" : 589.59,
    "dma100" : null,
    "dma200" : 600.19,
    "volume" : 662918.00
  }, {
    "date" : "2025-03-21",
    "price" : 584.00,
    "dma50" : 589.37,
    "dma100" : null,
    "dma200" : 600.03,
    "volume" : 340381.00
  }, {
    "date" : "2025-03-24",
    "price" : 583.25,
    "dma50" : 589.13,
    "dma100" : null,
    "dma200" : 599.86,
    "volume" : 197479.00
  }, {
    "date" : "2025-03-25",
    "price" : 575.20,
    "dma50" : 588.58,
    "dma100" : null,
    "dma200" : 599.61,
    "volume" : 144633.00
  }, {
    "date" : "2025-03-26",
    "price" : 562.40,
    "dma50" : 587.55,
    "dma100" : null,
    "dma200" : 599.24,
    "volume" : 110948.00
  }, {
    "date" : "2025-03-27",
    "price" : 605.50,
    "dma50" : 588.26,
    "dma100" : null,
    "dma200" : 599.31,
    "volume" : 438996.00
  }, {
    "date" : "2025-03-28",
    "price" : 571.55,
    "dma50" : 587.60,
    "dma100" : null,
    "dma200" : 599.03,
    "volume" : 211360.00
  }, {
    "date" : "2025-04-01",
    "price" : 585.40,
    "dma50" : 587.52,
    "dma100" : null,
    "dma200" : 598.89,
    "volume" : 113051.00
  }, {
    "date" : "2025-04-02",
    "price" : 586.15,
    "dma50" : 587.46,
    "dma100" : null,
    "dma200" : 598.77,
    "volume" : 82487.00
  }, {
    "date" : "2025-04-03",
    "price" : 526.55,
    "dma50" : 585.07,
    "dma100" : null,
    "dma200" : 598.05,
    "volume" : 1187642.00
  }, {
    "date" : "2025-04-04",
    "price" : 517.05,
    "dma50" : 582.41,
    "dma100" : null,
    "dma200" : 597.24,
    "volume" : 455565.00
  }, {
    "date" : "2025-04-07",
    "price" : 480.70,
    "dma50" : 578.42,
    "dma100" : null,
    "dma200" : 596.08,
    "volume" : 269014.00
  }, {
    "date" : "2025-04-08",
    "price" : 503.65,
    "dma50" : 575.49,
    "dma100" : null,
    "dma200" : 595.16,
    "volume" : 138258.00
  }, {
    "date" : "2025-04-09",
    "price" : 456.05,
    "dma50" : 570.80,
    "dma100" : null,
    "dma200" : 593.78,
    "volume" : 411777.00
  }, {
    "date" : "2025-04-11",
    "price" : 494.75,
    "dma50" : 567.82,
    "dma100" : null,
    "dma200" : 592.79,
    "volume" : 1294372.00
  }, {
    "date" : "2025-04-15",
    "price" : 550.70,
    "dma50" : 567.15,
    "dma100" : null,
    "dma200" : 592.37,
    "volume" : 1017738.00
  }, {
    "date" : "2025-04-16",
    "price" : 549.65,
    "dma50" : 566.46,
    "dma100" : null,
    "dma200" : 591.95,
    "volume" : 319892.00
  }, {
    "date" : "2025-04-17",
    "price" : 571.85,
    "dma50" : 566.67,
    "dma100" : null,
    "dma200" : 591.75,
    "volume" : 495263.00
  }, {
    "date" : "2025-04-21",
    "price" : 569.45,
    "dma50" : 566.78,
    "dma100" : null,
    "dma200" : 591.53,
    "volume" : 205241.00
  }, {
    "date" : "2025-04-22",
    "price" : 569.60,
    "dma50" : 566.89,
    "dma100" : null,
    "dma200" : 591.31,
    "volume" : 118440.00
  }, {
    "date" : "2025-04-23",
    "price" : 574.30,
    "dma50" : 567.18,
    "dma100" : null,
    "dma200" : 591.14,
    "volume" : 123738.00
  }, {
    "date" : "2025-04-24",
    "price" : 563.30,
    "dma50" : 567.03,
    "dma100" : null,
    "dma200" : 590.86,
    "volume" : 158579.00
  }, {
    "date" : "2025-04-25",
    "price" : 549.45,
    "dma50" : 566.34,
    "dma100" : null,
    "dma200" : 590.45,
    "volume" : 180380.00
  }, {
    "date" : "2025-04-28",
    "price" : 553.90,
    "dma50" : 565.85,
    "dma100" : null,
    "dma200" : 590.09,
    "volume" : 89214.00
  }, {
    "date" : "2025-04-29",
    "price" : 551.85,
    "dma50" : 565.30,
    "dma100" : null,
    "dma200" : 589.71,
    "volume" : 103204.00
  }, {
    "date" : "2025-04-30",
    "price" : 550.40,
    "dma50" : 564.72,
    "dma100" : null,
    "dma200" : 589.32,
    "volume" : 263833.00
  }, {
    "date" : "2025-05-02",
    "price" : 543.80,
    "dma50" : 563.90,
    "dma100" : null,
    "dma200" : 588.86,
    "volume" : 86229.00
  }, {
    "date" : "2025-05-05",
    "price" : 558.60,
    "dma50" : 563.69,
    "dma100" : null,
    "dma200" : 588.56,
    "volume" : 162485.00
  }, {
    "date" : "2025-05-06",
    "price" : 521.95,
    "dma50" : 562.05,
    "dma100" : null,
    "dma200" : 587.90,
    "volume" : 195211.00
  }, {
    "date" : "2025-05-07",
    "price" : 541.35,
    "dma50" : 561.24,
    "dma100" : null,
    "dma200" : 587.44,
    "volume" : 171113.00
  }, {
    "date" : "2025-05-08",
    "price" : 532.60,
    "dma50" : 560.12,
    "dma100" : null,
    "dma200" : 586.89,
    "volume" : 109426.00
  }, {
    "date" : "2025-05-09",
    "price" : 525.05,
    "dma50" : 558.74,
    "dma100" : null,
    "dma200" : 586.27,
    "volume" : 113455.00
  }, {
    "date" : "2025-05-12",
    "price" : 559.75,
    "dma50" : 558.78,
    "dma100" : null,
    "dma200" : 586.01,
    "volume" : 171574.00
  }, {
    "date" : "2025-05-13",
    "price" : 565.90,
    "dma50" : 559.06,
    "dma100" : null,
    "dma200" : 585.81,
    "volume" : 134497.00
  }, {
    "date" : "2025-05-14",
    "price" : 573.55,
    "dma50" : 559.63,
    "dma100" : null,
    "dma200" : 585.69,
    "volume" : 973599.00
  }, {
    "date" : "2025-05-15",
    "price" : 612.55,
    "dma50" : 561.71,
    "dma100" : null,
    "dma200" : 585.96,
    "volume" : 4039341.00
  }, {
    "date" : "2025-05-16",
    "price" : 635.10,
    "dma50" : 564.58,
    "dma100" : null,
    "dma200" : 586.45,
    "volume" : 1064606.00
  }, {
    "date" : "2025-05-19",
    "price" : 629.80,
    "dma50" : 567.14,
    "dma100" : null,
    "dma200" : 586.88,
    "volume" : 565357.00
  }, {
    "date" : "2025-05-20",
    "price" : 616.15,
    "dma50" : 569.06,
    "dma100" : null,
    "dma200" : 587.17,
    "volume" : 348136.00
  }, {
    "date" : "2025-05-21",
    "price" : 631.20,
    "dma50" : 571.50,
    "dma100" : null,
    "dma200" : 587.61,
    "volume" : 1026650.00
  }, {
    "date" : "2025-05-22",
    "price" : 652.10,
    "dma50" : 574.66,
    "dma100" : null,
    "dma200" : 588.25,
    "volume" : 737691.00
  }, {
    "date" : "2025-05-23",
    "price" : 647.50,
    "dma50" : 577.52,
    "dma100" : null,
    "dma200" : 588.84,
    "volume" : 936957.00
  }, {
    "date" : "2025-05-26",
    "price" : 656.60,
    "dma50" : 580.62,
    "dma100" : null,
    "dma200" : 589.51,
    "volume" : 980744.00
  }, {
    "date" : "2025-05-27",
    "price" : 673.10,
    "dma50" : 584.25,
    "dma100" : null,
    "dma200" : 590.34,
    "volume" : 553302.00
  }, {
    "date" : "2025-05-28",
    "price" : 730.00,
    "dma50" : 589.96,
    "dma100" : null,
    "dma200" : 591.73,
    "volume" : 1230178.00
  }, {
    "date" : "2025-05-29",
    "price" : 749.55,
    "dma50" : 596.22,
    "dma100" : null,
    "dma200" : 593.30,
    "volume" : 700864.00
  }, {
    "date" : "2025-05-30",
    "price" : 737.90,
    "dma50" : 601.78,
    "dma100" : null,
    "dma200" : 594.74,
    "volume" : 486573.00
  }, {
    "date" : "2025-06-02",
    "price" : 724.30,
    "dma50" : 606.58,
    "dma100" : null,
    "dma200" : 596.03,
    "volume" : 546011.00
  }, {
    "date" : "2025-06-03",
    "price" : 764.90,
    "dma50" : 612.79,
    "dma100" : null,
    "dma200" : 597.71,
    "volume" : 1145381.00
  }, {
    "date" : "2025-06-04",
    "price" : 797.75,
    "dma50" : 620.04,
    "dma100" : null,
    "dma200" : 599.70,
    "volume" : 1837910.00
  }, {
    "date" : "2025-06-05",
    "price" : 795.40,
    "dma50" : 626.92,
    "dma100" : null,
    "dma200" : 601.65,
    "volume" : 755867.00
  }, {
    "date" : "2025-06-06",
    "price" : 780.00,
    "dma50" : 632.92,
    "dma100" : null,
    "dma200" : 603.42,
    "volume" : 225805.00
  }, {
    "date" : "2025-06-09",
    "price" : 782.35,
    "dma50" : 638.78,
    "dma100" : null,
    "dma200" : 605.20,
    "volume" : 254764.00
  }, {
    "date" : "2025-06-10",
    "price" : 805.05,
    "dma50" : 645.30,
    "dma100" : null,
    "dma200" : 607.19,
    "volume" : 337781.00
  }, {
    "date" : "2025-06-11",
    "price" : 822.95,
    "dma50" : 652.27,
    "dma100" : null,
    "dma200" : 609.34,
    "volume" : 517133.00
  }, {
    "date" : "2025-06-12",
    "price" : 814.30,
    "dma50" : 658.62,
    "dma100" : null,
    "dma200" : 611.38,
    "volume" : 775974.00
  }, {
    "date" : "2025-06-13",
    "price" : 810.45,
    "dma50" : 664.58,
    "dma100" : null,
    "dma200" : 613.36,
    "volume" : 331607.00
  }, {
    "date" : "2025-06-16",
    "price" : 824.35,
    "dma50" : 670.84,
    "dma100" : null,
    "dma200" : 615.46,
    "volume" : 268952.00
  }, {
    "date" : "2025-06-17",
    "price" : 805.85,
    "dma50" : 676.14,
    "dma100" : null,
    "dma200" : 617.35,
    "volume" : 252995.00
  }, {
    "date" : "2025-06-18",
    "price" : 807.90,
    "dma50" : 681.30,
    "dma100" : null,
    "dma200" : 619.25,
    "volume" : 152049.00
  }, {
    "date" : "2025-06-19",
    "price" : 784.10,
    "dma50" : 685.34,
    "dma100" : null,
    "dma200" : 620.89,
    "volume" : 240667.00
  }, {
    "date" : "2025-06-20",
    "price" : 794.45,
    "dma50" : 689.61,
    "dma100" : null,
    "dma200" : 622.62,
    "volume" : 139424.00
  }, {
    "date" : "2025-06-23",
    "price" : 806.85,
    "dma50" : 694.21,
    "dma100" : null,
    "dma200" : 624.45,
    "volume" : 107428.00
  }, {
    "date" : "2025-06-24",
    "price" : 795.40,
    "dma50" : 698.18,
    "dma100" : null,
    "dma200" : 626.15,
    "volume" : 111343.00
  }, {
    "date" : "2025-06-25",
    "price" : 812.25,
    "dma50" : 702.65,
    "dma100" : null,
    "dma200" : 628.00,
    "volume" : 261915.00
  }, {
    "date" : "2025-06-26",
    "price" : 772.65,
    "dma50" : 705.40,
    "dma100" : null,
    "dma200" : 629.44,
    "volume" : 305325.00
  }, {
    "date" : "2025-06-27",
    "price" : 789.80,
    "dma50" : 708.71,
    "dma100" : null,
    "dma200" : 631.04,
    "volume" : 363968.00
  }, {
    "date" : "2025-06-30",
    "price" : 811.30,
    "dma50" : 712.73,
    "dma100" : null,
    "dma200" : 632.83,
    "volume" : 281260.00
  }, {
    "date" : "2025-07-01",
    "price" : 805.30,
    "dma50" : 716.36,
    "dma100" : null,
    "dma200" : 634.55,
    "volume" : 139672.00
  }, {
    "date" : "2025-07-02",
    "price" : 844.80,
    "dma50" : 721.40,
    "dma100" : null,
    "dma200" : 636.64,
    "volume" : 726173.00
  }, {
    "date" : "2025-07-03",
    "price" : 886.90,
    "dma50" : 727.89,
    "dma100" : null,
    "dma200" : 639.13,
    "volume" : 1887834.00
  }, {
    "date" : "2025-07-04",
    "price" : 918.40,
    "dma50" : 735.36,
    "dma100" : null,
    "dma200" : 641.91,
    "volume" : 958586.00
  }, {
    "date" : "2025-07-07",
    "price" : 853.50,
    "dma50" : 739.99,
    "dma100" : null,
    "dma200" : 644.01,
    "volume" : 658626.00
  }, {
    "date" : "2025-07-08",
    "price" : 833.75,
    "dma50" : 743.67,
    "dma100" : null,
    "dma200" : 645.90,
    "volume" : 445266.00
  }, {
    "date" : "2025-07-09",
    "price" : 837.30,
    "dma50" : 747.34,
    "dma100" : null,
    "dma200" : 647.81,
    "volume" : 269878.00
  }, {
    "date" : "2025-07-10",
    "price" : 838.00,
    "dma50" : 750.90,
    "dma100" : null,
    "dma200" : 649.70,
    "volume" : 221438.00
  }, {
    "date" : "2025-07-11",
    "price" : 827.85,
    "dma50" : 753.91,
    "dma100" : null,
    "dma200" : 651.47,
    "volume" : 316409.00
  }, {
    "date" : "2025-07-14",
    "price" : 781.20,
    "dma50" : 754.98,
    "dma100" : null,
    "dma200" : 652.76,
    "volume" : 667330.00
  }, {
    "date" : "2025-07-15",
    "price" : 796.35,
    "dma50" : 756.61,
    "dma100" : null,
    "dma200" : 654.19,
    "volume" : 406697.00
  }, {
    "date" : "2025-07-16",
    "price" : 797.25,
    "dma50" : 758.20,
    "dma100" : null,
    "dma200" : 655.61,
    "volume" : 172757.00
  }, {
    "date" : "2025-07-17",
    "price" : 799.05,
    "dma50" : 759.80,
    "dma100" : 649.80,
    "dma200" : 657.04,
    "volume" : 192661.00
  }, {
    "date" : "2025-07-18",
    "price" : 839.75,
    "dma50" : 762.94,
    "dma100" : 652.77,
    "dma200" : 658.86,
    "volume" : 714349.00
  }, {
    "date" : "2025-07-21",
    "price" : 868.60,
    "dma50" : 767.08,
    "dma100" : 655.93,
    "dma200" : 660.95,
    "volume" : 598262.00
  }, {
    "date" : "2025-07-22",
    "price" : 878.20,
    "dma50" : 771.44,
    "dma100" : 659.40,
    "dma200" : 663.11,
    "volume" : 250193.00
  }, {
    "date" : "2025-07-23",
    "price" : 883.10,
    "dma50" : 775.82,
    "dma100" : 662.95,
    "dma200" : 665.30,
    "volume" : 268712.00
  }, {
    "date" : "2025-07-24",
    "price" : 908.75,
    "dma50" : 781.03,
    "dma100" : 666.66,
    "dma200" : 667.72,
    "volume" : 434082.00
  }, {
    "date" : "2025-07-25",
    "price" : 1087.10,
    "dma50" : 793.03,
    "dma100" : 672.33,
    "dma200" : 671.89,
    "volume" : 9506622.00
  }, {
    "date" : "2025-07-28",
    "price" : 1090.45,
    "dma50" : 804.70,
    "dma100" : 678.28,
    "dma200" : 676.06,
    "volume" : 8531595.00
  }, {
    "date" : "2025-07-29",
    "price" : 1155.35,
    "dma50" : 818.45,
    "dma100" : 684.82,
    "dma200" : 680.83,
    "volume" : 2001380.00
  }, {
    "date" : "2025-07-30",
    "price" : 1123.35,
    "dma50" : 830.40,
    "dma100" : 690.78,
    "dma200" : 685.23,
    "volume" : 678987.00
  }, {
    "date" : "2025-07-31",
    "price" : 1137.55,
    "dma50" : 842.45,
    "dma100" : 696.75,
    "dma200" : 689.73,
    "volume" : 507990.00
  }, {
    "date" : "2025-08-01",
    "price" : 1106.90,
    "dma50" : 852.82,
    "dma100" : 702.24,
    "dma200" : 693.88,
    "volume" : 432570.00
  }, {
    "date" : "2025-08-04",
    "price" : 1099.40,
    "dma50" : 862.49,
    "dma100" : 707.60,
    "dma200" : 697.92,
    "volume" : 315798.00
  }, {
    "date" : "2025-08-05",
    "price" : 1130.30,
    "dma50" : 872.99,
    "dma100" : 713.40,
    "dma200" : 702.22,
    "volume" : 323824.00
  }, {
    "date" : "2025-08-06",
    "price" : 1054.60,
    "dma50" : 880.11,
    "dma100" : 718.32,
    "dma200" : 705.72,
    "volume" : 495566.00
  }, {
    "date" : "2025-08-07",
    "price" : 994.40,
    "dma50" : 884.60,
    "dma100" : 722.82,
    "dma200" : 708.60,
    "volume" : 463698.00
  }, {
    "date" : "2025-08-08",
    "price" : 990.40,
    "dma50" : 888.75,
    "dma100" : 727.26,
    "dma200" : 711.40,
    "volume" : 198528.00
  }, {
    "date" : "2025-08-11",
    "price" : 979.10,
    "dma50" : 892.29,
    "dma100" : 731.57,
    "dma200" : 714.06,
    "volume" : 190662.00
  }, {
    "date" : "2025-08-12",
    "price" : 979.50,
    "dma50" : 895.71,
    "dma100" : 736.09,
    "dma200" : 716.71,
    "volume" : 169925.00
  }, {
    "date" : "2025-08-13",
    "price" : 989.50,
    "dma50" : 899.39,
    "dma100" : 740.63,
    "dma200" : 719.42,
    "volume" : 300564.00
  }, {
    "date" : "2025-08-14",
    "price" : 957.10,
    "dma50" : 901.65,
    "dma100" : 744.56,
    "dma200" : 721.79,
    "volume" : 151511.00
  }, {
    "date" : "2025-08-18",
    "price" : 994.80,
    "dma50" : 905.30,
    "dma100" : 748.67,
    "dma200" : 724.50,
    "volume" : 210867.00
  }, {
    "date" : "2025-08-19",
    "price" : 956.40,
    "dma50" : 907.31,
    "dma100" : 752.40,
    "dma200" : 726.81,
    "volume" : 222481.00
  }, {
    "date" : "2025-08-20",
    "price" : 951.80,
    "dma50" : 909.05,
    "dma100" : 756.17,
    "dma200" : 729.05,
    "volume" : 190648.00
  }, {
    "date" : "2025-08-21",
    "price" : 968.40,
    "dma50" : 911.38,
    "dma100" : 760.23,
    "dma200" : 731.43,
    "volume" : 181080.00
  }, {
    "date" : "2025-08-22",
    "price" : 961.20,
    "dma50" : 913.33,
    "dma100" : 763.78,
    "dma200" : 733.72,
    "volume" : 161070.00
  }, {
    "date" : "2025-08-25",
    "price" : 978.40,
    "dma50" : 915.88,
    "dma100" : 767.85,
    "dma200" : 736.15,
    "volume" : 251829.00
  }, {
    "date" : "2025-08-26",
    "price" : 967.30,
    "dma50" : 917.90,
    "dma100" : 771.67,
    "dma200" : 738.45,
    "volume" : 207426.00
  }, {
    "date" : "2025-08-28",
    "price" : 935.00,
    "dma50" : 918.57,
    "dma100" : 775.16,
    "dma200" : 740.41,
    "volume" : 245674.00
  }, {
    "date" : "2025-08-29",
    "price" : 949.10,
    "dma50" : 919.77,
    "dma100" : 779.39,
    "dma200" : 742.48,
    "volume" : 176615.00
  }, {
    "date" : "2025-09-01",
    "price" : 975.10,
    "dma50" : 921.94,
    "dma100" : 783.97,
    "dma200" : 744.80,
    "volume" : 236593.00
  }, {
    "date" : "2025-09-02",
    "price" : 1023.50,
    "dma50" : 925.92,
    "dma100" : 789.39,
    "dma200" : 747.57,
    "volume" : 310185.00
  }, {
    "date" : "2025-09-03",
    "price" : 954.40,
    "dma50" : 927.04,
    "dma100" : 793.90,
    "dma200" : 749.63,
    "volume" : 487783.00
  }, {
    "date" : "2025-09-04",
    "price" : 903.55,
    "dma50" : 926.12,
    "dma100" : 798.38,
    "dma200" : 751.16,
    "volume" : 485158.00
  }, {
    "date" : "2025-09-05",
    "price" : 913.95,
    "dma50" : 925.64,
    "dma100" : 802.57,
    "dma200" : 752.78,
    "volume" : 215503.00
  }, {
    "date" : "2025-09-08",
    "price" : 886.95,
    "dma50" : 924.12,
    "dma100" : 805.93,
    "dma200" : 754.12,
    "volume" : 207888.00
  }, {
    "date" : "2025-09-09",
    "price" : 882.70,
    "dma50" : 922.50,
    "dma100" : 809.26,
    "dma200" : 755.39,
    "volume" : 147932.00
  }, {
    "date" : "2025-09-10",
    "price" : 894.10,
    "dma50" : 921.38,
    "dma100" : 812.48,
    "dma200" : 756.77,
    "volume" : 192909.00
  }, {
    "date" : "2025-09-11",
    "price" : 893.90,
    "dma50" : 920.31,
    "dma100" : 815.73,
    "dma200" : 758.14,
    "volume" : 107416.00
  }, {
    "date" : "2025-09-12",
    "price" : 882.65,
    "dma50" : 918.83,
    "dma100" : 818.86,
    "dma200" : 759.38,
    "volume" : 120712.00
  }, {
    "date" : "2025-09-15",
    "price" : 887.50,
    "dma50" : 917.60,
    "dma100" : 821.99,
    "dma200" : 760.65,
    "volume" : 122285.00
  }, {
    "date" : "2025-09-16",
    "price" : 885.65,
    "dma50" : 916.35,
    "dma100" : 825.21,
    "dma200" : 761.90,
    "volume" : 89590.00
  }, {
    "date" : "2025-09-17",
    "price" : 903.10,
    "dma50" : 915.83,
    "dma100" : 828.75,
    "dma200" : 763.30,
    "volume" : 152931.00
  }, {
    "date" : "2025-09-18",
    "price" : 892.80,
    "dma50" : 914.93,
    "dma100" : 832.14,
    "dma200" : 764.59,
    "volume" : 121486.00
  }, {
    "date" : "2025-09-19",
    "price" : 897.90,
    "dma50" : 914.26,
    "dma100" : 835.60,
    "dma200" : 765.92,
    "volume" : 108722.00
  }, {
    "date" : "2025-09-22",
    "price" : 876.35,
    "dma50" : 912.77,
    "dma100" : 838.86,
    "dma200" : 767.02,
    "volume" : 100526.00
  }, {
    "date" : "2025-09-23",
    "price" : 860.60,
    "dma50" : 910.73,
    "dma100" : 842.03,
    "dma200" : 767.95,
    "volume" : 335857.00
  }, {
    "date" : "2025-09-24",
    "price" : 854.70,
    "dma50" : 908.53,
    "dma100" : 844.99,
    "dma200" : 768.81,
    "volume" : 128042.00
  }, {
    "date" : "2025-09-25",
    "price" : 854.95,
    "dma50" : 906.43,
    "dma100" : 848.32,
    "dma200" : 769.67,
    "volume" : 398170.00
  }, {
    "date" : "2025-09-26",
    "price" : 826.45,
    "dma50" : 903.29,
    "dma100" : 851.17,
    "dma200" : 770.23,
    "volume" : 231828.00
  }, {
    "date" : "2025-09-29",
    "price" : 824.45,
    "dma50" : 900.20,
    "dma100" : 854.09,
    "dma200" : 770.77,
    "volume" : 140273.00
  }, {
    "date" : "2025-09-30",
    "price" : 821.80,
    "dma50" : 897.12,
    "dma100" : 857.06,
    "dma200" : 771.28,
    "volume" : 121698.00
  }, {
    "date" : "2025-10-01",
    "price" : 815.80,
    "dma50" : 893.94,
    "dma100" : 859.62,
    "dma200" : 771.72,
    "volume" : 156807.00
  }, {
    "date" : "2025-10-03",
    "price" : 850.85,
    "dma50" : 892.25,
    "dma100" : 862.47,
    "dma200" : 772.51,
    "volume" : 207913.00
  }, {
    "date" : "2025-10-06",
    "price" : 839.30,
    "dma50" : 890.17,
    "dma100" : 865.12,
    "dma200" : 773.17,
    "volume" : 145367.00
  }, {
    "date" : "2025-10-07",
    "price" : 829.20,
    "dma50" : 887.78,
    "dma100" : 867.29,
    "dma200" : 773.73,
    "volume" : 70190.00
  }, {
    "date" : "2025-10-08",
    "price" : 820.30,
    "dma50" : 885.13,
    "dma100" : 869.14,
    "dma200" : 774.19,
    "volume" : 101454.00
  }, {
    "date" : "2025-10-09",
    "price" : 820.10,
    "dma50" : 882.58,
    "dma100" : 871.05,
    "dma200" : 774.65,
    "volume" : 73071.00
  }, {
    "date" : "2025-10-10",
    "price" : 819.95,
    "dma50" : 880.13,
    "dma100" : 873.08,
    "dma200" : 775.10,
    "volume" : 109244.00
  }, {
    "date" : "2025-10-13",
    "price" : 813.75,
    "dma50" : 877.52,
    "dma100" : 874.91,
    "dma200" : 775.49,
    "volume" : 69212.00
  }, {
    "date" : "2025-10-14",
    "price" : 816.90,
    "dma50" : 875.15,
    "dma100" : 876.56,
    "dma200" : 775.90,
    "volume" : 258476.00
  }, {
    "date" : "2025-10-15",
    "price" : 830.40,
    "dma50" : 873.39,
    "dma100" : 878.39,
    "dma200" : 776.44,
    "volume" : 241344.00
  }, {
    "date" : "2025-10-16",
    "price" : 823.65,
    "dma50" : 871.44,
    "dma100" : 880.06,
    "dma200" : 776.91,
    "volume" : 91344.00
  }, {
    "date" : "2025-10-17",
    "price" : 804.10,
    "dma50" : 868.80,
    "dma100" : 881.37,
    "dma200" : 777.18,
    "volume" : 122047.00
  }, {
    "date" : "2025-10-20",
    "price" : 816.60,
    "dma50" : 866.75,
    "dma100" : 882.23,
    "dma200" : 777.57,
    "volume" : 227946.00
  }, {
    "date" : "2025-10-21",
    "price" : 839.25,
    "dma50" : 865.67,
    "dma100" : 883.13,
    "dma200" : 778.19,
    "volume" : 81733.00
  }, {
    "date" : "2025-10-23",
    "price" : 840.95,
    "dma50" : 864.70,
    "dma100" : 884.16,
    "dma200" : 778.81,
    "volume" : 380738.00
  }, {
    "date" : "2025-10-24",
    "price" : 889.85,
    "dma50" : 865.69,
    "dma100" : 885.82,
    "dma200" : 779.92,
    "volume" : 831868.00
  }, {
    "date" : "2025-10-27",
    "price" : 938.30,
    "dma50" : 868.54,
    "dma100" : 887.55,
    "dma200" : 781.49,
    "volume" : 1040716.00
  }, {
    "date" : "2025-10-28",
    "price" : 952.95,
    "dma50" : 871.85,
    "dma100" : 889.10,
    "dma200" : 783.20,
    "volume" : 819480.00
  }, {
    "date" : "2025-10-29",
    "price" : 953.90,
    "dma50" : 875.07,
    "dma100" : 890.69,
    "dma200" : 784.90,
    "volume" : 252273.00
  }, {
    "date" : "2025-10-30",
    "price" : 883.65,
    "dma50" : 875.40,
    "dma100" : 891.72,
    "dma200" : 785.88,
    "volume" : 1982339.00
  }, {
    "date" : "2025-10-31",
    "price" : 864.70,
    "dma50" : 874.98,
    "dma100" : 892.55,
    "dma200" : 786.66,
    "volume" : 1047458.00
  }, {
    "date" : "2025-11-03",
    "price" : 816.80,
    "dma50" : 872.70,
    "dma100" : 892.66,
    "dma200" : 786.96,
    "volume" : 803789.00
  }, {
    "date" : "2025-11-04",
    "price" : 811.20,
    "dma50" : 870.29,
    "dma100" : 892.55,
    "dma200" : 787.21,
    "volume" : 587313.00
  }, {
    "date" : "2025-11-06",
    "price" : 777.65,
    "dma50" : 866.66,
    "dma100" : 892.18,
    "dma200" : 787.11,
    "volume" : 520039.00
  }, {
    "date" : "2025-11-07",
    "price" : 776.25,
    "dma50" : 863.11,
    "dma100" : 891.84,
    "dma200" : 787.00,
    "volume" : 286454.00
  }, {
    "date" : "2025-11-10",
    "price" : 772.35,
    "dma50" : 859.55,
    "dma100" : 891.32,
    "dma200" : 786.86,
    "volume" : 319668.00
  }, {
    "date" : "2025-11-11",
    "price" : 768.95,
    "dma50" : 856.00,
    "dma100" : 890.95,
    "dma200" : 786.68,
    "volume" : 143282.00
  }, {
    "date" : "2025-11-12",
    "price" : 761.60,
    "dma50" : 852.30,
    "dma100" : 890.49,
    "dma200" : 786.43,
    "volume" : 287032.00
  }, {
    "date" : "2025-11-13",
    "price" : 780.55,
    "dma50" : 849.48,
    "dma100" : 890.45,
    "dma200" : 786.37,
    "volume" : 450910.00
  }, {
    "date" : "2025-11-14",
    "price" : 772.45,
    "dma50" : 846.46,
    "dma100" : 890.23,
    "dma200" : 786.23,
    "volume" : 162254.00
  }, {
    "date" : "2025-11-17",
    "price" : 794.05,
    "dma50" : 844.41,
    "dma100" : 890.10,
    "dma200" : 786.31,
    "volume" : 404775.00
  }, {
    "date" : "2025-11-18",
    "price" : 771.35,
    "dma50" : 841.54,
    "dma100" : 889.86,
    "dma200" : 786.16,
    "volume" : 156158.00
  }, {
    "date" : "2025-11-19",
    "price" : 766.30,
    "dma50" : 838.59,
    "dma100" : 889.40,
    "dma200" : 785.96,
    "volume" : 138756.00
  }, {
    "date" : "2025-11-20",
    "price" : 773.40,
    "dma50" : 836.03,
    "dma100" : 889.41,
    "dma200" : 785.84,
    "volume" : 473862.00
  }, {
    "date" : "2025-11-21",
    "price" : 799.35,
    "dma50" : 834.60,
    "dma100" : 889.50,
    "dma200" : 785.97,
    "volume" : 2716784.00
  }, {
    "date" : "2025-11-24",
    "price" : 790.80,
    "dma50" : 832.88,
    "dma100" : 889.30,
    "dma200" : 786.02,
    "volume" : 452252.00
  }, {
    "date" : "2025-11-25",
    "price" : 826.95,
    "dma50" : 832.65,
    "dma100" : 889.52,
    "dma200" : 786.43,
    "volume" : 944707.00
  }, {
    "date" : "2025-11-26",
    "price" : 830.60,
    "dma50" : 832.57,
    "dma100" : 889.37,
    "dma200" : 786.87,
    "volume" : 305419.00
  }, {
    "date" : "2025-11-27",
    "price" : 813.00,
    "dma50" : 831.80,
    "dma100" : 888.64,
    "dma200" : 787.13,
    "volume" : 155171.00
  }, {
    "date" : "2025-11-28",
    "price" : 862.65,
    "dma50" : 833.01,
    "dma100" : 888.08,
    "dma200" : 787.88,
    "volume" : 957308.00
  }, {
    "date" : "2025-12-01",
    "price" : 871.20,
    "dma50" : 834.51,
    "dma100" : 888.25,
    "dma200" : 788.71,
    "volume" : 396437.00
  }, {
    "date" : "2025-12-02",
    "price" : 868.30,
    "dma50" : 835.83,
    "dma100" : 888.60,
    "dma200" : 789.50,
    "volume" : 301537.00
  }, {
    "date" : "2025-12-03",
    "price" : 885.95,
    "dma50" : 837.80,
    "dma100" : 889.09,
    "dma200" : 790.46,
    "volume" : 2124219.00
  }, {
    "date" : "2025-12-04",
    "price" : 891.40,
    "dma50" : 839.90,
    "dma100" : 889.62,
    "dma200" : 791.46,
    "volume" : 417943.00
  }, {
    "date" : "2025-12-05",
    "price" : 868.25,
    "dma50" : 841.01,
    "dma100" : 890.02,
    "dma200" : 792.23,
    "volume" : 216183.00
  }, {
    "date" : "2025-12-08",
    "price" : 849.10,
    "dma50" : 841.33,
    "dma100" : 890.70,
    "dma200" : 792.79,
    "volume" : 303820.00
  }, {
    "date" : "2025-12-09",
    "price" : 908.30,
    "dma50" : 843.95,
    "dma100" : 891.82,
    "dma200" : 793.94,
    "volume" : 759240.00
  }, {
    "date" : "2025-12-10",
    "price" : 903.30,
    "dma50" : 846.28,
    "dma100" : 892.88,
    "dma200" : 795.03,
    "volume" : 384708.00
  }, {
    "date" : "2025-12-11",
    "price" : 902.95,
    "dma50" : 848.50,
    "dma100" : 893.92,
    "dma200" : 796.11,
    "volume" : 245328.00
  }, {
    "date" : "2025-12-12",
    "price" : 916.50,
    "dma50" : 851.17,
    "dma100" : 894.69,
    "dma200" : 797.30,
    "volume" : 456290.00
  }, {
    "date" : "2025-12-15",
    "price" : 929.15,
    "dma50" : 854.23,
    "dma100" : 895.30,
    "dma200" : 798.61,
    "volume" : 267952.00
  }, {
    "date" : "2025-12-16",
    "price" : 935.00,
    "dma50" : 857.40,
    "dma100" : 895.86,
    "dma200" : 799.97,
    "volume" : 354085.00
  }, {
    "date" : "2025-12-17",
    "price" : 916.75,
    "dma50" : 859.72,
    "dma100" : 896.20,
    "dma200" : 801.13,
    "volume" : 293454.00
  }, {
    "date" : "2025-12-18",
    "price" : 886.65,
    "dma50" : 860.78,
    "dma100" : 895.98,
    "dma200" : 801.98,
    "volume" : 253604.00
  }, {
    "date" : "2025-12-19",
    "price" : 883.85,
    "dma50" : 861.68,
    "dma100" : 893.95,
    "dma200" : 802.80,
    "volume" : 106605.00
  }, {
    "date" : "2025-12-22",
    "price" : 892.25,
    "dma50" : 862.88,
    "dma100" : 891.96,
    "dma200" : 803.69,
    "volume" : 149586.00
  }, {
    "date" : "2025-12-23",
    "price" : 893.30,
    "dma50" : 864.08,
    "dma100" : 889.34,
    "dma200" : 804.58,
    "volume" : 95645.00
  }, {
    "date" : "2025-12-24",
    "price" : 872.05,
    "dma50" : 864.39,
    "dma100" : 886.83,
    "dma200" : 805.25,
    "volume" : 98464.00
  }, {
    "date" : "2025-12-26",
    "price" : 857.60,
    "dma50" : 864.12,
    "dma100" : 884.03,
    "dma200" : 805.77,
    "volume" : 117518.00
  }, {
    "date" : "2025-12-29",
    "price" : 839.60,
    "dma50" : 863.16,
    "dma100" : 881.36,
    "dma200" : 806.11,
    "volume" : 125380.00
  }, {
    "date" : "2025-12-30",
    "price" : 839.70,
    "dma50" : 862.24,
    "dma100" : 878.76,
    "dma200" : 806.44,
    "volume" : 283429.00
  }, {
    "date" : "2025-12-31",
    "price" : 873.10,
    "dma50" : 862.67,
    "dma100" : 876.19,
    "dma200" : 807.11,
    "volume" : 230958.00
  }, {
    "date" : "2026-01-01",
    "price" : 868.85,
    "dma50" : 862.91,
    "dma100" : 874.33,
    "dma200" : 807.72,
    "volume" : 83466.00
  }, {
    "date" : "2026-01-02",
    "price" : 855.20,
    "dma50" : 862.61,
    "dma100" : 872.94,
    "dma200" : 808.19,
    "volume" : 78111.00
  }, {
    "date" : "2026-01-05",
    "price" : 847.85,
    "dma50" : 862.03,
    "dma100" : 871.51,
    "dma200" : 808.59,
    "volume" : 116735.00
  }, {
    "date" : "2026-01-06",
    "price" : 830.40,
    "dma50" : 860.79,
    "dma100" : 870.03,
    "dma200" : 808.81,
    "volume" : 105781.00
  }, {
    "date" : "2026-01-07",
    "price" : 839.30,
    "dma50" : 859.94,
    "dma100" : 868.63,
    "dma200" : 809.11,
    "volume" : 80513.00
  }, {
    "date" : "2026-01-08",
    "price" : 806.15,
    "dma50" : 857.84,
    "dma100" : 866.79,
    "dma200" : 809.08,
    "volume" : 200465.00
  }, {
    "date" : "2026-01-09",
    "price" : 797.65,
    "dma50" : 855.48,
    "dma100" : 865.20,
    "dma200" : 808.97,
    "volume" : 144468.00
  }, {
    "date" : "2026-01-12",
    "price" : 804.90,
    "dma50" : 853.49,
    "dma100" : 863.30,
    "dma200" : 808.93,
    "volume" : 172094.00
  }, {
    "date" : "2026-01-13",
    "price" : 811.00,
    "dma50" : 851.83,
    "dma100" : 861.84,
    "dma200" : 808.95,
    "volume" : 165019.00
  }, {
    "date" : "2026-01-14",
    "price" : 829.00,
    "dma50" : 850.93,
    "dma100" : 860.62,
    "dma200" : 809.15,
    "volume" : 285490.00
  }, {
    "date" : "2026-01-16",
    "price" : 824.10,
    "dma50" : 849.88,
    "dma100" : 859.17,
    "dma200" : 809.29,
    "volume" : 110934.00
  }, {
    "date" : "2026-01-19",
    "price" : 813.75,
    "dma50" : 848.46,
    "dma100" : 857.70,
    "dma200" : 809.34,
    "volume" : 215078.00
  }, {
    "date" : "2026-01-20",
    "price" : 787.20,
    "dma50" : 846.06,
    "dma100" : 855.79,
    "dma200" : 809.12,
    "volume" : 144612.00
  }, {
    "date" : "2026-01-21",
    "price" : 802.95,
    "dma50" : 844.37,
    "dma100" : 854.14,
    "dma200" : 809.06,
    "volume" : 185862.00
  }, {
    "date" : "2026-01-22",
    "price" : 835.25,
    "dma50" : 844.01,
    "dma100" : 853.15,
    "dma200" : 809.32,
    "volume" : 175060.00
  }, {
    "date" : "2026-01-23",
    "price" : 806.35,
    "dma50" : 842.53,
    "dma100" : 851.72,
    "dma200" : 809.29,
    "volume" : 88614.00
  }, {
    "date" : "2026-01-27",
    "price" : 830.25,
    "dma50" : 842.05,
    "dma100" : 850.27,
    "dma200" : 809.50,
    "volume" : 182799.00
  }, {
    "date" : "2026-01-28",
    "price" : 870.60,
    "dma50" : 843.17,
    "dma100" : 848.74,
    "dma200" : 810.10,
    "volume" : 319086.00
  }, {
    "date" : "2026-01-29",
    "price" : 984.55,
    "dma50" : 848.72,
    "dma100" : 849.04,
    "dma200" : 811.84,
    "volume" : 6645654.00
  }, {
    "date" : "2026-01-30",
    "price" : 1035.85,
    "dma50" : 856.05,
    "dma100" : 850.37,
    "dma200" : 814.07,
    "volume" : 4946424.00
  }, {
    "date" : "2026-02-01",
    "price" : 987.80,
    "dma50" : 861.22,
    "dma100" : 851.10,
    "dma200" : 815.80,
    "volume" : 448119.00
  }, {
    "date" : "2026-02-02",
    "price" : 1126.90,
    "dma50" : 871.64,
    "dma100" : 853.50,
    "dma200" : 818.89,
    "volume" : 5546036.00
  }, {
    "date" : "2026-02-03",
    "price" : 1113.70,
    "dma50" : 881.13,
    "dma100" : 855.81,
    "dma200" : 821.83,
    "volume" : 1618000.00
  }, {
    "date" : "2026-02-04",
    "price" : 1143.50,
    "dma50" : 891.42,
    "dma100" : 858.31,
    "dma200" : 825.03,
    "volume" : 630282.00
  }, {
    "date" : "2026-02-05",
    "price" : 1162.70,
    "dma50" : 902.06,
    "dma100" : 861.00,
    "dma200" : 828.39,
    "volume" : 450827.00
  }, {
    "date" : "2026-02-06",
    "price" : 1192.30,
    "dma50" : 913.44,
    "dma100" : 864.09,
    "dma200" : 832.01,
    "volume" : 756951.00
  }, {
    "date" : "2026-02-09",
    "price" : 1202.70,
    "dma50" : 924.79,
    "dma100" : 867.24,
    "dma200" : 835.70,
    "volume" : 486590.00
  }, {
    "date" : "2026-02-10",
    "price" : 1169.20,
    "dma50" : 934.37,
    "dma100" : 870.08,
    "dma200" : 839.02,
    "volume" : 242233.00
  }, {
    "date" : "2026-02-11",
    "price" : 1135.90,
    "dma50" : 942.27,
    "dma100" : 872.41,
    "dma200" : 841.97,
    "volume" : 501912.00
  }, {
    "date" : "2026-02-12",
    "price" : 1252.60,
    "dma50" : 954.44,
    "dma100" : 876.01,
    "dma200" : 846.06,
    "volume" : 1399618.00
  }, {
    "date" : "2026-02-13",
    "price" : 1256.00,
    "dma50" : 966.27,
    "dma100" : 879.59,
    "dma200" : 850.13,
    "volume" : 661132.00
  }, {
    "date" : "2026-02-16",
    "price" : 1231.20,
    "dma50" : 976.66,
    "dma100" : 883.14,
    "dma200" : 853.93,
    "volume" : 211500.00
  }, {
    "date" : "2026-02-17",
    "price" : 1250.40,
    "dma50" : 987.39,
    "dma100" : 887.03,
    "dma200" : 857.87,
    "volume" : 182214.00
  } ],
  "latestTechnicalAttributes" : {
    "date" : "2026-02-17",
    "price" : 1250.40,
    "dma50" : 987.39,
    "dma100" : 887.03,
    "dma200" : 857.87,
    "volume" : 182214.00
  },
  "quarterlyResults" : [ {
    "date" : "2013-06-30",
    "sales" : 115.88,
    "salesGrowthYoY" : null,
    "grossProfitMargin" : 41.19,
    "grossProfit" : 47.73,
    "operatingProfitMargin" : 21.28,
    "operatingProfit" : 24.66,
    "netProfitMargin" : 21.74,
    "netProfit" : 25.19
  }, {
    "date" : "2013-09-30",
    "sales" : 128.44,
    "salesGrowthYoY" : null,
    "grossProfitMargin" : 42.55,
    "grossProfit" : 54.65,
    "operatingProfitMargin" : 25.73,
    "operatingProfit" : 33.05,
    "netProfitMargin" : 15.27,
    "netProfit" : 19.61
  }, {
    "date" : "2013-12-31",
    "sales" : 72.29,
    "salesGrowthYoY" : null,
    "grossProfitMargin" : 38.93,
    "grossProfit" : 28.14,
    "operatingProfitMargin" : -0.90,
    "operatingProfit" : -0.65,
    "netProfitMargin" : -3.87,
    "netProfit" : -2.80
  }, {
    "date" : "2014-03-31",
    "sales" : 224.75,
    "salesGrowthYoY" : null,
    "grossProfitMargin" : 45.21,
    "grossProfit" : 101.61,
    "operatingProfitMargin" : 31.42,
    "operatingProfit" : 70.62,
    "netProfitMargin" : 20.76,
    "netProfit" : 46.66
  }, {
    "date" : "2014-06-30",
    "sales" : 196.66,
    "salesGrowthYoY" : 69.71,
    "grossProfitMargin" : 41.25,
    "grossProfit" : 81.12,
    "operatingProfitMargin" : 26.23,
    "operatingProfit" : 51.58,
    "netProfitMargin" : 17.61,
    "netProfit" : 34.63
  }, {
    "date" : "2014-09-30",
    "sales" : 188.04,
    "salesGrowthYoY" : 46.40,
    "grossProfitMargin" : 36.65,
    "grossProfit" : 68.92,
    "operatingProfitMargin" : 15.94,
    "operatingProfit" : 29.97,
    "netProfitMargin" : 10.07,
    "netProfit" : 18.94
  }, {
    "date" : "2014-12-31",
    "sales" : 114.17,
    "salesGrowthYoY" : 57.93,
    "grossProfitMargin" : 31.59,
    "grossProfit" : 36.07,
    "operatingProfitMargin" : 0.88,
    "operatingProfit" : 1.00,
    "netProfitMargin" : 0.00,
    "netProfit" : 0.00
  }, {
    "date" : "2015-03-31",
    "sales" : 271.84,
    "salesGrowthYoY" : 20.95,
    "grossProfitMargin" : 38.00,
    "grossProfit" : 103.30,
    "operatingProfitMargin" : 23.77,
    "operatingProfit" : 64.62,
    "netProfitMargin" : 16.26,
    "netProfit" : 44.20
  }, {
    "date" : "2015-06-30",
    "sales" : 208.24,
    "salesGrowthYoY" : 5.89,
    "grossProfitMargin" : 35.69,
    "grossProfit" : 74.32,
    "operatingProfitMargin" : 21.97,
    "operatingProfit" : 45.75,
    "netProfitMargin" : 14.72,
    "netProfit" : 30.65
  }, {
    "date" : "2015-09-30",
    "sales" : 156.59,
    "salesGrowthYoY" : -16.73,
    "grossProfitMargin" : 36.87,
    "grossProfit" : 57.73,
    "operatingProfitMargin" : 18.12,
    "operatingProfit" : 28.37,
    "netProfitMargin" : 20.83,
    "netProfit" : 32.62
  }, {
    "date" : "2015-12-31",
    "sales" : 138.86,
    "salesGrowthYoY" : 21.63,
    "grossProfitMargin" : 41.11,
    "grossProfit" : 57.09,
    "operatingProfitMargin" : 21.16,
    "operatingProfit" : 29.38,
    "netProfitMargin" : 10.31,
    "netProfit" : 14.32
  }, {
    "date" : "2016-03-31",
    "sales" : 429.03,
    "salesGrowthYoY" : 57.82,
    "grossProfitMargin" : 38.73,
    "grossProfit" : 166.16,
    "operatingProfitMargin" : 28.61,
    "operatingProfit" : 122.75,
    "netProfitMargin" : 22.05,
    "netProfit" : 94.60
  }, {
    "date" : "2016-06-30",
    "sales" : 242.27,
    "salesGrowthYoY" : 16.34,
    "grossProfitMargin" : 39.28,
    "grossProfit" : 95.16,
    "operatingProfitMargin" : 24.80,
    "operatingProfit" : 60.08,
    "netProfitMargin" : 13.58,
    "netProfit" : 32.90
  }, {
    "date" : "2016-09-30",
    "sales" : 179.08,
    "salesGrowthYoY" : 14.36,
    "grossProfitMargin" : 37.05,
    "grossProfit" : 66.35,
    "operatingProfitMargin" : 20.87,
    "operatingProfit" : 37.37,
    "netProfitMargin" : 12.04,
    "netProfit" : 21.56
  }, {
    "date" : "2016-12-31",
    "sales" : 173.34,
    "salesGrowthYoY" : 24.83,
    "grossProfitMargin" : 37.08,
    "grossProfit" : 64.27,
    "operatingProfitMargin" : 14.17,
    "operatingProfit" : 24.56,
    "netProfitMargin" : 16.41,
    "netProfit" : 28.45
  }, {
    "date" : "2017-03-31",
    "sales" : 534.52,
    "salesGrowthYoY" : 24.59,
    "grossProfitMargin" : 38.08,
    "grossProfit" : 203.55,
    "operatingProfitMargin" : 27.81,
    "operatingProfit" : 148.65,
    "netProfitMargin" : 19.80,
    "netProfit" : 105.83
  }, {
    "date" : "2017-06-30",
    "sales" : 272.99,
    "salesGrowthYoY" : 12.68,
    "grossProfitMargin" : 33.48,
    "grossProfit" : 91.40,
    "operatingProfitMargin" : 19.39,
    "operatingProfit" : 52.93,
    "netProfitMargin" : 12.21,
    "netProfit" : 33.33
  }, {
    "date" : "2017-09-30",
    "sales" : 221.57,
    "salesGrowthYoY" : 23.73,
    "grossProfitMargin" : 35.25,
    "grossProfit" : 78.10,
    "operatingProfitMargin" : 17.13,
    "operatingProfit" : 37.95,
    "netProfitMargin" : 6.45,
    "netProfit" : 14.29
  }, {
    "date" : "2017-12-31",
    "sales" : 269.48,
    "salesGrowthYoY" : 55.46,
    "grossProfitMargin" : 33.25,
    "grossProfit" : 89.60,
    "operatingProfitMargin" : 16.53,
    "operatingProfit" : 44.55,
    "netProfitMargin" : 13.07,
    "netProfit" : 35.22
  }, {
    "date" : "2018-03-31",
    "sales" : 709.97,
    "salesGrowthYoY" : 32.82,
    "grossProfitMargin" : 36.50,
    "grossProfit" : 259.14,
    "operatingProfitMargin" : 26.91,
    "operatingProfit" : 191.05,
    "netProfitMargin" : 15.57,
    "netProfit" : 110.54
  }, {
    "date" : "2018-06-30",
    "sales" : 364.19,
    "salesGrowthYoY" : 33.41,
    "grossProfitMargin" : 33.14,
    "grossProfit" : 120.69,
    "operatingProfitMargin" : 17.92,
    "operatingProfit" : 65.26,
    "netProfitMargin" : 7.70,
    "netProfit" : 28.04
  }, {
    "date" : "2018-09-30",
    "sales" : 222.86,
    "salesGrowthYoY" : 0.58,
    "grossProfitMargin" : 31.78,
    "grossProfit" : 70.82,
    "operatingProfitMargin" : 16.50,
    "operatingProfit" : 36.77,
    "netProfitMargin" : 10.14,
    "netProfit" : 22.60
  }, {
    "date" : "2018-12-31",
    "sales" : 346.00,
    "salesGrowthYoY" : 28.40,
    "grossProfitMargin" : 31.88,
    "grossProfit" : 110.30,
    "operatingProfitMargin" : 8.77,
    "operatingProfit" : 30.34,
    "netProfitMargin" : 1.58,
    "netProfit" : 5.47
  }, {
    "date" : "2019-03-31",
    "sales" : 673.28,
    "salesGrowthYoY" : -5.17,
    "grossProfitMargin" : 32.21,
    "grossProfit" : 216.86,
    "operatingProfitMargin" : 20.72,
    "operatingProfit" : 139.50,
    "netProfitMargin" : 13.06,
    "netProfit" : 87.93
  }, {
    "date" : "2019-06-30",
    "sales" : 311.52,
    "salesGrowthYoY" : -14.46,
    "grossProfitMargin" : 29.44,
    "grossProfit" : 91.71,
    "operatingProfitMargin" : 14.50,
    "operatingProfit" : 45.17,
    "netProfitMargin" : 8.87,
    "netProfit" : 27.63
  }, {
    "date" : "2019-09-30",
    "sales" : 226.57,
    "salesGrowthYoY" : 1.66,
    "grossProfitMargin" : 30.07,
    "grossProfit" : 68.13,
    "operatingProfitMargin" : 4.74,
    "operatingProfit" : 10.74,
    "netProfitMargin" : 2.47,
    "netProfit" : 5.60
  }, {
    "date" : "2019-12-31",
    "sales" : 304.84,
    "salesGrowthYoY" : -11.90,
    "grossProfitMargin" : 22.84,
    "grossProfit" : 69.63,
    "operatingProfitMargin" : 8.86,
    "operatingProfit" : 27.01,
    "netProfitMargin" : 7.30,
    "netProfit" : 22.25
  }, {
    "date" : "2020-03-31",
    "sales" : 773.13,
    "salesGrowthYoY" : 14.83,
    "grossProfitMargin" : 35.40,
    "grossProfit" : 273.69,
    "operatingProfitMargin" : 17.39,
    "operatingProfit" : 134.45,
    "netProfitMargin" : 17.65,
    "netProfit" : 136.46
  }, {
    "date" : "2020-06-30",
    "sales" : 301.05,
    "salesGrowthYoY" : -3.36,
    "grossProfitMargin" : 31.50,
    "grossProfit" : 94.83,
    "operatingProfitMargin" : 15.45,
    "operatingProfit" : 46.51,
    "netProfitMargin" : 4.42,
    "netProfit" : 13.31
  }, {
    "date" : "2020-09-30",
    "sales" : 354.76,
    "salesGrowthYoY" : 56.58,
    "grossProfitMargin" : 30.48,
    "grossProfit" : 108.13,
    "operatingProfitMargin" : 14.17,
    "operatingProfit" : 50.27,
    "netProfitMargin" : 7.21,
    "netProfit" : 25.58
  }, {
    "date" : "2020-12-31",
    "sales" : 385.15,
    "salesGrowthYoY" : 26.34,
    "grossProfitMargin" : 37.79,
    "grossProfit" : 145.55,
    "operatingProfitMargin" : 23.52,
    "operatingProfit" : 90.59,
    "netProfitMargin" : 14.60,
    "netProfit" : 56.23
  }, {
    "date" : "2021-03-31",
    "sales" : 991.65,
    "salesGrowthYoY" : 28.26,
    "grossProfitMargin" : 31.74,
    "grossProfit" : 314.75,
    "operatingProfitMargin" : 19.04,
    "operatingProfit" : 188.81,
    "netProfitMargin" : 11.56,
    "netProfit" : 114.63
  }, {
    "date" : "2021-06-30",
    "sales" : 520.61,
    "salesGrowthYoY" : 72.93,
    "grossProfitMargin" : 31.42,
    "grossProfit" : 163.58,
    "operatingProfitMargin" : 20.97,
    "operatingProfit" : 109.17,
    "netProfitMargin" : 10.66,
    "netProfit" : 55.50
  }, {
    "date" : "2021-09-30",
    "sales" : 483.26,
    "salesGrowthYoY" : 36.22,
    "grossProfitMargin" : 31.55,
    "grossProfit" : 152.47,
    "operatingProfitMargin" : 16.46,
    "operatingProfit" : 79.54,
    "netProfitMargin" : 4.49,
    "netProfit" : 21.70
  }, {
    "date" : "2021-12-31",
    "sales" : 710.40,
    "salesGrowthYoY" : 84.45,
    "grossProfitMargin" : 36.24,
    "grossProfit" : 257.45,
    "operatingProfitMargin" : 22.44,
    "operatingProfit" : 159.41,
    "netProfitMargin" : 10.43,
    "netProfit" : 74.09
  }, {
    "date" : "2022-03-31",
    "sales" : 1232.15,
    "salesGrowthYoY" : 24.25,
    "grossProfitMargin" : 29.27,
    "grossProfit" : 360.65,
    "operatingProfitMargin" : 19.70,
    "operatingProfit" : 242.73,
    "netProfitMargin" : 10.68,
    "netProfit" : 131.59
  }, {
    "date" : "2022-06-30",
    "sales" : 580.13,
    "salesGrowthYoY" : 11.43,
    "grossProfitMargin" : 24.70,
    "grossProfit" : 143.29,
    "operatingProfitMargin" : 0.38,
    "operatingProfit" : 2.20,
    "netProfitMargin" : -4.40,
    "netProfit" : -25.53
  }, {
    "date" : "2022-09-30",
    "sales" : 586.97,
    "salesGrowthYoY" : 21.46,
    "grossProfitMargin" : 26.71,
    "grossProfit" : 156.78,
    "operatingProfitMargin" : 6.59,
    "operatingProfit" : 38.68,
    "netProfitMargin" : 1.45,
    "netProfit" : 8.51
  }, {
    "date" : "2022-12-31",
    "sales" : 853.40,
    "salesGrowthYoY" : 20.13,
    "grossProfitMargin" : 30.95,
    "grossProfit" : 264.13,
    "operatingProfitMargin" : 20.14,
    "operatingProfit" : 171.87,
    "netProfitMargin" : 15.34,
    "netProfit" : 130.91
  }, {
    "date" : "2023-03-31",
    "sales" : 1292.23,
    "salesGrowthYoY" : 4.88,
    "grossProfitMargin" : 31.81,
    "grossProfit" : 411.06,
    "operatingProfitMargin" : 21.43,
    "operatingProfit" : 276.92,
    "netProfitMargin" : 16.32,
    "netProfit" : 210.89
  }, {
    "date" : "2023-06-30",
    "sales" : 486.75,
    "salesGrowthYoY" : -16.10,
    "grossProfitMargin" : 3.53,
    "grossProfit" : 17.18,
    "operatingProfitMargin" : -16.52,
    "operatingProfit" : -80.41,
    "netProfitMargin" : -11.28,
    "netProfit" : -54.91
  }, {
    "date" : "2023-09-30",
    "sales" : 431.15,
    "salesGrowthYoY" : -26.55,
    "grossProfitMargin" : 23.63,
    "grossProfit" : 101.88,
    "operatingProfitMargin" : -2.42,
    "operatingProfit" : -10.43,
    "netProfitMargin" : -6.43,
    "netProfit" : -27.72
  }, {
    "date" : "2023-12-31",
    "sales" : 497.72,
    "salesGrowthYoY" : -41.68,
    "grossProfitMargin" : 24.10,
    "grossProfit" : 119.95,
    "operatingProfitMargin" : 6.78,
    "operatingProfit" : 33.75,
    "netProfitMargin" : 7.39,
    "netProfit" : 36.78
  }, {
    "date" : "2024-03-31",
    "sales" : 1187.05,
    "salesGrowthYoY" : -8.14,
    "grossProfitMargin" : 34.61,
    "grossProfit" : 410.84,
    "operatingProfitMargin" : 19.67,
    "operatingProfit" : 233.49,
    "netProfitMargin" : 15.38,
    "netProfit" : 182.57
  }, {
    "date" : "2024-06-30",
    "sales" : 657.44,
    "salesGrowthYoY" : 35.07,
    "grossProfitMargin" : 31.43,
    "grossProfit" : 206.63,
    "operatingProfitMargin" : 11.09,
    "operatingProfit" : 72.91,
    "netProfitMargin" : 2.70,
    "netProfit" : 17.75
  }, {
    "date" : "2024-09-30",
    "sales" : 589.58,
    "salesGrowthYoY" : 36.75,
    "grossProfitMargin" : 27.28,
    "grossProfit" : 160.84,
    "operatingProfitMargin" : 10.43,
    "operatingProfit" : 61.49,
    "netProfitMargin" : 0.68,
    "netProfit" : 4.01
  }, {
    "date" : "2024-12-31",
    "sales" : 799.69,
    "salesGrowthYoY" : 60.67,
    "grossProfitMargin" : 30.71,
    "grossProfit" : 245.58,
    "operatingProfitMargin" : 9.25,
    "operatingProfit" : 73.97,
    "netProfitMargin" : 8.61,
    "netProfit" : 68.85
  }, {
    "date" : "2025-03-31",
    "sales" : 1614.39,
    "salesGrowthYoY" : 36.00,
    "grossProfitMargin" : 28.39,
    "grossProfit" : 458.33,
    "operatingProfitMargin" : 14.57,
    "operatingProfit" : 235.22,
    "netProfitMargin" : 11.34,
    "netProfit" : 183.07
  }, {
    "date" : "2025-06-30",
    "sales" : 824.92,
    "salesGrowthYoY" : 25.47,
    "grossProfitMargin" : 36.64,
    "grossProfit" : 302.25,
    "operatingProfitMargin" : 22.58,
    "operatingProfit" : 186.27,
    "netProfitMargin" : 13.77,
    "netProfit" : 113.59
  }, {
    "date" : "2025-09-30",
    "sales" : 813.76,
    "salesGrowthYoY" : 38.02,
    "grossProfitMargin" : 31.37,
    "grossProfit" : 255.28,
    "operatingProfitMargin" : 10.37,
    "operatingProfit" : 84.39,
    "netProfitMargin" : 5.42,
    "netProfit" : 44.11
  }, {
    "date" : "2025-12-31",
    "sales" : 1121.06,
    "salesGrowthYoY" : 40.19,
    "grossProfitMargin" : 34.93,
    "grossProfit" : 391.59,
    "operatingProfitMargin" : 19.00,
    "operatingProfit" : 213.00,
    "netProfitMargin" : 14.92,
    "netProfit" : 167.26
  } ],
  "latestQuarterlyResult" : {
    "date" : "2025-12-31",
    "sales" : 1121.06,
    "salesGrowthYoY" : 40.19,
    "grossProfitMargin" : 34.93,
    "grossProfit" : 391.59,
    "operatingProfitMargin" : 19.00,
    "operatingProfit" : 213.00,
    "netProfitMargin" : 14.92,
    "netProfit" : 167.26
  },
  "companyScore" : {
    "priceHigherThanDma50" : 5.00,
    "priceHigherThanDma100" : 5.00,
    "priceHigherThanDma200" : 5.00,
    "dma50HigherThanDma100" : 5.00,
    "dma50HigherThanDma200" : 5.00,
    "dma100HigherThanDma200" : 5.00,
    "pricePercentageAboveDma50" : 3.67,
    "pricePercentageAboveDma100" : 2.95,
    "pricePercentageAboveDma200" : 2.71,
    "weeklyVolumeHigherThanYearlyVolume" : 5.00,
    "salesGrowthPercentile" : 16.17,
    "operatingProfitMarginPercentile" : 14.82,
    "netProfitMarginPercentile" : 7.86,
    "totalTechnicalScore" : 44.33,
    "totalFundamentalScore" : 38.85,
    "totalScore" : 83.18
  }
}