{
  "metadata" : {
    "screenerCompanyId" : "413316",
    "companyCode" : "SHARDAMOTR",
    "companyName" : "Sharda Motor",
    "screenerCompanyLink" : "https://www.screener.in/company/SHARDAMOTR/",
    "screenerTechnicalHistoryLink" : "https://www.screener.in/api/company/413316/chart/?q=Price-DMA50-DMA200-Volume&days=365",
    "screenerQuarterlyResultsLink" : "https://www.screener.in/api/company/413316/chart/?q=GPM-OPM-NPM-Quarter+Sales&days=10000",
    "attributes" : {
      "companyCode" : "SHARDAMOTR",
      "companyName" : "Sharda Motor",
      "marketCap" : 5468.00,
      "peRatio" : 16.90,
      "description" : "Sharda Motor Industries Ltd is primarily engaged in the manufacturing and assembly of Auto Components and White Goods Components.[1]"
    },
    "companyScore" : {
      "priceHigherThanDma50" : 5.00,
      "priceHigherThanDma100" : 0.00,
      "priceHigherThanDma200" : 0.00,
      "dma50HigherThanDma100" : 0.00,
      "dma50HigherThanDma200" : 0.00,
      "dma100HigherThanDma200" : 5.00,
      "pricePercentageAboveDma50" : 4.81,
      "pricePercentageAboveDma100" : 5.13,
      "pricePercentageAboveDma200" : 5.05,
      "weeklyVolumeHigherThanYearlyVolume" : 0.00,
      "salesGrowthPercentile" : 17.05,
      "operatingProfitMarginPercentile" : 17.63,
      "netProfitMarginPercentile" : 8.73,
      "totalTechnicalScore" : 25.00,
      "totalFundamentalScore" : 43.41,
      "totalScore" : 68.40
    }
  },
  "attributes" : {
    "companyCode" : "SHARDAMOTR",
    "companyName" : "Sharda Motor",
    "marketCap" : 5468.00,
    "peRatio" : 16.90,
    "description" : "Sharda Motor Industries Ltd is primarily engaged in the manufacturing and assembly of Auto Components and White Goods Components.[1]"
  },
  "technicalHistory" : [ {
    "date" : "2025-02-13",
    "price" : 834.90,
    "dma50" : 921.53,
    "dma100" : null,
    "dma200" : 963.46,
    "volume" : 24934.00
  }, {
    "date" : "2025-02-14",
    "price" : 800.95,
    "dma50" : 916.80,
    "dma100" : null,
    "dma200" : 961.84,
    "volume" : 25246.00
  }, {
    "date" : "2025-02-17",
    "price" : 788.90,
    "dma50" : 911.79,
    "dma100" : null,
    "dma200" : 960.12,
    "volume" : 54154.00
  }, {
    "date" : "2025-02-18",
    "price" : 776.13,
    "dma50" : 906.47,
    "dma100" : null,
    "dma200" : 958.29,
    "volume" : 29402.00
  }, {
    "date" : "2025-02-19",
    "price" : 784.58,
    "dma50" : 901.69,
    "dma100" : null,
    "dma200" : 956.56,
    "volume" : 50558.00
  }, {
    "date" : "2025-02-20",
    "price" : 830.45,
    "dma50" : 898.89,
    "dma100" : null,
    "dma200" : 955.31,
    "volume" : 26754.00
  }, {
    "date" : "2025-02-21",
    "price" : 814.60,
    "dma50" : 895.59,
    "dma100" : null,
    "dma200" : 953.91,
    "volume" : 37240.00
  }, {
    "date" : "2025-02-24",
    "price" : 810.43,
    "dma50" : 892.25,
    "dma100" : null,
    "dma200" : 952.48,
    "volume" : 19402.00
  }, {
    "date" : "2025-02-25",
    "price" : 820.53,
    "dma50" : 889.44,
    "dma100" : null,
    "dma200" : 951.17,
    "volume" : 40268.00
  }, {
    "date" : "2025-02-27",
    "price" : 812.08,
    "dma50" : 886.40,
    "dma100" : null,
    "dma200" : 949.78,
    "volume" : 22168.00
  }, {
    "date" : "2025-02-28",
    "price" : 785.73,
    "dma50" : 882.45,
    "dma100" : null,
    "dma200" : 948.15,
    "volume" : 32422.00
  }, {
    "date" : "2025-03-03",
    "price" : 781.28,
    "dma50" : 878.49,
    "dma100" : null,
    "dma200" : 946.49,
    "volume" : 48464.00
  }, {
    "date" : "2025-03-04",
    "price" : 786.00,
    "dma50" : 874.86,
    "dma100" : null,
    "dma200" : 944.89,
    "volume" : 38518.00
  }, {
    "date" : "2025-03-05",
    "price" : 781.05,
    "dma50" : 871.18,
    "dma100" : null,
    "dma200" : 943.26,
    "volume" : 66000.00
  }, {
    "date" : "2025-03-06",
    "price" : 777.35,
    "dma50" : 867.50,
    "dma100" : null,
    "dma200" : 941.61,
    "volume" : 102230.00
  }, {
    "date" : "2025-03-07",
    "price" : 777.28,
    "dma50" : 863.96,
    "dma100" : null,
    "dma200" : 939.98,
    "volume" : 60038.00
  }, {
    "date" : "2025-03-10",
    "price" : 743.10,
    "dma50" : 859.22,
    "dma100" : null,
    "dma200" : 938.02,
    "volume" : 64546.00
  }, {
    "date" : "2025-03-11",
    "price" : 723.40,
    "dma50" : 853.90,
    "dma100" : null,
    "dma200" : 935.88,
    "volume" : 41256.00
  }, {
    "date" : "2025-03-12",
    "price" : 710.98,
    "dma50" : 848.29,
    "dma100" : null,
    "dma200" : 933.64,
    "volume" : 52110.00
  }, {
    "date" : "2025-03-13",
    "price" : 731.53,
    "dma50" : 843.71,
    "dma100" : null,
    "dma200" : 931.63,
    "volume" : 103616.00
  }, {
    "date" : "2025-03-17",
    "price" : 734.40,
    "dma50" : 839.43,
    "dma100" : null,
    "dma200" : 929.67,
    "volume" : 61244.00
  }, {
    "date" : "2025-03-18",
    "price" : 748.68,
    "dma50" : 835.87,
    "dma100" : null,
    "dma200" : 927.87,
    "volume" : 41656.00
  }, {
    "date" : "2025-03-19",
    "price" : 744.30,
    "dma50" : 832.28,
    "dma100" : null,
    "dma200" : 926.04,
    "volume" : 46850.00
  }, {
    "date" : "2025-03-20",
    "price" : 746.70,
    "dma50" : 828.92,
    "dma100" : null,
    "dma200" : 924.26,
    "volume" : 66272.00
  }, {
    "date" : "2025-03-21",
    "price" : 749.85,
    "dma50" : 825.82,
    "dma100" : null,
    "dma200" : 922.52,
    "volume" : 74642.00
  }, {
    "date" : "2025-03-24",
    "price" : 899.80,
    "dma50" : 828.72,
    "dma100" : null,
    "dma200" : 922.30,
    "volume" : 458018.00
  }, {
    "date" : "2025-03-25",
    "price" : 867.58,
    "dma50" : 830.25,
    "dma100" : null,
    "dma200" : 921.75,
    "volume" : 940311.00
  }, {
    "date" : "2025-03-26",
    "price" : 807.68,
    "dma50" : 829.36,
    "dma100" : null,
    "dma200" : 920.62,
    "volume" : 257051.00
  }, {
    "date" : "2025-03-27",
    "price" : 790.15,
    "dma50" : 827.82,
    "dma100" : null,
    "dma200" : 919.32,
    "volume" : 444488.00
  }, {
    "date" : "2025-03-28",
    "price" : 790.60,
    "dma50" : 826.36,
    "dma100" : null,
    "dma200" : 918.04,
    "volume" : 231610.00
  }, {
    "date" : "2025-04-01",
    "price" : 794.75,
    "dma50" : 825.12,
    "dma100" : null,
    "dma200" : 916.81,
    "volume" : 98324.00
  }, {
    "date" : "2025-04-02",
    "price" : 792.53,
    "dma50" : 823.85,
    "dma100" : null,
    "dma200" : 915.58,
    "volume" : 102960.00
  }, {
    "date" : "2025-04-03",
    "price" : 784.23,
    "dma50" : 822.29,
    "dma100" : null,
    "dma200" : 914.27,
    "volume" : 77898.00
  }, {
    "date" : "2025-04-04",
    "price" : 735.55,
    "dma50" : 818.89,
    "dma100" : null,
    "dma200" : 912.49,
    "volume" : 190160.00
  }, {
    "date" : "2025-04-07",
    "price" : 728.13,
    "dma50" : 815.33,
    "dma100" : null,
    "dma200" : 910.66,
    "volume" : 152932.00
  }, {
    "date" : "2025-04-08",
    "price" : 744.43,
    "dma50" : 812.55,
    "dma100" : null,
    "dma200" : 909.00,
    "volume" : 62238.00
  }, {
    "date" : "2025-04-09",
    "price" : 734.95,
    "dma50" : 809.51,
    "dma100" : null,
    "dma200" : 907.27,
    "volume" : 48252.00
  }, {
    "date" : "2025-04-11",
    "price" : 750.30,
    "dma50" : 807.19,
    "dma100" : null,
    "dma200" : 905.71,
    "volume" : 61328.00
  }, {
    "date" : "2025-04-15",
    "price" : 770.00,
    "dma50" : 805.73,
    "dma100" : null,
    "dma200" : 904.36,
    "volume" : 59872.00
  }, {
    "date" : "2025-04-16",
    "price" : 769.65,
    "dma50" : 804.31,
    "dma100" : null,
    "dma200" : 903.02,
    "volume" : 79400.00
  }, {
    "date" : "2025-04-17",
    "price" : 766.85,
    "dma50" : 802.84,
    "dma100" : null,
    "dma200" : 901.66,
    "volume" : 51462.00
  }, {
    "date" : "2025-04-21",
    "price" : 784.30,
    "dma50" : 802.12,
    "dma100" : null,
    "dma200" : 900.49,
    "volume" : 92954.00
  }, {
    "date" : "2025-04-22",
    "price" : 809.85,
    "dma50" : 802.42,
    "dma100" : null,
    "dma200" : 899.59,
    "volume" : 115974.00
  }, {
    "date" : "2025-04-23",
    "price" : 839.45,
    "dma50" : 803.87,
    "dma100" : null,
    "dma200" : 898.99,
    "volume" : 158380.00
  }, {
    "date" : "2025-04-24",
    "price" : 843.20,
    "dma50" : 805.41,
    "dma100" : null,
    "dma200" : 898.44,
    "volume" : 44960.00
  }, {
    "date" : "2025-04-25",
    "price" : 839.95,
    "dma50" : 806.77,
    "dma100" : null,
    "dma200" : 897.86,
    "volume" : 124658.00
  }, {
    "date" : "2025-04-28",
    "price" : 840.90,
    "dma50" : 808.11,
    "dma100" : null,
    "dma200" : 897.29,
    "volume" : 88924.00
  }, {
    "date" : "2025-04-29",
    "price" : 848.25,
    "dma50" : 809.68,
    "dma100" : null,
    "dma200" : 896.80,
    "volume" : 55426.00
  }, {
    "date" : "2025-04-30",
    "price" : 850.00,
    "dma50" : 811.26,
    "dma100" : null,
    "dma200" : 896.34,
    "volume" : 93258.00
  }, {
    "date" : "2025-05-02",
    "price" : 805.75,
    "dma50" : 811.05,
    "dma100" : null,
    "dma200" : 895.44,
    "volume" : 90442.00
  }, {
    "date" : "2025-05-05",
    "price" : 812.90,
    "dma50" : 811.12,
    "dma100" : null,
    "dma200" : 894.61,
    "volume" : 34374.00
  }, {
    "date" : "2025-05-06",
    "price" : 781.05,
    "dma50" : 809.94,
    "dma100" : null,
    "dma200" : 893.48,
    "volume" : 42710.00
  }, {
    "date" : "2025-05-07",
    "price" : 788.20,
    "dma50" : 809.09,
    "dma100" : null,
    "dma200" : 892.44,
    "volume" : 35008.00
  }, {
    "date" : "2025-05-08",
    "price" : 799.60,
    "dma50" : 808.71,
    "dma100" : null,
    "dma200" : 891.51,
    "volume" : 34790.00
  }, {
    "date" : "2025-05-09",
    "price" : 800.10,
    "dma50" : 808.38,
    "dma100" : null,
    "dma200" : 890.60,
    "volume" : 41764.00
  }, {
    "date" : "2025-05-12",
    "price" : 834.45,
    "dma50" : 809.40,
    "dma100" : null,
    "dma200" : 890.04,
    "volume" : 62446.00
  }, {
    "date" : "2025-05-13",
    "price" : 841.50,
    "dma50" : 810.66,
    "dma100" : null,
    "dma200" : 889.56,
    "volume" : 29080.00
  }, {
    "date" : "2025-05-14",
    "price" : 870.10,
    "dma50" : 812.99,
    "dma100" : null,
    "dma200" : 889.37,
    "volume" : 68924.00
  }, {
    "date" : "2025-05-15",
    "price" : 868.55,
    "dma50" : 815.17,
    "dma100" : null,
    "dma200" : 889.16,
    "volume" : 61250.00
  }, {
    "date" : "2025-05-16",
    "price" : 863.70,
    "dma50" : 817.07,
    "dma100" : null,
    "dma200" : 888.91,
    "volume" : 50238.00
  }, {
    "date" : "2025-05-19",
    "price" : 914.20,
    "dma50" : 820.88,
    "dma100" : null,
    "dma200" : 889.16,
    "volume" : 344146.00
  }, {
    "date" : "2025-05-20",
    "price" : 897.60,
    "dma50" : 823.89,
    "dma100" : null,
    "dma200" : 889.24,
    "volume" : 86962.00
  }, {
    "date" : "2025-05-21",
    "price" : 956.45,
    "dma50" : 829.09,
    "dma100" : null,
    "dma200" : 889.91,
    "volume" : 174842.00
  }, {
    "date" : "2025-05-22",
    "price" : 978.45,
    "dma50" : 834.94,
    "dma100" : null,
    "dma200" : 890.79,
    "volume" : 157024.00
  }, {
    "date" : "2025-05-23",
    "price" : 982.00,
    "dma50" : 840.71,
    "dma100" : null,
    "dma200" : 891.70,
    "volume" : 83208.00
  }, {
    "date" : "2025-05-26",
    "price" : 954.55,
    "dma50" : 845.18,
    "dma100" : null,
    "dma200" : 892.33,
    "volume" : 142042.00
  }, {
    "date" : "2025-05-27",
    "price" : 960.00,
    "dma50" : 849.68,
    "dma100" : null,
    "dma200" : 893.00,
    "volume" : 57790.00
  }, {
    "date" : "2025-05-28",
    "price" : 942.90,
    "dma50" : 853.33,
    "dma100" : null,
    "dma200" : 893.50,
    "volume" : 71300.00
  }, {
    "date" : "2025-05-29",
    "price" : 960.10,
    "dma50" : 857.52,
    "dma100" : null,
    "dma200" : 894.16,
    "volume" : 46066.00
  }, {
    "date" : "2025-05-30",
    "price" : 951.70,
    "dma50" : 861.21,
    "dma100" : null,
    "dma200" : 894.73,
    "volume" : 48932.00
  }, {
    "date" : "2025-06-02",
    "price" : 956.80,
    "dma50" : 864.96,
    "dma100" : null,
    "dma200" : 895.35,
    "volume" : 73862.00
  }, {
    "date" : "2025-06-03",
    "price" : 950.35,
    "dma50" : 868.31,
    "dma100" : null,
    "dma200" : 895.90,
    "volume" : 37060.00
  }, {
    "date" : "2025-06-04",
    "price" : 950.35,
    "dma50" : 871.53,
    "dma100" : null,
    "dma200" : 896.44,
    "volume" : 73312.00
  }, {
    "date" : "2025-06-05",
    "price" : 952.40,
    "dma50" : 874.70,
    "dma100" : null,
    "dma200" : 896.99,
    "volume" : 62592.00
  }, {
    "date" : "2025-06-06",
    "price" : 963.50,
    "dma50" : 878.18,
    "dma100" : null,
    "dma200" : 897.66,
    "volume" : 58548.00
  }, {
    "date" : "2025-06-09",
    "price" : 979.40,
    "dma50" : 882.15,
    "dma100" : null,
    "dma200" : 898.47,
    "volume" : 185262.00
  }, {
    "date" : "2025-06-10",
    "price" : 971.80,
    "dma50" : 885.67,
    "dma100" : null,
    "dma200" : 899.20,
    "volume" : 108396.00
  }, {
    "date" : "2025-06-11",
    "price" : 984.75,
    "dma50" : 889.55,
    "dma100" : null,
    "dma200" : 900.05,
    "volume" : 88956.00
  }, {
    "date" : "2025-06-12",
    "price" : 973.80,
    "dma50" : 892.86,
    "dma100" : null,
    "dma200" : 900.78,
    "volume" : 116400.00
  }, {
    "date" : "2025-06-13",
    "price" : 958.60,
    "dma50" : 895.44,
    "dma100" : null,
    "dma200" : 901.36,
    "volume" : 73444.00
  }, {
    "date" : "2025-06-16",
    "price" : 940.15,
    "dma50" : 897.19,
    "dma100" : null,
    "dma200" : 901.75,
    "volume" : 54878.00
  }, {
    "date" : "2025-06-17",
    "price" : 948.95,
    "dma50" : 899.22,
    "dma100" : null,
    "dma200" : 902.22,
    "volume" : 48276.00
  }, {
    "date" : "2025-06-18",
    "price" : 933.60,
    "dma50" : 900.57,
    "dma100" : null,
    "dma200" : 902.53,
    "volume" : 39186.00
  }, {
    "date" : "2025-06-19",
    "price" : 927.95,
    "dma50" : 901.64,
    "dma100" : null,
    "dma200" : 902.78,
    "volume" : 62900.00
  }, {
    "date" : "2025-06-20",
    "price" : 929.60,
    "dma50" : 902.74,
    "dma100" : null,
    "dma200" : 903.05,
    "volume" : 31328.00
  }, {
    "date" : "2025-06-23",
    "price" : 928.20,
    "dma50" : 903.74,
    "dma100" : null,
    "dma200" : 903.30,
    "volume" : 39788.00
  }, {
    "date" : "2025-06-24",
    "price" : 923.30,
    "dma50" : 904.50,
    "dma100" : null,
    "dma200" : 903.50,
    "volume" : 32968.00
  }, {
    "date" : "2025-06-25",
    "price" : 927.70,
    "dma50" : 905.41,
    "dma100" : null,
    "dma200" : 903.74,
    "volume" : 48534.00
  }, {
    "date" : "2025-06-26",
    "price" : 928.00,
    "dma50" : 906.30,
    "dma100" : null,
    "dma200" : 903.98,
    "volume" : 24608.00
  }, {
    "date" : "2025-06-27",
    "price" : 957.15,
    "dma50" : 908.29,
    "dma100" : null,
    "dma200" : 904.51,
    "volume" : 66856.00
  }, {
    "date" : "2025-06-30",
    "price" : 939.80,
    "dma50" : 909.53,
    "dma100" : null,
    "dma200" : 904.86,
    "volume" : 97638.00
  }, {
    "date" : "2025-07-01",
    "price" : 981.50,
    "dma50" : 912.35,
    "dma100" : null,
    "dma200" : 905.62,
    "volume" : 451858.00
  }, {
    "date" : "2025-07-02",
    "price" : 1042.20,
    "dma50" : 917.44,
    "dma100" : null,
    "dma200" : 906.98,
    "volume" : 688604.00
  }, {
    "date" : "2025-07-03",
    "price" : 1045.20,
    "dma50" : 922.45,
    "dma100" : null,
    "dma200" : 908.36,
    "volume" : 408632.00
  }, {
    "date" : "2025-07-04",
    "price" : 1052.70,
    "dma50" : 927.56,
    "dma100" : null,
    "dma200" : 909.79,
    "volume" : 115851.00
  }, {
    "date" : "2025-07-07",
    "price" : 1216.70,
    "dma50" : 938.90,
    "dma100" : null,
    "dma200" : 912.85,
    "volume" : 799057.00
  }, {
    "date" : "2025-07-08",
    "price" : 1129.10,
    "dma50" : 946.36,
    "dma100" : null,
    "dma200" : 915.00,
    "volume" : 392364.00
  }, {
    "date" : "2025-07-09",
    "price" : 1077.20,
    "dma50" : 951.49,
    "dma100" : null,
    "dma200" : 916.61,
    "volume" : 227851.00
  }, {
    "date" : "2025-07-10",
    "price" : 1062.60,
    "dma50" : 955.85,
    "dma100" : null,
    "dma200" : 918.06,
    "volume" : 83829.00
  }, {
    "date" : "2025-07-11",
    "price" : 1056.90,
    "dma50" : 959.81,
    "dma100" : null,
    "dma200" : 919.45,
    "volume" : 70470.00
  }, {
    "date" : "2025-07-14",
    "price" : 1053.40,
    "dma50" : 963.48,
    "dma100" : 869.51,
    "dma200" : 920.78,
    "volume" : 83861.00
  }, {
    "date" : "2025-07-15",
    "price" : 1057.60,
    "dma50" : 967.17,
    "dma100" : 872.08,
    "dma200" : 922.14,
    "volume" : 48610.00
  }, {
    "date" : "2025-07-16",
    "price" : 1083.00,
    "dma50" : 971.71,
    "dma100" : 875.02,
    "dma200" : 923.74,
    "volume" : 119013.00
  }, {
    "date" : "2025-07-17",
    "price" : 1081.70,
    "dma50" : 976.03,
    "dma100" : 878.07,
    "dma200" : 925.31,
    "volume" : 46883.00
  }, {
    "date" : "2025-07-18",
    "price" : 1066.00,
    "dma50" : 979.55,
    "dma100" : 880.89,
    "dma200" : 926.71,
    "volume" : 56086.00
  }, {
    "date" : "2025-07-21",
    "price" : 1087.80,
    "dma50" : 983.80,
    "dma100" : 883.46,
    "dma200" : 928.32,
    "volume" : 77027.00
  }, {
    "date" : "2025-07-22",
    "price" : 1190.60,
    "dma50" : 991.91,
    "dma100" : 887.22,
    "dma200" : 930.92,
    "volume" : 1381032.00
  }, {
    "date" : "2025-07-23",
    "price" : 1153.80,
    "dma50" : 998.26,
    "dma100" : 890.65,
    "dma200" : 933.14,
    "volume" : 128258.00
  }, {
    "date" : "2025-07-24",
    "price" : 1099.50,
    "dma50" : 1002.23,
    "dma100" : 893.44,
    "dma200" : 934.80,
    "volume" : 134844.00
  }, {
    "date" : "2025-07-25",
    "price" : 1064.90,
    "dma50" : 1004.69,
    "dma100" : 895.97,
    "dma200" : 936.09,
    "volume" : 118518.00
  }, {
    "date" : "2025-07-28",
    "price" : 1033.30,
    "dma50" : 1005.81,
    "dma100" : 898.45,
    "dma200" : 937.06,
    "volume" : 118537.00
  }, {
    "date" : "2025-07-29",
    "price" : 1040.30,
    "dma50" : 1007.16,
    "dma100" : 901.04,
    "dma200" : 938.09,
    "volume" : 102133.00
  }, {
    "date" : "2025-07-30",
    "price" : 1055.80,
    "dma50" : 1009.07,
    "dma100" : 903.74,
    "dma200" : 939.26,
    "volume" : 47736.00
  }, {
    "date" : "2025-07-31",
    "price" : 1051.20,
    "dma50" : 1010.72,
    "dma100" : 906.44,
    "dma200" : 940.37,
    "volume" : 45097.00
  }, {
    "date" : "2025-08-01",
    "price" : 1050.00,
    "dma50" : 1012.26,
    "dma100" : 909.16,
    "dma200" : 941.46,
    "volume" : 35239.00
  }, {
    "date" : "2025-08-04",
    "price" : 1046.70,
    "dma50" : 1013.61,
    "dma100" : 911.86,
    "dma200" : 942.51,
    "volume" : 57726.00
  }, {
    "date" : "2025-08-05",
    "price" : 1064.20,
    "dma50" : 1015.60,
    "dma100" : 915.07,
    "dma200" : 943.72,
    "volume" : 68952.00
  }, {
    "date" : "2025-08-06",
    "price" : 1037.40,
    "dma50" : 1016.45,
    "dma100" : 918.21,
    "dma200" : 944.65,
    "volume" : 42080.00
  }, {
    "date" : "2025-08-07",
    "price" : 1038.80,
    "dma50" : 1017.33,
    "dma100" : 921.49,
    "dma200" : 945.59,
    "volume" : 60385.00
  }, {
    "date" : "2025-08-08",
    "price" : 1041.50,
    "dma50" : 1018.27,
    "dma100" : 924.59,
    "dma200" : 946.54,
    "volume" : 56315.00
  }, {
    "date" : "2025-08-11",
    "price" : 1042.70,
    "dma50" : 1019.23,
    "dma100" : 927.67,
    "dma200" : 947.50,
    "volume" : 69371.00
  }, {
    "date" : "2025-08-12",
    "price" : 1040.60,
    "dma50" : 1020.07,
    "dma100" : 930.59,
    "dma200" : 948.43,
    "volume" : 27102.00
  }, {
    "date" : "2025-08-13",
    "price" : 1024.70,
    "dma50" : 1020.25,
    "dma100" : 933.39,
    "dma200" : 949.19,
    "volume" : 53520.00
  }, {
    "date" : "2025-08-14",
    "price" : 1018.80,
    "dma50" : 1020.20,
    "dma100" : 936.11,
    "dma200" : 949.88,
    "volume" : 38674.00
  }, {
    "date" : "2025-08-18",
    "price" : 1039.10,
    "dma50" : 1020.94,
    "dma100" : 939.01,
    "dma200" : 950.77,
    "volume" : 50015.00
  }, {
    "date" : "2025-08-19",
    "price" : 1070.00,
    "dma50" : 1022.86,
    "dma100" : 940.71,
    "dma200" : 951.95,
    "volume" : 67558.00
  }, {
    "date" : "2025-08-20",
    "price" : 1066.50,
    "dma50" : 1024.57,
    "dma100" : 942.70,
    "dma200" : 953.09,
    "volume" : 84734.00
  }, {
    "date" : "2025-08-21",
    "price" : 1081.30,
    "dma50" : 1026.80,
    "dma100" : 945.43,
    "dma200" : 954.37,
    "volume" : 55415.00
  }, {
    "date" : "2025-08-22",
    "price" : 1057.70,
    "dma50" : 1028.01,
    "dma100" : 948.11,
    "dma200" : 955.40,
    "volume" : 31709.00
  }, {
    "date" : "2025-08-25",
    "price" : 1053.50,
    "dma50" : 1029.01,
    "dma100" : 950.74,
    "dma200" : 956.37,
    "volume" : 27719.00
  }, {
    "date" : "2025-08-26",
    "price" : 1031.40,
    "dma50" : 1029.10,
    "dma100" : 953.10,
    "dma200" : 957.12,
    "volume" : 30834.00
  }, {
    "date" : "2025-08-28",
    "price" : 1035.20,
    "dma50" : 1029.34,
    "dma100" : 955.53,
    "dma200" : 957.90,
    "volume" : 50920.00
  }, {
    "date" : "2025-08-29",
    "price" : 1021.10,
    "dma50" : 1029.02,
    "dma100" : 957.90,
    "dma200" : 958.53,
    "volume" : 30472.00
  }, {
    "date" : "2025-09-01",
    "price" : 1044.90,
    "dma50" : 1029.64,
    "dma100" : 960.99,
    "dma200" : 959.38,
    "volume" : 22558.00
  }, {
    "date" : "2025-09-02",
    "price" : 1050.60,
    "dma50" : 1030.46,
    "dma100" : 964.22,
    "dma200" : 960.29,
    "volume" : 89600.00
  }, {
    "date" : "2025-09-03",
    "price" : 1070.70,
    "dma50" : 1032.04,
    "dma100" : 967.48,
    "dma200" : 961.39,
    "volume" : 80240.00
  }, {
    "date" : "2025-09-04",
    "price" : 1058.40,
    "dma50" : 1033.07,
    "dma100" : 970.72,
    "dma200" : 962.36,
    "volume" : 66590.00
  }, {
    "date" : "2025-09-05",
    "price" : 1057.50,
    "dma50" : 1034.03,
    "dma100" : 973.79,
    "dma200" : 963.30,
    "volume" : 27857.00
  }, {
    "date" : "2025-09-08",
    "price" : 1063.70,
    "dma50" : 1035.20,
    "dma100" : 976.72,
    "dma200" : 964.30,
    "volume" : 28918.00
  }, {
    "date" : "2025-09-09",
    "price" : 1058.00,
    "dma50" : 1036.09,
    "dma100" : 979.61,
    "dma200" : 965.23,
    "volume" : 14907.00
  }, {
    "date" : "2025-09-10",
    "price" : 1054.10,
    "dma50" : 1036.80,
    "dma100" : 982.48,
    "dma200" : 966.12,
    "volume" : 38858.00
  }, {
    "date" : "2025-09-11",
    "price" : 1047.30,
    "dma50" : 1037.21,
    "dma100" : 985.11,
    "dma200" : 966.93,
    "volume" : 34492.00
  }, {
    "date" : "2025-09-12",
    "price" : 1041.00,
    "dma50" : 1037.36,
    "dma100" : 987.42,
    "dma200" : 967.66,
    "volume" : 29770.00
  }, {
    "date" : "2025-09-15",
    "price" : 1053.40,
    "dma50" : 1037.99,
    "dma100" : 989.56,
    "dma200" : 968.52,
    "volume" : 82895.00
  }, {
    "date" : "2025-09-16",
    "price" : 1072.40,
    "dma50" : 1039.34,
    "dma100" : 991.85,
    "dma200" : 969.55,
    "volume" : 46972.00
  }, {
    "date" : "2025-09-17",
    "price" : 1060.70,
    "dma50" : 1040.17,
    "dma100" : 994.06,
    "dma200" : 970.46,
    "volume" : 36850.00
  }, {
    "date" : "2025-09-18",
    "price" : 1057.40,
    "dma50" : 1040.85,
    "dma100" : 996.23,
    "dma200" : 971.32,
    "volume" : 49333.00
  }, {
    "date" : "2025-09-19",
    "price" : 1070.80,
    "dma50" : 1042.02,
    "dma100" : 998.45,
    "dma200" : 972.31,
    "volume" : 42835.00
  }, {
    "date" : "2025-09-22",
    "price" : 1086.80,
    "dma50" : 1043.78,
    "dma100" : 1000.82,
    "dma200" : 973.45,
    "volume" : 243854.00
  }, {
    "date" : "2025-09-23",
    "price" : 1133.80,
    "dma50" : 1047.31,
    "dma100" : 1004.10,
    "dma200" : 975.05,
    "volume" : 216514.00
  }, {
    "date" : "2025-09-24",
    "price" : 1124.90,
    "dma50" : 1050.35,
    "dma100" : 1007.22,
    "dma200" : 976.54,
    "volume" : 110028.00
  }, {
    "date" : "2025-09-25",
    "price" : 1091.40,
    "dma50" : 1051.96,
    "dma100" : 1010.32,
    "dma200" : 977.68,
    "volume" : 61835.00
  }, {
    "date" : "2025-09-26",
    "price" : 1046.30,
    "dma50" : 1051.74,
    "dma100" : 1012.90,
    "dma200" : 978.36,
    "volume" : 74614.00
  }, {
    "date" : "2025-09-29",
    "price" : 1067.70,
    "dma50" : 1052.37,
    "dma100" : 1015.58,
    "dma200" : 979.25,
    "volume" : 252920.00
  }, {
    "date" : "2025-09-30",
    "price" : 1046.00,
    "dma50" : 1052.12,
    "dma100" : 1018.04,
    "dma200" : 979.92,
    "volume" : 48120.00
  }, {
    "date" : "2025-10-01",
    "price" : 1057.50,
    "dma50" : 1052.33,
    "dma100" : 1020.27,
    "dma200" : 980.69,
    "volume" : 51712.00
  }, {
    "date" : "2025-10-03",
    "price" : 1086.50,
    "dma50" : 1053.67,
    "dma100" : 1022.72,
    "dma200" : 981.74,
    "volume" : 54572.00
  }, {
    "date" : "2025-10-06",
    "price" : 1089.30,
    "dma50" : 1055.06,
    "dma100" : 1024.92,
    "dma200" : 982.81,
    "volume" : 50188.00
  }, {
    "date" : "2025-10-07",
    "price" : 1075.90,
    "dma50" : 1055.88,
    "dma100" : 1026.99,
    "dma200" : 983.74,
    "volume" : 58337.00
  }, {
    "date" : "2025-10-08",
    "price" : 1066.40,
    "dma50" : 1056.29,
    "dma100" : 1029.02,
    "dma200" : 984.56,
    "volume" : 22631.00
  }, {
    "date" : "2025-10-09",
    "price" : 1043.30,
    "dma50" : 1055.78,
    "dma100" : 1030.31,
    "dma200" : 985.14,
    "volume" : 53526.00
  }, {
    "date" : "2025-10-10",
    "price" : 1056.00,
    "dma50" : 1055.79,
    "dma100" : 1031.89,
    "dma200" : 985.85,
    "volume" : 20379.00
  }, {
    "date" : "2025-10-13",
    "price" : 1047.50,
    "dma50" : 1055.47,
    "dma100" : 1032.80,
    "dma200" : 986.46,
    "volume" : 38905.00
  }, {
    "date" : "2025-10-14",
    "price" : 1015.50,
    "dma50" : 1053.90,
    "dma100" : 1033.17,
    "dma200" : 986.75,
    "volume" : 49123.00
  }, {
    "date" : "2025-10-15",
    "price" : 1061.40,
    "dma50" : 1054.19,
    "dma100" : 1033.97,
    "dma200" : 987.49,
    "volume" : 70432.00
  }, {
    "date" : "2025-10-16",
    "price" : 1055.00,
    "dma50" : 1054.23,
    "dma100" : 1034.97,
    "dma200" : 988.17,
    "volume" : 33265.00
  }, {
    "date" : "2025-10-17",
    "price" : 1052.30,
    "dma50" : 1054.15,
    "dma100" : 1035.89,
    "dma200" : 988.80,
    "volume" : 24559.00
  }, {
    "date" : "2025-10-20",
    "price" : 1061.00,
    "dma50" : 1054.42,
    "dma100" : 1037.08,
    "dma200" : 989.52,
    "volume" : 23847.00
  }, {
    "date" : "2025-10-21",
    "price" : 1075.70,
    "dma50" : 1055.25,
    "dma100" : 1038.23,
    "dma200" : 990.38,
    "volume" : 17292.00
  }, {
    "date" : "2025-10-23",
    "price" : 1061.90,
    "dma50" : 1055.51,
    "dma100" : 1039.33,
    "dma200" : 991.09,
    "volume" : 28864.00
  }, {
    "date" : "2025-10-24",
    "price" : 1052.50,
    "dma50" : 1055.40,
    "dma100" : 1040.29,
    "dma200" : 991.70,
    "volume" : 29907.00
  }, {
    "date" : "2025-10-27",
    "price" : 1048.80,
    "dma50" : 1055.14,
    "dma100" : 1041.27,
    "dma200" : 992.27,
    "volume" : 32342.00
  }, {
    "date" : "2025-10-28",
    "price" : 1039.00,
    "dma50" : 1054.50,
    "dma100" : 1042.16,
    "dma200" : 992.74,
    "volume" : 29854.00
  }, {
    "date" : "2025-10-29",
    "price" : 1040.60,
    "dma50" : 1053.96,
    "dma100" : 1043.04,
    "dma200" : 993.21,
    "volume" : 46169.00
  }, {
    "date" : "2025-10-30",
    "price" : 1035.30,
    "dma50" : 1053.23,
    "dma100" : 1043.76,
    "dma200" : 993.63,
    "volume" : 20188.00
  }, {
    "date" : "2025-10-31",
    "price" : 1034.00,
    "dma50" : 1052.47,
    "dma100" : 1044.31,
    "dma200" : 994.03,
    "volume" : 16145.00
  }, {
    "date" : "2025-11-03",
    "price" : 1046.50,
    "dma50" : 1052.24,
    "dma100" : 1045.05,
    "dma200" : 994.56,
    "volume" : 51307.00
  }, {
    "date" : "2025-11-04",
    "price" : 1084.40,
    "dma50" : 1053.50,
    "dma100" : 1046.05,
    "dma200" : 995.45,
    "volume" : 250449.00
  }, {
    "date" : "2025-11-06",
    "price" : 1139.60,
    "dma50" : 1056.88,
    "dma100" : 1047.71,
    "dma200" : 996.88,
    "volume" : 615952.00
  }, {
    "date" : "2025-11-07",
    "price" : 1115.40,
    "dma50" : 1059.17,
    "dma100" : 1049.28,
    "dma200" : 998.06,
    "volume" : 149942.00
  }, {
    "date" : "2025-11-10",
    "price" : 1118.70,
    "dma50" : 1061.51,
    "dma100" : 1051.06,
    "dma200" : 999.26,
    "volume" : 92125.00
  }, {
    "date" : "2025-11-11",
    "price" : 1174.40,
    "dma50" : 1065.93,
    "dma100" : 1053.32,
    "dma200" : 1001.01,
    "volume" : 314214.00
  }, {
    "date" : "2025-11-12",
    "price" : 1054.30,
    "dma50" : 1065.48,
    "dma100" : 1054.52,
    "dma200" : 1001.54,
    "volume" : 863420.00
  }, {
    "date" : "2025-11-13",
    "price" : 1046.60,
    "dma50" : 1064.74,
    "dma100" : 1055.71,
    "dma200" : 1001.98,
    "volume" : 206456.00
  }, {
    "date" : "2025-11-14",
    "price" : 1025.80,
    "dma50" : 1063.21,
    "dma100" : 1056.67,
    "dma200" : 1002.22,
    "volume" : 55383.00
  }, {
    "date" : "2025-11-17",
    "price" : 1018.00,
    "dma50" : 1061.44,
    "dma100" : 1057.57,
    "dma200" : 1002.38,
    "volume" : 54986.00
  }, {
    "date" : "2025-11-18",
    "price" : 980.80,
    "dma50" : 1058.28,
    "dma100" : 1058.15,
    "dma200" : 1002.16,
    "volume" : 95856.00
  }, {
    "date" : "2025-11-19",
    "price" : 969.40,
    "dma50" : 1054.79,
    "dma100" : 1058.56,
    "dma200" : 1001.84,
    "volume" : 43956.00
  }, {
    "date" : "2025-11-20",
    "price" : 952.60,
    "dma50" : 1050.78,
    "dma100" : 1058.81,
    "dma200" : 1001.35,
    "volume" : 68336.00
  }, {
    "date" : "2025-11-21",
    "price" : 922.80,
    "dma50" : 1045.76,
    "dma100" : 1058.46,
    "dma200" : 1000.57,
    "volume" : 47377.00
  }, {
    "date" : "2025-11-24",
    "price" : 913.80,
    "dma50" : 1040.59,
    "dma100" : 1058.20,
    "dma200" : 999.70,
    "volume" : 70548.00
  }, {
    "date" : "2025-11-25",
    "price" : 909.30,
    "dma50" : 1035.44,
    "dma100" : 1057.48,
    "dma200" : 998.80,
    "volume" : 32061.00
  }, {
    "date" : "2025-11-26",
    "price" : 918.60,
    "dma50" : 1030.86,
    "dma100" : 1056.25,
    "dma200" : 998.01,
    "volume" : 20414.00
  }, {
    "date" : "2025-11-27",
    "price" : 925.60,
    "dma50" : 1026.73,
    "dma100" : 1055.05,
    "dma200" : 997.28,
    "volume" : 33479.00
  }, {
    "date" : "2025-11-28",
    "price" : 934.40,
    "dma50" : 1023.11,
    "dma100" : 1053.87,
    "dma200" : 996.66,
    "volume" : 83908.00
  }, {
    "date" : "2025-12-01",
    "price" : 972.60,
    "dma50" : 1021.13,
    "dma100" : 1051.43,
    "dma200" : 996.42,
    "volume" : 184376.00
  }, {
    "date" : "2025-12-02",
    "price" : 975.10,
    "dma50" : 1019.32,
    "dma100" : 1049.89,
    "dma200" : 996.21,
    "volume" : 44172.00
  }, {
    "date" : "2025-12-03",
    "price" : 967.80,
    "dma50" : 1017.30,
    "dma100" : 1048.79,
    "dma200" : 995.92,
    "volume" : 25386.00
  }, {
    "date" : "2025-12-04",
    "price" : 961.30,
    "dma50" : 1015.11,
    "dma100" : 1047.78,
    "dma200" : 995.58,
    "volume" : 21067.00
  }, {
    "date" : "2025-12-05",
    "price" : 973.05,
    "dma50" : 1013.46,
    "dma100" : 1046.94,
    "dma200" : 995.36,
    "volume" : 27871.00
  }, {
    "date" : "2025-12-08",
    "price" : 949.05,
    "dma50" : 1010.93,
    "dma100" : 1045.90,
    "dma200" : 994.90,
    "volume" : 65692.00
  }, {
    "date" : "2025-12-09",
    "price" : 964.85,
    "dma50" : 1009.12,
    "dma100" : 1044.97,
    "dma200" : 994.60,
    "volume" : 25986.00
  }, {
    "date" : "2025-12-10",
    "price" : 961.95,
    "dma50" : 1007.27,
    "dma100" : 1043.76,
    "dma200" : 994.27,
    "volume" : 19361.00
  }, {
    "date" : "2025-12-11",
    "price" : 963.35,
    "dma50" : 1005.55,
    "dma100" : 1042.58,
    "dma200" : 993.96,
    "volume" : 18998.00
  }, {
    "date" : "2025-12-12",
    "price" : 950.20,
    "dma50" : 1003.38,
    "dma100" : 1041.42,
    "dma200" : 993.53,
    "volume" : 30828.00
  }, {
    "date" : "2025-12-15",
    "price" : 950.00,
    "dma50" : 1001.29,
    "dma100" : 1040.04,
    "dma200" : 993.10,
    "volume" : 33374.00
  }, {
    "date" : "2025-12-16",
    "price" : 934.15,
    "dma50" : 998.66,
    "dma100" : 1037.48,
    "dma200" : 992.51,
    "volume" : 39123.00
  }, {
    "date" : "2025-12-17",
    "price" : 940.00,
    "dma50" : 996.35,
    "dma100" : 1035.34,
    "dma200" : 991.99,
    "volume" : 24516.00
  }, {
    "date" : "2025-12-18",
    "price" : 940.70,
    "dma50" : 994.17,
    "dma100" : 1033.75,
    "dma200" : 991.48,
    "volume" : 19618.00
  }, {
    "date" : "2025-12-19",
    "price" : 953.60,
    "dma50" : 992.58,
    "dma100" : 1032.64,
    "dma200" : 991.10,
    "volume" : 16268.00
  }, {
    "date" : "2025-12-22",
    "price" : 970.25,
    "dma50" : 991.71,
    "dma100" : 1032.01,
    "dma200" : 990.89,
    "volume" : 24711.00
  }, {
    "date" : "2025-12-23",
    "price" : 963.60,
    "dma50" : 990.60,
    "dma100" : 1031.24,
    "dma200" : 990.62,
    "volume" : 18268.00
  }, {
    "date" : "2025-12-24",
    "price" : 951.55,
    "dma50" : 989.07,
    "dma100" : 1030.20,
    "dma200" : 990.23,
    "volume" : 21786.00
  }, {
    "date" : "2025-12-26",
    "price" : 939.85,
    "dma50" : 987.14,
    "dma100" : 1029.08,
    "dma200" : 989.73,
    "volume" : 12931.00
  }, {
    "date" : "2025-12-29",
    "price" : 936.10,
    "dma50" : 985.14,
    "dma100" : 1027.94,
    "dma200" : 989.20,
    "volume" : 18352.00
  }, {
    "date" : "2025-12-30",
    "price" : 934.55,
    "dma50" : 983.16,
    "dma100" : 1026.82,
    "dma200" : 988.65,
    "volume" : 22728.00
  }, {
    "date" : "2025-12-31",
    "price" : 940.35,
    "dma50" : 981.48,
    "dma100" : 1025.58,
    "dma200" : 988.17,
    "volume" : 19193.00
  }, {
    "date" : "2026-01-01",
    "price" : 941.40,
    "dma50" : 979.91,
    "dma100" : 1024.62,
    "dma200" : 987.71,
    "volume" : 8197.00
  }, {
    "date" : "2026-01-02",
    "price" : 965.05,
    "dma50" : 979.32,
    "dma100" : 1023.89,
    "dma200" : 987.48,
    "volume" : 47139.00
  }, {
    "date" : "2026-01-05",
    "price" : 975.05,
    "dma50" : 979.16,
    "dma100" : 1023.22,
    "dma200" : 987.36,
    "volume" : 22707.00
  }, {
    "date" : "2026-01-06",
    "price" : 952.75,
    "dma50" : 978.12,
    "dma100" : 1022.32,
    "dma200" : 987.01,
    "volume" : 24932.00
  }, {
    "date" : "2026-01-07",
    "price" : 947.20,
    "dma50" : 976.91,
    "dma100" : 1021.39,
    "dma200" : 986.62,
    "volume" : 20564.00
  }, {
    "date" : "2026-01-08",
    "price" : 927.15,
    "dma50" : 974.96,
    "dma100" : 1020.41,
    "dma200" : 986.03,
    "volume" : 29991.00
  }, {
    "date" : "2026-01-09",
    "price" : 907.70,
    "dma50" : 972.32,
    "dma100" : 1019.30,
    "dma200" : 985.25,
    "volume" : 27015.00
  }, {
    "date" : "2026-01-12",
    "price" : 888.05,
    "dma50" : 969.01,
    "dma100" : 1017.79,
    "dma200" : 984.28,
    "volume" : 34206.00
  }, {
    "date" : "2026-01-13",
    "price" : 869.40,
    "dma50" : 965.11,
    "dma100" : 1015.79,
    "dma200" : 983.14,
    "volume" : 255753.00
  }, {
    "date" : "2026-01-14",
    "price" : 869.20,
    "dma50" : 961.35,
    "dma100" : 1013.81,
    "dma200" : 982.00,
    "volume" : 146449.00
  }, {
    "date" : "2026-01-16",
    "price" : 850.60,
    "dma50" : 957.00,
    "dma100" : 1011.51,
    "dma200" : 980.69,
    "volume" : 37575.00
  }, {
    "date" : "2026-01-19",
    "price" : 840.60,
    "dma50" : 952.44,
    "dma100" : 1009.34,
    "dma200" : 979.30,
    "volume" : 30367.00
  }, {
    "date" : "2026-01-20",
    "price" : 843.15,
    "dma50" : 948.15,
    "dma100" : 1007.23,
    "dma200" : 977.95,
    "volume" : 30988.00
  }, {
    "date" : "2026-01-21",
    "price" : 842.35,
    "dma50" : 944.00,
    "dma100" : 1005.34,
    "dma200" : 976.60,
    "volume" : 36645.00
  }, {
    "date" : "2026-01-22",
    "price" : 842.15,
    "dma50" : 940.01,
    "dma100" : 1003.41,
    "dma200" : 975.26,
    "volume" : 12989.00
  }, {
    "date" : "2026-01-23",
    "price" : 840.05,
    "dma50" : 936.09,
    "dma100" : 1001.60,
    "dma200" : 973.91,
    "volume" : 39595.00
  }, {
    "date" : "2026-01-27",
    "price" : 822.10,
    "dma50" : 931.62,
    "dma100" : 999.37,
    "dma200" : 972.40,
    "volume" : 26226.00
  }, {
    "date" : "2026-01-28",
    "price" : 842.05,
    "dma50" : 928.11,
    "dma100" : 997.29,
    "dma200" : 971.11,
    "volume" : 19290.00
  }, {
    "date" : "2026-01-29",
    "price" : 835.80,
    "dma50" : 924.49,
    "dma100" : 994.94,
    "dma200" : 969.76,
    "volume" : 19146.00
  }, {
    "date" : "2026-01-30",
    "price" : 851.85,
    "dma50" : 921.64,
    "dma100" : 992.87,
    "dma200" : 968.59,
    "volume" : 43534.00
  }, {
    "date" : "2026-02-01",
    "price" : 845.90,
    "dma50" : 918.67,
    "dma100" : 990.76,
    "dma200" : 967.37,
    "volume" : 18324.00
  }, {
    "date" : "2026-02-02",
    "price" : 847.25,
    "dma50" : 915.87,
    "dma100" : 988.59,
    "dma200" : 966.17,
    "volume" : 36312.00
  }, {
    "date" : "2026-02-03",
    "price" : 888.50,
    "dma50" : 914.79,
    "dma100" : 986.90,
    "dma200" : 965.40,
    "volume" : 86337.00
  }, {
    "date" : "2026-02-04",
    "price" : 918.90,
    "dma50" : 914.96,
    "dma100" : 985.54,
    "dma200" : 964.93,
    "volume" : 30188.00
  }, {
    "date" : "2026-02-05",
    "price" : 899.10,
    "dma50" : 914.33,
    "dma100" : 984.06,
    "dma200" : 964.28,
    "volume" : 19397.00
  }, {
    "date" : "2026-02-06",
    "price" : 879.70,
    "dma50" : 912.98,
    "dma100" : 982.45,
    "dma200" : 963.44,
    "volume" : 37106.00
  }, {
    "date" : "2026-02-09",
    "price" : 940.55,
    "dma50" : 914.06,
    "dma100" : 981.32,
    "dma200" : 963.21,
    "volume" : 176472.00
  }, {
    "date" : "2026-02-10",
    "price" : 936.40,
    "dma50" : 914.93,
    "dma100" : 979.96,
    "dma200" : 962.94,
    "volume" : 25192.00
  }, {
    "date" : "2026-02-11",
    "price" : 952.70,
    "dma50" : 916.41,
    "dma100" : 978.88,
    "dma200" : 962.84,
    "volume" : 40715.00
  }, {
    "date" : "2026-02-12",
    "price" : 952.20,
    "dma50" : 917.82,
    "dma100" : 977.83,
    "dma200" : 962.74,
    "volume" : 23090.00
  } ],
  "latestTechnicalAttributes" : {
    "date" : "2026-02-12",
    "price" : 952.20,
    "dma50" : 917.82,
    "dma100" : 977.83,
    "dma200" : 962.74,
    "volume" : 23090.00
  },
  "quarterlyResults" : [ {
    "date" : "2009-06-30",
    "sales" : 110.73,
    "salesGrowthYoY" : null,
    "grossProfitMargin" : 25.18,
    "grossProfit" : 27.88,
    "operatingProfitMargin" : 10.33,
    "operatingProfit" : 11.44,
    "netProfitMargin" : 4.00,
    "netProfit" : 4.43
  }, {
    "date" : "2009-09-30",
    "sales" : 110.84,
    "salesGrowthYoY" : null,
    "grossProfitMargin" : 26.03,
    "grossProfit" : 28.85,
    "operatingProfitMargin" : 10.47,
    "operatingProfit" : 11.60,
    "netProfitMargin" : 3.64,
    "netProfit" : 4.03
  }, {
    "date" : "2010-06-30",
    "sales" : 168.89,
    "salesGrowthYoY" : null,
    "grossProfitMargin" : 27.05,
    "grossProfit" : 45.68,
    "operatingProfitMargin" : 10.69,
    "operatingProfit" : 18.05,
    "netProfitMargin" : 4.29,
    "netProfit" : 7.25
  }, {
    "date" : "2010-09-30",
    "sales" : 172.58,
    "salesGrowthYoY" : null,
    "grossProfitMargin" : 26.83,
    "grossProfit" : 46.30,
    "operatingProfitMargin" : 7.82,
    "operatingProfit" : 13.50,
    "netProfitMargin" : 3.58,
    "netProfit" : 6.18
  }, {
    "date" : "2010-12-31",
    "sales" : 167.58,
    "salesGrowthYoY" : 51.34,
    "grossProfitMargin" : 25.81,
    "grossProfit" : 43.25,
    "operatingProfitMargin" : 7.03,
    "operatingProfit" : 11.78,
    "netProfitMargin" : 3.48,
    "netProfit" : 5.83
  }, {
    "date" : "2011-03-31",
    "sales" : 190.85,
    "salesGrowthYoY" : 72.19,
    "grossProfitMargin" : 23.91,
    "grossProfit" : 45.63,
    "operatingProfitMargin" : 5.92,
    "operatingProfit" : 11.30,
    "netProfitMargin" : 0.86,
    "netProfit" : 1.64
  }, {
    "date" : "2011-06-30",
    "sales" : 183.39,
    "salesGrowthYoY" : 8.59,
    "grossProfitMargin" : 26.65,
    "grossProfit" : 48.87,
    "operatingProfitMargin" : 8.18,
    "operatingProfit" : 15.00,
    "netProfitMargin" : 2.79,
    "netProfit" : 5.12
  }, {
    "date" : "2011-09-30",
    "sales" : 185.43,
    "salesGrowthYoY" : 7.45,
    "grossProfitMargin" : 26.86,
    "grossProfit" : 49.81,
    "operatingProfitMargin" : 8.54,
    "operatingProfit" : 15.84,
    "netProfitMargin" : 3.45,
    "netProfit" : 6.40
  }, {
    "date" : "2011-12-31",
    "sales" : 167.65,
    "salesGrowthYoY" : 0.04,
    "grossProfitMargin" : 27.24,
    "grossProfit" : 45.67,
    "operatingProfitMargin" : 6.27,
    "operatingProfit" : 10.51,
    "netProfitMargin" : 1.56,
    "netProfit" : 2.62
  }, {
    "date" : "2012-03-31",
    "sales" : 214.94,
    "salesGrowthYoY" : 12.62,
    "grossProfitMargin" : 27.59,
    "grossProfit" : 59.30,
    "operatingProfitMargin" : 10.93,
    "operatingProfit" : 23.49,
    "netProfitMargin" : 6.76,
    "netProfit" : 14.53
  }, {
    "date" : "2012-06-30",
    "sales" : 206.54,
    "salesGrowthYoY" : 12.62,
    "grossProfitMargin" : 25.63,
    "grossProfit" : 52.94,
    "operatingProfitMargin" : 8.31,
    "operatingProfit" : 17.16,
    "netProfitMargin" : 2.58,
    "netProfit" : 5.33
  }, {
    "date" : "2012-09-30",
    "sales" : 221.70,
    "salesGrowthYoY" : 19.56,
    "grossProfitMargin" : 26.37,
    "grossProfit" : 58.46,
    "operatingProfitMargin" : 12.10,
    "operatingProfit" : 26.83,
    "netProfitMargin" : 3.70,
    "netProfit" : 8.20
  }, {
    "date" : "2012-12-31",
    "sales" : 229.42,
    "salesGrowthYoY" : 36.84,
    "grossProfitMargin" : 27.26,
    "grossProfit" : 62.54,
    "operatingProfitMargin" : 8.32,
    "operatingProfit" : 19.09,
    "netProfitMargin" : 2.97,
    "netProfit" : 6.81
  }, {
    "date" : "2013-03-31",
    "sales" : 240.67,
    "salesGrowthYoY" : 11.97,
    "grossProfitMargin" : 27.90,
    "grossProfit" : 67.15,
    "operatingProfitMargin" : 9.86,
    "operatingProfit" : 23.73,
    "netProfitMargin" : 3.30,
    "netProfit" : 7.94
  }, {
    "date" : "2013-06-30",
    "sales" : 213.67,
    "salesGrowthYoY" : 3.45,
    "grossProfitMargin" : 28.02,
    "grossProfit" : 59.87,
    "operatingProfitMargin" : 7.66,
    "operatingProfit" : 16.37,
    "netProfitMargin" : 4.02,
    "netProfit" : 8.59
  }, {
    "date" : "2013-09-30",
    "sales" : 187.08,
    "salesGrowthYoY" : -15.62,
    "grossProfitMargin" : 29.12,
    "grossProfit" : 54.48,
    "operatingProfitMargin" : 7.91,
    "operatingProfit" : 14.80,
    "netProfitMargin" : 2.37,
    "netProfit" : 4.43
  }, {
    "date" : "2013-12-31",
    "sales" : 196.46,
    "salesGrowthYoY" : -14.37,
    "grossProfitMargin" : 27.95,
    "grossProfit" : 54.91,
    "operatingProfitMargin" : 9.07,
    "operatingProfit" : 17.82,
    "netProfitMargin" : 1.99,
    "netProfit" : 3.91
  }, {
    "date" : "2014-03-31",
    "sales" : 221.12,
    "salesGrowthYoY" : -8.12,
    "grossProfitMargin" : 26.52,
    "grossProfit" : 58.64,
    "operatingProfitMargin" : 9.83,
    "operatingProfit" : 21.74,
    "netProfitMargin" : -0.87,
    "netProfit" : -1.92
  }, {
    "date" : "2014-06-30",
    "sales" : 207.40,
    "salesGrowthYoY" : -2.93,
    "grossProfitMargin" : 28.90,
    "grossProfit" : 59.94,
    "operatingProfitMargin" : 11.19,
    "operatingProfit" : 23.21,
    "netProfitMargin" : 3.47,
    "netProfit" : 7.20
  }, {
    "date" : "2014-09-30",
    "sales" : 212.12,
    "salesGrowthYoY" : 13.38,
    "grossProfitMargin" : 30.22,
    "grossProfit" : 64.10,
    "operatingProfitMargin" : 9.76,
    "operatingProfit" : 20.70,
    "netProfitMargin" : 5.20,
    "netProfit" : 11.03
  }, {
    "date" : "2014-12-31",
    "sales" : 212.43,
    "salesGrowthYoY" : 8.13,
    "grossProfitMargin" : 30.26,
    "grossProfit" : 64.28,
    "operatingProfitMargin" : 10.94,
    "operatingProfit" : 23.24,
    "netProfitMargin" : 3.44,
    "netProfit" : 7.31
  }, {
    "date" : "2015-03-31",
    "sales" : 242.60,
    "salesGrowthYoY" : 9.71,
    "grossProfitMargin" : 26.90,
    "grossProfit" : 65.26,
    "operatingProfitMargin" : 10.26,
    "operatingProfit" : 24.89,
    "netProfitMargin" : 4.37,
    "netProfit" : 10.60
  }, {
    "date" : "2015-06-30",
    "sales" : 213.57,
    "salesGrowthYoY" : 2.97,
    "grossProfitMargin" : 29.53,
    "grossProfit" : 63.07,
    "operatingProfitMargin" : 10.76,
    "operatingProfit" : 22.98,
    "netProfitMargin" : 2.43,
    "netProfit" : 5.19
  }, {
    "date" : "2015-09-30",
    "sales" : 228.33,
    "salesGrowthYoY" : 7.64,
    "grossProfitMargin" : 29.61,
    "grossProfit" : 67.61,
    "operatingProfitMargin" : 10.96,
    "operatingProfit" : 25.02,
    "netProfitMargin" : 4.31,
    "netProfit" : 9.84
  }, {
    "date" : "2015-12-31",
    "sales" : 236.47,
    "salesGrowthYoY" : 11.32,
    "grossProfitMargin" : 30.21,
    "grossProfit" : 71.44,
    "operatingProfitMargin" : 11.25,
    "operatingProfit" : 26.60,
    "netProfitMargin" : 4.57,
    "netProfit" : 10.81
  }, {
    "date" : "2016-03-31",
    "sales" : 248.47,
    "salesGrowthYoY" : 2.42,
    "grossProfitMargin" : 30.48,
    "grossProfit" : 75.73,
    "operatingProfitMargin" : 8.75,
    "operatingProfit" : 21.74,
    "netProfitMargin" : 4.59,
    "netProfit" : 11.40
  }, {
    "date" : "2016-06-30",
    "sales" : 244.14,
    "salesGrowthYoY" : 14.31,
    "grossProfitMargin" : 31.81,
    "grossProfit" : 77.66,
    "operatingProfitMargin" : 12.53,
    "operatingProfit" : 30.59,
    "netProfitMargin" : 5.20,
    "netProfit" : 12.70
  }, {
    "date" : "2016-09-30",
    "sales" : 260.16,
    "salesGrowthYoY" : 13.94,
    "grossProfitMargin" : 32.80,
    "grossProfit" : 85.33,
    "operatingProfitMargin" : 13.01,
    "operatingProfit" : 33.85,
    "netProfitMargin" : 6.50,
    "netProfit" : 16.91
  }, {
    "date" : "2016-12-31",
    "sales" : 250.43,
    "salesGrowthYoY" : 5.90,
    "grossProfitMargin" : 32.02,
    "grossProfit" : 80.19,
    "operatingProfitMargin" : 12.42,
    "operatingProfit" : 31.10,
    "netProfitMargin" : 4.72,
    "netProfit" : 11.82
  }, {
    "date" : "2017-03-31",
    "sales" : 287.16,
    "salesGrowthYoY" : 15.57,
    "grossProfitMargin" : 28.74,
    "grossProfit" : 82.53,
    "operatingProfitMargin" : 11.94,
    "operatingProfit" : 34.29,
    "netProfitMargin" : 7.38,
    "netProfit" : 21.19
  }, {
    "date" : "2017-06-30",
    "sales" : 282.95,
    "salesGrowthYoY" : 15.90,
    "grossProfitMargin" : 31.05,
    "grossProfit" : 87.86,
    "operatingProfitMargin" : 11.85,
    "operatingProfit" : 33.53,
    "netProfitMargin" : 6.61,
    "netProfit" : 18.70
  }, {
    "date" : "2017-09-30",
    "sales" : 304.74,
    "salesGrowthYoY" : 17.14,
    "grossProfitMargin" : 31.10,
    "grossProfit" : 94.77,
    "operatingProfitMargin" : 11.96,
    "operatingProfit" : 36.45,
    "netProfitMargin" : 6.65,
    "netProfit" : 20.27
  }, {
    "date" : "2017-12-31",
    "sales" : 254.37,
    "salesGrowthYoY" : 1.57,
    "grossProfitMargin" : 33.31,
    "grossProfit" : 84.73,
    "operatingProfitMargin" : 12.62,
    "operatingProfit" : 32.10,
    "netProfitMargin" : 6.74,
    "netProfit" : 17.14
  }, {
    "date" : "2018-03-31",
    "sales" : 313.39,
    "salesGrowthYoY" : 9.13,
    "grossProfitMargin" : 31.44,
    "grossProfit" : 98.53,
    "operatingProfitMargin" : 13.83,
    "operatingProfit" : 43.34,
    "netProfitMargin" : 7.30,
    "netProfit" : 22.88
  }, {
    "date" : "2018-06-30",
    "sales" : 297.85,
    "salesGrowthYoY" : 5.27,
    "grossProfitMargin" : 31.51,
    "grossProfit" : 93.85,
    "operatingProfitMargin" : 12.30,
    "operatingProfit" : 36.64,
    "netProfitMargin" : 6.83,
    "netProfit" : 20.34
  }, {
    "date" : "2018-09-30",
    "sales" : 298.80,
    "salesGrowthYoY" : -1.95,
    "grossProfitMargin" : 32.41,
    "grossProfit" : 96.84,
    "operatingProfitMargin" : 12.63,
    "operatingProfit" : 37.74,
    "netProfitMargin" : 7.74,
    "netProfit" : 23.13
  }, {
    "date" : "2018-12-31",
    "sales" : 258.12,
    "salesGrowthYoY" : 1.47,
    "grossProfitMargin" : 33.34,
    "grossProfit" : 86.06,
    "operatingProfitMargin" : 12.62,
    "operatingProfit" : 32.57,
    "netProfitMargin" : 7.58,
    "netProfit" : 19.57
  }, {
    "date" : "2019-03-31",
    "sales" : 285.11,
    "salesGrowthYoY" : -9.02,
    "grossProfitMargin" : 30.43,
    "grossProfit" : 86.76,
    "operatingProfitMargin" : 13.46,
    "operatingProfit" : 38.38,
    "netProfitMargin" : 8.71,
    "netProfit" : 24.83
  }, {
    "date" : "2019-06-30",
    "sales" : 253.68,
    "salesGrowthYoY" : -14.83,
    "grossProfitMargin" : 32.34,
    "grossProfit" : 82.04,
    "operatingProfitMargin" : 11.14,
    "operatingProfit" : 28.26,
    "netProfitMargin" : 6.39,
    "netProfit" : 16.21
  }, {
    "date" : "2019-09-30",
    "sales" : 210.01,
    "salesGrowthYoY" : -29.72,
    "grossProfitMargin" : 32.21,
    "grossProfit" : 67.64,
    "operatingProfitMargin" : 8.79,
    "operatingProfit" : 18.46,
    "netProfitMargin" : 8.95,
    "netProfit" : 18.80
  }, {
    "date" : "2019-12-31",
    "sales" : 215.16,
    "salesGrowthYoY" : -16.64,
    "grossProfitMargin" : 34.09,
    "grossProfit" : 73.35,
    "operatingProfitMargin" : 11.72,
    "operatingProfit" : 25.22,
    "netProfitMargin" : 7.00,
    "netProfit" : 15.06
  }, {
    "date" : "2020-03-31",
    "sales" : 237.07,
    "salesGrowthYoY" : -16.85,
    "grossProfitMargin" : 28.84,
    "grossProfit" : 68.37,
    "operatingProfitMargin" : 10.44,
    "operatingProfit" : 24.75,
    "netProfitMargin" : 3.71,
    "netProfit" : 8.80
  }, {
    "date" : "2020-06-30",
    "sales" : 103.65,
    "salesGrowthYoY" : -59.14,
    "grossProfitMargin" : 19.25,
    "grossProfit" : 19.95,
    "operatingProfitMargin" : -8.39,
    "operatingProfit" : -8.70,
    "netProfitMargin" : -9.16,
    "netProfit" : -9.49
  }, {
    "date" : "2020-09-30",
    "sales" : 444.30,
    "salesGrowthYoY" : 111.56,
    "grossProfitMargin" : 17.82,
    "grossProfit" : 79.17,
    "operatingProfitMargin" : 7.70,
    "operatingProfit" : 34.21,
    "netProfitMargin" : 4.88,
    "netProfit" : 21.68
  }, {
    "date" : "2020-12-31",
    "sales" : 584.42,
    "salesGrowthYoY" : 171.62,
    "grossProfitMargin" : 18.40,
    "grossProfit" : 107.53,
    "operatingProfitMargin" : 8.78,
    "operatingProfit" : 51.31,
    "netProfitMargin" : 5.74,
    "netProfit" : 33.55
  }, {
    "date" : "2021-03-31",
    "sales" : 604.17,
    "salesGrowthYoY" : 154.85,
    "grossProfitMargin" : 18.28,
    "grossProfit" : 110.44,
    "operatingProfitMargin" : 8.68,
    "operatingProfit" : 52.44,
    "netProfitMargin" : 5.44,
    "netProfit" : 32.87
  }, {
    "date" : "2021-06-30",
    "sales" : 471.74,
    "salesGrowthYoY" : 355.13,
    "grossProfitMargin" : 19.21,
    "grossProfit" : 90.62,
    "operatingProfitMargin" : 8.51,
    "operatingProfit" : 40.15,
    "netProfitMargin" : 5.70,
    "netProfit" : 26.89
  }, {
    "date" : "2021-09-30",
    "sales" : 587.13,
    "salesGrowthYoY" : 32.15,
    "grossProfitMargin" : 20.45,
    "grossProfit" : 120.07,
    "operatingProfitMargin" : 10.44,
    "operatingProfit" : 61.30,
    "netProfitMargin" : 7.78,
    "netProfit" : 45.68
  }, {
    "date" : "2021-12-31",
    "sales" : 578.60,
    "salesGrowthYoY" : -1.00,
    "grossProfitMargin" : 19.72,
    "grossProfit" : 114.10,
    "operatingProfitMargin" : 10.73,
    "operatingProfit" : 62.08,
    "netProfitMargin" : 7.39,
    "netProfit" : 42.76
  }, {
    "date" : "2022-03-31",
    "sales" : 617.85,
    "salesGrowthYoY" : 2.26,
    "grossProfitMargin" : 20.13,
    "grossProfit" : 124.37,
    "operatingProfitMargin" : 10.40,
    "operatingProfit" : 64.26,
    "netProfitMargin" : 7.47,
    "netProfit" : 46.15
  }, {
    "date" : "2022-06-30",
    "sales" : 627.81,
    "salesGrowthYoY" : 33.08,
    "grossProfitMargin" : 19.33,
    "grossProfit" : 121.36,
    "operatingProfitMargin" : 9.68,
    "operatingProfit" : 60.77,
    "netProfitMargin" : 7.12,
    "netProfit" : 44.70
  }, {
    "date" : "2022-09-30",
    "sales" : 697.96,
    "salesGrowthYoY" : 18.88,
    "grossProfitMargin" : 20.22,
    "grossProfit" : 141.13,
    "operatingProfitMargin" : 10.85,
    "operatingProfit" : 75.73,
    "netProfitMargin" : 7.75,
    "netProfit" : 54.09
  }, {
    "date" : "2022-12-31",
    "sales" : 686.00,
    "salesGrowthYoY" : 18.56,
    "grossProfitMargin" : 18.95,
    "grossProfit" : 130.00,
    "operatingProfitMargin" : 9.36,
    "operatingProfit" : 64.21,
    "netProfitMargin" : 6.72,
    "netProfit" : 46.10
  }, {
    "date" : "2023-03-31",
    "sales" : 688.16,
    "salesGrowthYoY" : 11.38,
    "grossProfitMargin" : 20.87,
    "grossProfit" : 143.62,
    "operatingProfitMargin" : 11.79,
    "operatingProfit" : 81.13,
    "netProfitMargin" : 8.80,
    "netProfit" : 60.56
  }, {
    "date" : "2023-06-30",
    "sales" : 654.10,
    "salesGrowthYoY" : 4.19,
    "grossProfitMargin" : 20.92,
    "grossProfit" : 136.84,
    "operatingProfitMargin" : 10.43,
    "operatingProfit" : 68.22,
    "netProfitMargin" : 8.42,
    "netProfit" : 55.08
  }, {
    "date" : "2023-09-30",
    "sales" : 762.65,
    "salesGrowthYoY" : 9.27,
    "grossProfitMargin" : 22.79,
    "grossProfit" : 173.81,
    "operatingProfitMargin" : 13.04,
    "operatingProfit" : 99.45,
    "netProfitMargin" : 10.36,
    "netProfit" : 79.01
  }, {
    "date" : "2023-12-31",
    "sales" : 689.12,
    "salesGrowthYoY" : 0.45,
    "grossProfitMargin" : 24.99,
    "grossProfit" : 172.21,
    "operatingProfitMargin" : 13.69,
    "operatingProfit" : 94.34,
    "netProfitMargin" : 10.90,
    "netProfit" : 75.11
  }, {
    "date" : "2024-03-31",
    "sales" : 703.39,
    "salesGrowthYoY" : 2.21,
    "grossProfitMargin" : 26.10,
    "grossProfit" : 183.58,
    "operatingProfitMargin" : 14.13,
    "operatingProfit" : 99.39,
    "netProfitMargin" : 12.19,
    "netProfit" : 85.74
  }, {
    "date" : "2024-06-30",
    "sales" : 685.43,
    "salesGrowthYoY" : 4.79,
    "grossProfitMargin" : 26.26,
    "grossProfit" : 179.99,
    "operatingProfitMargin" : 13.95,
    "operatingProfit" : 95.62,
    "netProfitMargin" : 11.13,
    "netProfit" : 76.29
  }, {
    "date" : "2024-09-30",
    "sales" : 711.29,
    "salesGrowthYoY" : -6.73,
    "grossProfitMargin" : 26.46,
    "grossProfit" : 188.21,
    "operatingProfitMargin" : 14.82,
    "operatingProfit" : 105.41,
    "netProfitMargin" : 11.10,
    "netProfit" : 78.95
  }, {
    "date" : "2024-12-31",
    "sales" : 689.99,
    "salesGrowthYoY" : 0.13,
    "grossProfitMargin" : 26.22,
    "grossProfit" : 180.92,
    "operatingProfitMargin" : 13.70,
    "operatingProfit" : 94.53,
    "netProfitMargin" : 10.83,
    "netProfit" : 74.73
  }, {
    "date" : "2025-03-31",
    "sales" : 749.85,
    "salesGrowthYoY" : 6.61,
    "grossProfitMargin" : 25.50,
    "grossProfit" : 191.21,
    "operatingProfitMargin" : 13.44,
    "operatingProfit" : 100.78,
    "netProfitMargin" : 11.00,
    "netProfit" : 82.48
  }, {
    "date" : "2025-06-30",
    "sales" : 756.25,
    "salesGrowthYoY" : 10.33,
    "grossProfitMargin" : 25.06,
    "grossProfit" : 189.52,
    "operatingProfitMargin" : 13.02,
    "operatingProfit" : 98.46,
    "netProfitMargin" : 10.83,
    "netProfit" : 81.90
  }, {
    "date" : "2025-09-30",
    "sales" : 787.21,
    "salesGrowthYoY" : 10.67,
    "grossProfitMargin" : 24.75,
    "grossProfit" : 194.83,
    "operatingProfitMargin" : 12.83,
    "operatingProfit" : 101.00,
    "netProfitMargin" : 9.58,
    "netProfit" : 75.41
  }, {
    "date" : "2025-12-31",
    "sales" : 881.55,
    "salesGrowthYoY" : 27.76,
    "grossProfitMargin" : 22.94,
    "grossProfit" : 202.23,
    "operatingProfitMargin" : 12.07,
    "operatingProfit" : 106.40,
    "netProfitMargin" : 9.47,
    "netProfit" : 83.48
  } ],
  "latestQuarterlyResult" : {
    "date" : "2025-12-31",
    "sales" : 881.55,
    "salesGrowthYoY" : 27.76,
    "grossProfitMargin" : 22.94,
    "grossProfit" : 202.23,
    "operatingProfitMargin" : 12.07,
    "operatingProfit" : 106.40,
    "netProfitMargin" : 9.47,
    "netProfit" : 83.48
  },
  "companyScore" : {
    "priceHigherThanDma50" : 5.00,
    "priceHigherThanDma100" : 0.00,
    "priceHigherThanDma200" : 0.00,
    "dma50HigherThanDma100" : 0.00,
    "dma50HigherThanDma200" : 0.00,
    "dma100HigherThanDma200" : 5.00,
    "pricePercentageAboveDma50" : 4.81,
    "pricePercentageAboveDma100" : 5.13,
    "pricePercentageAboveDma200" : 5.05,
    "weeklyVolumeHigherThanYearlyVolume" : 0.00,
    "salesGrowthPercentile" : 17.05,
    "operatingProfitMarginPercentile" : 17.63,
    "netProfitMarginPercentile" : 8.73,
    "totalTechnicalScore" : 25.00,
    "totalFundamentalScore" : 43.41,
    "totalScore" : 68.40
  }
}