{
  "metadata" : {
    "screenerCompanyId" : "2981",
    "companyCode" : "SHILPAMED",
    "companyName" : "Shilpa Medicare",
    "screenerCompanyLink" : "https://www.screener.in/company/SHILPAMED/consolidated/",
    "screenerTechnicalHistoryLink" : "https://www.screener.in/api/company/2981/chart/?q=Price-DMA50-DMA200-Volume&days=365",
    "screenerQuarterlyResultsLink" : "https://www.screener.in/api/company/2981/chart/?q=GPM-OPM-NPM-Quarter+Sales&days=10000",
    "attributes" : {
      "companyCode" : "SHILPAMED",
      "companyName" : "Shilpa Medicare",
      "marketCap" : 6392.00,
      "peRatio" : 36.10,
      "description" : "Shilpa Medicare Incorporated in 1987 manufactures niche APIs, intermediates, and formulations and also undertakes contract research and manufacturing service for some of its customers. The company’s formulation products consist of 16 injectable dosage forms, 19 oral solid dosage forms under SML and 13 formulations under SML’s wholly owned subsidiary Shilpa Therapeutics.[1]"
    },
    "companyScore" : {
      "priceHigherThanDma50" : 5.00,
      "priceHigherThanDma100" : 0.00,
      "priceHigherThanDma200" : 0.00,
      "dma50HigherThanDma100" : 0.00,
      "dma50HigherThanDma200" : 0.00,
      "dma100HigherThanDma200" : 0.00,
      "pricePercentageAboveDma50" : 4.82,
      "pricePercentageAboveDma100" : 5.18,
      "pricePercentageAboveDma200" : 5.40,
      "weeklyVolumeHigherThanYearlyVolume" : 5.00,
      "salesGrowthPercentile" : 14.00,
      "operatingProfitMarginPercentile" : 16.70,
      "netProfitMarginPercentile" : 7.13,
      "totalTechnicalScore" : 25.41,
      "totalFundamentalScore" : 37.83,
      "totalScore" : 63.24
    }
  },
  "attributes" : {
    "companyCode" : "SHILPAMED",
    "companyName" : "Shilpa Medicare",
    "marketCap" : 6392.00,
    "peRatio" : 36.10,
    "description" : "Shilpa Medicare Incorporated in 1987 manufactures niche APIs, intermediates, and formulations and also undertakes contract research and manufacturing service for some of its customers. The company’s formulation products consist of 16 injectable dosage forms, 19 oral solid dosage forms under SML and 13 formulations under SML’s wholly owned subsidiary Shilpa Therapeutics.[1]"
  },
  "technicalHistory" : [ {
    "date" : "2025-02-17",
    "price" : 331.05,
    "dma50" : 378.65,
    "dma100" : null,
    "dma200" : 357.66,
    "volume" : 1165670.00
  }, {
    "date" : "2025-02-18",
    "price" : 320.93,
    "dma50" : 376.39,
    "dma100" : null,
    "dma200" : 357.29,
    "volume" : 363275.00
  }, {
    "date" : "2025-02-19",
    "price" : 329.03,
    "dma50" : 374.53,
    "dma100" : null,
    "dma200" : 357.01,
    "volume" : 447070.00
  }, {
    "date" : "2025-02-20",
    "price" : 340.80,
    "dma50" : 373.21,
    "dma100" : null,
    "dma200" : 356.85,
    "volume" : 367046.00
  }, {
    "date" : "2025-02-21",
    "price" : 337.90,
    "dma50" : 371.82,
    "dma100" : null,
    "dma200" : 356.66,
    "volume" : 245262.00
  }, {
    "date" : "2025-02-24",
    "price" : 325.43,
    "dma50" : 370.00,
    "dma100" : null,
    "dma200" : 356.35,
    "volume" : 343615.00
  }, {
    "date" : "2025-02-25",
    "price" : 320.23,
    "dma50" : 368.05,
    "dma100" : null,
    "dma200" : 355.99,
    "volume" : 320326.00
  }, {
    "date" : "2025-02-27",
    "price" : 313.68,
    "dma50" : 365.92,
    "dma100" : null,
    "dma200" : 355.57,
    "volume" : 246441.00
  }, {
    "date" : "2025-02-28",
    "price" : 305.05,
    "dma50" : 363.53,
    "dma100" : null,
    "dma200" : 355.07,
    "volume" : 455820.00
  }, {
    "date" : "2025-03-03",
    "price" : 301.83,
    "dma50" : 361.11,
    "dma100" : null,
    "dma200" : 354.54,
    "volume" : 963093.00
  }, {
    "date" : "2025-03-04",
    "price" : 311.23,
    "dma50" : 359.16,
    "dma100" : null,
    "dma200" : 354.11,
    "volume" : 665430.00
  }, {
    "date" : "2025-03-05",
    "price" : 320.55,
    "dma50" : 357.64,
    "dma100" : null,
    "dma200" : 353.77,
    "volume" : 412606.00
  }, {
    "date" : "2025-03-06",
    "price" : 330.73,
    "dma50" : 356.59,
    "dma100" : null,
    "dma200" : 353.54,
    "volume" : 743199.00
  }, {
    "date" : "2025-03-07",
    "price" : 335.73,
    "dma50" : 355.77,
    "dma100" : null,
    "dma200" : 353.36,
    "volume" : 384711.00
  }, {
    "date" : "2025-03-10",
    "price" : 329.43,
    "dma50" : 354.74,
    "dma100" : null,
    "dma200" : 353.13,
    "volume" : 689311.00
  }, {
    "date" : "2025-03-11",
    "price" : 330.08,
    "dma50" : 353.77,
    "dma100" : null,
    "dma200" : 352.90,
    "volume" : 355564.00
  }, {
    "date" : "2025-03-12",
    "price" : 322.50,
    "dma50" : 352.54,
    "dma100" : null,
    "dma200" : 352.59,
    "volume" : 354026.00
  }, {
    "date" : "2025-03-13",
    "price" : 314.28,
    "dma50" : 351.04,
    "dma100" : null,
    "dma200" : 352.21,
    "volume" : 350075.00
  }, {
    "date" : "2025-03-17",
    "price" : 315.20,
    "dma50" : 349.64,
    "dma100" : null,
    "dma200" : 351.85,
    "volume" : 827054.00
  }, {
    "date" : "2025-03-18",
    "price" : 337.25,
    "dma50" : 349.15,
    "dma100" : null,
    "dma200" : 351.70,
    "volume" : 3028700.00
  }, {
    "date" : "2025-03-19",
    "price" : 335.85,
    "dma50" : 348.63,
    "dma100" : null,
    "dma200" : 351.54,
    "volume" : 635062.00
  }, {
    "date" : "2025-03-20",
    "price" : 328.60,
    "dma50" : 347.84,
    "dma100" : null,
    "dma200" : 351.31,
    "volume" : 450938.00
  }, {
    "date" : "2025-03-21",
    "price" : 341.25,
    "dma50" : 347.59,
    "dma100" : null,
    "dma200" : 351.21,
    "volume" : 5008238.00
  }, {
    "date" : "2025-03-24",
    "price" : 348.00,
    "dma50" : 347.60,
    "dma100" : null,
    "dma200" : 351.18,
    "volume" : 420974.00
  }, {
    "date" : "2025-03-25",
    "price" : 337.05,
    "dma50" : 347.19,
    "dma100" : null,
    "dma200" : 351.04,
    "volume" : 345868.00
  }, {
    "date" : "2025-03-26",
    "price" : 335.20,
    "dma50" : 346.72,
    "dma100" : null,
    "dma200" : 350.88,
    "volume" : 344726.00
  }, {
    "date" : "2025-03-27",
    "price" : 341.85,
    "dma50" : 346.53,
    "dma100" : null,
    "dma200" : 350.79,
    "volume" : 362444.00
  }, {
    "date" : "2025-03-28",
    "price" : 331.70,
    "dma50" : 345.95,
    "dma100" : null,
    "dma200" : 350.60,
    "volume" : 645816.00
  }, {
    "date" : "2025-04-01",
    "price" : 328.65,
    "dma50" : 345.27,
    "dma100" : null,
    "dma200" : 350.39,
    "volume" : 262402.00
  }, {
    "date" : "2025-04-02",
    "price" : 324.05,
    "dma50" : 344.44,
    "dma100" : null,
    "dma200" : 350.12,
    "volume" : 194062.00
  }, {
    "date" : "2025-04-03",
    "price" : 338.38,
    "dma50" : 344.20,
    "dma100" : null,
    "dma200" : 350.01,
    "volume" : 1157850.00
  }, {
    "date" : "2025-04-04",
    "price" : 314.80,
    "dma50" : 343.05,
    "dma100" : null,
    "dma200" : 349.66,
    "volume" : 542030.00
  }, {
    "date" : "2025-04-07",
    "price" : 304.83,
    "dma50" : 341.55,
    "dma100" : null,
    "dma200" : 349.21,
    "volume" : 648403.00
  }, {
    "date" : "2025-04-08",
    "price" : 321.28,
    "dma50" : 340.75,
    "dma100" : null,
    "dma200" : 348.93,
    "volume" : 421894.00
  }, {
    "date" : "2025-04-09",
    "price" : 305.05,
    "dma50" : 339.35,
    "dma100" : null,
    "dma200" : 348.50,
    "volume" : 447034.00
  }, {
    "date" : "2025-04-11",
    "price" : 319.95,
    "dma50" : 338.59,
    "dma100" : null,
    "dma200" : 348.21,
    "volume" : 509962.00
  }, {
    "date" : "2025-04-15",
    "price" : 327.83,
    "dma50" : 338.17,
    "dma100" : null,
    "dma200" : 348.01,
    "volume" : 322624.00
  }, {
    "date" : "2025-04-16",
    "price" : 330.78,
    "dma50" : 337.88,
    "dma100" : null,
    "dma200" : 347.84,
    "volume" : 222615.00
  }, {
    "date" : "2025-04-17",
    "price" : 334.25,
    "dma50" : 337.74,
    "dma100" : null,
    "dma200" : 347.70,
    "volume" : 182630.00
  }, {
    "date" : "2025-04-21",
    "price" : 329.05,
    "dma50" : 337.40,
    "dma100" : null,
    "dma200" : 347.52,
    "volume" : 346612.00
  }, {
    "date" : "2025-04-22",
    "price" : 338.98,
    "dma50" : 337.46,
    "dma100" : null,
    "dma200" : 347.43,
    "volume" : 322768.00
  }, {
    "date" : "2025-04-23",
    "price" : 340.63,
    "dma50" : 337.58,
    "dma100" : null,
    "dma200" : 347.36,
    "volume" : 233507.00
  }, {
    "date" : "2025-04-24",
    "price" : 360.90,
    "dma50" : 338.50,
    "dma100" : null,
    "dma200" : 347.50,
    "volume" : 1078994.00
  }, {
    "date" : "2025-04-25",
    "price" : 340.43,
    "dma50" : 338.57,
    "dma100" : null,
    "dma200" : 347.43,
    "volume" : 532139.00
  }, {
    "date" : "2025-04-28",
    "price" : 338.88,
    "dma50" : 338.59,
    "dma100" : null,
    "dma200" : 347.34,
    "volume" : 237865.00
  }, {
    "date" : "2025-04-29",
    "price" : 332.23,
    "dma50" : 338.34,
    "dma100" : null,
    "dma200" : 347.19,
    "volume" : 148099.00
  }, {
    "date" : "2025-04-30",
    "price" : 323.53,
    "dma50" : 337.76,
    "dma100" : null,
    "dma200" : 346.96,
    "volume" : 340868.00
  }, {
    "date" : "2025-05-02",
    "price" : 315.23,
    "dma50" : 336.87,
    "dma100" : null,
    "dma200" : 346.64,
    "volume" : 269880.00
  }, {
    "date" : "2025-05-05",
    "price" : 334.45,
    "dma50" : 336.78,
    "dma100" : null,
    "dma200" : 346.52,
    "volume" : 364794.00
  }, {
    "date" : "2025-05-06",
    "price" : 317.73,
    "dma50" : 336.03,
    "dma100" : null,
    "dma200" : 346.23,
    "volume" : 395738.00
  }, {
    "date" : "2025-05-07",
    "price" : 314.63,
    "dma50" : 335.19,
    "dma100" : null,
    "dma200" : 345.92,
    "volume" : 245889.00
  }, {
    "date" : "2025-05-08",
    "price" : 317.93,
    "dma50" : 334.51,
    "dma100" : null,
    "dma200" : 345.64,
    "volume" : 233997.00
  }, {
    "date" : "2025-05-09",
    "price" : 319.45,
    "dma50" : 333.92,
    "dma100" : null,
    "dma200" : 345.38,
    "volume" : 306960.00
  }, {
    "date" : "2025-05-12",
    "price" : 325.38,
    "dma50" : 333.59,
    "dma100" : null,
    "dma200" : 345.18,
    "volume" : 224687.00
  }, {
    "date" : "2025-05-13",
    "price" : 334.73,
    "dma50" : 333.63,
    "dma100" : null,
    "dma200" : 345.08,
    "volume" : 407915.00
  }, {
    "date" : "2025-05-14",
    "price" : 347.45,
    "dma50" : 334.17,
    "dma100" : null,
    "dma200" : 345.10,
    "volume" : 449550.00
  }, {
    "date" : "2025-05-15",
    "price" : 357.45,
    "dma50" : 335.09,
    "dma100" : null,
    "dma200" : 345.22,
    "volume" : 768560.00
  }, {
    "date" : "2025-05-16",
    "price" : 353.98,
    "dma50" : 335.83,
    "dma100" : null,
    "dma200" : 345.31,
    "volume" : 377873.00
  }, {
    "date" : "2025-05-19",
    "price" : 355.73,
    "dma50" : 336.61,
    "dma100" : null,
    "dma200" : 345.41,
    "volume" : 306704.00
  }, {
    "date" : "2025-05-20",
    "price" : 351.93,
    "dma50" : 337.21,
    "dma100" : null,
    "dma200" : 345.48,
    "volume" : 323360.00
  }, {
    "date" : "2025-05-21",
    "price" : 351.23,
    "dma50" : 337.76,
    "dma100" : null,
    "dma200" : 345.54,
    "volume" : 564451.00
  }, {
    "date" : "2025-05-22",
    "price" : 367.80,
    "dma50" : 338.94,
    "dma100" : null,
    "dma200" : 345.76,
    "volume" : 896198.00
  }, {
    "date" : "2025-05-23",
    "price" : 391.68,
    "dma50" : 341.01,
    "dma100" : null,
    "dma200" : 346.22,
    "volume" : 1946400.00
  }, {
    "date" : "2025-05-26",
    "price" : 445.13,
    "dma50" : 345.09,
    "dma100" : null,
    "dma200" : 347.20,
    "volume" : 9861264.00
  }, {
    "date" : "2025-05-27",
    "price" : 437.30,
    "dma50" : 348.71,
    "dma100" : null,
    "dma200" : 348.10,
    "volume" : 3294589.00
  }, {
    "date" : "2025-05-28",
    "price" : 443.13,
    "dma50" : 352.41,
    "dma100" : null,
    "dma200" : 349.04,
    "volume" : 1058945.00
  }, {
    "date" : "2025-05-29",
    "price" : 446.30,
    "dma50" : 356.09,
    "dma100" : null,
    "dma200" : 350.01,
    "volume" : 870088.00
  }, {
    "date" : "2025-05-30",
    "price" : 450.70,
    "dma50" : 359.80,
    "dma100" : null,
    "dma200" : 351.01,
    "volume" : 1209006.00
  }, {
    "date" : "2025-06-02",
    "price" : 442.83,
    "dma50" : 363.06,
    "dma100" : null,
    "dma200" : 351.92,
    "volume" : 248326.00
  }, {
    "date" : "2025-06-03",
    "price" : 437.45,
    "dma50" : 365.97,
    "dma100" : null,
    "dma200" : 352.78,
    "volume" : 229332.00
  }, {
    "date" : "2025-06-04",
    "price" : 441.80,
    "dma50" : 368.95,
    "dma100" : null,
    "dma200" : 353.66,
    "volume" : 251866.00
  }, {
    "date" : "2025-06-05",
    "price" : 449.35,
    "dma50" : 372.10,
    "dma100" : null,
    "dma200" : 354.61,
    "volume" : 374364.00
  }, {
    "date" : "2025-06-06",
    "price" : 457.23,
    "dma50" : 375.44,
    "dma100" : null,
    "dma200" : 355.63,
    "volume" : 654892.00
  }, {
    "date" : "2025-06-09",
    "price" : 460.88,
    "dma50" : 378.79,
    "dma100" : null,
    "dma200" : 356.68,
    "volume" : 847072.00
  }, {
    "date" : "2025-06-10",
    "price" : 476.85,
    "dma50" : 382.64,
    "dma100" : null,
    "dma200" : 357.88,
    "volume" : 1707040.00
  }, {
    "date" : "2025-06-11",
    "price" : 487.65,
    "dma50" : 386.75,
    "dma100" : null,
    "dma200" : 359.17,
    "volume" : 883356.00
  }, {
    "date" : "2025-06-12",
    "price" : 481.30,
    "dma50" : 390.46,
    "dma100" : null,
    "dma200" : 360.38,
    "volume" : 1100420.00
  }, {
    "date" : "2025-06-13",
    "price" : 492.90,
    "dma50" : 394.48,
    "dma100" : null,
    "dma200" : 361.70,
    "volume" : 1282316.00
  }, {
    "date" : "2025-06-16",
    "price" : 491.78,
    "dma50" : 398.29,
    "dma100" : null,
    "dma200" : 363.00,
    "volume" : 678908.00
  }, {
    "date" : "2025-06-17",
    "price" : 467.20,
    "dma50" : 401.00,
    "dma100" : null,
    "dma200" : 364.03,
    "volume" : 253404.00
  }, {
    "date" : "2025-06-18",
    "price" : 458.95,
    "dma50" : 403.27,
    "dma100" : null,
    "dma200" : 364.98,
    "volume" : 249252.00
  }, {
    "date" : "2025-06-19",
    "price" : 445.05,
    "dma50" : 404.91,
    "dma100" : null,
    "dma200" : 365.77,
    "volume" : 211758.00
  }, {
    "date" : "2025-06-20",
    "price" : 440.23,
    "dma50" : 406.29,
    "dma100" : null,
    "dma200" : 366.52,
    "volume" : 402380.00
  }, {
    "date" : "2025-06-23",
    "price" : 440.70,
    "dma50" : 407.64,
    "dma100" : null,
    "dma200" : 367.25,
    "volume" : 198604.00
  }, {
    "date" : "2025-06-24",
    "price" : 432.03,
    "dma50" : 408.60,
    "dma100" : null,
    "dma200" : 367.90,
    "volume" : 151387.00
  }, {
    "date" : "2025-06-25",
    "price" : 428.45,
    "dma50" : 409.38,
    "dma100" : null,
    "dma200" : 368.50,
    "volume" : 212034.00
  }, {
    "date" : "2025-06-26",
    "price" : 428.90,
    "dma50" : 410.14,
    "dma100" : null,
    "dma200" : 369.10,
    "volume" : 113144.00
  }, {
    "date" : "2025-06-27",
    "price" : 431.98,
    "dma50" : 411.00,
    "dma100" : null,
    "dma200" : 369.73,
    "volume" : 171435.00
  }, {
    "date" : "2025-06-30",
    "price" : 445.28,
    "dma50" : 412.34,
    "dma100" : null,
    "dma200" : 370.48,
    "volume" : 180853.00
  }, {
    "date" : "2025-07-01",
    "price" : 437.60,
    "dma50" : 413.33,
    "dma100" : null,
    "dma200" : 371.15,
    "volume" : 159198.00
  }, {
    "date" : "2025-07-02",
    "price" : 441.05,
    "dma50" : 414.42,
    "dma100" : null,
    "dma200" : 371.84,
    "volume" : 130576.00
  }, {
    "date" : "2025-07-03",
    "price" : 445.18,
    "dma50" : 415.63,
    "dma100" : null,
    "dma200" : 372.57,
    "volume" : 135341.00
  }, {
    "date" : "2025-07-04",
    "price" : 448.48,
    "dma50" : 416.92,
    "dma100" : null,
    "dma200" : 373.33,
    "volume" : 115733.00
  }, {
    "date" : "2025-07-07",
    "price" : 444.65,
    "dma50" : 418.00,
    "dma100" : null,
    "dma200" : 374.04,
    "volume" : 77456.00
  }, {
    "date" : "2025-07-08",
    "price" : 429.73,
    "dma50" : 418.46,
    "dma100" : null,
    "dma200" : 374.59,
    "volume" : 151765.00
  }, {
    "date" : "2025-07-09",
    "price" : 424.20,
    "dma50" : 418.69,
    "dma100" : null,
    "dma200" : 375.09,
    "volume" : 125000.00
  }, {
    "date" : "2025-07-10",
    "price" : 435.13,
    "dma50" : 419.33,
    "dma100" : null,
    "dma200" : 375.68,
    "volume" : 115003.00
  }, {
    "date" : "2025-07-11",
    "price" : 448.38,
    "dma50" : 420.47,
    "dma100" : null,
    "dma200" : 376.41,
    "volume" : 348119.00
  }, {
    "date" : "2025-07-14",
    "price" : 452.95,
    "dma50" : 421.75,
    "dma100" : null,
    "dma200" : 377.17,
    "volume" : 106020.00
  }, {
    "date" : "2025-07-15",
    "price" : 446.25,
    "dma50" : 422.71,
    "dma100" : null,
    "dma200" : 377.86,
    "volume" : 111998.00
  }, {
    "date" : "2025-07-16",
    "price" : 466.43,
    "dma50" : 424.42,
    "dma100" : 376.34,
    "dma200" : 378.74,
    "volume" : 384381.00
  }, {
    "date" : "2025-07-17",
    "price" : 461.28,
    "dma50" : 425.87,
    "dma100" : 377.74,
    "dma200" : 379.56,
    "volume" : 195176.00
  }, {
    "date" : "2025-07-18",
    "price" : 457.85,
    "dma50" : 427.12,
    "dma100" : 379.03,
    "dma200" : 380.34,
    "volume" : 92152.00
  }, {
    "date" : "2025-07-21",
    "price" : 460.08,
    "dma50" : 428.41,
    "dma100" : 380.22,
    "dma200" : 381.13,
    "volume" : 145795.00
  }, {
    "date" : "2025-07-22",
    "price" : 458.13,
    "dma50" : 429.58,
    "dma100" : 381.43,
    "dma200" : 381.90,
    "volume" : 172297.00
  }, {
    "date" : "2025-07-23",
    "price" : 456.95,
    "dma50" : 430.65,
    "dma100" : 382.74,
    "dma200" : 382.64,
    "volume" : 101120.00
  }, {
    "date" : "2025-07-24",
    "price" : 451.25,
    "dma50" : 431.46,
    "dma100" : 384.05,
    "dma200" : 383.33,
    "volume" : 49910.00
  }, {
    "date" : "2025-07-25",
    "price" : 455.08,
    "dma50" : 432.39,
    "dma100" : 385.47,
    "dma200" : 384.04,
    "volume" : 146139.00
  }, {
    "date" : "2025-07-28",
    "price" : 442.70,
    "dma50" : 432.79,
    "dma100" : 386.84,
    "dma200" : 384.62,
    "volume" : 108352.00
  }, {
    "date" : "2025-07-29",
    "price" : 449.53,
    "dma50" : 433.45,
    "dma100" : 388.32,
    "dma200" : 385.27,
    "volume" : 37590.00
  }, {
    "date" : "2025-07-30",
    "price" : 459.58,
    "dma50" : 434.47,
    "dma100" : 389.80,
    "dma200" : 386.01,
    "volume" : 86212.00
  }, {
    "date" : "2025-07-31",
    "price" : 444.13,
    "dma50" : 434.85,
    "dma100" : 391.04,
    "dma200" : 386.59,
    "volume" : 217010.00
  }, {
    "date" : "2025-08-01",
    "price" : 428.63,
    "dma50" : 434.61,
    "dma100" : 392.02,
    "dma200" : 387.01,
    "volume" : 117101.00
  }, {
    "date" : "2025-08-04",
    "price" : 425.20,
    "dma50" : 434.24,
    "dma100" : 392.91,
    "dma200" : 387.39,
    "volume" : 59792.00
  }, {
    "date" : "2025-08-05",
    "price" : 430.95,
    "dma50" : 434.11,
    "dma100" : 393.93,
    "dma200" : 387.82,
    "volume" : 84474.00
  }, {
    "date" : "2025-08-06",
    "price" : 410.73,
    "dma50" : 433.19,
    "dma100" : 394.73,
    "dma200" : 388.05,
    "volume" : 69714.00
  }, {
    "date" : "2025-08-07",
    "price" : 411.10,
    "dma50" : 432.33,
    "dma100" : 395.62,
    "dma200" : 388.28,
    "volume" : 171772.00
  }, {
    "date" : "2025-08-08",
    "price" : 416.00,
    "dma50" : 431.69,
    "dma100" : 396.64,
    "dma200" : 388.55,
    "volume" : 88708.00
  }, {
    "date" : "2025-08-11",
    "price" : 436.38,
    "dma50" : 431.87,
    "dma100" : 397.85,
    "dma200" : 389.03,
    "volume" : 186222.00
  }, {
    "date" : "2025-08-12",
    "price" : 435.10,
    "dma50" : 432.00,
    "dma100" : 398.83,
    "dma200" : 389.49,
    "volume" : 99198.00
  }, {
    "date" : "2025-08-13",
    "price" : 453.10,
    "dma50" : 432.82,
    "dma100" : 400.00,
    "dma200" : 390.12,
    "volume" : 273506.00
  }, {
    "date" : "2025-08-14",
    "price" : 454.33,
    "dma50" : 433.67,
    "dma100" : 401.26,
    "dma200" : 390.76,
    "volume" : 299416.00
  }, {
    "date" : "2025-08-18",
    "price" : 441.58,
    "dma50" : 433.98,
    "dma100" : 402.26,
    "dma200" : 391.26,
    "volume" : 144197.00
  }, {
    "date" : "2025-08-19",
    "price" : 433.90,
    "dma50" : 433.97,
    "dma100" : 403.12,
    "dma200" : 391.69,
    "volume" : 148378.00
  }, {
    "date" : "2025-08-20",
    "price" : 428.60,
    "dma50" : 433.76,
    "dma100" : 404.04,
    "dma200" : 392.06,
    "volume" : 82540.00
  }, {
    "date" : "2025-08-21",
    "price" : 429.73,
    "dma50" : 433.61,
    "dma100" : 404.98,
    "dma200" : 392.43,
    "volume" : 110287.00
  }, {
    "date" : "2025-08-22",
    "price" : 425.95,
    "dma50" : 433.31,
    "dma100" : 405.82,
    "dma200" : 392.76,
    "volume" : 78808.00
  }, {
    "date" : "2025-08-25",
    "price" : 424.53,
    "dma50" : 432.96,
    "dma100" : 406.75,
    "dma200" : 393.08,
    "volume" : 91101.00
  }, {
    "date" : "2025-08-26",
    "price" : 408.38,
    "dma50" : 432.00,
    "dma100" : 407.55,
    "dma200" : 393.23,
    "volume" : 103977.00
  }, {
    "date" : "2025-08-28",
    "price" : 421.40,
    "dma50" : 431.58,
    "dma100" : 408.52,
    "dma200" : 393.51,
    "volume" : 228692.00
  }, {
    "date" : "2025-08-29",
    "price" : 423.13,
    "dma50" : 431.25,
    "dma100" : 409.37,
    "dma200" : 393.81,
    "volume" : 105817.00
  }, {
    "date" : "2025-09-01",
    "price" : 425.23,
    "dma50" : 431.01,
    "dma100" : 410.47,
    "dma200" : 394.12,
    "volume" : 70670.00
  }, {
    "date" : "2025-09-02",
    "price" : 419.33,
    "dma50" : 430.56,
    "dma100" : 411.62,
    "dma200" : 394.37,
    "volume" : 74506.00
  }, {
    "date" : "2025-09-03",
    "price" : 422.23,
    "dma50" : 430.23,
    "dma100" : 412.63,
    "dma200" : 394.65,
    "volume" : 87670.00
  }, {
    "date" : "2025-09-04",
    "price" : 420.98,
    "dma50" : 429.87,
    "dma100" : 413.79,
    "dma200" : 394.91,
    "volume" : 109429.00
  }, {
    "date" : "2025-09-05",
    "price" : 422.35,
    "dma50" : 429.57,
    "dma100" : 414.81,
    "dma200" : 395.18,
    "volume" : 90938.00
  }, {
    "date" : "2025-09-08",
    "price" : 423.88,
    "dma50" : 429.35,
    "dma100" : 415.77,
    "dma200" : 395.47,
    "volume" : 94049.00
  }, {
    "date" : "2025-09-09",
    "price" : 414.68,
    "dma50" : 428.77,
    "dma100" : 416.61,
    "dma200" : 395.66,
    "volume" : 185777.00
  }, {
    "date" : "2025-09-10",
    "price" : 417.40,
    "dma50" : 428.33,
    "dma100" : 417.44,
    "dma200" : 395.88,
    "volume" : 232670.00
  }, {
    "date" : "2025-09-11",
    "price" : 418.33,
    "dma50" : 427.94,
    "dma100" : 418.33,
    "dma200" : 396.10,
    "volume" : 115581.00
  }, {
    "date" : "2025-09-12",
    "price" : 413.80,
    "dma50" : 427.38,
    "dma100" : 419.08,
    "dma200" : 396.28,
    "volume" : 189028.00
  }, {
    "date" : "2025-09-15",
    "price" : 412.38,
    "dma50" : 426.79,
    "dma100" : 419.80,
    "dma200" : 396.44,
    "volume" : 266249.00
  }, {
    "date" : "2025-09-16",
    "price" : 413.15,
    "dma50" : 426.26,
    "dma100" : 420.32,
    "dma200" : 396.60,
    "volume" : 109434.00
  }, {
    "date" : "2025-09-17",
    "price" : 410.65,
    "dma50" : 425.65,
    "dma100" : 421.02,
    "dma200" : 396.74,
    "volume" : 131728.00
  }, {
    "date" : "2025-09-18",
    "price" : 408.80,
    "dma50" : 424.99,
    "dma100" : 421.72,
    "dma200" : 396.86,
    "volume" : 75370.00
  }, {
    "date" : "2025-09-19",
    "price" : 412.50,
    "dma50" : 424.50,
    "dma100" : 422.53,
    "dma200" : 397.02,
    "volume" : 283776.00
  }, {
    "date" : "2025-09-22",
    "price" : 409.23,
    "dma50" : 423.90,
    "dma100" : 423.38,
    "dma200" : 397.14,
    "volume" : 277739.00
  }, {
    "date" : "2025-09-23",
    "price" : 412.43,
    "dma50" : 423.45,
    "dma100" : 424.36,
    "dma200" : 397.29,
    "volume" : 729844.00
  }, {
    "date" : "2025-09-24",
    "price" : 406.15,
    "dma50" : 422.77,
    "dma100" : 425.07,
    "dma200" : 397.38,
    "volume" : 215294.00
  }, {
    "date" : "2025-09-25",
    "price" : 396.35,
    "dma50" : 421.73,
    "dma100" : 425.86,
    "dma200" : 397.37,
    "volume" : 500862.00
  }, {
    "date" : "2025-09-26",
    "price" : 385.93,
    "dma50" : 420.33,
    "dma100" : 426.57,
    "dma200" : 397.26,
    "volume" : 266627.00
  }, {
    "date" : "2025-09-29",
    "price" : 383.65,
    "dma50" : 418.89,
    "dma100" : 427.23,
    "dma200" : 397.12,
    "volume" : 161664.00
  }, {
    "date" : "2025-09-30",
    "price" : 376.60,
    "dma50" : 417.23,
    "dma100" : 427.80,
    "dma200" : 396.92,
    "volume" : 398704.00
  }, {
    "date" : "2025-10-01",
    "price" : 389.38,
    "dma50" : 416.14,
    "dma100" : 428.44,
    "dma200" : 396.84,
    "volume" : 237798.00
  }, {
    "date" : "2025-10-03",
    "price" : 384.95,
    "dma50" : 414.92,
    "dma100" : 428.94,
    "dma200" : 396.72,
    "volume" : 249111.00
  }, {
    "date" : "2025-10-06",
    "price" : 377.45,
    "dma50" : 413.45,
    "dma100" : 429.24,
    "dma200" : 396.53,
    "volume" : 128479.00
  }, {
    "date" : "2025-10-07",
    "price" : 367.85,
    "dma50" : 411.66,
    "dma100" : 429.35,
    "dma200" : 396.25,
    "volume" : 308039.00
  }, {
    "date" : "2025-10-08",
    "price" : 357.15,
    "dma50" : 409.52,
    "dma100" : 429.38,
    "dma200" : 395.86,
    "volume" : 228021.00
  }, {
    "date" : "2025-10-09",
    "price" : 369.00,
    "dma50" : 407.93,
    "dma100" : 429.51,
    "dma200" : 395.59,
    "volume" : 626443.00
  }, {
    "date" : "2025-10-10",
    "price" : 366.80,
    "dma50" : 406.32,
    "dma100" : 429.66,
    "dma200" : 395.30,
    "volume" : 122119.00
  }, {
    "date" : "2025-10-13",
    "price" : 365.20,
    "dma50" : 404.71,
    "dma100" : 429.80,
    "dma200" : 395.00,
    "volume" : 117994.00
  }, {
    "date" : "2025-10-14",
    "price" : 353.00,
    "dma50" : 402.68,
    "dma100" : 429.65,
    "dma200" : 394.59,
    "volume" : 933655.00
  }, {
    "date" : "2025-10-15",
    "price" : 356.65,
    "dma50" : 400.87,
    "dma100" : 429.30,
    "dma200" : 394.21,
    "volume" : 516105.00
  }, {
    "date" : "2025-10-16",
    "price" : 357.20,
    "dma50" : 399.16,
    "dma100" : 428.42,
    "dma200" : 393.84,
    "volume" : 1069046.00
  }, {
    "date" : "2025-10-17",
    "price" : 356.00,
    "dma50" : 397.47,
    "dma100" : 427.61,
    "dma200" : 393.46,
    "volume" : 235366.00
  }, {
    "date" : "2025-10-20",
    "price" : 361.30,
    "dma50" : 396.05,
    "dma100" : 426.79,
    "dma200" : 393.14,
    "volume" : 203404.00
  }, {
    "date" : "2025-10-21",
    "price" : 369.15,
    "dma50" : 395.00,
    "dma100" : 426.02,
    "dma200" : 392.90,
    "volume" : 60992.00
  }, {
    "date" : "2025-10-23",
    "price" : 366.20,
    "dma50" : 393.87,
    "dma100" : 425.17,
    "dma200" : 392.64,
    "volume" : 260865.00
  }, {
    "date" : "2025-10-24",
    "price" : 363.60,
    "dma50" : 392.68,
    "dma100" : 424.38,
    "dma200" : 392.35,
    "volume" : 122671.00
  }, {
    "date" : "2025-10-27",
    "price" : 370.40,
    "dma50" : 391.81,
    "dma100" : 423.71,
    "dma200" : 392.13,
    "volume" : 159162.00
  }, {
    "date" : "2025-10-28",
    "price" : 361.10,
    "dma50" : 390.60,
    "dma100" : 422.90,
    "dma200" : 391.82,
    "volume" : 156515.00
  }, {
    "date" : "2025-10-29",
    "price" : 357.70,
    "dma50" : 389.31,
    "dma100" : 421.99,
    "dma200" : 391.48,
    "volume" : 165694.00
  }, {
    "date" : "2025-10-30",
    "price" : 360.90,
    "dma50" : 388.20,
    "dma100" : 421.02,
    "dma200" : 391.18,
    "volume" : 117960.00
  }, {
    "date" : "2025-10-31",
    "price" : 352.85,
    "dma50" : 386.81,
    "dma100" : 419.94,
    "dma200" : 390.80,
    "volume" : 159850.00
  }, {
    "date" : "2025-11-03",
    "price" : 367.20,
    "dma50" : 386.04,
    "dma100" : 418.85,
    "dma200" : 390.56,
    "volume" : 251513.00
  }, {
    "date" : "2025-11-04",
    "price" : 357.50,
    "dma50" : 384.92,
    "dma100" : 417.55,
    "dma200" : 390.23,
    "volume" : 227427.00
  }, {
    "date" : "2025-11-06",
    "price" : 368.70,
    "dma50" : 384.29,
    "dma100" : 416.42,
    "dma200" : 390.02,
    "volume" : 677472.00
  }, {
    "date" : "2025-11-07",
    "price" : 368.55,
    "dma50" : 383.67,
    "dma100" : 415.18,
    "dma200" : 389.81,
    "volume" : 224409.00
  }, {
    "date" : "2025-11-10",
    "price" : 382.70,
    "dma50" : 383.63,
    "dma100" : 414.09,
    "dma200" : 389.73,
    "volume" : 535162.00
  }, {
    "date" : "2025-11-11",
    "price" : 393.40,
    "dma50" : 384.01,
    "dma100" : 413.35,
    "dma200" : 389.77,
    "volume" : 430221.00
  }, {
    "date" : "2025-11-12",
    "price" : 399.90,
    "dma50" : 384.64,
    "dma100" : 412.76,
    "dma200" : 389.87,
    "volume" : 463385.00
  }, {
    "date" : "2025-11-13",
    "price" : 390.50,
    "dma50" : 384.87,
    "dma100" : 412.21,
    "dma200" : 389.88,
    "volume" : 1315471.00
  }, {
    "date" : "2025-11-14",
    "price" : 379.60,
    "dma50" : 384.66,
    "dma100" : 411.61,
    "dma200" : 389.78,
    "volume" : 339417.00
  }, {
    "date" : "2025-11-17",
    "price" : 374.85,
    "dma50" : 384.28,
    "dma100" : 410.95,
    "dma200" : 389.63,
    "volume" : 388994.00
  }, {
    "date" : "2025-11-18",
    "price" : 365.30,
    "dma50" : 383.53,
    "dma100" : 410.28,
    "dma200" : 389.39,
    "volume" : 192401.00
  }, {
    "date" : "2025-11-19",
    "price" : 362.55,
    "dma50" : 382.71,
    "dma100" : 409.62,
    "dma200" : 389.12,
    "volume" : 248690.00
  }, {
    "date" : "2025-11-20",
    "price" : 356.30,
    "dma50" : 381.67,
    "dma100" : 408.89,
    "dma200" : 388.79,
    "volume" : 117207.00
  }, {
    "date" : "2025-11-21",
    "price" : 350.60,
    "dma50" : 380.45,
    "dma100" : 408.08,
    "dma200" : 388.41,
    "volume" : 139592.00
  }, {
    "date" : "2025-11-24",
    "price" : 349.95,
    "dma50" : 379.26,
    "dma100" : 407.13,
    "dma200" : 388.03,
    "volume" : 702755.00
  }, {
    "date" : "2025-11-25",
    "price" : 350.85,
    "dma50" : 378.14,
    "dma100" : 406.26,
    "dma200" : 387.66,
    "volume" : 123373.00
  }, {
    "date" : "2025-11-26",
    "price" : 347.95,
    "dma50" : 376.96,
    "dma100" : 405.33,
    "dma200" : 387.26,
    "volume" : 311514.00
  }, {
    "date" : "2025-11-27",
    "price" : 350.15,
    "dma50" : 375.91,
    "dma100" : 404.38,
    "dma200" : 386.89,
    "volume" : 172277.00
  }, {
    "date" : "2025-11-28",
    "price" : 341.50,
    "dma50" : 374.56,
    "dma100" : 403.31,
    "dma200" : 386.44,
    "volume" : 186362.00
  }, {
    "date" : "2025-12-01",
    "price" : 348.55,
    "dma50" : 373.54,
    "dma100" : 402.35,
    "dma200" : 386.07,
    "volume" : 362271.00
  }, {
    "date" : "2025-12-02",
    "price" : 339.80,
    "dma50" : 372.22,
    "dma100" : 401.45,
    "dma200" : 385.61,
    "volume" : 165906.00
  }, {
    "date" : "2025-12-03",
    "price" : 334.95,
    "dma50" : 370.76,
    "dma100" : 400.56,
    "dma200" : 385.10,
    "volume" : 108621.00
  }, {
    "date" : "2025-12-04",
    "price" : 333.45,
    "dma50" : 369.29,
    "dma100" : 399.54,
    "dma200" : 384.59,
    "volume" : 73603.00
  }, {
    "date" : "2025-12-05",
    "price" : 331.65,
    "dma50" : 367.82,
    "dma100" : 398.37,
    "dma200" : 384.06,
    "volume" : 106194.00
  }, {
    "date" : "2025-12-08",
    "price" : 323.50,
    "dma50" : 366.08,
    "dma100" : 397.08,
    "dma200" : 383.46,
    "volume" : 263728.00
  }, {
    "date" : "2025-12-09",
    "price" : 333.75,
    "dma50" : 364.81,
    "dma100" : 395.95,
    "dma200" : 382.96,
    "volume" : 254995.00
  }, {
    "date" : "2025-12-10",
    "price" : 331.75,
    "dma50" : 363.51,
    "dma100" : 394.61,
    "dma200" : 382.45,
    "volume" : 129822.00
  }, {
    "date" : "2025-12-11",
    "price" : 327.50,
    "dma50" : 362.10,
    "dma100" : 393.27,
    "dma200" : 381.91,
    "volume" : 155466.00
  }, {
    "date" : "2025-12-12",
    "price" : 331.15,
    "dma50" : 360.89,
    "dma100" : 392.00,
    "dma200" : 381.40,
    "volume" : 644786.00
  }, {
    "date" : "2025-12-15",
    "price" : 323.75,
    "dma50" : 359.43,
    "dma100" : 390.64,
    "dma200" : 380.83,
    "volume" : 334200.00
  }, {
    "date" : "2025-12-16",
    "price" : 325.10,
    "dma50" : 358.09,
    "dma100" : 389.31,
    "dma200" : 380.27,
    "volume" : 294665.00
  }, {
    "date" : "2025-12-17",
    "price" : 324.45,
    "dma50" : 356.77,
    "dma100" : 387.98,
    "dma200" : 379.72,
    "volume" : 236813.00
  }, {
    "date" : "2025-12-18",
    "price" : 320.75,
    "dma50" : 355.35,
    "dma100" : 386.68,
    "dma200" : 379.13,
    "volume" : 104203.00
  }, {
    "date" : "2025-12-19",
    "price" : 324.75,
    "dma50" : 354.15,
    "dma100" : 385.37,
    "dma200" : 378.59,
    "volume" : 223259.00
  }, {
    "date" : "2025-12-22",
    "price" : 330.40,
    "dma50" : 353.22,
    "dma100" : 384.25,
    "dma200" : 378.11,
    "volume" : 314098.00
  }, {
    "date" : "2025-12-23",
    "price" : 324.20,
    "dma50" : 352.08,
    "dma100" : 383.00,
    "dma200" : 377.57,
    "volume" : 112269.00
  }, {
    "date" : "2025-12-24",
    "price" : 318.80,
    "dma50" : 350.78,
    "dma100" : 381.59,
    "dma200" : 376.99,
    "volume" : 182152.00
  }, {
    "date" : "2025-12-26",
    "price" : 321.25,
    "dma50" : 349.62,
    "dma100" : 380.36,
    "dma200" : 376.44,
    "volume" : 225446.00
  }, {
    "date" : "2025-12-29",
    "price" : 320.10,
    "dma50" : 348.46,
    "dma100" : 379.28,
    "dma200" : 375.87,
    "volume" : 161272.00
  }, {
    "date" : "2025-12-30",
    "price" : 315.60,
    "dma50" : 347.17,
    "dma100" : 378.18,
    "dma200" : 375.28,
    "volume" : 257382.00
  }, {
    "date" : "2025-12-31",
    "price" : 321.15,
    "dma50" : 346.15,
    "dma100" : 377.08,
    "dma200" : 374.74,
    "volume" : 266976.00
  }, {
    "date" : "2026-01-01",
    "price" : 315.85,
    "dma50" : 344.97,
    "dma100" : 376.13,
    "dma200" : 374.15,
    "volume" : 203454.00
  }, {
    "date" : "2026-01-02",
    "price" : 319.80,
    "dma50" : 343.98,
    "dma100" : 375.22,
    "dma200" : 373.61,
    "volume" : 178604.00
  }, {
    "date" : "2026-01-05",
    "price" : 317.00,
    "dma50" : 342.92,
    "dma100" : 374.23,
    "dma200" : 373.05,
    "volume" : 202560.00
  }, {
    "date" : "2026-01-06",
    "price" : 318.30,
    "dma50" : 341.95,
    "dma100" : 373.05,
    "dma200" : 372.50,
    "volume" : 120747.00
  }, {
    "date" : "2026-01-07",
    "price" : 318.15,
    "dma50" : 341.02,
    "dma100" : 371.88,
    "dma200" : 371.96,
    "volume" : 120912.00
  }, {
    "date" : "2026-01-08",
    "price" : 305.70,
    "dma50" : 339.64,
    "dma100" : 370.41,
    "dma200" : 371.30,
    "volume" : 197748.00
  }, {
    "date" : "2026-01-09",
    "price" : 301.65,
    "dma50" : 338.15,
    "dma100" : 368.88,
    "dma200" : 370.61,
    "volume" : 466576.00
  }, {
    "date" : "2026-01-12",
    "price" : 297.65,
    "dma50" : 336.56,
    "dma100" : 367.44,
    "dma200" : 369.88,
    "volume" : 182594.00
  }, {
    "date" : "2026-01-13",
    "price" : 294.90,
    "dma50" : 334.92,
    "dma100" : 366.05,
    "dma200" : 369.14,
    "volume" : 130191.00
  }, {
    "date" : "2026-01-14",
    "price" : 294.15,
    "dma50" : 333.33,
    "dma100" : 364.71,
    "dma200" : 368.39,
    "volume" : 137268.00
  }, {
    "date" : "2026-01-16",
    "price" : 291.80,
    "dma50" : 331.70,
    "dma100" : 363.33,
    "dma200" : 367.63,
    "volume" : 251187.00
  }, {
    "date" : "2026-01-19",
    "price" : 289.85,
    "dma50" : 330.06,
    "dma100" : 361.96,
    "dma200" : 366.85,
    "volume" : 141341.00
  }, {
    "date" : "2026-01-20",
    "price" : 279.20,
    "dma50" : 328.06,
    "dma100" : 360.51,
    "dma200" : 365.98,
    "volume" : 213459.00
  }, {
    "date" : "2026-01-21",
    "price" : 272.15,
    "dma50" : 325.87,
    "dma100" : 359.15,
    "dma200" : 365.05,
    "volume" : 511336.00
  }, {
    "date" : "2026-01-22",
    "price" : 270.10,
    "dma50" : 323.68,
    "dma100" : 357.64,
    "dma200" : 364.10,
    "volume" : 399246.00
  }, {
    "date" : "2026-01-23",
    "price" : 267.00,
    "dma50" : 321.46,
    "dma100" : 356.08,
    "dma200" : 363.14,
    "volume" : 250171.00
  }, {
    "date" : "2026-01-27",
    "price" : 268.35,
    "dma50" : 319.38,
    "dma100" : 354.51,
    "dma200" : 362.19,
    "volume" : 237726.00
  }, {
    "date" : "2026-01-28",
    "price" : 273.70,
    "dma50" : 317.59,
    "dma100" : 353.05,
    "dma200" : 361.31,
    "volume" : 645519.00
  }, {
    "date" : "2026-01-29",
    "price" : 269.95,
    "dma50" : 315.72,
    "dma100" : 351.53,
    "dma200" : 360.40,
    "volume" : 173874.00
  }, {
    "date" : "2026-01-30",
    "price" : 288.95,
    "dma50" : 314.67,
    "dma100" : 350.21,
    "dma200" : 359.69,
    "volume" : 716143.00
  }, {
    "date" : "2026-02-01",
    "price" : 288.10,
    "dma50" : 313.63,
    "dma100" : 348.86,
    "dma200" : 358.98,
    "volume" : 5870854.00
  }, {
    "date" : "2026-02-02",
    "price" : 287.45,
    "dma50" : 312.60,
    "dma100" : 347.50,
    "dma200" : 358.27,
    "volume" : 448246.00
  }, {
    "date" : "2026-02-03",
    "price" : 299.95,
    "dma50" : 312.10,
    "dma100" : 346.35,
    "dma200" : 357.69,
    "volume" : 521705.00
  }, {
    "date" : "2026-02-04",
    "price" : 313.10,
    "dma50" : 312.14,
    "dma100" : 345.31,
    "dma200" : 357.25,
    "volume" : 288223.00
  }, {
    "date" : "2026-02-05",
    "price" : 315.90,
    "dma50" : 312.29,
    "dma100" : 344.29,
    "dma200" : 356.83,
    "volume" : 180856.00
  }, {
    "date" : "2026-02-06",
    "price" : 315.90,
    "dma50" : 312.43,
    "dma100" : 343.31,
    "dma200" : 356.43,
    "volume" : 2188761.00
  }, {
    "date" : "2026-02-09",
    "price" : 332.60,
    "dma50" : 313.22,
    "dma100" : 342.51,
    "dma200" : 356.19,
    "volume" : 2730293.00
  }, {
    "date" : "2026-02-10",
    "price" : 339.70,
    "dma50" : 314.26,
    "dma100" : 341.77,
    "dma200" : 356.03,
    "volume" : 1131395.00
  }, {
    "date" : "2026-02-11",
    "price" : 331.50,
    "dma50" : 314.94,
    "dma100" : 340.98,
    "dma200" : 355.78,
    "volume" : 245363.00
  }, {
    "date" : "2026-02-12",
    "price" : 323.15,
    "dma50" : 315.26,
    "dma100" : 340.13,
    "dma200" : 355.46,
    "volume" : 163270.00
  }, {
    "date" : "2026-02-13",
    "price" : 326.80,
    "dma50" : 315.71,
    "dma100" : 339.27,
    "dma200" : 355.17,
    "volume" : 479546.00
  } ],
  "latestTechnicalAttributes" : {
    "date" : "2026-02-13",
    "price" : 326.80,
    "dma50" : 315.71,
    "dma100" : 339.27,
    "dma200" : 355.17,
    "volume" : 479546.00
  },
  "quarterlyResults" : [ {
    "date" : "2005-03-31",
    "sales" : 10.96,
    "salesGrowthYoY" : null,
    "grossProfitMargin" : 26.46,
    "grossProfit" : 2.90,
    "operatingProfitMargin" : 11.04,
    "operatingProfit" : 1.21,
    "netProfitMargin" : 0.91,
    "netProfit" : 0.10
  }, {
    "date" : "2005-06-30",
    "sales" : 8.76,
    "salesGrowthYoY" : null,
    "grossProfitMargin" : 32.53,
    "grossProfit" : 2.85,
    "operatingProfitMargin" : 19.29,
    "operatingProfit" : 1.69,
    "netProfitMargin" : 14.84,
    "netProfit" : 1.30
  }, {
    "date" : "2005-09-30",
    "sales" : 11.74,
    "salesGrowthYoY" : null,
    "grossProfitMargin" : 31.35,
    "grossProfit" : 3.68,
    "operatingProfitMargin" : 20.27,
    "operatingProfit" : 2.38,
    "netProfitMargin" : 12.35,
    "netProfit" : 1.45
  }, {
    "date" : "2005-12-31",
    "sales" : 10.83,
    "salesGrowthYoY" : null,
    "grossProfitMargin" : 26.13,
    "grossProfit" : 2.83,
    "operatingProfitMargin" : 11.82,
    "operatingProfit" : 1.28,
    "netProfitMargin" : 7.02,
    "netProfit" : 0.76
  }, {
    "date" : "2006-03-31",
    "sales" : 16.30,
    "salesGrowthYoY" : 48.72,
    "grossProfitMargin" : 25.03,
    "grossProfit" : 4.08,
    "operatingProfitMargin" : 10.37,
    "operatingProfit" : 1.69,
    "netProfitMargin" : 4.66,
    "netProfit" : 0.76
  }, {
    "date" : "2006-06-30",
    "sales" : 16.40,
    "salesGrowthYoY" : 87.21,
    "grossProfitMargin" : 26.10,
    "grossProfit" : 4.28,
    "operatingProfitMargin" : 14.45,
    "operatingProfit" : 2.37,
    "netProfitMargin" : 11.10,
    "netProfit" : 1.82
  }, {
    "date" : "2006-09-30",
    "sales" : 17.56,
    "salesGrowthYoY" : 49.57,
    "grossProfitMargin" : 28.82,
    "grossProfit" : 5.06,
    "operatingProfitMargin" : 15.15,
    "operatingProfit" : 2.66,
    "netProfitMargin" : 10.42,
    "netProfit" : 1.83
  }, {
    "date" : "2006-12-31",
    "sales" : 16.61,
    "salesGrowthYoY" : 53.37,
    "grossProfitMargin" : 26.31,
    "grossProfit" : 4.37,
    "operatingProfitMargin" : 13.85,
    "operatingProfit" : 2.30,
    "netProfitMargin" : 11.74,
    "netProfit" : 1.95
  }, {
    "date" : "2007-03-31",
    "sales" : 16.84,
    "salesGrowthYoY" : 3.31,
    "grossProfitMargin" : 26.19,
    "grossProfit" : 4.41,
    "operatingProfitMargin" : 14.85,
    "operatingProfit" : 2.50,
    "netProfitMargin" : 8.43,
    "netProfit" : 1.42
  }, {
    "date" : "2007-06-30",
    "sales" : 17.58,
    "salesGrowthYoY" : 7.20,
    "grossProfitMargin" : 34.64,
    "grossProfit" : 6.09,
    "operatingProfitMargin" : 20.82,
    "operatingProfit" : 3.66,
    "netProfitMargin" : 14.51,
    "netProfit" : 2.55
  }, {
    "date" : "2007-09-30",
    "sales" : 21.89,
    "salesGrowthYoY" : 24.66,
    "grossProfitMargin" : 30.65,
    "grossProfit" : 6.71,
    "operatingProfitMargin" : 15.62,
    "operatingProfit" : 3.42,
    "netProfitMargin" : 13.16,
    "netProfit" : 2.88
  }, {
    "date" : "2007-12-31",
    "sales" : 24.57,
    "salesGrowthYoY" : 47.92,
    "grossProfitMargin" : 33.09,
    "grossProfit" : 8.13,
    "operatingProfitMargin" : 22.22,
    "operatingProfit" : 5.46,
    "netProfitMargin" : 12.49,
    "netProfit" : 3.07
  }, {
    "date" : "2008-03-31",
    "sales" : 32.06,
    "salesGrowthYoY" : 90.38,
    "grossProfitMargin" : 30.79,
    "grossProfit" : 9.87,
    "operatingProfitMargin" : 21.43,
    "operatingProfit" : 6.87,
    "netProfitMargin" : 13.16,
    "netProfit" : 4.22
  }, {
    "date" : "2008-06-30",
    "sales" : 30.00,
    "salesGrowthYoY" : 70.65,
    "grossProfitMargin" : 35.90,
    "grossProfit" : 10.77,
    "operatingProfitMargin" : 24.57,
    "operatingProfit" : 7.37,
    "netProfitMargin" : 8.37,
    "netProfit" : 2.51
  }, {
    "date" : "2008-09-30",
    "sales" : 38.17,
    "salesGrowthYoY" : 74.37,
    "grossProfitMargin" : 35.68,
    "grossProfit" : 13.62,
    "operatingProfitMargin" : 16.77,
    "operatingProfit" : 6.40,
    "netProfitMargin" : 2.83,
    "netProfit" : 1.08
  }, {
    "date" : "2008-12-31",
    "sales" : 28.36,
    "salesGrowthYoY" : 15.43,
    "grossProfitMargin" : 40.16,
    "grossProfit" : 11.39,
    "operatingProfitMargin" : 27.50,
    "operatingProfit" : 7.80,
    "netProfitMargin" : 10.58,
    "netProfit" : 3.00
  }, {
    "date" : "2009-03-31",
    "sales" : 39.42,
    "salesGrowthYoY" : 22.96,
    "grossProfitMargin" : 41.48,
    "grossProfit" : 16.35,
    "operatingProfitMargin" : 26.23,
    "operatingProfit" : 10.34,
    "netProfitMargin" : 9.06,
    "netProfit" : 3.57
  }, {
    "date" : "2009-06-30",
    "sales" : 48.08,
    "salesGrowthYoY" : 60.27,
    "grossProfitMargin" : 44.59,
    "grossProfit" : 21.44,
    "operatingProfitMargin" : 38.37,
    "operatingProfit" : 18.45,
    "netProfitMargin" : 22.57,
    "netProfit" : 10.85
  }, {
    "date" : "2009-09-30",
    "sales" : 59.71,
    "salesGrowthYoY" : 56.43,
    "grossProfitMargin" : 42.05,
    "grossProfit" : 25.11,
    "operatingProfitMargin" : 34.40,
    "operatingProfit" : 20.54,
    "netProfitMargin" : 21.15,
    "netProfit" : 12.63
  }, {
    "date" : "2009-12-31",
    "sales" : 65.61,
    "salesGrowthYoY" : 131.35,
    "grossProfitMargin" : 44.08,
    "grossProfit" : 28.92,
    "operatingProfitMargin" : 34.93,
    "operatingProfit" : 22.92,
    "netProfitMargin" : 20.29,
    "netProfit" : 13.31
  }, {
    "date" : "2010-03-31",
    "sales" : 61.06,
    "salesGrowthYoY" : 54.90,
    "grossProfitMargin" : 51.02,
    "grossProfit" : 31.15,
    "operatingProfitMargin" : 31.53,
    "operatingProfit" : 19.25,
    "netProfitMargin" : 17.54,
    "netProfit" : 10.71
  }, {
    "date" : "2010-06-30",
    "sales" : 64.61,
    "salesGrowthYoY" : 34.38,
    "grossProfitMargin" : 45.92,
    "grossProfit" : 29.67,
    "operatingProfitMargin" : 32.33,
    "operatingProfit" : 20.89,
    "netProfitMargin" : 19.33,
    "netProfit" : 12.49
  }, {
    "date" : "2010-09-30",
    "sales" : 63.75,
    "salesGrowthYoY" : 6.77,
    "grossProfitMargin" : 39.80,
    "grossProfit" : 25.37,
    "operatingProfitMargin" : 32.45,
    "operatingProfit" : 20.69,
    "netProfitMargin" : 21.08,
    "netProfit" : 13.44
  }, {
    "date" : "2010-12-31",
    "sales" : 58.19,
    "salesGrowthYoY" : -11.31,
    "grossProfitMargin" : 35.83,
    "grossProfit" : 20.85,
    "operatingProfitMargin" : 23.60,
    "operatingProfit" : 13.73,
    "netProfitMargin" : 17.84,
    "netProfit" : 10.38
  }, {
    "date" : "2011-03-31",
    "sales" : 70.94,
    "salesGrowthYoY" : 16.18,
    "grossProfitMargin" : 38.79,
    "grossProfit" : 27.52,
    "operatingProfitMargin" : 24.82,
    "operatingProfit" : 17.61,
    "netProfitMargin" : 18.96,
    "netProfit" : 13.45
  }, {
    "date" : "2011-06-30",
    "sales" : 60.83,
    "salesGrowthYoY" : -5.85,
    "grossProfitMargin" : 39.55,
    "grossProfit" : 24.06,
    "operatingProfitMargin" : 26.01,
    "operatingProfit" : 15.82,
    "netProfitMargin" : 17.61,
    "netProfit" : 10.71
  }, {
    "date" : "2011-09-30",
    "sales" : 62.78,
    "salesGrowthYoY" : -1.52,
    "grossProfitMargin" : 40.08,
    "grossProfit" : 25.16,
    "operatingProfitMargin" : 18.88,
    "operatingProfit" : 11.85,
    "netProfitMargin" : 13.33,
    "netProfit" : 8.37
  }, {
    "date" : "2011-12-31",
    "sales" : 73.35,
    "salesGrowthYoY" : 26.05,
    "grossProfitMargin" : 34.87,
    "grossProfit" : 25.58,
    "operatingProfitMargin" : 13.95,
    "operatingProfit" : 10.23,
    "netProfitMargin" : 10.36,
    "netProfit" : 7.60
  }, {
    "date" : "2012-03-31",
    "sales" : 81.87,
    "salesGrowthYoY" : 15.41,
    "grossProfitMargin" : 35.92,
    "grossProfit" : 29.41,
    "operatingProfitMargin" : 22.45,
    "operatingProfit" : 18.38,
    "netProfitMargin" : 19.37,
    "netProfit" : 15.86
  }, {
    "date" : "2012-06-30",
    "sales" : 76.62,
    "salesGrowthYoY" : 25.96,
    "grossProfitMargin" : 40.02,
    "grossProfit" : 30.66,
    "operatingProfitMargin" : 18.89,
    "operatingProfit" : 14.47,
    "netProfitMargin" : 12.19,
    "netProfit" : 9.34
  }, {
    "date" : "2012-09-30",
    "sales" : 80.73,
    "salesGrowthYoY" : 28.59,
    "grossProfitMargin" : 36.15,
    "grossProfit" : 29.18,
    "operatingProfitMargin" : 22.64,
    "operatingProfit" : 18.28,
    "netProfitMargin" : 15.50,
    "netProfit" : 12.51
  }, {
    "date" : "2012-12-31",
    "sales" : 83.96,
    "salesGrowthYoY" : 14.46,
    "grossProfitMargin" : 36.61,
    "grossProfit" : 30.74,
    "operatingProfitMargin" : 17.04,
    "operatingProfit" : 14.31,
    "netProfitMargin" : 13.08,
    "netProfit" : 10.98
  }, {
    "date" : "2013-03-31",
    "sales" : 86.88,
    "salesGrowthYoY" : 6.12,
    "grossProfitMargin" : 37.03,
    "grossProfit" : 32.17,
    "operatingProfitMargin" : 20.43,
    "operatingProfit" : 17.75,
    "netProfitMargin" : 15.22,
    "netProfit" : 13.22
  }, {
    "date" : "2013-06-30",
    "sales" : 102.91,
    "salesGrowthYoY" : 34.31,
    "grossProfitMargin" : 45.25,
    "grossProfit" : 46.57,
    "operatingProfitMargin" : 20.14,
    "operatingProfit" : 20.73,
    "netProfitMargin" : 16.36,
    "netProfit" : 16.84
  }, {
    "date" : "2013-09-30",
    "sales" : 127.61,
    "salesGrowthYoY" : 58.07,
    "grossProfitMargin" : 44.15,
    "grossProfit" : 56.34,
    "operatingProfitMargin" : 21.71,
    "operatingProfit" : 27.70,
    "netProfitMargin" : 13.82,
    "netProfit" : 17.64
  }, {
    "date" : "2013-12-31",
    "sales" : 140.46,
    "salesGrowthYoY" : 67.29,
    "grossProfitMargin" : 42.08,
    "grossProfit" : 59.11,
    "operatingProfitMargin" : 24.13,
    "operatingProfit" : 33.89,
    "netProfitMargin" : 16.43,
    "netProfit" : 23.08
  }, {
    "date" : "2014-03-31",
    "sales" : 156.38,
    "salesGrowthYoY" : 80.00,
    "grossProfitMargin" : 37.95,
    "grossProfit" : 59.35,
    "operatingProfitMargin" : 22.62,
    "operatingProfit" : 35.37,
    "netProfitMargin" : 14.91,
    "netProfit" : 23.32
  }, {
    "date" : "2014-06-30",
    "sales" : 126.73,
    "salesGrowthYoY" : 23.15,
    "grossProfitMargin" : 42.48,
    "grossProfit" : 53.83,
    "operatingProfitMargin" : 24.23,
    "operatingProfit" : 30.71,
    "netProfitMargin" : 15.02,
    "netProfit" : 19.03
  }, {
    "date" : "2014-09-30",
    "sales" : 143.35,
    "salesGrowthYoY" : 12.33,
    "grossProfitMargin" : 41.60,
    "grossProfit" : 59.63,
    "operatingProfitMargin" : 21.97,
    "operatingProfit" : 31.49,
    "netProfitMargin" : 15.40,
    "netProfit" : 22.08
  }, {
    "date" : "2014-12-31",
    "sales" : 145.22,
    "salesGrowthYoY" : 3.39,
    "grossProfitMargin" : 44.71,
    "grossProfit" : 64.93,
    "operatingProfitMargin" : 24.65,
    "operatingProfit" : 35.80,
    "netProfitMargin" : 13.44,
    "netProfit" : 19.52
  }, {
    "date" : "2015-03-31",
    "sales" : 150.10,
    "salesGrowthYoY" : -4.02,
    "grossProfitMargin" : 50.75,
    "grossProfit" : 76.18,
    "operatingProfitMargin" : 25.67,
    "operatingProfit" : 38.53,
    "netProfitMargin" : 15.68,
    "netProfit" : 23.54
  }, {
    "date" : "2015-06-30",
    "sales" : 145.96,
    "salesGrowthYoY" : 15.17,
    "grossProfitMargin" : 45.55,
    "grossProfit" : 66.48,
    "operatingProfitMargin" : 23.77,
    "operatingProfit" : 34.69,
    "netProfitMargin" : 15.16,
    "netProfit" : 22.13
  }, {
    "date" : "2015-09-30",
    "sales" : 163.42,
    "salesGrowthYoY" : 14.00,
    "grossProfitMargin" : 47.20,
    "grossProfit" : 77.13,
    "operatingProfitMargin" : 24.62,
    "operatingProfit" : 40.23,
    "netProfitMargin" : 16.53,
    "netProfit" : 27.01
  }, {
    "date" : "2015-12-31",
    "sales" : 190.34,
    "salesGrowthYoY" : 31.07,
    "grossProfitMargin" : 43.78,
    "grossProfit" : 83.33,
    "operatingProfitMargin" : 22.64,
    "operatingProfit" : 43.09,
    "netProfitMargin" : 16.88,
    "netProfit" : 32.13
  }, {
    "date" : "2016-03-31",
    "sales" : 179.55,
    "salesGrowthYoY" : 19.62,
    "grossProfitMargin" : 50.45,
    "grossProfit" : 90.58,
    "operatingProfitMargin" : 27.01,
    "operatingProfit" : 48.50,
    "netProfitMargin" : 18.93,
    "netProfit" : 33.99
  }, {
    "date" : "2016-06-30",
    "sales" : 158.29,
    "salesGrowthYoY" : 8.45,
    "grossProfitMargin" : 46.26,
    "grossProfit" : 73.22,
    "operatingProfitMargin" : 22.67,
    "operatingProfit" : 35.88,
    "netProfitMargin" : 15.22,
    "netProfit" : 24.09
  }, {
    "date" : "2016-09-30",
    "sales" : 194.11,
    "salesGrowthYoY" : 18.78,
    "grossProfitMargin" : 45.74,
    "grossProfit" : 88.79,
    "operatingProfitMargin" : 25.19,
    "operatingProfit" : 48.90,
    "netProfitMargin" : 17.10,
    "netProfit" : 33.19
  }, {
    "date" : "2016-12-31",
    "sales" : 174.41,
    "salesGrowthYoY" : -8.37,
    "grossProfitMargin" : 50.77,
    "grossProfit" : 88.55,
    "operatingProfitMargin" : 23.65,
    "operatingProfit" : 41.25,
    "netProfitMargin" : 15.68,
    "netProfit" : 27.35
  }, {
    "date" : "2017-03-31",
    "sales" : 206.60,
    "salesGrowthYoY" : 15.07,
    "grossProfitMargin" : 55.21,
    "grossProfit" : 114.06,
    "operatingProfitMargin" : 28.40,
    "operatingProfit" : 58.67,
    "netProfitMargin" : 22.95,
    "netProfit" : 47.41
  }, {
    "date" : "2017-06-30",
    "sales" : 158.13,
    "salesGrowthYoY" : -0.10,
    "grossProfitMargin" : 53.27,
    "grossProfit" : 84.24,
    "operatingProfitMargin" : 24.10,
    "operatingProfit" : 38.11,
    "netProfitMargin" : 16.08,
    "netProfit" : 25.43
  }, {
    "date" : "2017-09-30",
    "sales" : 193.86,
    "salesGrowthYoY" : -0.13,
    "grossProfitMargin" : 57.57,
    "grossProfit" : 111.61,
    "operatingProfitMargin" : 32.35,
    "operatingProfit" : 62.71,
    "netProfitMargin" : 24.86,
    "netProfit" : 48.19
  }, {
    "date" : "2017-12-31",
    "sales" : 173.24,
    "salesGrowthYoY" : -0.67,
    "grossProfitMargin" : 49.27,
    "grossProfit" : 85.36,
    "operatingProfitMargin" : 19.40,
    "operatingProfit" : 33.61,
    "netProfitMargin" : 13.96,
    "netProfit" : 24.18
  }, {
    "date" : "2018-03-31",
    "sales" : 217.02,
    "salesGrowthYoY" : 5.04,
    "grossProfitMargin" : 49.72,
    "grossProfit" : 107.90,
    "operatingProfitMargin" : 21.32,
    "operatingProfit" : 46.27,
    "netProfitMargin" : 16.00,
    "netProfit" : 34.72
  }, {
    "date" : "2018-06-30",
    "sales" : 180.18,
    "salesGrowthYoY" : 13.94,
    "grossProfitMargin" : 64.60,
    "grossProfit" : 116.40,
    "operatingProfitMargin" : 31.96,
    "operatingProfit" : 57.59,
    "netProfitMargin" : 23.70,
    "netProfit" : 42.70
  }, {
    "date" : "2018-09-30",
    "sales" : 155.51,
    "salesGrowthYoY" : -19.78,
    "grossProfitMargin" : 71.88,
    "grossProfit" : 111.78,
    "operatingProfitMargin" : 31.05,
    "operatingProfit" : 48.29,
    "netProfitMargin" : 21.55,
    "netProfit" : 33.51
  }, {
    "date" : "2018-12-31",
    "sales" : 157.17,
    "salesGrowthYoY" : -9.28,
    "grossProfitMargin" : 59.27,
    "grossProfit" : 93.15,
    "operatingProfitMargin" : 18.58,
    "operatingProfit" : 29.20,
    "netProfitMargin" : 12.59,
    "netProfit" : 19.79
  }, {
    "date" : "2019-03-31",
    "sales" : 171.02,
    "salesGrowthYoY" : -21.20,
    "grossProfitMargin" : 62.96,
    "grossProfit" : 107.67,
    "operatingProfitMargin" : 23.03,
    "operatingProfit" : 39.39,
    "netProfitMargin" : 12.84,
    "netProfit" : 21.96
  }, {
    "date" : "2019-06-30",
    "sales" : 154.56,
    "salesGrowthYoY" : -14.22,
    "grossProfitMargin" : 65.91,
    "grossProfit" : 101.87,
    "operatingProfitMargin" : 25.78,
    "operatingProfit" : 39.85,
    "netProfitMargin" : 16.89,
    "netProfit" : 26.11
  }, {
    "date" : "2019-09-30",
    "sales" : 236.53,
    "salesGrowthYoY" : 52.10,
    "grossProfitMargin" : 62.68,
    "grossProfit" : 148.26,
    "operatingProfitMargin" : 30.80,
    "operatingProfit" : 72.85,
    "netProfitMargin" : 22.45,
    "netProfit" : 53.10
  }, {
    "date" : "2019-12-31",
    "sales" : 216.93,
    "salesGrowthYoY" : 38.02,
    "grossProfitMargin" : 73.20,
    "grossProfit" : 158.79,
    "operatingProfitMargin" : 35.34,
    "operatingProfit" : 76.66,
    "netProfitMargin" : 26.10,
    "netProfit" : 56.62
  }, {
    "date" : "2020-03-31",
    "sales" : 197.93,
    "salesGrowthYoY" : 15.74,
    "grossProfitMargin" : 66.42,
    "grossProfit" : 131.47,
    "operatingProfitMargin" : 24.90,
    "operatingProfit" : 49.28,
    "netProfitMargin" : 30.81,
    "netProfit" : 60.98
  }, {
    "date" : "2020-06-30",
    "sales" : 216.64,
    "salesGrowthYoY" : 40.17,
    "grossProfitMargin" : 69.86,
    "grossProfit" : 151.34,
    "operatingProfitMargin" : 35.82,
    "operatingProfit" : 77.60,
    "netProfitMargin" : 22.18,
    "netProfit" : 48.05
  }, {
    "date" : "2020-09-30",
    "sales" : 262.68,
    "salesGrowthYoY" : 11.06,
    "grossProfitMargin" : 63.13,
    "grossProfit" : 165.83,
    "operatingProfitMargin" : 30.98,
    "operatingProfit" : 81.38,
    "netProfitMargin" : 20.85,
    "netProfit" : 54.77
  }, {
    "date" : "2020-12-31",
    "sales" : 171.30,
    "salesGrowthYoY" : -21.03,
    "grossProfitMargin" : 65.88,
    "grossProfit" : 112.85,
    "operatingProfitMargin" : 17.92,
    "operatingProfit" : 30.70,
    "netProfitMargin" : 9.85,
    "netProfit" : 16.87
  }, {
    "date" : "2021-03-31",
    "sales" : 55.87,
    "salesGrowthYoY" : -71.77,
    "grossProfitMargin" : 77.14,
    "grossProfit" : 43.10,
    "operatingProfitMargin" : -13.39,
    "operatingProfit" : -7.48,
    "netProfitMargin" : 47.59,
    "netProfit" : 26.59
  }, {
    "date" : "2021-06-30",
    "sales" : 105.26,
    "salesGrowthYoY" : -51.41,
    "grossProfitMargin" : 69.32,
    "grossProfit" : 72.97,
    "operatingProfitMargin" : 11.96,
    "operatingProfit" : 12.59,
    "netProfitMargin" : 23.89,
    "netProfit" : 25.15
  }, {
    "date" : "2021-09-30",
    "sales" : 285.87,
    "salesGrowthYoY" : 8.83,
    "grossProfitMargin" : 65.65,
    "grossProfit" : 187.67,
    "operatingProfitMargin" : 22.36,
    "operatingProfit" : 63.92,
    "netProfitMargin" : 13.03,
    "netProfit" : 37.25
  }, {
    "date" : "2021-12-31",
    "sales" : 87.57,
    "salesGrowthYoY" : -48.88,
    "grossProfitMargin" : 84.83,
    "grossProfit" : 74.29,
    "operatingProfitMargin" : 8.59,
    "operatingProfit" : 7.52,
    "netProfitMargin" : 7.69,
    "netProfit" : 6.73
  }, {
    "date" : "2022-03-31",
    "sales" : 72.87,
    "salesGrowthYoY" : 30.43,
    "grossProfitMargin" : 85.49,
    "grossProfit" : 62.30,
    "operatingProfitMargin" : -2.11,
    "operatingProfit" : -1.54,
    "netProfitMargin" : 48.77,
    "netProfit" : 35.54
  }, {
    "date" : "2022-06-30",
    "sales" : 60.83,
    "salesGrowthYoY" : -42.21,
    "grossProfitMargin" : 84.35,
    "grossProfit" : 51.31,
    "operatingProfitMargin" : 7.41,
    "operatingProfit" : 4.51,
    "netProfitMargin" : 6.33,
    "netProfit" : 3.85
  }, {
    "date" : "2022-09-30",
    "sales" : 68.73,
    "salesGrowthYoY" : -75.96,
    "grossProfitMargin" : 52.36,
    "grossProfit" : 35.99,
    "operatingProfitMargin" : -35.62,
    "operatingProfit" : -24.48,
    "netProfitMargin" : -27.63,
    "netProfit" : -18.99
  }, {
    "date" : "2022-12-31",
    "sales" : 51.64,
    "salesGrowthYoY" : -41.03,
    "grossProfitMargin" : 71.75,
    "grossProfit" : 37.05,
    "operatingProfitMargin" : -19.87,
    "operatingProfit" : -10.26,
    "netProfitMargin" : -9.28,
    "netProfit" : -4.79
  }, {
    "date" : "2023-03-31",
    "sales" : 66.50,
    "salesGrowthYoY" : -8.74,
    "grossProfitMargin" : 61.88,
    "grossProfit" : 41.15,
    "operatingProfitMargin" : -20.71,
    "operatingProfit" : -13.77,
    "netProfitMargin" : -23.50,
    "netProfit" : -15.63
  }, {
    "date" : "2023-06-30",
    "sales" : 37.83,
    "salesGrowthYoY" : -37.81,
    "grossProfitMargin" : 48.06,
    "grossProfit" : 18.18,
    "operatingProfitMargin" : -80.81,
    "operatingProfit" : -30.57,
    "netProfitMargin" : -85.09,
    "netProfit" : -32.19
  }, {
    "date" : "2023-09-30",
    "sales" : 74.61,
    "salesGrowthYoY" : 8.56,
    "grossProfitMargin" : 74.98,
    "grossProfit" : 55.94,
    "operatingProfitMargin" : 9.77,
    "operatingProfit" : 7.29,
    "netProfitMargin" : 8.99,
    "netProfit" : 6.71
  }, {
    "date" : "2023-12-31",
    "sales" : 63.98,
    "salesGrowthYoY" : 23.90,
    "grossProfitMargin" : 71.15,
    "grossProfit" : 45.52,
    "operatingProfitMargin" : -5.16,
    "operatingProfit" : -3.30,
    "netProfitMargin" : 4.35,
    "netProfit" : 2.78
  }, {
    "date" : "2024-03-31",
    "sales" : 59.36,
    "salesGrowthYoY" : -10.74,
    "grossProfitMargin" : 45.28,
    "grossProfit" : 26.88,
    "operatingProfitMargin" : -35.60,
    "operatingProfit" : -21.13,
    "netProfitMargin" : -25.37,
    "netProfit" : -15.06
  }, {
    "date" : "2024-06-30",
    "sales" : 96.12,
    "salesGrowthYoY" : 154.08,
    "grossProfitMargin" : 75.37,
    "grossProfit" : 72.45,
    "operatingProfitMargin" : 24.30,
    "operatingProfit" : 23.36,
    "netProfitMargin" : 29.34,
    "netProfit" : 28.20
  }, {
    "date" : "2024-09-30",
    "sales" : 129.68,
    "salesGrowthYoY" : 73.81,
    "grossProfitMargin" : 81.80,
    "grossProfit" : 106.08,
    "operatingProfitMargin" : 33.00,
    "operatingProfit" : 42.79,
    "netProfitMargin" : 23.34,
    "netProfit" : 30.27
  }, {
    "date" : "2024-12-31",
    "sales" : 125.39,
    "salesGrowthYoY" : 95.98,
    "grossProfitMargin" : 78.28,
    "grossProfit" : 98.16,
    "operatingProfitMargin" : 17.92,
    "operatingProfit" : 22.47,
    "netProfitMargin" : 12.66,
    "netProfit" : 15.87
  }, {
    "date" : "2025-03-31",
    "sales" : 126.15,
    "salesGrowthYoY" : 112.52,
    "grossProfitMargin" : 63.54,
    "grossProfit" : 80.16,
    "operatingProfitMargin" : 27.55,
    "operatingProfit" : 34.75,
    "netProfitMargin" : 29.36,
    "netProfit" : 37.04
  }, {
    "date" : "2025-06-30",
    "sales" : 92.43,
    "salesGrowthYoY" : -3.84,
    "grossProfitMargin" : 70.05,
    "grossProfit" : 64.75,
    "operatingProfitMargin" : 18.39,
    "operatingProfit" : 17.00,
    "netProfitMargin" : 26.17,
    "netProfit" : 24.19
  }, {
    "date" : "2025-09-30",
    "sales" : 134.93,
    "salesGrowthYoY" : 4.05,
    "grossProfitMargin" : 65.97,
    "grossProfit" : 89.01,
    "operatingProfitMargin" : 29.01,
    "operatingProfit" : 39.14,
    "netProfitMargin" : 23.77,
    "netProfit" : 32.07
  }, {
    "date" : "2025-12-31",
    "sales" : 165.70,
    "salesGrowthYoY" : 32.15,
    "grossProfitMargin" : 56.61,
    "grossProfit" : 93.80,
    "operatingProfitMargin" : 18.71,
    "operatingProfit" : 31.00,
    "netProfitMargin" : 10.36,
    "netProfit" : 17.17
  } ],
  "latestQuarterlyResult" : {
    "date" : "2025-12-31",
    "sales" : 165.70,
    "salesGrowthYoY" : 32.15,
    "grossProfitMargin" : 56.61,
    "grossProfit" : 93.80,
    "operatingProfitMargin" : 18.71,
    "operatingProfit" : 31.00,
    "netProfitMargin" : 10.36,
    "netProfit" : 17.17
  },
  "companyScore" : {
    "priceHigherThanDma50" : 5.00,
    "priceHigherThanDma100" : 0.00,
    "priceHigherThanDma200" : 0.00,
    "dma50HigherThanDma100" : 0.00,
    "dma50HigherThanDma200" : 0.00,
    "dma100HigherThanDma200" : 0.00,
    "pricePercentageAboveDma50" : 4.82,
    "pricePercentageAboveDma100" : 5.18,
    "pricePercentageAboveDma200" : 5.40,
    "weeklyVolumeHigherThanYearlyVolume" : 5.00,
    "salesGrowthPercentile" : 14.00,
    "operatingProfitMarginPercentile" : 16.70,
    "netProfitMarginPercentile" : 7.13,
    "totalTechnicalScore" : 25.41,
    "totalFundamentalScore" : 37.83,
    "totalScore" : 63.24
  }
}