{
  "metadata" : {
    "screenerCompanyId" : "2998",
    "companyCode" : "SHREECEM",
    "companyName" : "Shree Cement",
    "screenerCompanyLink" : "https://www.screener.in/company/SHREECEM/consolidated/",
    "screenerTechnicalHistoryLink" : "https://www.screener.in/api/company/2998/chart/?q=Price-DMA50-DMA200-Volume&days=365",
    "screenerQuarterlyResultsLink" : "https://www.screener.in/api/company/2998/chart/?q=GPM-OPM-NPM-Quarter+Sales&days=10000",
    "attributes" : {
      "companyCode" : "SHREECEM",
      "companyName" : "Shree Cement",
      "marketCap" : 95087.00,
      "peRatio" : 55.30,
      "description" : "Shree Cement is engaged in manufacturing and selling of cement and cement related products and is ** one of the lowest cost producers in the country. It is the 3rd largest** cement producer in India with an installed capacity of 46.4 MTPA. [1]"
    },
    "companyScore" : {
      "priceHigherThanDma50" : 0.00,
      "priceHigherThanDma100" : 0.00,
      "priceHigherThanDma200" : 0.00,
      "dma50HigherThanDma100" : 0.00,
      "dma50HigherThanDma200" : 0.00,
      "dma100HigherThanDma200" : 5.00,
      "pricePercentageAboveDma50" : 5.12,
      "pricePercentageAboveDma100" : 5.37,
      "pricePercentageAboveDma200" : 5.35,
      "weeklyVolumeHigherThanYearlyVolume" : 5.00,
      "salesGrowthPercentile" : 8.61,
      "operatingProfitMarginPercentile" : 3.62,
      "netProfitMarginPercentile" : 2.75,
      "totalTechnicalScore" : 25.84,
      "totalFundamentalScore" : 14.98,
      "totalScore" : 40.81
    }
  },
  "attributes" : {
    "companyCode" : "SHREECEM",
    "companyName" : "Shree Cement",
    "marketCap" : 95087.00,
    "peRatio" : 55.30,
    "description" : "Shree Cement is engaged in manufacturing and selling of cement and cement related products and is ** one of the lowest cost producers in the country. It is the 3rd largest** cement producer in India with an installed capacity of 46.4 MTPA. [1]"
  },
  "technicalHistory" : [ {
    "date" : "2024-12-31",
    "price" : 25694.20,
    "dma50" : 26137.12,
    "dma100" : null,
    "dma200" : 25901.86,
    "volume" : 9339.00
  }, {
    "date" : "2025-01-01",
    "price" : 25504.25,
    "dma50" : 26112.30,
    "dma100" : null,
    "dma200" : 25897.90,
    "volume" : 16630.00
  }, {
    "date" : "2025-01-02",
    "price" : 26689.90,
    "dma50" : 26134.95,
    "dma100" : null,
    "dma200" : 25905.79,
    "volume" : 41773.00
  }, {
    "date" : "2025-01-03",
    "price" : 26096.25,
    "dma50" : 26133.44,
    "dma100" : null,
    "dma200" : 25907.68,
    "volume" : 27877.00
  }, {
    "date" : "2025-01-06",
    "price" : 25908.60,
    "dma50" : 26124.62,
    "dma100" : null,
    "dma200" : 25907.69,
    "volume" : 33293.00
  }, {
    "date" : "2025-01-07",
    "price" : 26003.90,
    "dma50" : 26119.88,
    "dma100" : null,
    "dma200" : 25908.65,
    "volume" : 21003.00
  }, {
    "date" : "2025-01-08",
    "price" : 26027.45,
    "dma50" : 26116.26,
    "dma100" : null,
    "dma200" : 25909.83,
    "volume" : 18244.00
  }, {
    "date" : "2025-01-09",
    "price" : 25961.80,
    "dma50" : 26110.20,
    "dma100" : null,
    "dma200" : 25910.35,
    "volume" : 27105.00
  }, {
    "date" : "2025-01-10",
    "price" : 25738.30,
    "dma50" : 26095.62,
    "dma100" : null,
    "dma200" : 25908.63,
    "volume" : 29951.00
  }, {
    "date" : "2025-01-13",
    "price" : 24874.50,
    "dma50" : 26047.73,
    "dma100" : null,
    "dma200" : 25898.34,
    "volume" : 39609.00
  }, {
    "date" : "2025-01-14",
    "price" : 25130.20,
    "dma50" : 26011.75,
    "dma100" : null,
    "dma200" : 25890.70,
    "volume" : 12553.00
  }, {
    "date" : "2025-01-15",
    "price" : 25294.60,
    "dma50" : 25983.63,
    "dma100" : null,
    "dma200" : 25884.77,
    "volume" : 35110.00
  }, {
    "date" : "2025-01-16",
    "price" : 25417.45,
    "dma50" : 25961.42,
    "dma100" : null,
    "dma200" : 25880.12,
    "volume" : 14806.00
  }, {
    "date" : "2025-01-17",
    "price" : 25315.45,
    "dma50" : 25936.09,
    "dma100" : null,
    "dma200" : 25874.50,
    "volume" : 21681.00
  }, {
    "date" : "2025-01-20",
    "price" : 25146.00,
    "dma50" : 25905.11,
    "dma100" : null,
    "dma200" : 25867.25,
    "volume" : 16016.00
  }, {
    "date" : "2025-01-21",
    "price" : 25086.75,
    "dma50" : 25873.01,
    "dma100" : null,
    "dma200" : 25859.49,
    "volume" : 15443.00
  }, {
    "date" : "2025-01-22",
    "price" : 25292.55,
    "dma50" : 25850.25,
    "dma100" : null,
    "dma200" : 25853.84,
    "volume" : 27609.00
  }, {
    "date" : "2025-01-23",
    "price" : 25926.80,
    "dma50" : 25853.25,
    "dma100" : null,
    "dma200" : 25854.57,
    "volume" : 58875.00
  }, {
    "date" : "2025-01-24",
    "price" : 25783.15,
    "dma50" : 25850.50,
    "dma100" : null,
    "dma200" : 25853.86,
    "volume" : 31677.00
  }, {
    "date" : "2025-01-27",
    "price" : 25131.40,
    "dma50" : 25822.30,
    "dma100" : null,
    "dma200" : 25846.67,
    "volume" : 43464.00
  }, {
    "date" : "2025-01-28",
    "price" : 26033.00,
    "dma50" : 25830.57,
    "dma100" : null,
    "dma200" : 25848.53,
    "volume" : 34270.00
  }, {
    "date" : "2025-01-29",
    "price" : 26651.35,
    "dma50" : 25862.75,
    "dma100" : null,
    "dma200" : 25856.51,
    "volume" : 37985.00
  }, {
    "date" : "2025-01-30",
    "price" : 26830.50,
    "dma50" : 25900.70,
    "dma100" : null,
    "dma200" : 25866.21,
    "volume" : 34191.00
  }, {
    "date" : "2025-01-31",
    "price" : 27795.90,
    "dma50" : 25975.03,
    "dma100" : null,
    "dma200" : 25885.41,
    "volume" : 49017.00
  }, {
    "date" : "2025-02-01",
    "price" : 27363.75,
    "dma50" : 26029.49,
    "dma100" : null,
    "dma200" : 25900.12,
    "volume" : 30801.00
  }, {
    "date" : "2025-02-03",
    "price" : 27555.35,
    "dma50" : 26089.32,
    "dma100" : null,
    "dma200" : 25916.59,
    "volume" : 32103.00
  }, {
    "date" : "2025-02-04",
    "price" : 27933.40,
    "dma50" : 26161.64,
    "dma100" : null,
    "dma200" : 25936.65,
    "volume" : 23296.00
  }, {
    "date" : "2025-02-05",
    "price" : 28402.10,
    "dma50" : 26249.50,
    "dma100" : null,
    "dma200" : 25961.19,
    "volume" : 29308.00
  }, {
    "date" : "2025-02-06",
    "price" : 27822.55,
    "dma50" : 26311.19,
    "dma100" : null,
    "dma200" : 25979.71,
    "volume" : 14799.00
  }, {
    "date" : "2025-02-07",
    "price" : 28249.10,
    "dma50" : 26387.19,
    "dma100" : null,
    "dma200" : 26002.29,
    "volume" : 71035.00
  }, {
    "date" : "2025-02-10",
    "price" : 28044.05,
    "dma50" : 26452.16,
    "dma100" : null,
    "dma200" : 26022.60,
    "volume" : 13700.00
  }, {
    "date" : "2025-02-11",
    "price" : 27989.75,
    "dma50" : 26512.46,
    "dma100" : null,
    "dma200" : 26042.18,
    "volume" : 70384.00
  }, {
    "date" : "2025-02-12",
    "price" : 28235.05,
    "dma50" : 26580.01,
    "dma100" : null,
    "dma200" : 26064.00,
    "volume" : 18754.00
  }, {
    "date" : "2025-02-13",
    "price" : 28225.00,
    "dma50" : 26644.52,
    "dma100" : null,
    "dma200" : 26085.50,
    "volume" : 22792.00
  }, {
    "date" : "2025-02-14",
    "price" : 28556.05,
    "dma50" : 26719.48,
    "dma100" : null,
    "dma200" : 26110.08,
    "volume" : 65060.00
  }, {
    "date" : "2025-02-17",
    "price" : 28309.15,
    "dma50" : 26781.82,
    "dma100" : null,
    "dma200" : 26131.96,
    "volume" : 33318.00
  }, {
    "date" : "2025-02-18",
    "price" : 28361.20,
    "dma50" : 26843.76,
    "dma100" : null,
    "dma200" : 26154.14,
    "volume" : 22818.00
  }, {
    "date" : "2025-02-19",
    "price" : 28655.15,
    "dma50" : 26914.79,
    "dma100" : null,
    "dma200" : 26179.03,
    "volume" : 15937.00
  }, {
    "date" : "2025-02-20",
    "price" : 28496.75,
    "dma50" : 26976.83,
    "dma100" : null,
    "dma200" : 26202.09,
    "volume" : 24026.00
  }, {
    "date" : "2025-02-21",
    "price" : 28405.70,
    "dma50" : 27032.87,
    "dma100" : null,
    "dma200" : 26224.02,
    "volume" : 13941.00
  }, {
    "date" : "2025-02-24",
    "price" : 28292.40,
    "dma50" : 27082.26,
    "dma100" : null,
    "dma200" : 26244.60,
    "volume" : 11544.00
  }, {
    "date" : "2025-02-25",
    "price" : 28197.45,
    "dma50" : 27125.99,
    "dma100" : null,
    "dma200" : 26264.03,
    "volume" : 31881.00
  }, {
    "date" : "2025-02-27",
    "price" : 28306.40,
    "dma50" : 27172.28,
    "dma100" : null,
    "dma200" : 26284.35,
    "volume" : 53433.00
  }, {
    "date" : "2025-02-28",
    "price" : 27284.00,
    "dma50" : 27176.66,
    "dma100" : null,
    "dma200" : 26294.30,
    "volume" : 72248.00
  }, {
    "date" : "2025-03-03",
    "price" : 27678.90,
    "dma50" : 27196.36,
    "dma100" : null,
    "dma200" : 26308.08,
    "volume" : 39840.00
  }, {
    "date" : "2025-03-04",
    "price" : 27363.35,
    "dma50" : 27202.91,
    "dma100" : null,
    "dma200" : 26318.58,
    "volume" : 75143.00
  }, {
    "date" : "2025-03-05",
    "price" : 28155.45,
    "dma50" : 27240.26,
    "dma100" : null,
    "dma200" : 26336.85,
    "volume" : 31023.00
  }, {
    "date" : "2025-03-06",
    "price" : 28061.75,
    "dma50" : 27272.48,
    "dma100" : null,
    "dma200" : 26354.02,
    "volume" : 22446.00
  }, {
    "date" : "2025-03-07",
    "price" : 27985.20,
    "dma50" : 27300.43,
    "dma100" : null,
    "dma200" : 26370.25,
    "volume" : 15937.00
  }, {
    "date" : "2025-03-10",
    "price" : 27883.65,
    "dma50" : 27323.30,
    "dma100" : null,
    "dma200" : 26385.31,
    "volume" : 16064.00
  }, {
    "date" : "2025-03-11",
    "price" : 27937.00,
    "dma50" : 27347.37,
    "dma100" : null,
    "dma200" : 26400.75,
    "volume" : 13680.00
  }, {
    "date" : "2025-03-12",
    "price" : 27531.00,
    "dma50" : 27354.57,
    "dma100" : null,
    "dma200" : 26411.99,
    "volume" : 30901.00
  }, {
    "date" : "2025-03-13",
    "price" : 27495.15,
    "dma50" : 27360.08,
    "dma100" : null,
    "dma200" : 26422.77,
    "volume" : 17211.00
  }, {
    "date" : "2025-03-17",
    "price" : 27734.60,
    "dma50" : 27374.77,
    "dma100" : null,
    "dma200" : 26435.82,
    "volume" : 55073.00
  }, {
    "date" : "2025-03-18",
    "price" : 27824.70,
    "dma50" : 27392.41,
    "dma100" : null,
    "dma200" : 26449.64,
    "volume" : 42384.00
  }, {
    "date" : "2025-03-19",
    "price" : 28527.85,
    "dma50" : 27436.94,
    "dma100" : null,
    "dma200" : 26470.32,
    "volume" : 35941.00
  }, {
    "date" : "2025-03-20",
    "price" : 28628.85,
    "dma50" : 27483.68,
    "dma100" : null,
    "dma200" : 26491.80,
    "volume" : 25561.00
  }, {
    "date" : "2025-03-21",
    "price" : 28987.40,
    "dma50" : 27542.65,
    "dma100" : null,
    "dma200" : 26516.63,
    "volume" : 65045.00
  }, {
    "date" : "2025-03-24",
    "price" : 29442.65,
    "dma50" : 27617.16,
    "dma100" : null,
    "dma200" : 26545.75,
    "volume" : 20163.00
  }, {
    "date" : "2025-03-25",
    "price" : 29544.05,
    "dma50" : 27692.72,
    "dma100" : null,
    "dma200" : 26575.58,
    "volume" : 79578.00
  }, {
    "date" : "2025-03-26",
    "price" : 29931.10,
    "dma50" : 27780.50,
    "dma100" : null,
    "dma200" : 26608.97,
    "volume" : 25282.00
  }, {
    "date" : "2025-03-27",
    "price" : 30146.45,
    "dma50" : 27873.29,
    "dma100" : null,
    "dma200" : 26644.17,
    "volume" : 73544.00
  }, {
    "date" : "2025-03-28",
    "price" : 30502.95,
    "dma50" : 27976.41,
    "dma100" : null,
    "dma200" : 26682.56,
    "volume" : 59517.00
  }, {
    "date" : "2025-04-01",
    "price" : 30246.40,
    "dma50" : 28065.43,
    "dma100" : null,
    "dma200" : 26718.02,
    "volume" : 19736.00
  }, {
    "date" : "2025-04-02",
    "price" : 30273.40,
    "dma50" : 28152.02,
    "dma100" : null,
    "dma200" : 26753.40,
    "volume" : 52515.00
  }, {
    "date" : "2025-04-03",
    "price" : 30902.00,
    "dma50" : 28259.86,
    "dma100" : null,
    "dma200" : 26794.68,
    "volume" : 26924.00
  }, {
    "date" : "2025-04-04",
    "price" : 30694.50,
    "dma50" : 28355.33,
    "dma100" : null,
    "dma200" : 26833.48,
    "volume" : 15310.00
  }, {
    "date" : "2025-04-07",
    "price" : 29751.55,
    "dma50" : 28410.09,
    "dma100" : null,
    "dma200" : 26862.52,
    "volume" : 55543.00
  }, {
    "date" : "2025-04-08",
    "price" : 30433.20,
    "dma50" : 28489.43,
    "dma100" : null,
    "dma200" : 26898.05,
    "volume" : 43824.00
  }, {
    "date" : "2025-04-09",
    "price" : 30370.25,
    "dma50" : 28563.18,
    "dma100" : null,
    "dma200" : 26932.60,
    "volume" : 39614.00
  }, {
    "date" : "2025-04-11",
    "price" : 30107.95,
    "dma50" : 28623.76,
    "dma100" : null,
    "dma200" : 26964.19,
    "volume" : 33033.00
  }, {
    "date" : "2025-04-15",
    "price" : 31125.00,
    "dma50" : 28721.85,
    "dma100" : null,
    "dma200" : 27005.60,
    "volume" : 40529.00
  }, {
    "date" : "2025-04-16",
    "price" : 30800.00,
    "dma50" : 28803.35,
    "dma100" : null,
    "dma200" : 27043.35,
    "volume" : 28508.00
  }, {
    "date" : "2025-04-17",
    "price" : 31000.00,
    "dma50" : 28889.49,
    "dma100" : null,
    "dma200" : 27082.72,
    "volume" : 36687.00
  }, {
    "date" : "2025-04-21",
    "price" : 31155.00,
    "dma50" : 28978.33,
    "dma100" : null,
    "dma200" : 27123.24,
    "volume" : 28675.00
  }, {
    "date" : "2025-04-22",
    "price" : 30910.00,
    "dma50" : 29054.08,
    "dma100" : null,
    "dma200" : 27160.92,
    "volume" : 46178.00
  }, {
    "date" : "2025-04-23",
    "price" : 30365.00,
    "dma50" : 29105.49,
    "dma100" : null,
    "dma200" : 27192.80,
    "volume" : 27559.00
  }, {
    "date" : "2025-04-24",
    "price" : 30705.00,
    "dma50" : 29168.22,
    "dma100" : null,
    "dma200" : 27227.75,
    "volume" : 55860.00
  }, {
    "date" : "2025-04-25",
    "price" : 30540.00,
    "dma50" : 29222.01,
    "dma100" : null,
    "dma200" : 27260.71,
    "volume" : 27173.00
  }, {
    "date" : "2025-04-28",
    "price" : 30400.00,
    "dma50" : 29268.21,
    "dma100" : null,
    "dma200" : 27291.94,
    "volume" : 22691.00
  }, {
    "date" : "2025-04-29",
    "price" : 30025.00,
    "dma50" : 29297.89,
    "dma100" : null,
    "dma200" : 27319.14,
    "volume" : 25648.00
  }, {
    "date" : "2025-04-30",
    "price" : 29710.00,
    "dma50" : 29314.05,
    "dma100" : null,
    "dma200" : 27342.93,
    "volume" : 22490.00
  }, {
    "date" : "2025-05-02",
    "price" : 29335.00,
    "dma50" : 29314.87,
    "dma100" : null,
    "dma200" : 27362.75,
    "volume" : 22011.00
  }, {
    "date" : "2025-05-05",
    "price" : 29470.00,
    "dma50" : 29320.95,
    "dma100" : null,
    "dma200" : 27383.72,
    "volume" : 14663.00
  }, {
    "date" : "2025-05-06",
    "price" : 29485.00,
    "dma50" : 29327.39,
    "dma100" : null,
    "dma200" : 27404.62,
    "volume" : 28357.00
  }, {
    "date" : "2025-05-07",
    "price" : 29570.00,
    "dma50" : 29336.90,
    "dma100" : null,
    "dma200" : 27426.17,
    "volume" : 11461.00
  }, {
    "date" : "2025-05-08",
    "price" : 29410.00,
    "dma50" : 29339.77,
    "dma100" : null,
    "dma200" : 27445.91,
    "volume" : 44312.00
  }, {
    "date" : "2025-05-09",
    "price" : 29230.00,
    "dma50" : 29335.46,
    "dma100" : null,
    "dma200" : 27463.66,
    "volume" : 24975.00
  }, {
    "date" : "2025-05-12",
    "price" : 30135.00,
    "dma50" : 29366.82,
    "dma100" : null,
    "dma200" : 27490.24,
    "volume" : 13325.00
  }, {
    "date" : "2025-05-13",
    "price" : 30145.00,
    "dma50" : 29397.33,
    "dma100" : null,
    "dma200" : 27516.66,
    "volume" : 39629.00
  }, {
    "date" : "2025-05-14",
    "price" : 30620.00,
    "dma50" : 29445.28,
    "dma100" : null,
    "dma200" : 27547.54,
    "volume" : 99980.00
  }, {
    "date" : "2025-05-15",
    "price" : 31400.00,
    "dma50" : 29521.94,
    "dma100" : null,
    "dma200" : 27585.87,
    "volume" : 176339.00
  }, {
    "date" : "2025-05-16",
    "price" : 31615.00,
    "dma50" : 29604.02,
    "dma100" : null,
    "dma200" : 27625.96,
    "volume" : 34581.00
  }, {
    "date" : "2025-05-19",
    "price" : 31600.00,
    "dma50" : 29682.29,
    "dma100" : null,
    "dma200" : 27665.50,
    "volume" : 28640.00
  }, {
    "date" : "2025-05-20",
    "price" : 31525.00,
    "dma50" : 29754.56,
    "dma100" : null,
    "dma200" : 27703.91,
    "volume" : 29880.00
  }, {
    "date" : "2025-05-21",
    "price" : 31490.00,
    "dma50" : 29822.61,
    "dma100" : null,
    "dma200" : 27741.58,
    "volume" : 31644.00
  }, {
    "date" : "2025-05-22",
    "price" : 31410.00,
    "dma50" : 29884.86,
    "dma100" : null,
    "dma200" : 27778.08,
    "volume" : 34795.00
  }, {
    "date" : "2025-05-23",
    "price" : 31495.00,
    "dma50" : 29948.01,
    "dma100" : null,
    "dma200" : 27815.07,
    "volume" : 19422.00
  }, {
    "date" : "2025-05-26",
    "price" : 31100.00,
    "dma50" : 29993.18,
    "dma100" : null,
    "dma200" : 27847.75,
    "volume" : 15726.00
  }, {
    "date" : "2025-05-27",
    "price" : 30950.00,
    "dma50" : 30030.70,
    "dma100" : null,
    "dma200" : 27878.62,
    "volume" : 38143.00
  }, {
    "date" : "2025-05-28",
    "price" : 29895.00,
    "dma50" : 30025.38,
    "dma100" : 28570.81,
    "dma200" : 27898.68,
    "volume" : 35447.00
  }, {
    "date" : "2025-05-29",
    "price" : 29915.00,
    "dma50" : 30021.05,
    "dma100" : 28614.91,
    "dma200" : 27918.75,
    "volume" : 50600.00
  }, {
    "date" : "2025-05-30",
    "price" : 29595.00,
    "dma50" : 30004.35,
    "dma100" : 28643.97,
    "dma200" : 27935.42,
    "volume" : 66090.00
  }, {
    "date" : "2025-06-02",
    "price" : 29410.00,
    "dma50" : 29981.04,
    "dma100" : 28677.10,
    "dma200" : 27950.10,
    "volume" : 25720.00
  }, {
    "date" : "2025-06-03",
    "price" : 29375.00,
    "dma50" : 29957.27,
    "dma100" : 28711.77,
    "dma200" : 27964.28,
    "volume" : 27041.00
  }, {
    "date" : "2025-06-04",
    "price" : 29440.00,
    "dma50" : 29936.99,
    "dma100" : 28746.13,
    "dma200" : 27978.96,
    "volume" : 16383.00
  }, {
    "date" : "2025-06-05",
    "price" : 29515.00,
    "dma50" : 29920.44,
    "dma100" : 28781.00,
    "dma200" : 27994.24,
    "volume" : 27965.00
  }, {
    "date" : "2025-06-06",
    "price" : 29600.00,
    "dma50" : 29907.87,
    "dma100" : 28817.39,
    "dma200" : 28010.22,
    "volume" : 28978.00
  }, {
    "date" : "2025-06-09",
    "price" : 29825.00,
    "dma50" : 29904.62,
    "dma100" : 28858.25,
    "dma200" : 28028.28,
    "volume" : 26604.00
  }, {
    "date" : "2025-06-10",
    "price" : 29825.00,
    "dma50" : 29901.50,
    "dma100" : 28907.76,
    "dma200" : 28046.16,
    "volume" : 23271.00
  }, {
    "date" : "2025-06-11",
    "price" : 29830.00,
    "dma50" : 29898.70,
    "dma100" : 28954.76,
    "dma200" : 28063.91,
    "volume" : 36023.00
  }, {
    "date" : "2025-06-12",
    "price" : 29690.00,
    "dma50" : 29890.51,
    "dma100" : 28998.71,
    "dma200" : 28080.09,
    "volume" : 36556.00
  }, {
    "date" : "2025-06-13",
    "price" : 29610.00,
    "dma50" : 29879.51,
    "dma100" : 29040.63,
    "dma200" : 28095.31,
    "volume" : 16700.00
  }, {
    "date" : "2025-06-16",
    "price" : 29805.00,
    "dma50" : 29876.59,
    "dma100" : 29085.53,
    "dma200" : 28112.32,
    "volume" : 19618.00
  }, {
    "date" : "2025-06-17",
    "price" : 29620.00,
    "dma50" : 29866.53,
    "dma100" : 29130.27,
    "dma200" : 28127.32,
    "volume" : 17908.00
  }, {
    "date" : "2025-06-18",
    "price" : 29305.00,
    "dma50" : 29844.51,
    "dma100" : 29172.45,
    "dma200" : 28139.04,
    "volume" : 13208.00
  }, {
    "date" : "2025-06-19",
    "price" : 29310.00,
    "dma50" : 29823.55,
    "dma100" : 29212.63,
    "dma200" : 28150.69,
    "volume" : 16012.00
  }, {
    "date" : "2025-06-20",
    "price" : 28875.00,
    "dma50" : 29786.35,
    "dma100" : 29242.11,
    "dma200" : 28157.90,
    "volume" : 297255.00
  }, {
    "date" : "2025-06-23",
    "price" : 28565.00,
    "dma50" : 29738.45,
    "dma100" : 29269.93,
    "dma200" : 28161.95,
    "volume" : 36081.00
  }, {
    "date" : "2025-06-24",
    "price" : 28505.00,
    "dma50" : 29690.08,
    "dma100" : 29303.66,
    "dma200" : 28165.36,
    "volume" : 80101.00
  }, {
    "date" : "2025-06-25",
    "price" : 29075.00,
    "dma50" : 29665.96,
    "dma100" : 29334.08,
    "dma200" : 28174.41,
    "volume" : 94066.00
  }, {
    "date" : "2025-06-26",
    "price" : 30105.00,
    "dma50" : 29683.18,
    "dma100" : 29368.62,
    "dma200" : 28193.62,
    "volume" : 101278.00
  }, {
    "date" : "2025-06-27",
    "price" : 31030.00,
    "dma50" : 29735.99,
    "dma100" : 29410.62,
    "dma200" : 28221.85,
    "volume" : 220429.00
  }, {
    "date" : "2025-06-30",
    "price" : 31030.00,
    "dma50" : 29786.74,
    "dma100" : 29442.96,
    "dma200" : 28249.79,
    "volume" : 42711.00
  }, {
    "date" : "2025-07-01",
    "price" : 31185.00,
    "dma50" : 29841.57,
    "dma100" : 29481.17,
    "dma200" : 28278.99,
    "volume" : 47539.00
  }, {
    "date" : "2025-07-02",
    "price" : 31640.00,
    "dma50" : 29912.10,
    "dma100" : 29522.02,
    "dma200" : 28312.44,
    "volume" : 21626.00
  }, {
    "date" : "2025-07-03",
    "price" : 31420.00,
    "dma50" : 29971.23,
    "dma100" : 29556.88,
    "dma200" : 28343.36,
    "volume" : 27066.00
  }, {
    "date" : "2025-07-04",
    "price" : 31315.00,
    "dma50" : 30023.93,
    "dma100" : 29586.01,
    "dma200" : 28372.93,
    "volume" : 12663.00
  }, {
    "date" : "2025-07-07",
    "price" : 31105.00,
    "dma50" : 30066.32,
    "dma100" : 29618.83,
    "dma200" : 28400.11,
    "volume" : 15937.00
  }, {
    "date" : "2025-07-08",
    "price" : 31300.00,
    "dma50" : 30114.70,
    "dma100" : 29649.34,
    "dma200" : 28428.97,
    "volume" : 27276.00
  }, {
    "date" : "2025-07-09",
    "price" : 31615.00,
    "dma50" : 30173.54,
    "dma100" : 29685.05,
    "dma200" : 28460.67,
    "volume" : 26190.00
  }, {
    "date" : "2025-07-10",
    "price" : 31175.00,
    "dma50" : 30212.81,
    "dma100" : 29716.91,
    "dma200" : 28487.68,
    "volume" : 31908.00
  }, {
    "date" : "2025-07-11",
    "price" : 31210.00,
    "dma50" : 30251.92,
    "dma100" : 29746.66,
    "dma200" : 28514.76,
    "volume" : 26826.00
  }, {
    "date" : "2025-07-14",
    "price" : 31100.00,
    "dma50" : 30285.18,
    "dma100" : 29775.41,
    "dma200" : 28540.49,
    "volume" : 25446.00
  }, {
    "date" : "2025-07-15",
    "price" : 31080.00,
    "dma50" : 30316.35,
    "dma100" : 29800.65,
    "dma200" : 28565.76,
    "volume" : 13447.00
  }, {
    "date" : "2025-07-16",
    "price" : 30955.00,
    "dma50" : 30341.39,
    "dma100" : 29827.10,
    "dma200" : 28589.53,
    "volume" : 16236.00
  }, {
    "date" : "2025-07-17",
    "price" : 30845.00,
    "dma50" : 30361.14,
    "dma100" : 29851.94,
    "dma200" : 28611.97,
    "volume" : 10254.00
  }, {
    "date" : "2025-07-18",
    "price" : 30790.00,
    "dma50" : 30377.96,
    "dma100" : 29873.29,
    "dma200" : 28633.65,
    "volume" : 23119.00
  }, {
    "date" : "2025-07-21",
    "price" : 31535.00,
    "dma50" : 30423.33,
    "dma100" : 29903.67,
    "dma200" : 28662.51,
    "volume" : 49666.00
  }, {
    "date" : "2025-07-22",
    "price" : 32345.00,
    "dma50" : 30498.69,
    "dma100" : 29943.07,
    "dma200" : 28699.16,
    "volume" : 62069.00
  }, {
    "date" : "2025-07-23",
    "price" : 32115.00,
    "dma50" : 30562.08,
    "dma100" : 29981.29,
    "dma200" : 28733.14,
    "volume" : 35140.00
  }, {
    "date" : "2025-07-24",
    "price" : 31745.00,
    "dma50" : 30608.47,
    "dma100" : 30016.77,
    "dma200" : 28763.11,
    "volume" : 21144.00
  }, {
    "date" : "2025-07-25",
    "price" : 30950.00,
    "dma50" : 30621.86,
    "dma100" : 30043.20,
    "dma200" : 28784.87,
    "volume" : 16999.00
  }, {
    "date" : "2025-07-28",
    "price" : 30695.00,
    "dma50" : 30624.73,
    "dma100" : 30077.31,
    "dma200" : 28803.88,
    "volume" : 27748.00
  }, {
    "date" : "2025-07-29",
    "price" : 30410.00,
    "dma50" : 30616.31,
    "dma100" : 30104.62,
    "dma200" : 28819.86,
    "volume" : 21236.00
  }, {
    "date" : "2025-07-30",
    "price" : 30590.00,
    "dma50" : 30615.27,
    "dma100" : 30136.89,
    "dma200" : 28837.47,
    "volume" : 18924.00
  }, {
    "date" : "2025-07-31",
    "price" : 30810.00,
    "dma50" : 30622.91,
    "dma100" : 30163.44,
    "dma200" : 28857.10,
    "volume" : 15264.00
  }, {
    "date" : "2025-08-01",
    "price" : 30675.00,
    "dma50" : 30624.95,
    "dma100" : 30189.57,
    "dma200" : 28875.19,
    "volume" : 29680.00
  }, {
    "date" : "2025-08-04",
    "price" : 30645.00,
    "dma50" : 30625.74,
    "dma100" : 30216.17,
    "dma200" : 28892.80,
    "volume" : 92559.00
  }, {
    "date" : "2025-08-05",
    "price" : 30205.00,
    "dma50" : 30609.24,
    "dma100" : 30239.38,
    "dma200" : 28905.86,
    "volume" : 38953.00
  }, {
    "date" : "2025-08-06",
    "price" : 30570.00,
    "dma50" : 30607.70,
    "dma100" : 30265.71,
    "dma200" : 28922.42,
    "volume" : 47466.00
  }, {
    "date" : "2025-08-07",
    "price" : 30655.00,
    "dma50" : 30609.56,
    "dma100" : 30296.95,
    "dma200" : 28939.65,
    "volume" : 13498.00
  }, {
    "date" : "2025-08-08",
    "price" : 30415.00,
    "dma50" : 30601.93,
    "dma100" : 30326.15,
    "dma200" : 28954.33,
    "volume" : 14333.00
  }, {
    "date" : "2025-08-11",
    "price" : 30640.00,
    "dma50" : 30603.42,
    "dma100" : 30355.20,
    "dma200" : 28971.11,
    "volume" : 18670.00
  }, {
    "date" : "2025-08-12",
    "price" : 30410.00,
    "dma50" : 30595.83,
    "dma100" : 30381.06,
    "dma200" : 28985.42,
    "volume" : 19913.00
  }, {
    "date" : "2025-08-13",
    "price" : 30410.00,
    "dma50" : 30588.55,
    "dma100" : 30399.88,
    "dma200" : 28999.60,
    "volume" : 48245.00
  }, {
    "date" : "2025-08-14",
    "price" : 30400.00,
    "dma50" : 30581.15,
    "dma100" : 30417.59,
    "dma200" : 29013.53,
    "volume" : 34951.00
  }, {
    "date" : "2025-08-18",
    "price" : 31340.00,
    "dma50" : 30610.91,
    "dma100" : 30441.11,
    "dma200" : 29036.68,
    "volume" : 40630.00
  }, {
    "date" : "2025-08-19",
    "price" : 30905.00,
    "dma50" : 30622.44,
    "dma100" : 30455.74,
    "dma200" : 29055.27,
    "volume" : 44946.00
  }, {
    "date" : "2025-08-20",
    "price" : 30690.00,
    "dma50" : 30625.09,
    "dma100" : 30467.20,
    "dma200" : 29071.54,
    "volume" : 29712.00
  }, {
    "date" : "2025-08-21",
    "price" : 30605.00,
    "dma50" : 30624.31,
    "dma100" : 30473.94,
    "dma200" : 29086.80,
    "volume" : 12447.00
  }, {
    "date" : "2025-08-22",
    "price" : 30005.00,
    "dma50" : 30600.02,
    "dma100" : 30472.52,
    "dma200" : 29095.93,
    "volume" : 23326.00
  }, {
    "date" : "2025-08-25",
    "price" : 30015.00,
    "dma50" : 30577.08,
    "dma100" : 30467.64,
    "dma200" : 29105.08,
    "volume" : 36284.00
  }, {
    "date" : "2025-08-26",
    "price" : 30110.00,
    "dma50" : 30558.76,
    "dma100" : 30466.28,
    "dma200" : 29115.08,
    "volume" : 28331.00
  }, {
    "date" : "2025-08-28",
    "price" : 29675.00,
    "dma50" : 30524.10,
    "dma100" : 30460.29,
    "dma200" : 29120.65,
    "volume" : 32937.00
  }, {
    "date" : "2025-08-29",
    "price" : 29275.00,
    "dma50" : 30475.12,
    "dma100" : 30444.02,
    "dma200" : 29122.19,
    "volume" : 63723.00
  }, {
    "date" : "2025-09-01",
    "price" : 29870.00,
    "dma50" : 30451.39,
    "dma100" : 30435.78,
    "dma200" : 29129.63,
    "volume" : 37581.00
  }, {
    "date" : "2025-09-02",
    "price" : 29995.00,
    "dma50" : 30433.49,
    "dma100" : 30438.21,
    "dma200" : 29138.24,
    "volume" : 23432.00
  }, {
    "date" : "2025-09-03",
    "price" : 29940.00,
    "dma50" : 30414.14,
    "dma100" : 30433.28,
    "dma200" : 29146.21,
    "volume" : 25495.00
  }, {
    "date" : "2025-09-04",
    "price" : 29945.00,
    "dma50" : 30395.74,
    "dma100" : 30429.03,
    "dma200" : 29154.16,
    "volume" : 28545.00
  }, {
    "date" : "2025-09-05",
    "price" : 30040.00,
    "dma50" : 30381.79,
    "dma100" : 30428.35,
    "dma200" : 29162.98,
    "volume" : 17093.00
  }, {
    "date" : "2025-09-08",
    "price" : 30485.00,
    "dma50" : 30385.84,
    "dma100" : 30421.95,
    "dma200" : 29176.13,
    "volume" : 12361.00
  }, {
    "date" : "2025-09-09",
    "price" : 30190.00,
    "dma50" : 30378.16,
    "dma100" : 30415.85,
    "dma200" : 29186.22,
    "volume" : 26380.00
  }, {
    "date" : "2025-09-10",
    "price" : 29890.00,
    "dma50" : 30359.01,
    "dma100" : 30404.75,
    "dma200" : 29193.22,
    "volume" : 34436.00
  }, {
    "date" : "2025-09-11",
    "price" : 29830.00,
    "dma50" : 30338.27,
    "dma100" : 30391.50,
    "dma200" : 29199.56,
    "volume" : 21287.00
  }, {
    "date" : "2025-09-12",
    "price" : 29580.00,
    "dma50" : 30308.53,
    "dma100" : 30378.20,
    "dma200" : 29203.34,
    "volume" : 21355.00
  }, {
    "date" : "2025-09-15",
    "price" : 29275.00,
    "dma50" : 30268.00,
    "dma100" : 30367.30,
    "dma200" : 29204.06,
    "volume" : 25778.00
  }, {
    "date" : "2025-09-16",
    "price" : 29575.00,
    "dma50" : 30240.83,
    "dma100" : 30356.00,
    "dma200" : 29207.75,
    "volume" : 41212.00
  }, {
    "date" : "2025-09-17",
    "price" : 29685.00,
    "dma50" : 30219.03,
    "dma100" : 30347.45,
    "dma200" : 29212.50,
    "volume" : 48320.00
  }, {
    "date" : "2025-09-18",
    "price" : 29960.00,
    "dma50" : 30208.87,
    "dma100" : 30343.05,
    "dma200" : 29219.93,
    "volume" : 36854.00
  }, {
    "date" : "2025-09-19",
    "price" : 29880.00,
    "dma50" : 30195.97,
    "dma100" : 30341.60,
    "dma200" : 29226.50,
    "volume" : 62931.00
  }, {
    "date" : "2025-09-22",
    "price" : 29705.00,
    "dma50" : 30176.72,
    "dma100" : 30341.55,
    "dma200" : 29231.26,
    "volume" : 42882.00
  }, {
    "date" : "2025-09-23",
    "price" : 29790.00,
    "dma50" : 30161.55,
    "dma100" : 30346.10,
    "dma200" : 29236.82,
    "volume" : 33423.00
  }, {
    "date" : "2025-09-24",
    "price" : 29650.00,
    "dma50" : 30141.49,
    "dma100" : 30347.90,
    "dma200" : 29240.93,
    "volume" : 36179.00
  }, {
    "date" : "2025-09-25",
    "price" : 29515.00,
    "dma50" : 30116.92,
    "dma100" : 30348.20,
    "dma200" : 29243.66,
    "volume" : 31756.00
  }, {
    "date" : "2025-09-26",
    "price" : 28910.00,
    "dma50" : 30069.59,
    "dma100" : 30341.60,
    "dma200" : 29240.34,
    "volume" : 21025.00
  }, {
    "date" : "2025-09-29",
    "price" : 29735.00,
    "dma50" : 30056.47,
    "dma100" : 30344.85,
    "dma200" : 29245.26,
    "volume" : 144164.00
  }, {
    "date" : "2025-09-30",
    "price" : 29265.00,
    "dma50" : 30025.44,
    "dma100" : 30345.20,
    "dma200" : 29245.46,
    "volume" : 29507.00
  }, {
    "date" : "2025-10-01",
    "price" : 29295.00,
    "dma50" : 29996.79,
    "dma100" : 30336.80,
    "dma200" : 29245.95,
    "volume" : 26668.00
  }, {
    "date" : "2025-10-03",
    "price" : 29180.00,
    "dma50" : 29964.76,
    "dma100" : 30327.15,
    "dma200" : 29245.30,
    "volume" : 13934.00
  }, {
    "date" : "2025-10-06",
    "price" : 29295.00,
    "dma50" : 29938.49,
    "dma100" : 30313.90,
    "dma200" : 29245.79,
    "volume" : 12344.00
  }, {
    "date" : "2025-10-07",
    "price" : 29530.00,
    "dma50" : 29922.48,
    "dma100" : 30295.20,
    "dma200" : 29248.62,
    "volume" : 13658.00
  }, {
    "date" : "2025-10-08",
    "price" : 29285.00,
    "dma50" : 29897.48,
    "dma100" : 30271.90,
    "dma200" : 29248.98,
    "volume" : 11126.00
  }, {
    "date" : "2025-10-09",
    "price" : 29485.00,
    "dma50" : 29881.30,
    "dma100" : 30250.75,
    "dma200" : 29251.33,
    "volume" : 22217.00
  }, {
    "date" : "2025-10-10",
    "price" : 29445.00,
    "dma50" : 29864.19,
    "dma100" : 30229.95,
    "dma200" : 29253.26,
    "volume" : 17600.00
  }, {
    "date" : "2025-10-13",
    "price" : 29615.00,
    "dma50" : 29854.42,
    "dma100" : 30211.20,
    "dma200" : 29256.86,
    "volume" : 13370.00
  }, {
    "date" : "2025-10-14",
    "price" : 29615.00,
    "dma50" : 29845.03,
    "dma100" : 30193.25,
    "dma200" : 29260.42,
    "volume" : 15456.00
  }, {
    "date" : "2025-10-15",
    "price" : 29940.00,
    "dma50" : 29848.75,
    "dma100" : 30177.70,
    "dma200" : 29267.18,
    "volume" : 15897.00
  }, {
    "date" : "2025-10-16",
    "price" : 30010.00,
    "dma50" : 29855.08,
    "dma100" : 30166.80,
    "dma200" : 29274.57,
    "volume" : 12614.00
  }, {
    "date" : "2025-10-17",
    "price" : 29690.00,
    "dma50" : 29848.60,
    "dma100" : 30154.20,
    "dma200" : 29278.71,
    "volume" : 16835.00
  }, {
    "date" : "2025-10-20",
    "price" : 28880.00,
    "dma50" : 29810.62,
    "dma100" : 30144.05,
    "dma200" : 29274.74,
    "volume" : 24077.00
  }, {
    "date" : "2025-10-21",
    "price" : 28950.00,
    "dma50" : 29776.87,
    "dma100" : 30134.40,
    "dma200" : 29271.51,
    "volume" : 1954.00
  }, {
    "date" : "2025-10-23",
    "price" : 28970.00,
    "dma50" : 29745.23,
    "dma100" : 30128.15,
    "dma200" : 29268.51,
    "volume" : 49515.00
  }, {
    "date" : "2025-10-24",
    "price" : 28705.00,
    "dma50" : 29704.43,
    "dma100" : 30121.10,
    "dma200" : 29262.90,
    "volume" : 25361.00
  }, {
    "date" : "2025-10-27",
    "price" : 28590.00,
    "dma50" : 29660.73,
    "dma100" : 30113.25,
    "dma200" : 29256.21,
    "volume" : 36564.00
  }, {
    "date" : "2025-10-28",
    "price" : 28585.00,
    "dma50" : 29618.55,
    "dma100" : 30104.70,
    "dma200" : 29249.53,
    "volume" : 34361.00
  }, {
    "date" : "2025-10-29",
    "price" : 29210.00,
    "dma50" : 29602.52,
    "dma100" : 30101.65,
    "dma200" : 29249.13,
    "volume" : 81630.00
  }, {
    "date" : "2025-10-30",
    "price" : 28740.00,
    "dma50" : 29568.70,
    "dma100" : 30093.05,
    "dma200" : 29244.07,
    "volume" : 22816.00
  }, {
    "date" : "2025-10-31",
    "price" : 28310.00,
    "dma50" : 29519.34,
    "dma100" : 30077.90,
    "dma200" : 29234.77,
    "volume" : 24650.00
  }, {
    "date" : "2025-11-03",
    "price" : 27975.00,
    "dma50" : 29458.78,
    "dma100" : 30059.40,
    "dma200" : 29222.24,
    "volume" : 12526.00
  }, {
    "date" : "2025-11-04",
    "price" : 27600.00,
    "dma50" : 29385.88,
    "dma100" : 30037.10,
    "dma200" : 29206.10,
    "volume" : 12662.00
  }, {
    "date" : "2025-11-06",
    "price" : 27450.00,
    "dma50" : 29309.97,
    "dma100" : 30014.70,
    "dma200" : 29188.62,
    "volume" : 15545.00
  }, {
    "date" : "2025-11-07",
    "price" : 27375.00,
    "dma50" : 29234.09,
    "dma100" : 29992.35,
    "dma200" : 29170.58,
    "volume" : 23263.00
  }, {
    "date" : "2025-11-10",
    "price" : 27090.00,
    "dma50" : 29150.00,
    "dma100" : 29965.20,
    "dma200" : 29149.87,
    "volume" : 32361.00
  }, {
    "date" : "2025-11-11",
    "price" : 27035.00,
    "dma50" : 29067.06,
    "dma100" : 29939.35,
    "dma200" : 29128.83,
    "volume" : 19704.00
  }, {
    "date" : "2025-11-12",
    "price" : 27095.00,
    "dma50" : 28989.73,
    "dma100" : 29917.25,
    "dma200" : 29108.59,
    "volume" : 24473.00
  }, {
    "date" : "2025-11-13",
    "price" : 26995.00,
    "dma50" : 28911.50,
    "dma100" : 29894.10,
    "dma200" : 29087.56,
    "volume" : 14768.00
  }, {
    "date" : "2025-11-14",
    "price" : 26700.00,
    "dma50" : 28824.78,
    "dma100" : 29872.35,
    "dma200" : 29063.81,
    "volume" : 18422.00
  }, {
    "date" : "2025-11-17",
    "price" : 26680.00,
    "dma50" : 28740.67,
    "dma100" : 29853.50,
    "dma200" : 29040.09,
    "volume" : 21092.00
  }, {
    "date" : "2025-11-18",
    "price" : 26420.00,
    "dma50" : 28649.66,
    "dma100" : 29832.65,
    "dma200" : 29014.02,
    "volume" : 37153.00
  }, {
    "date" : "2025-11-19",
    "price" : 26510.00,
    "dma50" : 28565.75,
    "dma100" : 29807.00,
    "dma200" : 28989.10,
    "volume" : 12747.00
  }, {
    "date" : "2025-11-20",
    "price" : 26480.00,
    "dma50" : 28483.96,
    "dma100" : 29770.75,
    "dma200" : 28964.13,
    "volume" : 15843.00
  }, {
    "date" : "2025-11-21",
    "price" : 26480.00,
    "dma50" : 28405.37,
    "dma100" : 29725.25,
    "dma200" : 28939.42,
    "volume" : 15501.00
  }, {
    "date" : "2025-11-24",
    "price" : 26490.00,
    "dma50" : 28330.26,
    "dma100" : 29679.85,
    "dma200" : 28915.04,
    "volume" : 23559.00
  }, {
    "date" : "2025-11-25",
    "price" : 26455.00,
    "dma50" : 28256.72,
    "dma100" : 29632.55,
    "dma200" : 28890.57,
    "volume" : 38174.00
  }, {
    "date" : "2025-11-26",
    "price" : 26935.00,
    "dma50" : 28204.89,
    "dma100" : 29585.50,
    "dma200" : 28871.11,
    "volume" : 16348.00
  }, {
    "date" : "2025-11-27",
    "price" : 26755.00,
    "dma50" : 28148.03,
    "dma100" : 29538.85,
    "dma200" : 28850.05,
    "volume" : 26542.00
  }, {
    "date" : "2025-11-28",
    "price" : 26400.00,
    "dma50" : 28079.48,
    "dma100" : 29489.70,
    "dma200" : 28825.67,
    "volume" : 35531.00
  }, {
    "date" : "2025-12-01",
    "price" : 26415.00,
    "dma50" : 28014.21,
    "dma100" : 29442.80,
    "dma200" : 28801.69,
    "volume" : 16885.00
  }, {
    "date" : "2025-12-02",
    "price" : 26545.00,
    "dma50" : 27956.59,
    "dma100" : 29395.25,
    "dma200" : 28779.23,
    "volume" : 35254.00
  }, {
    "date" : "2025-12-03",
    "price" : 26300.00,
    "dma50" : 27891.63,
    "dma100" : 29342.10,
    "dma200" : 28754.56,
    "volume" : 36214.00
  }, {
    "date" : "2025-12-04",
    "price" : 26450.00,
    "dma50" : 27835.09,
    "dma100" : 29294.85,
    "dma200" : 28731.63,
    "volume" : 9359.00
  }, {
    "date" : "2025-12-05",
    "price" : 26075.00,
    "dma50" : 27766.07,
    "dma100" : 29243.50,
    "dma200" : 28705.20,
    "volume" : 34747.00
  }, {
    "date" : "2025-12-08",
    "price" : 26135.00,
    "dma50" : 27702.10,
    "dma100" : 29193.85,
    "dma200" : 28679.62,
    "volume" : 48811.00
  }, {
    "date" : "2025-12-09",
    "price" : 26100.00,
    "dma50" : 27639.28,
    "dma100" : 29144.05,
    "dma200" : 28653.96,
    "volume" : 122823.00
  }, {
    "date" : "2025-12-10",
    "price" : 25885.00,
    "dma50" : 27570.48,
    "dma100" : 29093.35,
    "dma200" : 28626.40,
    "volume" : 34179.00
  }, {
    "date" : "2025-12-11",
    "price" : 26080.00,
    "dma50" : 27512.03,
    "dma100" : 29045.70,
    "dma200" : 28601.07,
    "volume" : 46472.00
  }, {
    "date" : "2025-12-12",
    "price" : 26285.00,
    "dma50" : 27463.91,
    "dma100" : 29000.65,
    "dma200" : 28578.02,
    "volume" : 24196.00
  }, {
    "date" : "2025-12-15",
    "price" : 26625.00,
    "dma50" : 27431.01,
    "dma100" : 28951.55,
    "dma200" : 28558.59,
    "volume" : 66491.00
  }, {
    "date" : "2025-12-16",
    "price" : 25990.00,
    "dma50" : 27374.50,
    "dma100" : 28888.00,
    "dma200" : 28533.03,
    "volume" : 30652.00
  }, {
    "date" : "2025-12-17",
    "price" : 26045.00,
    "dma50" : 27322.37,
    "dma100" : 28827.30,
    "dma200" : 28508.27,
    "volume" : 64632.00
  }, {
    "date" : "2025-12-18",
    "price" : 25645.00,
    "dma50" : 27256.59,
    "dma100" : 28766.30,
    "dma200" : 28479.78,
    "volume" : 23740.00
  }, {
    "date" : "2025-12-19",
    "price" : 25600.00,
    "dma50" : 27191.62,
    "dma100" : 28712.80,
    "dma200" : 28451.13,
    "volume" : 128762.00
  }, {
    "date" : "2025-12-22",
    "price" : 25710.00,
    "dma50" : 27133.52,
    "dma100" : 28662.95,
    "dma200" : 28423.85,
    "volume" : 14159.00
  }, {
    "date" : "2025-12-23",
    "price" : 25940.00,
    "dma50" : 27086.72,
    "dma100" : 28618.25,
    "dma200" : 28399.14,
    "volume" : 47291.00
  }, {
    "date" : "2025-12-24",
    "price" : 26145.00,
    "dma50" : 27049.79,
    "dma100" : 28573.80,
    "dma200" : 28376.71,
    "volume" : 18796.00
  }, {
    "date" : "2025-12-26",
    "price" : 26420.00,
    "dma50" : 27025.09,
    "dma100" : 28529.90,
    "dma200" : 28357.24,
    "volume" : 46993.00
  }, {
    "date" : "2025-12-29",
    "price" : 26275.00,
    "dma50" : 26995.67,
    "dma100" : 28485.90,
    "dma200" : 28336.52,
    "volume" : 57739.00
  }, {
    "date" : "2025-12-30",
    "price" : 26340.00,
    "dma50" : 26969.96,
    "dma100" : 28442.85,
    "dma200" : 28316.66,
    "volume" : 137720.00
  } ],
  "latestTechnicalAttributes" : {
    "date" : "2025-12-30",
    "price" : 26340.00,
    "dma50" : 26969.96,
    "dma100" : 28442.85,
    "dma200" : 28316.66,
    "volume" : 137720.00
  },
  "quarterlyResults" : [ {
    "date" : "2005-03-31",
    "sales" : 163.38,
    "salesGrowthYoY" : null,
    "grossProfitMargin" : 61.79,
    "grossProfit" : 100.95,
    "operatingProfitMargin" : 24.97,
    "operatingProfit" : 40.80,
    "netProfitMargin" : 12.76,
    "netProfit" : 20.85
  }, {
    "date" : "2005-06-30",
    "sales" : 142.52,
    "salesGrowthYoY" : null,
    "grossProfitMargin" : 66.55,
    "grossProfit" : 94.85,
    "operatingProfitMargin" : 31.07,
    "operatingProfit" : 44.28,
    "netProfitMargin" : 18.24,
    "netProfit" : 26.00
  }, {
    "date" : "2005-09-30",
    "sales" : 155.38,
    "salesGrowthYoY" : null,
    "grossProfitMargin" : 68.52,
    "grossProfit" : 106.47,
    "operatingProfitMargin" : 33.59,
    "operatingProfit" : 52.19,
    "netProfitMargin" : 24.04,
    "netProfit" : 37.35
  }, {
    "date" : "2005-12-31",
    "sales" : 144.29,
    "salesGrowthYoY" : null,
    "grossProfitMargin" : 69.59,
    "grossProfit" : 100.41,
    "operatingProfitMargin" : 29.93,
    "operatingProfit" : 43.19,
    "netProfitMargin" : 19.38,
    "netProfit" : 27.96
  }, {
    "date" : "2006-03-31",
    "sales" : 226.62,
    "salesGrowthYoY" : 38.71,
    "grossProfitMargin" : 74.13,
    "grossProfit" : 167.99,
    "operatingProfitMargin" : 34.53,
    "operatingProfit" : 78.25,
    "netProfitMargin" : 26.79,
    "netProfit" : 60.71
  }, {
    "date" : "2006-06-30",
    "sales" : 308.31,
    "salesGrowthYoY" : 116.33,
    "grossProfitMargin" : 71.79,
    "grossProfit" : 221.34,
    "operatingProfitMargin" : 44.58,
    "operatingProfit" : 137.44,
    "netProfitMargin" : 29.32,
    "netProfit" : 90.40
  }, {
    "date" : "2006-09-30",
    "sales" : 316.04,
    "salesGrowthYoY" : 103.40,
    "grossProfitMargin" : 70.74,
    "grossProfit" : 223.57,
    "operatingProfitMargin" : 45.15,
    "operatingProfit" : 142.69,
    "netProfitMargin" : 24.62,
    "netProfit" : 77.81
  }, {
    "date" : "2006-12-31",
    "sales" : 365.35,
    "salesGrowthYoY" : 153.21,
    "grossProfitMargin" : 70.69,
    "grossProfit" : 258.27,
    "operatingProfitMargin" : 43.80,
    "operatingProfit" : 160.02,
    "netProfitMargin" : 28.50,
    "netProfit" : 104.12
  }, {
    "date" : "2007-03-31",
    "sales" : 378.27,
    "salesGrowthYoY" : 66.92,
    "grossProfitMargin" : 69.48,
    "grossProfit" : 262.82,
    "operatingProfitMargin" : 39.51,
    "operatingProfit" : 149.45,
    "netProfitMargin" : 0.70,
    "netProfit" : 2.65
  }, {
    "date" : "2007-06-30",
    "sales" : 441.00,
    "salesGrowthYoY" : 43.04,
    "grossProfitMargin" : 70.96,
    "grossProfit" : 312.93,
    "operatingProfitMargin" : 41.34,
    "operatingProfit" : 182.31,
    "netProfitMargin" : 26.51,
    "netProfit" : 116.91
  }, {
    "date" : "2007-09-30",
    "sales" : 476.02,
    "salesGrowthYoY" : 50.62,
    "grossProfitMargin" : 72.77,
    "grossProfit" : 346.40,
    "operatingProfitMargin" : 42.25,
    "operatingProfit" : 201.12,
    "netProfitMargin" : 22.32,
    "netProfit" : 106.25
  }, {
    "date" : "2007-12-31",
    "sales" : 529.60,
    "salesGrowthYoY" : 44.96,
    "grossProfitMargin" : 73.88,
    "grossProfit" : 391.27,
    "operatingProfitMargin" : 42.54,
    "operatingProfit" : 225.29,
    "netProfitMargin" : 6.61,
    "netProfit" : 35.01
  }, {
    "date" : "2008-03-31",
    "sales" : 664.25,
    "salesGrowthYoY" : 75.60,
    "grossProfitMargin" : 70.28,
    "grossProfit" : 466.83,
    "operatingProfitMargin" : 38.45,
    "operatingProfit" : 255.40,
    "netProfitMargin" : 6.18,
    "netProfit" : 41.05
  }, {
    "date" : "2008-06-30",
    "sales" : 615.12,
    "salesGrowthYoY" : 39.48,
    "grossProfitMargin" : 66.78,
    "grossProfit" : 410.78,
    "operatingProfitMargin" : 34.57,
    "operatingProfit" : 212.65,
    "netProfitMargin" : 18.92,
    "netProfit" : 116.38
  }, {
    "date" : "2008-09-30",
    "sales" : 645.97,
    "salesGrowthYoY" : 35.70,
    "grossProfitMargin" : 63.89,
    "grossProfit" : 412.71,
    "operatingProfitMargin" : 31.07,
    "operatingProfit" : 200.70,
    "netProfitMargin" : 17.81,
    "netProfit" : 115.05
  }, {
    "date" : "2008-12-31",
    "sales" : 664.51,
    "salesGrowthYoY" : 25.47,
    "grossProfitMargin" : 66.76,
    "grossProfit" : 443.63,
    "operatingProfitMargin" : 34.16,
    "operatingProfit" : 227.00,
    "netProfitMargin" : 19.22,
    "netProfit" : 127.72
  }, {
    "date" : "2009-03-31",
    "sales" : 810.59,
    "salesGrowthYoY" : 22.03,
    "grossProfitMargin" : 74.13,
    "grossProfit" : 600.89,
    "operatingProfitMargin" : 41.59,
    "operatingProfit" : 337.12,
    "netProfitMargin" : 29.99,
    "netProfit" : 243.10
  }, {
    "date" : "2009-06-30",
    "sales" : 922.48,
    "salesGrowthYoY" : 49.97,
    "grossProfitMargin" : 77.09,
    "grossProfit" : 711.14,
    "operatingProfitMargin" : 46.16,
    "operatingProfit" : 425.82,
    "netProfitMargin" : 31.92,
    "netProfit" : 294.46
  }, {
    "date" : "2009-09-30",
    "sales" : 909.61,
    "salesGrowthYoY" : 40.81,
    "grossProfitMargin" : 78.17,
    "grossProfit" : 711.04,
    "operatingProfitMargin" : 46.71,
    "operatingProfit" : 424.88,
    "netProfitMargin" : 32.04,
    "netProfit" : 291.44
  }, {
    "date" : "2009-12-31",
    "sales" : 866.05,
    "salesGrowthYoY" : 30.33,
    "grossProfitMargin" : 70.85,
    "grossProfit" : 613.60,
    "operatingProfitMargin" : 38.83,
    "operatingProfit" : 336.29,
    "netProfitMargin" : 19.45,
    "netProfit" : 168.45
  }, {
    "date" : "2010-03-31",
    "sales" : 945.11,
    "salesGrowthYoY" : 16.60,
    "grossProfitMargin" : 72.34,
    "grossProfit" : 683.69,
    "operatingProfitMargin" : 34.56,
    "operatingProfit" : 326.63,
    "netProfitMargin" : -3.70,
    "netProfit" : -34.97
  }, {
    "date" : "2010-06-30",
    "sales" : 944.58,
    "salesGrowthYoY" : 2.40,
    "grossProfitMargin" : 64.14,
    "grossProfit" : 605.85,
    "operatingProfitMargin" : 30.65,
    "operatingProfit" : 289.51,
    "netProfitMargin" : 11.28,
    "netProfit" : 106.55
  }, {
    "date" : "2010-09-30",
    "sales" : 716.71,
    "salesGrowthYoY" : -21.21,
    "grossProfitMargin" : 60.65,
    "grossProfit" : 434.68,
    "operatingProfitMargin" : 19.79,
    "operatingProfit" : 141.84,
    "netProfitMargin" : 1.73,
    "netProfit" : 12.40
  }, {
    "date" : "2010-12-31",
    "sales" : 780.40,
    "salesGrowthYoY" : -9.89,
    "grossProfitMargin" : 62.21,
    "grossProfit" : 485.49,
    "operatingProfitMargin" : 20.29,
    "operatingProfit" : 158.34,
    "netProfitMargin" : 4.28,
    "netProfit" : 33.40
  }, {
    "date" : "2011-03-31",
    "sales" : 1070.13,
    "salesGrowthYoY" : 13.23,
    "grossProfitMargin" : 63.15,
    "grossProfit" : 675.79,
    "operatingProfitMargin" : 27.67,
    "operatingProfit" : 296.10,
    "netProfitMargin" : 9.34,
    "netProfit" : 99.95
  }, {
    "date" : "2011-06-30",
    "sales" : 1018.74,
    "salesGrowthYoY" : 7.85,
    "grossProfitMargin" : 62.06,
    "grossProfit" : 632.23,
    "operatingProfitMargin" : 25.43,
    "operatingProfit" : 259.07,
    "netProfitMargin" : 6.07,
    "netProfit" : 61.84
  }, {
    "date" : "2011-09-30",
    "sales" : 852.00,
    "salesGrowthYoY" : 18.88,
    "grossProfitMargin" : 63.41,
    "grossProfit" : 540.25,
    "operatingProfitMargin" : 23.51,
    "operatingProfit" : 200.31,
    "netProfitMargin" : 4.65,
    "netProfit" : 39.62
  }, {
    "date" : "2011-12-31",
    "sales" : 1195.78,
    "salesGrowthYoY" : 53.23,
    "grossProfitMargin" : 65.39,
    "grossProfit" : 781.92,
    "operatingProfitMargin" : 27.77,
    "operatingProfit" : 332.07,
    "netProfitMargin" : 4.95,
    "netProfit" : 59.19
  }, {
    "date" : "2012-03-31",
    "sales" : 1376.32,
    "salesGrowthYoY" : 28.61,
    "grossProfitMargin" : 63.09,
    "grossProfit" : 868.32,
    "operatingProfitMargin" : 27.11,
    "operatingProfit" : 373.12,
    "netProfitMargin" : 8.44,
    "netProfit" : 116.16
  }, {
    "date" : "2012-06-30",
    "sales" : 1436.40,
    "salesGrowthYoY" : 41.00,
    "grossProfitMargin" : 66.74,
    "grossProfit" : 958.65,
    "operatingProfitMargin" : 33.50,
    "operatingProfit" : 481.19,
    "netProfitMargin" : 24.48,
    "netProfit" : 351.63
  }, {
    "date" : "2012-09-30",
    "sales" : 1297.16,
    "salesGrowthYoY" : 52.25,
    "grossProfitMargin" : 68.03,
    "grossProfit" : 882.46,
    "operatingProfitMargin" : 30.14,
    "operatingProfit" : 390.96,
    "netProfitMargin" : 17.65,
    "netProfit" : 228.95
  }, {
    "date" : "2012-12-31",
    "sales" : 1401.23,
    "salesGrowthYoY" : 17.18,
    "grossProfitMargin" : 64.49,
    "grossProfit" : 903.65,
    "operatingProfitMargin" : 25.82,
    "operatingProfit" : 361.80,
    "netProfitMargin" : 15.52,
    "netProfit" : 217.47
  }, {
    "date" : "2013-03-31",
    "sales" : 1442.85,
    "salesGrowthYoY" : 4.83,
    "grossProfitMargin" : 68.32,
    "grossProfit" : 985.76,
    "operatingProfitMargin" : 29.15,
    "operatingProfit" : 420.59,
    "netProfitMargin" : 19.00,
    "netProfit" : 274.14
  }, {
    "date" : "2013-06-30",
    "sales" : 1449.01,
    "salesGrowthYoY" : 0.88,
    "grossProfitMargin" : 62.42,
    "grossProfit" : 904.47,
    "operatingProfitMargin" : 26.72,
    "operatingProfit" : 387.18,
    "netProfitMargin" : 19.62,
    "netProfit" : 284.30
  }, {
    "date" : "2013-09-30",
    "sales" : 1247.54,
    "salesGrowthYoY" : -3.83,
    "grossProfitMargin" : 67.93,
    "grossProfit" : 847.45,
    "operatingProfitMargin" : 19.99,
    "operatingProfit" : 249.38,
    "netProfitMargin" : 13.87,
    "netProfit" : 173.03
  }, {
    "date" : "2013-12-31",
    "sales" : 1318.13,
    "salesGrowthYoY" : -5.93,
    "grossProfitMargin" : 69.41,
    "grossProfit" : 914.91,
    "operatingProfitMargin" : 20.52,
    "operatingProfit" : 270.48,
    "netProfitMargin" : 8.97,
    "netProfit" : 118.24
  }, {
    "date" : "2014-03-31",
    "sales" : 1664.92,
    "salesGrowthYoY" : 15.39,
    "grossProfitMargin" : 70.60,
    "grossProfit" : 1175.43,
    "operatingProfitMargin" : 25.89,
    "operatingProfit" : 431.05,
    "netProfitMargin" : 17.61,
    "netProfit" : 293.19
  }, {
    "date" : "2014-06-30",
    "sales" : 1656.72,
    "salesGrowthYoY" : 14.33,
    "grossProfitMargin" : 67.81,
    "grossProfit" : 1123.42,
    "operatingProfitMargin" : 26.49,
    "operatingProfit" : 438.87,
    "netProfitMargin" : 16.82,
    "netProfit" : 278.66
  }, {
    "date" : "2014-09-30",
    "sales" : 1608.08,
    "salesGrowthYoY" : 28.90,
    "grossProfitMargin" : 66.15,
    "grossProfit" : 1063.74,
    "operatingProfitMargin" : 21.17,
    "operatingProfit" : 340.43,
    "netProfitMargin" : 7.11,
    "netProfit" : 114.33
  }, {
    "date" : "2014-12-31",
    "sales" : 1544.50,
    "salesGrowthYoY" : 17.17,
    "grossProfitMargin" : 66.37,
    "grossProfit" : 1025.08,
    "operatingProfitMargin" : 19.82,
    "operatingProfit" : 306.12,
    "netProfitMargin" : 6.12,
    "netProfit" : 94.52
  }, {
    "date" : "2015-03-31",
    "sales" : 1576.40,
    "salesGrowthYoY" : -5.32,
    "grossProfitMargin" : 69.75,
    "grossProfit" : 1099.54,
    "operatingProfitMargin" : 21.60,
    "operatingProfit" : 340.50,
    "netProfitMargin" : 7.85,
    "netProfit" : 123.75
  }, {
    "date" : "2015-06-30",
    "sales" : 1724.59,
    "salesGrowthYoY" : 4.10,
    "grossProfitMargin" : 68.71,
    "grossProfit" : 1184.97,
    "operatingProfitMargin" : 20.69,
    "operatingProfit" : 356.82,
    "netProfitMargin" : 7.07,
    "netProfit" : 121.93
  }, {
    "date" : "2015-09-30",
    "sales" : 1711.88,
    "salesGrowthYoY" : 6.45,
    "grossProfitMargin" : 70.92,
    "grossProfit" : 1214.07,
    "operatingProfitMargin" : 24.32,
    "operatingProfit" : 416.33,
    "netProfitMargin" : 14.38,
    "netProfit" : 246.17
  }, {
    "date" : "2015-12-31",
    "sales" : 1802.96,
    "salesGrowthYoY" : 16.73,
    "grossProfitMargin" : 69.68,
    "grossProfit" : 1256.30,
    "operatingProfitMargin" : 25.44,
    "operatingProfit" : 458.67,
    "netProfitMargin" : 12.96,
    "netProfit" : 233.66
  }, {
    "date" : "2016-03-31",
    "sales" : 1998.80,
    "salesGrowthYoY" : 26.80,
    "grossProfitMargin" : 73.43,
    "grossProfit" : 1467.72,
    "operatingProfitMargin" : 26.62,
    "operatingProfit" : 532.08,
    "netProfitMargin" : 33.17,
    "netProfit" : 663.00
  }, {
    "date" : "2016-06-30",
    "sales" : 2198.71,
    "salesGrowthYoY" : 27.49,
    "grossProfitMargin" : 76.98,
    "grossProfit" : 1692.57,
    "operatingProfitMargin" : 33.24,
    "operatingProfit" : 730.85,
    "netProfitMargin" : 23.09,
    "netProfit" : 507.68
  }, {
    "date" : "2016-09-30",
    "sales" : 2051.90,
    "salesGrowthYoY" : 19.86,
    "grossProfitMargin" : 78.30,
    "grossProfit" : 1606.64,
    "operatingProfitMargin" : 34.18,
    "operatingProfit" : 701.34,
    "netProfitMargin" : 14.21,
    "netProfit" : 291.57
  }, {
    "date" : "2016-12-31",
    "sales" : 1864.62,
    "salesGrowthYoY" : 3.42,
    "grossProfitMargin" : 76.21,
    "grossProfit" : 1421.03,
    "operatingProfitMargin" : 26.29,
    "operatingProfit" : 490.21,
    "netProfitMargin" : 12.63,
    "netProfit" : 235.50
  }, {
    "date" : "2017-03-31",
    "sales" : 2439.02,
    "salesGrowthYoY" : 22.02,
    "grossProfitMargin" : 72.27,
    "grossProfit" : 1762.68,
    "operatingProfitMargin" : 23.14,
    "operatingProfit" : 564.39,
    "netProfitMargin" : 12.48,
    "netProfit" : 304.39
  }, {
    "date" : "2017-06-30",
    "sales" : 2576.93,
    "salesGrowthYoY" : 17.20,
    "grossProfitMargin" : 73.49,
    "grossProfit" : 1893.79,
    "operatingProfitMargin" : 27.68,
    "operatingProfit" : 713.29,
    "netProfitMargin" : 17.08,
    "netProfit" : 440.14
  }, {
    "date" : "2017-09-30",
    "sales" : 2142.38,
    "salesGrowthYoY" : 4.41,
    "grossProfitMargin" : 73.40,
    "grossProfit" : 1572.51,
    "operatingProfitMargin" : 26.16,
    "operatingProfit" : 560.45,
    "netProfitMargin" : 9.87,
    "netProfit" : 211.45
  }, {
    "date" : "2017-12-31",
    "sales" : 2302.71,
    "salesGrowthYoY" : 23.49,
    "grossProfitMargin" : 71.24,
    "grossProfit" : 1640.45,
    "operatingProfitMargin" : 24.74,
    "operatingProfit" : 569.69,
    "netProfitMargin" : 14.48,
    "netProfit" : 333.43
  }, {
    "date" : "2018-03-31",
    "sales" : 2811.08,
    "salesGrowthYoY" : 15.25,
    "grossProfitMargin" : 70.31,
    "grossProfit" : 1976.47,
    "operatingProfitMargin" : 22.39,
    "operatingProfit" : 629.40,
    "netProfitMargin" : 14.20,
    "netProfit" : 399.17
  }, {
    "date" : "2018-06-30",
    "sales" : 3069.91,
    "salesGrowthYoY" : 19.13,
    "grossProfitMargin" : 69.08,
    "grossProfit" : 2120.69,
    "operatingProfitMargin" : 18.74,
    "operatingProfit" : 575.30,
    "netProfitMargin" : 9.10,
    "netProfit" : 279.36
  }, {
    "date" : "2018-09-30",
    "sales" : 2586.59,
    "salesGrowthYoY" : 20.73,
    "grossProfitMargin" : 69.74,
    "grossProfit" : 1803.89,
    "operatingProfitMargin" : 20.09,
    "operatingProfit" : 519.65,
    "netProfitMargin" : 7.58,
    "netProfit" : 196.06
  }, {
    "date" : "2018-12-31",
    "sales" : 2780.63,
    "salesGrowthYoY" : 20.75,
    "grossProfitMargin" : 68.93,
    "grossProfit" : 1916.69,
    "operatingProfitMargin" : 25.54,
    "operatingProfit" : 710.17,
    "netProfitMargin" : 10.84,
    "netProfit" : 301.42
  }, {
    "date" : "2019-03-31",
    "sales" : 3284.87,
    "salesGrowthYoY" : 16.85,
    "grossProfitMargin" : 69.15,
    "grossProfit" : 2271.49,
    "operatingProfitMargin" : 25.81,
    "operatingProfit" : 847.82,
    "netProfitMargin" : 9.77,
    "netProfit" : 320.93
  }, {
    "date" : "2019-06-30",
    "sales" : 3036.41,
    "salesGrowthYoY" : -1.09,
    "grossProfitMargin" : 72.54,
    "grossProfit" : 2202.61,
    "operatingProfitMargin" : 29.71,
    "operatingProfit" : 902.12,
    "netProfitMargin" : 11.96,
    "netProfit" : 363.15
  }, {
    "date" : "2019-09-30",
    "sales" : 2801.71,
    "salesGrowthYoY" : 8.32,
    "grossProfitMargin" : 73.26,
    "grossProfit" : 2052.53,
    "operatingProfitMargin" : 30.13,
    "operatingProfit" : 844.16,
    "netProfitMargin" : 11.03,
    "netProfit" : 309.03
  }, {
    "date" : "2019-12-31",
    "sales" : 2848.34,
    "salesGrowthYoY" : 2.44,
    "grossProfitMargin" : 74.39,
    "grossProfit" : 2118.88,
    "operatingProfitMargin" : 29.82,
    "operatingProfit" : 849.37,
    "netProfitMargin" : 10.88,
    "netProfit" : 309.90
  }, {
    "date" : "2020-03-31",
    "sales" : 3217.54,
    "salesGrowthYoY" : -2.05,
    "grossProfitMargin" : 75.03,
    "grossProfit" : 2414.12,
    "operatingProfitMargin" : 33.53,
    "operatingProfit" : 1078.84,
    "netProfitMargin" : 18.28,
    "netProfit" : 588.17
  }, {
    "date" : "2020-06-30",
    "sales" : 2332.39,
    "salesGrowthYoY" : -23.19,
    "grossProfitMargin" : 76.39,
    "grossProfit" : 1781.71,
    "operatingProfitMargin" : 30.03,
    "operatingProfit" : 700.42,
    "netProfitMargin" : 15.90,
    "netProfit" : 370.85
  }, {
    "date" : "2020-09-30",
    "sales" : 3053.26,
    "salesGrowthYoY" : 8.98,
    "grossProfitMargin" : 77.59,
    "grossProfit" : 2369.02,
    "operatingProfitMargin" : 32.99,
    "operatingProfit" : 1007.27,
    "netProfitMargin" : 17.92,
    "netProfit" : 547.14
  }, {
    "date" : "2020-12-31",
    "sales" : 3309.43,
    "salesGrowthYoY" : 16.19,
    "grossProfitMargin" : 77.50,
    "grossProfit" : 2564.81,
    "operatingProfitMargin" : 32.90,
    "operatingProfit" : 1088.80,
    "netProfitMargin" : 18.92,
    "netProfit" : 626.14
  }, {
    "date" : "2021-03-31",
    "sales" : 3957.96,
    "salesGrowthYoY" : 23.01,
    "grossProfitMargin" : 75.64,
    "grossProfit" : 2993.80,
    "operatingProfitMargin" : 29.88,
    "operatingProfit" : 1182.64,
    "netProfitMargin" : 19.40,
    "netProfit" : 767.84
  }, {
    "date" : "2021-06-30",
    "sales" : 3449.49,
    "salesGrowthYoY" : 47.90,
    "grossProfitMargin" : 75.54,
    "grossProfit" : 2605.74,
    "operatingProfitMargin" : 29.38,
    "operatingProfit" : 1013.46,
    "netProfitMargin" : 19.18,
    "netProfit" : 661.61
  }, {
    "date" : "2021-09-30",
    "sales" : 3205.87,
    "salesGrowthYoY" : 5.00,
    "grossProfitMargin" : 73.90,
    "grossProfit" : 2369.14,
    "operatingProfitMargin" : 28.02,
    "operatingProfit" : 898.28,
    "netProfitMargin" : 18.02,
    "netProfit" : 577.70
  }, {
    "date" : "2021-12-31",
    "sales" : 3551.76,
    "salesGrowthYoY" : 7.32,
    "grossProfitMargin" : 66.39,
    "grossProfit" : 2358.01,
    "operatingProfitMargin" : 23.24,
    "operatingProfit" : 825.43,
    "netProfitMargin" : 13.85,
    "netProfit" : 491.92
  }, {
    "date" : "2022-03-31",
    "sales" : 4098.76,
    "salesGrowthYoY" : 3.56,
    "grossProfitMargin" : 65.22,
    "grossProfit" : 2673.21,
    "operatingProfitMargin" : 22.22,
    "operatingProfit" : 910.74,
    "netProfitMargin" : 15.74,
    "netProfit" : 645.14
  }, {
    "date" : "2022-06-30",
    "sales" : 4202.69,
    "salesGrowthYoY" : 21.84,
    "grossProfitMargin" : 61.49,
    "grossProfit" : 2584.23,
    "operatingProfitMargin" : 19.48,
    "operatingProfit" : 818.68,
    "netProfitMargin" : 7.51,
    "netProfit" : 315.62
  }, {
    "date" : "2022-09-30",
    "sales" : 3780.90,
    "salesGrowthYoY" : 17.94,
    "grossProfitMargin" : 57.77,
    "grossProfit" : 2184.23,
    "operatingProfitMargin" : 13.83,
    "operatingProfit" : 522.90,
    "netProfitMargin" : 5.01,
    "netProfit" : 189.42
  }, {
    "date" : "2022-12-31",
    "sales" : 4068.79,
    "salesGrowthYoY" : 14.56,
    "grossProfitMargin" : 61.03,
    "grossProfit" : 2483.18,
    "operatingProfitMargin" : 17.40,
    "operatingProfit" : 707.97,
    "netProfitMargin" : 6.80,
    "netProfit" : 276.68
  }, {
    "date" : "2023-03-31",
    "sales" : 4785.11,
    "salesGrowthYoY" : 16.75,
    "grossProfitMargin" : 58.12,
    "grossProfit" : 2781.11,
    "operatingProfitMargin" : 18.65,
    "operatingProfit" : 892.42,
    "netProfitMargin" : 11.41,
    "netProfit" : 545.98
  }, {
    "date" : "2023-06-30",
    "sales" : 4970.99,
    "salesGrowthYoY" : 18.28,
    "grossProfitMargin" : 58.06,
    "grossProfit" : 2886.16,
    "operatingProfitMargin" : 18.76,
    "operatingProfit" : 932.56,
    "netProfitMargin" : 11.69,
    "netProfit" : 581.11
  }, {
    "date" : "2023-09-30",
    "sales" : 4559.95,
    "salesGrowthYoY" : 20.60,
    "grossProfitMargin" : 57.88,
    "grossProfit" : 2639.30,
    "operatingProfitMargin" : 19.08,
    "operatingProfit" : 870.04,
    "netProfitMargin" : 10.77,
    "netProfit" : 491.11
  }, {
    "date" : "2023-12-31",
    "sales" : 4873.06,
    "salesGrowthYoY" : 19.77,
    "grossProfitMargin" : 63.32,
    "grossProfit" : 3085.62,
    "operatingProfitMargin" : 25.32,
    "operatingProfit" : 1233.86,
    "netProfitMargin" : 15.07,
    "netProfit" : 734.37
  }, {
    "date" : "2024-03-31",
    "sales" : 5072.68,
    "salesGrowthYoY" : 6.01,
    "grossProfitMargin" : 62.76,
    "grossProfit" : 3183.61,
    "operatingProfitMargin" : 26.16,
    "operatingProfit" : 1327.01,
    "netProfitMargin" : 13.05,
    "netProfit" : 661.98
  }, {
    "date" : "2024-06-30",
    "sales" : 4834.69,
    "salesGrowthYoY" : -2.74,
    "grossProfitMargin" : 60.37,
    "grossProfit" : 2918.70,
    "operatingProfitMargin" : 18.95,
    "operatingProfit" : 916.17,
    "netProfitMargin" : 6.57,
    "netProfit" : 317.64
  }, {
    "date" : "2024-09-30",
    "sales" : 3727.00,
    "salesGrowthYoY" : -18.27,
    "grossProfitMargin" : 62.14,
    "grossProfit" : 2315.96,
    "operatingProfitMargin" : 15.90,
    "operatingProfit" : 592.59,
    "netProfitMargin" : 2.50,
    "netProfit" : 93.17
  }, {
    "date" : "2024-12-31",
    "sales" : 4235.49,
    "salesGrowthYoY" : -13.08,
    "grossProfitMargin" : 65.68,
    "grossProfit" : 2781.87,
    "operatingProfitMargin" : 22.35,
    "operatingProfit" : 946.63,
    "netProfitMargin" : 5.42,
    "netProfit" : 229.56
  }, {
    "date" : "2025-03-31",
    "sales" : 5240.15,
    "salesGrowthYoY" : 3.30,
    "grossProfitMargin" : 67.31,
    "grossProfit" : 3527.14,
    "operatingProfitMargin" : 26.36,
    "operatingProfit" : 1381.30,
    "netProfitMargin" : 10.61,
    "netProfit" : 555.98
  }, {
    "date" : "2025-06-30",
    "sales" : 4947.98,
    "salesGrowthYoY" : 2.34,
    "grossProfitMargin" : 65.52,
    "grossProfit" : 3241.92,
    "operatingProfitMargin" : 24.84,
    "operatingProfit" : 1229.08,
    "netProfitMargin" : 12.50,
    "netProfit" : 618.50
  }, {
    "date" : "2025-09-30",
    "sales" : 4303.20,
    "salesGrowthYoY" : 15.46,
    "grossProfitMargin" : 63.29,
    "grossProfit" : 2723.50,
    "operatingProfitMargin" : 19.78,
    "operatingProfit" : 851.17,
    "netProfitMargin" : 6.44,
    "netProfit" : 277.13
  } ],
  "latestQuarterlyResult" : {
    "date" : "2025-09-30",
    "sales" : 4303.20,
    "salesGrowthYoY" : 15.46,
    "grossProfitMargin" : 63.29,
    "grossProfit" : 2723.50,
    "operatingProfitMargin" : 19.78,
    "operatingProfit" : 851.17,
    "netProfitMargin" : 6.44,
    "netProfit" : 277.13
  },
  "companyScore" : {
    "priceHigherThanDma50" : 0.00,
    "priceHigherThanDma100" : 0.00,
    "priceHigherThanDma200" : 0.00,
    "dma50HigherThanDma100" : 0.00,
    "dma50HigherThanDma200" : 0.00,
    "dma100HigherThanDma200" : 5.00,
    "pricePercentageAboveDma50" : 5.12,
    "pricePercentageAboveDma100" : 5.37,
    "pricePercentageAboveDma200" : 5.35,
    "weeklyVolumeHigherThanYearlyVolume" : 5.00,
    "salesGrowthPercentile" : 8.61,
    "operatingProfitMarginPercentile" : 3.62,
    "netProfitMarginPercentile" : 2.75,
    "totalTechnicalScore" : 25.84,
    "totalFundamentalScore" : 14.98,
    "totalScore" : 40.81
  }
}