{
  "metadata" : {
    "screenerCompanyId" : "2999",
    "companyCode" : "SHREDIGCEM",
    "companyName" : "Sh. Digvijay Cem",
    "screenerCompanyLink" : "https://www.screener.in/company/SHREDIGCEM/",
    "screenerTechnicalHistoryLink" : "https://www.screener.in/api/company/2999/chart/?q=Price-DMA50-DMA200-Volume&days=365",
    "screenerQuarterlyResultsLink" : "https://www.screener.in/api/company/2999/chart/?q=GPM-OPM-NPM-Quarter+Sales&days=10000",
    "attributes" : {
      "companyCode" : "SHREDIGCEM",
      "companyName" : "Sh. Digvijay Cem",
      "marketCap" : 1349.00,
      "peRatio" : 35.90,
      "description" : "Incorporated in 1944, Shree Digvijay cement Company Ltd manufactures and sells Cement[1]"
    },
    "companyScore" : {
      "priceHigherThanDma50" : 5.00,
      "priceHigherThanDma100" : 5.00,
      "priceHigherThanDma200" : 5.00,
      "dma50HigherThanDma100" : 0.00,
      "dma50HigherThanDma200" : 5.00,
      "dma100HigherThanDma200" : 5.00,
      "pricePercentageAboveDma50" : 4.95,
      "pricePercentageAboveDma100" : 4.96,
      "pricePercentageAboveDma200" : 4.79,
      "weeklyVolumeHigherThanYearlyVolume" : 0.00,
      "salesGrowthPercentile" : 11.65,
      "operatingProfitMarginPercentile" : 16.15,
      "netProfitMarginPercentile" : 7.49,
      "totalTechnicalScore" : 39.70,
      "totalFundamentalScore" : 35.29,
      "totalScore" : 74.99
    }
  },
  "attributes" : {
    "companyCode" : "SHREDIGCEM",
    "companyName" : "Sh. Digvijay Cem",
    "marketCap" : 1349.00,
    "peRatio" : 35.90,
    "description" : "Incorporated in 1944, Shree Digvijay cement Company Ltd manufactures and sells Cement[1]"
  },
  "technicalHistory" : [ {
    "date" : "2025-01-03",
    "price" : 88.22,
    "dma50" : 88.58,
    "dma100" : null,
    "dma200" : 95.35,
    "volume" : 176377.00
  }, {
    "date" : "2025-01-06",
    "price" : 84.66,
    "dma50" : 88.43,
    "dma100" : null,
    "dma200" : 95.25,
    "volume" : 260537.00
  }, {
    "date" : "2025-01-07",
    "price" : 86.26,
    "dma50" : 88.34,
    "dma100" : null,
    "dma200" : 95.16,
    "volume" : 197187.00
  }, {
    "date" : "2025-01-08",
    "price" : 84.74,
    "dma50" : 88.20,
    "dma100" : null,
    "dma200" : 95.05,
    "volume" : 138403.00
  }, {
    "date" : "2025-01-09",
    "price" : 83.66,
    "dma50" : 88.02,
    "dma100" : null,
    "dma200" : 94.94,
    "volume" : 143980.00
  }, {
    "date" : "2025-01-10",
    "price" : 82.11,
    "dma50" : 87.79,
    "dma100" : null,
    "dma200" : 94.81,
    "volume" : 192963.00
  }, {
    "date" : "2025-01-13",
    "price" : 77.34,
    "dma50" : 87.38,
    "dma100" : null,
    "dma200" : 94.64,
    "volume" : 499476.00
  }, {
    "date" : "2025-01-14",
    "price" : 78.72,
    "dma50" : 87.04,
    "dma100" : null,
    "dma200" : 94.48,
    "volume" : 201829.00
  }, {
    "date" : "2025-01-15",
    "price" : 76.89,
    "dma50" : 86.65,
    "dma100" : null,
    "dma200" : 94.31,
    "volume" : 348502.00
  }, {
    "date" : "2025-01-16",
    "price" : 78.71,
    "dma50" : 86.33,
    "dma100" : null,
    "dma200" : 94.15,
    "volume" : 198416.00
  }, {
    "date" : "2025-01-17",
    "price" : 79.66,
    "dma50" : 86.07,
    "dma100" : null,
    "dma200" : 94.01,
    "volume" : 192108.00
  }, {
    "date" : "2025-01-20",
    "price" : 78.58,
    "dma50" : 85.78,
    "dma100" : null,
    "dma200" : 93.85,
    "volume" : 304995.00
  }, {
    "date" : "2025-01-21",
    "price" : 78.94,
    "dma50" : 85.51,
    "dma100" : null,
    "dma200" : 93.70,
    "volume" : 308095.00
  }, {
    "date" : "2025-01-22",
    "price" : 78.19,
    "dma50" : 85.22,
    "dma100" : null,
    "dma200" : 93.55,
    "volume" : 223903.00
  }, {
    "date" : "2025-01-23",
    "price" : 77.36,
    "dma50" : 84.91,
    "dma100" : null,
    "dma200" : 93.39,
    "volume" : 370740.00
  }, {
    "date" : "2025-01-24",
    "price" : 73.15,
    "dma50" : 84.45,
    "dma100" : null,
    "dma200" : 93.19,
    "volume" : 1068344.00
  }, {
    "date" : "2025-01-27",
    "price" : 71.14,
    "dma50" : 83.93,
    "dma100" : null,
    "dma200" : 92.97,
    "volume" : 572493.00
  }, {
    "date" : "2025-01-28",
    "price" : 70.41,
    "dma50" : 83.40,
    "dma100" : null,
    "dma200" : 92.74,
    "volume" : 377563.00
  }, {
    "date" : "2025-01-29",
    "price" : 72.71,
    "dma50" : 82.98,
    "dma100" : null,
    "dma200" : 92.54,
    "volume" : 324516.00
  }, {
    "date" : "2025-01-30",
    "price" : 72.24,
    "dma50" : 82.56,
    "dma100" : null,
    "dma200" : 92.34,
    "volume" : 192445.00
  }, {
    "date" : "2025-01-31",
    "price" : 75.89,
    "dma50" : 82.30,
    "dma100" : null,
    "dma200" : 92.18,
    "volume" : 308639.00
  }, {
    "date" : "2025-02-01",
    "price" : 75.32,
    "dma50" : 82.03,
    "dma100" : null,
    "dma200" : 92.01,
    "volume" : 185511.00
  }, {
    "date" : "2025-02-03",
    "price" : 72.45,
    "dma50" : 81.65,
    "dma100" : null,
    "dma200" : 91.82,
    "volume" : 298990.00
  }, {
    "date" : "2025-02-04",
    "price" : 73.13,
    "dma50" : 81.32,
    "dma100" : null,
    "dma200" : 91.63,
    "volume" : 199882.00
  }, {
    "date" : "2025-02-05",
    "price" : 72.90,
    "dma50" : 80.99,
    "dma100" : null,
    "dma200" : 91.44,
    "volume" : 261929.00
  }, {
    "date" : "2025-02-06",
    "price" : 72.91,
    "dma50" : 80.67,
    "dma100" : null,
    "dma200" : 91.26,
    "volume" : 156296.00
  }, {
    "date" : "2025-02-07",
    "price" : 72.44,
    "dma50" : 80.35,
    "dma100" : null,
    "dma200" : 91.07,
    "volume" : 145512.00
  }, {
    "date" : "2025-02-10",
    "price" : 71.56,
    "dma50" : 80.00,
    "dma100" : null,
    "dma200" : 90.88,
    "volume" : 152441.00
  }, {
    "date" : "2025-02-11",
    "price" : 69.91,
    "dma50" : 79.61,
    "dma100" : null,
    "dma200" : 90.67,
    "volume" : 224760.00
  }, {
    "date" : "2025-02-12",
    "price" : 68.59,
    "dma50" : 79.17,
    "dma100" : null,
    "dma200" : 90.45,
    "volume" : 333258.00
  }, {
    "date" : "2025-02-13",
    "price" : 68.90,
    "dma50" : 78.77,
    "dma100" : null,
    "dma200" : 90.24,
    "volume" : 310864.00
  }, {
    "date" : "2025-02-14",
    "price" : 67.43,
    "dma50" : 78.33,
    "dma100" : null,
    "dma200" : 90.01,
    "volume" : 227143.00
  }, {
    "date" : "2025-02-17",
    "price" : 66.08,
    "dma50" : 77.85,
    "dma100" : null,
    "dma200" : 89.77,
    "volume" : 244285.00
  }, {
    "date" : "2025-02-18",
    "price" : 64.17,
    "dma50" : 77.31,
    "dma100" : null,
    "dma200" : 89.52,
    "volume" : 261322.00
  }, {
    "date" : "2025-02-19",
    "price" : 68.31,
    "dma50" : 76.96,
    "dma100" : null,
    "dma200" : 89.31,
    "volume" : 451946.00
  }, {
    "date" : "2025-02-20",
    "price" : 69.03,
    "dma50" : 76.65,
    "dma100" : null,
    "dma200" : 89.10,
    "volume" : 271611.00
  }, {
    "date" : "2025-02-21",
    "price" : 71.19,
    "dma50" : 76.43,
    "dma100" : null,
    "dma200" : 88.93,
    "volume" : 323701.00
  }, {
    "date" : "2025-02-24",
    "price" : 70.47,
    "dma50" : 76.20,
    "dma100" : null,
    "dma200" : 88.74,
    "volume" : 259937.00
  }, {
    "date" : "2025-02-25",
    "price" : 71.18,
    "dma50" : 76.00,
    "dma100" : null,
    "dma200" : 88.57,
    "volume" : 171450.00
  }, {
    "date" : "2025-02-27",
    "price" : 69.18,
    "dma50" : 75.73,
    "dma100" : null,
    "dma200" : 88.37,
    "volume" : 384886.00
  }, {
    "date" : "2025-02-28",
    "price" : 69.31,
    "dma50" : 75.48,
    "dma100" : null,
    "dma200" : 88.18,
    "volume" : 378230.00
  }, {
    "date" : "2025-03-03",
    "price" : 69.23,
    "dma50" : 75.24,
    "dma100" : null,
    "dma200" : 88.00,
    "volume" : 348047.00
  }, {
    "date" : "2025-03-04",
    "price" : 69.85,
    "dma50" : 75.03,
    "dma100" : null,
    "dma200" : 87.81,
    "volume" : 370662.00
  }, {
    "date" : "2025-03-05",
    "price" : 71.02,
    "dma50" : 74.87,
    "dma100" : null,
    "dma200" : 87.65,
    "volume" : 329845.00
  }, {
    "date" : "2025-03-06",
    "price" : 71.32,
    "dma50" : 74.73,
    "dma100" : null,
    "dma200" : 87.49,
    "volume" : 244059.00
  }, {
    "date" : "2025-03-07",
    "price" : 71.26,
    "dma50" : 74.59,
    "dma100" : null,
    "dma200" : 87.32,
    "volume" : 138345.00
  }, {
    "date" : "2025-03-10",
    "price" : 69.53,
    "dma50" : 74.39,
    "dma100" : null,
    "dma200" : 87.15,
    "volume" : 249003.00
  }, {
    "date" : "2025-03-11",
    "price" : 69.16,
    "dma50" : 74.19,
    "dma100" : null,
    "dma200" : 86.97,
    "volume" : 856638.00
  }, {
    "date" : "2025-03-12",
    "price" : 69.12,
    "dma50" : 73.99,
    "dma100" : null,
    "dma200" : 86.79,
    "volume" : 172686.00
  }, {
    "date" : "2025-03-13",
    "price" : 67.40,
    "dma50" : 73.73,
    "dma100" : null,
    "dma200" : 86.60,
    "volume" : 256521.00
  }, {
    "date" : "2025-03-17",
    "price" : 67.18,
    "dma50" : 73.48,
    "dma100" : null,
    "dma200" : 86.40,
    "volume" : 343420.00
  }, {
    "date" : "2025-03-18",
    "price" : 68.90,
    "dma50" : 73.30,
    "dma100" : null,
    "dma200" : 86.23,
    "volume" : 447704.00
  }, {
    "date" : "2025-03-19",
    "price" : 70.64,
    "dma50" : 73.19,
    "dma100" : null,
    "dma200" : 86.07,
    "volume" : 373189.00
  }, {
    "date" : "2025-03-20",
    "price" : 71.00,
    "dma50" : 73.11,
    "dma100" : null,
    "dma200" : 85.92,
    "volume" : 342093.00
  }, {
    "date" : "2025-03-21",
    "price" : 70.88,
    "dma50" : 73.02,
    "dma100" : null,
    "dma200" : 85.78,
    "volume" : 492427.00
  }, {
    "date" : "2025-03-24",
    "price" : 71.44,
    "dma50" : 72.96,
    "dma100" : null,
    "dma200" : 85.63,
    "volume" : 368389.00
  }, {
    "date" : "2025-03-25",
    "price" : 70.40,
    "dma50" : 72.86,
    "dma100" : null,
    "dma200" : 85.48,
    "volume" : 484127.00
  }, {
    "date" : "2025-03-26",
    "price" : 69.42,
    "dma50" : 72.72,
    "dma100" : null,
    "dma200" : 85.32,
    "volume" : 420382.00
  }, {
    "date" : "2025-03-27",
    "price" : 69.56,
    "dma50" : 72.60,
    "dma100" : null,
    "dma200" : 85.16,
    "volume" : 737812.00
  }, {
    "date" : "2025-03-28",
    "price" : 68.29,
    "dma50" : 72.43,
    "dma100" : null,
    "dma200" : 85.00,
    "volume" : 767286.00
  }, {
    "date" : "2025-04-01",
    "price" : 70.68,
    "dma50" : 72.36,
    "dma100" : null,
    "dma200" : 84.85,
    "volume" : 283814.00
  }, {
    "date" : "2025-04-02",
    "price" : 73.27,
    "dma50" : 72.40,
    "dma100" : null,
    "dma200" : 84.74,
    "volume" : 413310.00
  }, {
    "date" : "2025-04-03",
    "price" : 76.19,
    "dma50" : 72.54,
    "dma100" : null,
    "dma200" : 84.65,
    "volume" : 809851.00
  }, {
    "date" : "2025-04-04",
    "price" : 72.50,
    "dma50" : 72.54,
    "dma100" : null,
    "dma200" : 84.53,
    "volume" : 300899.00
  }, {
    "date" : "2025-04-07",
    "price" : 70.08,
    "dma50" : 72.45,
    "dma100" : null,
    "dma200" : 84.39,
    "volume" : 638948.00
  }, {
    "date" : "2025-04-08",
    "price" : 70.13,
    "dma50" : 72.36,
    "dma100" : null,
    "dma200" : 84.25,
    "volume" : 184842.00
  }, {
    "date" : "2025-04-09",
    "price" : 69.58,
    "dma50" : 72.25,
    "dma100" : null,
    "dma200" : 84.10,
    "volume" : 161288.00
  }, {
    "date" : "2025-04-11",
    "price" : 70.92,
    "dma50" : 72.19,
    "dma100" : null,
    "dma200" : 83.97,
    "volume" : 264769.00
  }, {
    "date" : "2025-04-15",
    "price" : 73.64,
    "dma50" : 72.25,
    "dma100" : null,
    "dma200" : 83.87,
    "volume" : 306517.00
  }, {
    "date" : "2025-04-16",
    "price" : 73.47,
    "dma50" : 72.30,
    "dma100" : null,
    "dma200" : 83.76,
    "volume" : 174437.00
  }, {
    "date" : "2025-04-17",
    "price" : 74.93,
    "dma50" : 72.40,
    "dma100" : null,
    "dma200" : 83.68,
    "volume" : 368572.00
  }, {
    "date" : "2025-04-21",
    "price" : 78.13,
    "dma50" : 72.63,
    "dma100" : null,
    "dma200" : 83.62,
    "volume" : 408043.00
  }, {
    "date" : "2025-04-22",
    "price" : 78.02,
    "dma50" : 72.84,
    "dma100" : null,
    "dma200" : 83.56,
    "volume" : 336942.00
  }, {
    "date" : "2025-04-23",
    "price" : 78.68,
    "dma50" : 73.07,
    "dma100" : null,
    "dma200" : 83.52,
    "volume" : 241002.00
  }, {
    "date" : "2025-04-24",
    "price" : 79.57,
    "dma50" : 73.32,
    "dma100" : null,
    "dma200" : 83.48,
    "volume" : 220816.00
  }, {
    "date" : "2025-04-25",
    "price" : 79.94,
    "dma50" : 73.58,
    "dma100" : null,
    "dma200" : 83.44,
    "volume" : 696938.00
  }, {
    "date" : "2025-04-28",
    "price" : 78.97,
    "dma50" : 73.79,
    "dma100" : null,
    "dma200" : 83.40,
    "volume" : 902340.00
  }, {
    "date" : "2025-04-29",
    "price" : 78.39,
    "dma50" : 73.97,
    "dma100" : null,
    "dma200" : 83.35,
    "volume" : 312269.00
  }, {
    "date" : "2025-04-30",
    "price" : 78.62,
    "dma50" : 74.16,
    "dma100" : null,
    "dma200" : 83.30,
    "volume" : 195032.00
  }, {
    "date" : "2025-05-02",
    "price" : 78.38,
    "dma50" : 74.32,
    "dma100" : null,
    "dma200" : 83.25,
    "volume" : 237288.00
  }, {
    "date" : "2025-05-05",
    "price" : 79.15,
    "dma50" : 74.51,
    "dma100" : null,
    "dma200" : 83.21,
    "volume" : 195146.00
  }, {
    "date" : "2025-05-06",
    "price" : 76.90,
    "dma50" : 74.60,
    "dma100" : null,
    "dma200" : 83.15,
    "volume" : 125474.00
  }, {
    "date" : "2025-05-07",
    "price" : 75.57,
    "dma50" : 74.64,
    "dma100" : null,
    "dma200" : 83.07,
    "volume" : 186804.00
  }, {
    "date" : "2025-05-08",
    "price" : 75.05,
    "dma50" : 74.66,
    "dma100" : null,
    "dma200" : 82.99,
    "volume" : 120246.00
  }, {
    "date" : "2025-05-09",
    "price" : 74.87,
    "dma50" : 74.67,
    "dma100" : null,
    "dma200" : 82.91,
    "volume" : 223188.00
  }, {
    "date" : "2025-05-12",
    "price" : 77.47,
    "dma50" : 74.78,
    "dma100" : null,
    "dma200" : 82.86,
    "volume" : 173052.00
  }, {
    "date" : "2025-05-13",
    "price" : 77.89,
    "dma50" : 74.90,
    "dma100" : null,
    "dma200" : 82.81,
    "volume" : 161783.00
  }, {
    "date" : "2025-05-14",
    "price" : 78.72,
    "dma50" : 75.05,
    "dma100" : null,
    "dma200" : 82.77,
    "volume" : 194089.00
  }, {
    "date" : "2025-05-15",
    "price" : 80.07,
    "dma50" : 75.25,
    "dma100" : null,
    "dma200" : 82.74,
    "volume" : 265984.00
  }, {
    "date" : "2025-05-16",
    "price" : 82.17,
    "dma50" : 75.52,
    "dma100" : null,
    "dma200" : 82.74,
    "volume" : 455862.00
  }, {
    "date" : "2025-05-19",
    "price" : 82.45,
    "dma50" : 75.79,
    "dma100" : null,
    "dma200" : 82.73,
    "volume" : 273642.00
  }, {
    "date" : "2025-05-20",
    "price" : 81.41,
    "dma50" : 76.01,
    "dma100" : null,
    "dma200" : 82.72,
    "volume" : 178711.00
  }, {
    "date" : "2025-05-21",
    "price" : 82.81,
    "dma50" : 76.28,
    "dma100" : null,
    "dma200" : 82.72,
    "volume" : 403362.00
  }, {
    "date" : "2025-05-22",
    "price" : 83.00,
    "dma50" : 76.54,
    "dma100" : null,
    "dma200" : 82.72,
    "volume" : 285802.00
  }, {
    "date" : "2025-05-23",
    "price" : 83.09,
    "dma50" : 76.80,
    "dma100" : null,
    "dma200" : 82.73,
    "volume" : 121087.00
  }, {
    "date" : "2025-05-26",
    "price" : 83.07,
    "dma50" : 77.04,
    "dma100" : null,
    "dma200" : 82.73,
    "volume" : 189306.00
  }, {
    "date" : "2025-05-27",
    "price" : 83.25,
    "dma50" : 77.29,
    "dma100" : null,
    "dma200" : 82.74,
    "volume" : 125446.00
  }, {
    "date" : "2025-05-28",
    "price" : 82.88,
    "dma50" : 77.51,
    "dma100" : null,
    "dma200" : 82.74,
    "volume" : 149941.00
  }, {
    "date" : "2025-05-29",
    "price" : 82.92,
    "dma50" : 77.72,
    "dma100" : null,
    "dma200" : 82.74,
    "volume" : 140500.00
  }, {
    "date" : "2025-05-30",
    "price" : 82.57,
    "dma50" : 77.91,
    "dma100" : null,
    "dma200" : 82.74,
    "volume" : 192846.00
  }, {
    "date" : "2025-06-02",
    "price" : 81.71,
    "dma50" : 78.06,
    "dma100" : 74.83,
    "dma200" : 82.73,
    "volume" : 162993.00
  }, {
    "date" : "2025-06-03",
    "price" : 80.44,
    "dma50" : 78.15,
    "dma100" : 74.78,
    "dma200" : 82.70,
    "volume" : 176845.00
  }, {
    "date" : "2025-06-04",
    "price" : 79.76,
    "dma50" : 78.21,
    "dma100" : 74.72,
    "dma200" : 82.67,
    "volume" : 227512.00
  }, {
    "date" : "2025-06-05",
    "price" : 78.02,
    "dma50" : 78.21,
    "dma100" : 74.65,
    "dma200" : 82.63,
    "volume" : 472181.00
  }, {
    "date" : "2025-06-06",
    "price" : 79.22,
    "dma50" : 78.25,
    "dma100" : 74.61,
    "dma200" : 82.59,
    "volume" : 266050.00
  }, {
    "date" : "2025-06-09",
    "price" : 79.57,
    "dma50" : 78.30,
    "dma100" : 74.58,
    "dma200" : 82.56,
    "volume" : 411136.00
  }, {
    "date" : "2025-06-10",
    "price" : 78.83,
    "dma50" : 78.32,
    "dma100" : 74.60,
    "dma200" : 82.53,
    "volume" : 190294.00
  }, {
    "date" : "2025-06-11",
    "price" : 79.00,
    "dma50" : 78.35,
    "dma100" : 74.60,
    "dma200" : 82.49,
    "volume" : 289618.00
  }, {
    "date" : "2025-06-12",
    "price" : 78.60,
    "dma50" : 78.36,
    "dma100" : 74.62,
    "dma200" : 82.45,
    "volume" : 170596.00
  }, {
    "date" : "2025-06-13",
    "price" : 78.00,
    "dma50" : 78.34,
    "dma100" : 74.61,
    "dma200" : 82.41,
    "volume" : 150576.00
  }, {
    "date" : "2025-06-16",
    "price" : 78.11,
    "dma50" : 78.33,
    "dma100" : 74.59,
    "dma200" : 82.37,
    "volume" : 144009.00
  }, {
    "date" : "2025-06-17",
    "price" : 77.98,
    "dma50" : 78.32,
    "dma100" : 74.59,
    "dma200" : 82.32,
    "volume" : 141864.00
  }, {
    "date" : "2025-06-18",
    "price" : 76.81,
    "dma50" : 78.26,
    "dma100" : 74.57,
    "dma200" : 82.27,
    "volume" : 74046.00
  }, {
    "date" : "2025-06-19",
    "price" : 76.21,
    "dma50" : 78.18,
    "dma100" : 74.55,
    "dma200" : 82.21,
    "volume" : 128698.00
  }, {
    "date" : "2025-06-20",
    "price" : 78.42,
    "dma50" : 78.19,
    "dma100" : 74.56,
    "dma200" : 82.17,
    "volume" : 144590.00
  }, {
    "date" : "2025-06-23",
    "price" : 77.26,
    "dma50" : 78.15,
    "dma100" : 74.60,
    "dma200" : 82.12,
    "volume" : 99472.00
  }, {
    "date" : "2025-06-24",
    "price" : 76.72,
    "dma50" : 78.10,
    "dma100" : 74.65,
    "dma200" : 82.07,
    "volume" : 119882.00
  }, {
    "date" : "2025-06-25",
    "price" : 77.59,
    "dma50" : 78.08,
    "dma100" : 74.73,
    "dma200" : 82.02,
    "volume" : 96087.00
  }, {
    "date" : "2025-06-26",
    "price" : 78.36,
    "dma50" : 78.09,
    "dma100" : 74.78,
    "dma200" : 81.99,
    "volume" : 118244.00
  }, {
    "date" : "2025-06-27",
    "price" : 78.88,
    "dma50" : 78.12,
    "dma100" : 74.85,
    "dma200" : 81.96,
    "volume" : 156440.00
  }, {
    "date" : "2025-06-30",
    "price" : 81.02,
    "dma50" : 78.23,
    "dma100" : 74.90,
    "dma200" : 81.95,
    "volume" : 429098.00
  }, {
    "date" : "2025-07-01",
    "price" : 81.51,
    "dma50" : 78.36,
    "dma100" : 74.96,
    "dma200" : 81.94,
    "volume" : 336215.00
  }, {
    "date" : "2025-07-02",
    "price" : 81.66,
    "dma50" : 78.49,
    "dma100" : 75.05,
    "dma200" : 81.94,
    "volume" : 230010.00
  }, {
    "date" : "2025-07-03",
    "price" : 80.58,
    "dma50" : 78.57,
    "dma100" : 75.13,
    "dma200" : 81.93,
    "volume" : 230636.00
  }, {
    "date" : "2025-07-04",
    "price" : 79.35,
    "dma50" : 78.60,
    "dma100" : 75.19,
    "dma200" : 81.90,
    "volume" : 453227.00
  }, {
    "date" : "2025-07-07",
    "price" : 78.46,
    "dma50" : 78.60,
    "dma100" : 75.25,
    "dma200" : 81.87,
    "volume" : 196111.00
  }, {
    "date" : "2025-07-08",
    "price" : 77.94,
    "dma50" : 78.57,
    "dma100" : 75.30,
    "dma200" : 81.83,
    "volume" : 120563.00
  }, {
    "date" : "2025-07-09",
    "price" : 77.11,
    "dma50" : 78.51,
    "dma100" : 75.36,
    "dma200" : 81.78,
    "volume" : 199642.00
  }, {
    "date" : "2025-07-10",
    "price" : 76.22,
    "dma50" : 78.42,
    "dma100" : 75.42,
    "dma200" : 81.72,
    "volume" : 309317.00
  }, {
    "date" : "2025-07-11",
    "price" : 75.57,
    "dma50" : 78.31,
    "dma100" : 75.49,
    "dma200" : 81.66,
    "volume" : 306993.00
  }, {
    "date" : "2025-07-14",
    "price" : 74.89,
    "dma50" : 78.18,
    "dma100" : 75.55,
    "dma200" : 81.60,
    "volume" : 251077.00
  }, {
    "date" : "2025-07-15",
    "price" : 75.52,
    "dma50" : 78.07,
    "dma100" : 75.63,
    "dma200" : 81.53,
    "volume" : 379023.00
  }, {
    "date" : "2025-07-16",
    "price" : 83.55,
    "dma50" : 78.29,
    "dma100" : 75.81,
    "dma200" : 81.55,
    "volume" : 3623155.00
  }, {
    "date" : "2025-07-17",
    "price" : 84.08,
    "dma50" : 78.52,
    "dma100" : 76.01,
    "dma200" : 81.58,
    "volume" : 820619.00
  }, {
    "date" : "2025-07-18",
    "price" : 86.52,
    "dma50" : 78.83,
    "dma100" : 76.19,
    "dma200" : 81.63,
    "volume" : 1435120.00
  }, {
    "date" : "2025-07-21",
    "price" : 85.92,
    "dma50" : 79.11,
    "dma100" : 76.36,
    "dma200" : 81.67,
    "volume" : 553292.00
  }, {
    "date" : "2025-07-22",
    "price" : 87.55,
    "dma50" : 79.44,
    "dma100" : 76.52,
    "dma200" : 81.73,
    "volume" : 640394.00
  }, {
    "date" : "2025-07-23",
    "price" : 90.67,
    "dma50" : 79.88,
    "dma100" : 76.72,
    "dma200" : 81.82,
    "volume" : 1335071.00
  }, {
    "date" : "2025-07-24",
    "price" : 88.20,
    "dma50" : 80.21,
    "dma100" : 76.89,
    "dma200" : 81.88,
    "volume" : 621648.00
  }, {
    "date" : "2025-07-25",
    "price" : 85.64,
    "dma50" : 80.42,
    "dma100" : 77.06,
    "dma200" : 81.92,
    "volume" : 532533.00
  }, {
    "date" : "2025-07-28",
    "price" : 86.07,
    "dma50" : 80.64,
    "dma100" : 77.23,
    "dma200" : 81.96,
    "volume" : 657716.00
  }, {
    "date" : "2025-07-29",
    "price" : 87.52,
    "dma50" : 80.91,
    "dma100" : 77.41,
    "dma200" : 82.02,
    "volume" : 461857.00
  }, {
    "date" : "2025-07-30",
    "price" : 87.60,
    "dma50" : 81.17,
    "dma100" : 77.59,
    "dma200" : 82.07,
    "volume" : 645606.00
  }, {
    "date" : "2025-07-31",
    "price" : 84.26,
    "dma50" : 81.29,
    "dma100" : 77.72,
    "dma200" : 82.09,
    "volume" : 1125340.00
  }, {
    "date" : "2025-08-01",
    "price" : 84.29,
    "dma50" : 81.41,
    "dma100" : 77.85,
    "dma200" : 82.12,
    "volume" : 432673.00
  }, {
    "date" : "2025-08-04",
    "price" : 82.60,
    "dma50" : 81.46,
    "dma100" : 77.96,
    "dma200" : 82.12,
    "volume" : 265071.00
  }, {
    "date" : "2025-08-05",
    "price" : 82.74,
    "dma50" : 81.51,
    "dma100" : 78.09,
    "dma200" : 82.13,
    "volume" : 190127.00
  }, {
    "date" : "2025-08-06",
    "price" : 81.82,
    "dma50" : 81.52,
    "dma100" : 78.22,
    "dma200" : 82.12,
    "volume" : 178412.00
  }, {
    "date" : "2025-08-07",
    "price" : 80.99,
    "dma50" : 81.50,
    "dma100" : 78.34,
    "dma200" : 82.11,
    "volume" : 257721.00
  }, {
    "date" : "2025-08-08",
    "price" : 81.48,
    "dma50" : 81.50,
    "dma100" : 78.48,
    "dma200" : 82.11,
    "volume" : 130177.00
  }, {
    "date" : "2025-08-11",
    "price" : 82.00,
    "dma50" : 81.52,
    "dma100" : 78.63,
    "dma200" : 82.11,
    "volume" : 119542.00
  }, {
    "date" : "2025-08-12",
    "price" : 82.18,
    "dma50" : 81.54,
    "dma100" : 78.76,
    "dma200" : 82.11,
    "volume" : 349021.00
  }, {
    "date" : "2025-08-13",
    "price" : 81.79,
    "dma50" : 81.55,
    "dma100" : 78.87,
    "dma200" : 82.10,
    "volume" : 131595.00
  }, {
    "date" : "2025-08-14",
    "price" : 82.14,
    "dma50" : 81.58,
    "dma100" : 78.98,
    "dma200" : 82.10,
    "volume" : 193670.00
  }, {
    "date" : "2025-08-18",
    "price" : 86.18,
    "dma50" : 81.76,
    "dma100" : 79.14,
    "dma200" : 82.14,
    "volume" : 1386503.00
  }, {
    "date" : "2025-08-19",
    "price" : 86.86,
    "dma50" : 81.96,
    "dma100" : 79.29,
    "dma200" : 82.19,
    "volume" : 192026.00
  }, {
    "date" : "2025-08-20",
    "price" : 95.65,
    "dma50" : 82.49,
    "dma100" : 79.54,
    "dma200" : 82.32,
    "volume" : 6846266.00
  }, {
    "date" : "2025-08-21",
    "price" : 96.97,
    "dma50" : 83.06,
    "dma100" : 79.82,
    "dma200" : 82.47,
    "volume" : 2760340.00
  }, {
    "date" : "2025-08-22",
    "price" : 94.70,
    "dma50" : 83.52,
    "dma100" : 80.07,
    "dma200" : 82.59,
    "volume" : 982138.00
  }, {
    "date" : "2025-08-25",
    "price" : 104.08,
    "dma50" : 84.32,
    "dma100" : 80.43,
    "dma200" : 82.81,
    "volume" : 8115439.00
  }, {
    "date" : "2025-08-26",
    "price" : 96.98,
    "dma50" : 84.82,
    "dma100" : 80.69,
    "dma200" : 82.95,
    "volume" : 2992016.00
  }, {
    "date" : "2025-08-28",
    "price" : 96.32,
    "dma50" : 85.27,
    "dma100" : 80.92,
    "dma200" : 83.08,
    "volume" : 1204024.00
  }, {
    "date" : "2025-08-29",
    "price" : 97.22,
    "dma50" : 85.74,
    "dma100" : 81.13,
    "dma200" : 83.22,
    "volume" : 1192835.00
  }, {
    "date" : "2025-09-01",
    "price" : 95.24,
    "dma50" : 86.11,
    "dma100" : 81.36,
    "dma200" : 83.34,
    "volume" : 788392.00
  }, {
    "date" : "2025-09-02",
    "price" : 95.07,
    "dma50" : 86.46,
    "dma100" : 81.61,
    "dma200" : 83.46,
    "volume" : 816720.00
  }, {
    "date" : "2025-09-03",
    "price" : 96.69,
    "dma50" : 86.87,
    "dma100" : 81.87,
    "dma200" : 83.59,
    "volume" : 1923409.00
  }, {
    "date" : "2025-09-04",
    "price" : 96.27,
    "dma50" : 87.23,
    "dma100" : 82.14,
    "dma200" : 83.71,
    "volume" : 2344333.00
  }, {
    "date" : "2025-09-05",
    "price" : 90.65,
    "dma50" : 87.37,
    "dma100" : 82.34,
    "dma200" : 83.78,
    "volume" : 3898378.00
  }, {
    "date" : "2025-09-08",
    "price" : 89.37,
    "dma50" : 87.45,
    "dma100" : 82.50,
    "dma200" : 83.84,
    "volume" : 849072.00
  }, {
    "date" : "2025-09-09",
    "price" : 89.03,
    "dma50" : 87.51,
    "dma100" : 82.65,
    "dma200" : 83.89,
    "volume" : 449802.00
  }, {
    "date" : "2025-09-10",
    "price" : 89.66,
    "dma50" : 87.59,
    "dma100" : 82.80,
    "dma200" : 83.95,
    "volume" : 705208.00
  }, {
    "date" : "2025-09-11",
    "price" : 90.96,
    "dma50" : 87.73,
    "dma100" : 82.93,
    "dma200" : 84.02,
    "volume" : 929770.00
  }, {
    "date" : "2025-09-12",
    "price" : 90.03,
    "dma50" : 87.82,
    "dma100" : 83.05,
    "dma200" : 84.08,
    "volume" : 276114.00
  }, {
    "date" : "2025-09-15",
    "price" : 89.47,
    "dma50" : 87.88,
    "dma100" : 83.16,
    "dma200" : 84.13,
    "volume" : 371342.00
  }, {
    "date" : "2025-09-16",
    "price" : 89.48,
    "dma50" : 87.94,
    "dma100" : 83.25,
    "dma200" : 84.18,
    "volume" : 296422.00
  }, {
    "date" : "2025-09-17",
    "price" : 89.37,
    "dma50" : 88.00,
    "dma100" : 83.35,
    "dma200" : 84.24,
    "volume" : 192952.00
  }, {
    "date" : "2025-09-18",
    "price" : 89.30,
    "dma50" : 88.05,
    "dma100" : 83.45,
    "dma200" : 84.29,
    "volume" : 510831.00
  }, {
    "date" : "2025-09-19",
    "price" : 89.86,
    "dma50" : 88.12,
    "dma100" : 83.57,
    "dma200" : 84.34,
    "volume" : 215670.00
  }, {
    "date" : "2025-09-22",
    "price" : 89.95,
    "dma50" : 88.19,
    "dma100" : 83.68,
    "dma200" : 84.40,
    "volume" : 284448.00
  }, {
    "date" : "2025-09-23",
    "price" : 89.22,
    "dma50" : 88.23,
    "dma100" : 83.79,
    "dma200" : 84.45,
    "volume" : 420792.00
  }, {
    "date" : "2025-09-24",
    "price" : 89.56,
    "dma50" : 88.29,
    "dma100" : 83.89,
    "dma200" : 84.50,
    "volume" : 589342.00
  }, {
    "date" : "2025-09-25",
    "price" : 89.34,
    "dma50" : 88.33,
    "dma100" : 84.02,
    "dma200" : 84.55,
    "volume" : 226053.00
  }, {
    "date" : "2025-09-26",
    "price" : 89.31,
    "dma50" : 88.37,
    "dma100" : 84.15,
    "dma200" : 84.59,
    "volume" : 551522.00
  }, {
    "date" : "2025-09-29",
    "price" : 89.38,
    "dma50" : 88.40,
    "dma100" : 84.30,
    "dma200" : 84.64,
    "volume" : 263119.00
  }, {
    "date" : "2025-09-30",
    "price" : 89.37,
    "dma50" : 88.44,
    "dma100" : 84.44,
    "dma200" : 84.69,
    "volume" : 203713.00
  }, {
    "date" : "2025-10-01",
    "price" : 91.64,
    "dma50" : 88.57,
    "dma100" : 84.58,
    "dma200" : 84.76,
    "volume" : 1730422.00
  }, {
    "date" : "2025-10-03",
    "price" : 90.62,
    "dma50" : 88.65,
    "dma100" : 84.71,
    "dma200" : 84.81,
    "volume" : 383936.00
  }, {
    "date" : "2025-10-06",
    "price" : 89.66,
    "dma50" : 88.69,
    "dma100" : 84.82,
    "dma200" : 84.86,
    "volume" : 384042.00
  }, {
    "date" : "2025-10-07",
    "price" : 89.52,
    "dma50" : 88.72,
    "dma100" : 84.92,
    "dma200" : 84.91,
    "volume" : 193891.00
  }, {
    "date" : "2025-10-08",
    "price" : 89.72,
    "dma50" : 88.76,
    "dma100" : 84.99,
    "dma200" : 84.96,
    "volume" : 227354.00
  }, {
    "date" : "2025-10-09",
    "price" : 89.31,
    "dma50" : 88.78,
    "dma100" : 85.06,
    "dma200" : 85.00,
    "volume" : 151164.00
  }, {
    "date" : "2025-10-10",
    "price" : 89.28,
    "dma50" : 88.80,
    "dma100" : 85.14,
    "dma200" : 85.04,
    "volume" : 120313.00
  }, {
    "date" : "2025-10-13",
    "price" : 89.48,
    "dma50" : 88.83,
    "dma100" : 85.20,
    "dma200" : 85.09,
    "volume" : 248230.00
  }, {
    "date" : "2025-10-14",
    "price" : 89.28,
    "dma50" : 88.85,
    "dma100" : 85.27,
    "dma200" : 85.13,
    "volume" : 435474.00
  }, {
    "date" : "2025-10-15",
    "price" : 89.66,
    "dma50" : 88.88,
    "dma100" : 85.33,
    "dma200" : 85.17,
    "volume" : 114513.00
  }, {
    "date" : "2025-10-16",
    "price" : 89.82,
    "dma50" : 88.91,
    "dma100" : 85.40,
    "dma200" : 85.22,
    "volume" : 215500.00
  }, {
    "date" : "2025-10-17",
    "price" : 90.71,
    "dma50" : 88.98,
    "dma100" : 85.48,
    "dma200" : 85.27,
    "volume" : 3205630.00
  }, {
    "date" : "2025-10-20",
    "price" : 90.08,
    "dma50" : 89.03,
    "dma100" : 85.55,
    "dma200" : 85.32,
    "volume" : 530649.00
  }, {
    "date" : "2025-10-21",
    "price" : 90.15,
    "dma50" : 89.07,
    "dma100" : 85.62,
    "dma200" : 85.37,
    "volume" : 84175.00
  }, {
    "date" : "2025-10-23",
    "price" : 90.13,
    "dma50" : 89.11,
    "dma100" : 85.70,
    "dma200" : 85.42,
    "volume" : 220943.00
  }, {
    "date" : "2025-10-24",
    "price" : 90.08,
    "dma50" : 89.15,
    "dma100" : 85.78,
    "dma200" : 85.46,
    "volume" : 170091.00
  }, {
    "date" : "2025-10-27",
    "price" : 90.27,
    "dma50" : 89.20,
    "dma100" : 85.88,
    "dma200" : 85.51,
    "volume" : 219965.00
  }, {
    "date" : "2025-10-28",
    "price" : 90.25,
    "dma50" : 89.24,
    "dma100" : 85.98,
    "dma200" : 85.56,
    "volume" : 225534.00
  }, {
    "date" : "2025-10-29",
    "price" : 90.50,
    "dma50" : 89.29,
    "dma100" : 86.11,
    "dma200" : 85.61,
    "volume" : 196535.00
  }, {
    "date" : "2025-10-30",
    "price" : 92.21,
    "dma50" : 89.40,
    "dma100" : 86.24,
    "dma200" : 85.67,
    "volume" : 1148134.00
  }, {
    "date" : "2025-10-31",
    "price" : 90.99,
    "dma50" : 89.46,
    "dma100" : 86.35,
    "dma200" : 85.73,
    "volume" : 210147.00
  }, {
    "date" : "2025-11-03",
    "price" : 90.32,
    "dma50" : 89.50,
    "dma100" : 86.47,
    "dma200" : 85.77,
    "volume" : 232510.00
  }, {
    "date" : "2025-11-04",
    "price" : 91.15,
    "dma50" : 89.56,
    "dma100" : 86.59,
    "dma200" : 85.83,
    "volume" : 292264.00
  }, {
    "date" : "2025-11-06",
    "price" : 90.11,
    "dma50" : 89.58,
    "dma100" : 86.70,
    "dma200" : 85.87,
    "volume" : 313162.00
  }, {
    "date" : "2025-11-07",
    "price" : 89.92,
    "dma50" : 89.60,
    "dma100" : 86.82,
    "dma200" : 85.91,
    "volume" : 233611.00
  }, {
    "date" : "2025-11-10",
    "price" : 90.03,
    "dma50" : 89.61,
    "dma100" : 86.94,
    "dma200" : 85.95,
    "volume" : 148769.00
  }, {
    "date" : "2025-11-11",
    "price" : 90.03,
    "dma50" : 89.63,
    "dma100" : 87.06,
    "dma200" : 85.99,
    "volume" : 118993.00
  }, {
    "date" : "2025-11-12",
    "price" : 90.13,
    "dma50" : 89.65,
    "dma100" : 87.19,
    "dma200" : 86.03,
    "volume" : 199983.00
  }, {
    "date" : "2025-11-13",
    "price" : 90.11,
    "dma50" : 89.67,
    "dma100" : 87.33,
    "dma200" : 86.07,
    "volume" : 115267.00
  }, {
    "date" : "2025-11-14",
    "price" : 90.09,
    "dma50" : 89.68,
    "dma100" : 87.45,
    "dma200" : 86.11,
    "volume" : 226020.00
  }, {
    "date" : "2025-11-17",
    "price" : 90.15,
    "dma50" : 89.70,
    "dma100" : 87.58,
    "dma200" : 86.15,
    "volume" : 152136.00
  }, {
    "date" : "2025-11-18",
    "price" : 90.14,
    "dma50" : 89.72,
    "dma100" : 87.71,
    "dma200" : 86.19,
    "volume" : 264389.00
  }, {
    "date" : "2025-11-19",
    "price" : 90.27,
    "dma50" : 89.74,
    "dma100" : 87.84,
    "dma200" : 86.23,
    "volume" : 207975.00
  }, {
    "date" : "2025-11-20",
    "price" : 90.10,
    "dma50" : 89.75,
    "dma100" : 87.96,
    "dma200" : 86.27,
    "volume" : 177429.00
  }, {
    "date" : "2025-11-21",
    "price" : 90.11,
    "dma50" : 89.77,
    "dma100" : 88.07,
    "dma200" : 86.31,
    "volume" : 284661.00
  }, {
    "date" : "2025-11-24",
    "price" : 90.17,
    "dma50" : 89.78,
    "dma100" : 88.16,
    "dma200" : 86.35,
    "volume" : 216211.00
  }, {
    "date" : "2025-11-25",
    "price" : 90.15,
    "dma50" : 89.80,
    "dma100" : 88.25,
    "dma200" : 86.39,
    "volume" : 179378.00
  }, {
    "date" : "2025-11-26",
    "price" : 90.16,
    "dma50" : 89.81,
    "dma100" : 88.33,
    "dma200" : 86.42,
    "volume" : 143251.00
  }, {
    "date" : "2025-11-27",
    "price" : 90.10,
    "dma50" : 89.82,
    "dma100" : 88.43,
    "dma200" : 86.46,
    "volume" : 136096.00
  }, {
    "date" : "2025-11-28",
    "price" : 90.10,
    "dma50" : 89.84,
    "dma100" : 88.54,
    "dma200" : 86.50,
    "volume" : 139168.00
  }, {
    "date" : "2025-12-01",
    "price" : 90.10,
    "dma50" : 89.85,
    "dma100" : 88.65,
    "dma200" : 86.53,
    "volume" : 163421.00
  }, {
    "date" : "2025-12-02",
    "price" : 90.34,
    "dma50" : 89.86,
    "dma100" : 88.78,
    "dma200" : 86.57,
    "volume" : 763056.00
  }, {
    "date" : "2025-12-03",
    "price" : 90.12,
    "dma50" : 89.87,
    "dma100" : 88.91,
    "dma200" : 86.61,
    "volume" : 261086.00
  }, {
    "date" : "2025-12-04",
    "price" : 90.12,
    "dma50" : 89.88,
    "dma100" : 89.05,
    "dma200" : 86.64,
    "volume" : 310972.00
  }, {
    "date" : "2025-12-05",
    "price" : 90.10,
    "dma50" : 89.89,
    "dma100" : 89.19,
    "dma200" : 86.67,
    "volume" : 377485.00
  }, {
    "date" : "2025-12-08",
    "price" : 90.13,
    "dma50" : 89.90,
    "dma100" : 89.34,
    "dma200" : 86.71,
    "volume" : 223760.00
  }, {
    "date" : "2025-12-09",
    "price" : 90.12,
    "dma50" : 89.91,
    "dma100" : 89.49,
    "dma200" : 86.74,
    "volume" : 412036.00
  }, {
    "date" : "2025-12-10",
    "price" : 90.19,
    "dma50" : 89.92,
    "dma100" : 89.56,
    "dma200" : 86.78,
    "volume" : 365960.00
  }, {
    "date" : "2025-12-11",
    "price" : 90.14,
    "dma50" : 89.93,
    "dma100" : 89.62,
    "dma200" : 86.81,
    "volume" : 79861.00
  }, {
    "date" : "2025-12-12",
    "price" : 89.41,
    "dma50" : 89.91,
    "dma100" : 89.64,
    "dma200" : 86.84,
    "volume" : 678885.00
  }, {
    "date" : "2025-12-15",
    "price" : 90.19,
    "dma50" : 89.92,
    "dma100" : 89.69,
    "dma200" : 86.87,
    "volume" : 236170.00
  }, {
    "date" : "2025-12-16",
    "price" : 90.22,
    "dma50" : 89.93,
    "dma100" : 89.71,
    "dma200" : 86.90,
    "volume" : 458227.00
  }, {
    "date" : "2025-12-17",
    "price" : 89.42,
    "dma50" : 89.91,
    "dma100" : 89.70,
    "dma200" : 86.93,
    "volume" : 767886.00
  }, {
    "date" : "2025-12-18",
    "price" : 90.17,
    "dma50" : 89.92,
    "dma100" : 89.72,
    "dma200" : 86.96,
    "volume" : 67361283.00
  }, {
    "date" : "2025-12-19",
    "price" : 90.05,
    "dma50" : 89.93,
    "dma100" : 89.77,
    "dma200" : 86.99,
    "volume" : 861231.00
  }, {
    "date" : "2025-12-22",
    "price" : 90.26,
    "dma50" : 89.94,
    "dma100" : 89.81,
    "dma200" : 87.02,
    "volume" : 315643.00
  }, {
    "date" : "2025-12-23",
    "price" : 90.23,
    "dma50" : 89.95,
    "dma100" : 89.83,
    "dma200" : 87.06,
    "volume" : 243271.00
  }, {
    "date" : "2025-12-24",
    "price" : 90.18,
    "dma50" : 89.96,
    "dma100" : 89.86,
    "dma200" : 87.09,
    "volume" : 83336.00
  }, {
    "date" : "2025-12-26",
    "price" : 90.11,
    "dma50" : 89.97,
    "dma100" : 89.92,
    "dma200" : 87.12,
    "volume" : 354164.00
  }, {
    "date" : "2025-12-29",
    "price" : 91.04,
    "dma50" : 90.01,
    "dma100" : 89.99,
    "dma200" : 87.16,
    "volume" : 567474.00
  }, {
    "date" : "2025-12-30",
    "price" : 91.00,
    "dma50" : 90.05,
    "dma100" : 90.07,
    "dma200" : 87.19,
    "volume" : 137900.00
  }, {
    "date" : "2025-12-31",
    "price" : 90.96,
    "dma50" : 90.08,
    "dma100" : 90.15,
    "dma200" : 87.23,
    "volume" : 168518.00
  }, {
    "date" : "2026-01-01",
    "price" : 90.98,
    "dma50" : 90.12,
    "dma100" : 90.24,
    "dma200" : 87.27,
    "volume" : 80707.00
  }, {
    "date" : "2026-01-02",
    "price" : 91.02,
    "dma50" : 90.15,
    "dma100" : 90.34,
    "dma200" : 87.31,
    "volume" : 148120.00
  } ],
  "latestTechnicalAttributes" : {
    "date" : "2026-01-02",
    "price" : 91.02,
    "dma50" : 90.15,
    "dma100" : 90.34,
    "dma200" : 87.31,
    "volume" : 148120.00
  },
  "quarterlyResults" : [ {
    "date" : "2005-03-31",
    "sales" : 47.70,
    "salesGrowthYoY" : null,
    "grossProfitMargin" : 45.05,
    "grossProfit" : 21.49,
    "operatingProfitMargin" : 17.69,
    "operatingProfit" : 8.44,
    "netProfitMargin" : 9.52,
    "netProfit" : 4.54
  }, {
    "date" : "2005-06-30",
    "sales" : 53.63,
    "salesGrowthYoY" : null,
    "grossProfitMargin" : 48.22,
    "grossProfit" : 25.86,
    "operatingProfitMargin" : 22.32,
    "operatingProfit" : 11.97,
    "netProfitMargin" : 15.51,
    "netProfit" : 8.32
  }, {
    "date" : "2005-09-30",
    "sales" : 44.35,
    "salesGrowthYoY" : null,
    "grossProfitMargin" : 45.93,
    "grossProfit" : 20.37,
    "operatingProfitMargin" : 16.01,
    "operatingProfit" : 7.10,
    "netProfitMargin" : 15.04,
    "netProfit" : 6.67
  }, {
    "date" : "2005-12-31",
    "sales" : 51.61,
    "salesGrowthYoY" : null,
    "grossProfitMargin" : 46.89,
    "grossProfit" : 24.20,
    "operatingProfitMargin" : 14.94,
    "operatingProfit" : 7.71,
    "netProfitMargin" : 12.34,
    "netProfit" : 6.37
  }, {
    "date" : "2006-03-31",
    "sales" : 64.82,
    "salesGrowthYoY" : 35.89,
    "grossProfitMargin" : 49.91,
    "grossProfit" : 32.35,
    "operatingProfitMargin" : 19.56,
    "operatingProfit" : 12.68,
    "netProfitMargin" : 18.84,
    "netProfit" : 12.21
  }, {
    "date" : "2006-06-30",
    "sales" : 62.53,
    "salesGrowthYoY" : 16.60,
    "grossProfitMargin" : 56.34,
    "grossProfit" : 35.23,
    "operatingProfitMargin" : 17.46,
    "operatingProfit" : 10.92,
    "netProfitMargin" : 17.69,
    "netProfit" : 11.06
  }, {
    "date" : "2006-09-30",
    "sales" : 56.79,
    "salesGrowthYoY" : 28.05,
    "grossProfitMargin" : 50.68,
    "grossProfit" : 28.78,
    "operatingProfitMargin" : 16.16,
    "operatingProfit" : 9.18,
    "netProfitMargin" : 14.14,
    "netProfit" : 8.03
  }, {
    "date" : "2006-12-31",
    "sales" : 70.62,
    "salesGrowthYoY" : 36.83,
    "grossProfitMargin" : 57.39,
    "grossProfit" : 40.53,
    "operatingProfitMargin" : 27.98,
    "operatingProfit" : 19.76,
    "netProfitMargin" : 26.07,
    "netProfit" : 18.41
  }, {
    "date" : "2007-03-31",
    "sales" : 69.99,
    "salesGrowthYoY" : 7.98,
    "grossProfitMargin" : 53.76,
    "grossProfit" : 37.63,
    "operatingProfitMargin" : 23.59,
    "operatingProfit" : 16.51,
    "netProfitMargin" : 22.77,
    "netProfit" : 15.94
  }, {
    "date" : "2007-06-30",
    "sales" : 74.63,
    "salesGrowthYoY" : 19.35,
    "grossProfitMargin" : 51.17,
    "grossProfit" : 38.19,
    "operatingProfitMargin" : 23.97,
    "operatingProfit" : 17.89,
    "netProfitMargin" : 20.22,
    "netProfit" : 15.09
  }, {
    "date" : "2007-09-30",
    "sales" : 41.50,
    "salesGrowthYoY" : -26.92,
    "grossProfitMargin" : 47.11,
    "grossProfit" : 19.55,
    "operatingProfitMargin" : 5.06,
    "operatingProfit" : 2.10,
    "netProfitMargin" : 3.61,
    "netProfit" : 1.50
  }, {
    "date" : "2007-12-31",
    "sales" : 60.20,
    "salesGrowthYoY" : -14.76,
    "grossProfitMargin" : 49.19,
    "grossProfit" : 29.61,
    "operatingProfitMargin" : 19.63,
    "operatingProfit" : 11.82,
    "netProfitMargin" : 16.28,
    "netProfit" : 9.80
  }, {
    "date" : "2008-03-31",
    "sales" : 76.96,
    "salesGrowthYoY" : 9.96,
    "grossProfitMargin" : 36.36,
    "grossProfit" : 27.98,
    "operatingProfitMargin" : -55.48,
    "operatingProfit" : -42.70,
    "netProfitMargin" : -52.51,
    "netProfit" : -40.41
  }, {
    "date" : "2008-06-30",
    "sales" : 70.51,
    "salesGrowthYoY" : -5.52,
    "grossProfitMargin" : 38.96,
    "grossProfit" : 27.47,
    "operatingProfitMargin" : 7.79,
    "operatingProfit" : 5.49,
    "netProfitMargin" : 1.62,
    "netProfit" : 1.14
  }, {
    "date" : "2008-09-30",
    "sales" : 72.60,
    "salesGrowthYoY" : 74.94,
    "grossProfitMargin" : 34.09,
    "grossProfit" : 24.75,
    "operatingProfitMargin" : 1.31,
    "operatingProfit" : 0.95,
    "netProfitMargin" : -4.61,
    "netProfit" : -3.35
  }, {
    "date" : "2008-12-31",
    "sales" : 68.87,
    "salesGrowthYoY" : 14.40,
    "grossProfitMargin" : 44.29,
    "grossProfit" : 30.50,
    "operatingProfitMargin" : 12.76,
    "operatingProfit" : 8.79,
    "netProfitMargin" : 7.00,
    "netProfit" : 4.82
  }, {
    "date" : "2009-03-31",
    "sales" : 96.23,
    "salesGrowthYoY" : 25.04,
    "grossProfitMargin" : 48.84,
    "grossProfit" : 47.00,
    "operatingProfitMargin" : 24.05,
    "operatingProfit" : 23.14,
    "netProfitMargin" : 19.80,
    "netProfit" : 19.05
  }, {
    "date" : "2009-06-30",
    "sales" : 100.24,
    "salesGrowthYoY" : 42.16,
    "grossProfitMargin" : 55.22,
    "grossProfit" : 55.35,
    "operatingProfitMargin" : 28.12,
    "operatingProfit" : 28.19,
    "netProfitMargin" : 25.43,
    "netProfit" : 25.49
  }, {
    "date" : "2009-09-30",
    "sales" : 72.03,
    "salesGrowthYoY" : -0.79,
    "grossProfitMargin" : 59.60,
    "grossProfit" : 42.93,
    "operatingProfitMargin" : 14.69,
    "operatingProfit" : 10.58,
    "netProfitMargin" : 9.58,
    "netProfit" : 6.90
  }, {
    "date" : "2009-12-31",
    "sales" : 93.28,
    "salesGrowthYoY" : 35.44,
    "grossProfitMargin" : 58.57,
    "grossProfit" : 54.63,
    "operatingProfitMargin" : 4.37,
    "operatingProfit" : 4.08,
    "netProfitMargin" : 3.56,
    "netProfit" : 3.32
  }, {
    "date" : "2010-03-31",
    "sales" : 90.59,
    "salesGrowthYoY" : -5.86,
    "grossProfitMargin" : 60.68,
    "grossProfit" : 54.97,
    "operatingProfitMargin" : 21.38,
    "operatingProfit" : 19.37,
    "netProfitMargin" : 17.97,
    "netProfit" : 16.28
  }, {
    "date" : "2010-06-30",
    "sales" : 79.29,
    "salesGrowthYoY" : -20.90,
    "grossProfitMargin" : 62.25,
    "grossProfit" : 49.36,
    "operatingProfitMargin" : 14.16,
    "operatingProfit" : 11.23,
    "netProfitMargin" : 9.50,
    "netProfit" : 7.53
  }, {
    "date" : "2010-09-30",
    "sales" : 46.08,
    "salesGrowthYoY" : -36.03,
    "grossProfitMargin" : 41.60,
    "grossProfit" : 19.17,
    "operatingProfitMargin" : -21.72,
    "operatingProfit" : -10.01,
    "netProfitMargin" : -22.35,
    "netProfit" : -10.30
  }, {
    "date" : "2010-12-31",
    "sales" : 81.31,
    "salesGrowthYoY" : -12.83,
    "grossProfitMargin" : 47.02,
    "grossProfit" : 38.23,
    "operatingProfitMargin" : 2.93,
    "operatingProfit" : 2.38,
    "netProfitMargin" : -0.07,
    "netProfit" : -0.06
  }, {
    "date" : "2011-03-31",
    "sales" : 97.97,
    "salesGrowthYoY" : 8.15,
    "grossProfitMargin" : 54.14,
    "grossProfit" : 53.04,
    "operatingProfitMargin" : 13.95,
    "operatingProfit" : 13.67,
    "netProfitMargin" : 12.60,
    "netProfit" : 12.34
  }, {
    "date" : "2011-06-30",
    "sales" : 85.87,
    "salesGrowthYoY" : 8.30,
    "grossProfitMargin" : 53.80,
    "grossProfit" : 46.20,
    "operatingProfitMargin" : 12.09,
    "operatingProfit" : 10.38,
    "netProfitMargin" : 9.85,
    "netProfit" : 8.46
  }, {
    "date" : "2011-09-30",
    "sales" : 61.44,
    "salesGrowthYoY" : 33.33,
    "grossProfitMargin" : 34.16,
    "grossProfit" : 20.99,
    "operatingProfitMargin" : -20.33,
    "operatingProfit" : -12.49,
    "netProfitMargin" : -20.67,
    "netProfit" : -12.70
  }, {
    "date" : "2011-12-31",
    "sales" : 88.45,
    "salesGrowthYoY" : 8.78,
    "grossProfitMargin" : 52.54,
    "grossProfit" : 46.47,
    "operatingProfitMargin" : 3.89,
    "operatingProfit" : 3.44,
    "netProfitMargin" : 1.62,
    "netProfit" : 1.43
  }, {
    "date" : "2012-03-31",
    "sales" : 108.45,
    "salesGrowthYoY" : 10.70,
    "grossProfitMargin" : 50.45,
    "grossProfit" : 54.71,
    "operatingProfitMargin" : 15.26,
    "operatingProfit" : 16.55,
    "netProfitMargin" : 13.62,
    "netProfit" : 14.77
  }, {
    "date" : "2012-06-30",
    "sales" : 116.34,
    "salesGrowthYoY" : 35.48,
    "grossProfitMargin" : 45.01,
    "grossProfit" : 52.36,
    "operatingProfitMargin" : 11.52,
    "operatingProfit" : 13.40,
    "netProfitMargin" : 7.91,
    "netProfit" : 9.20
  }, {
    "date" : "2012-09-30",
    "sales" : 85.21,
    "salesGrowthYoY" : 38.69,
    "grossProfitMargin" : 59.56,
    "grossProfit" : 50.75,
    "operatingProfitMargin" : 16.66,
    "operatingProfit" : 14.20,
    "netProfitMargin" : 13.58,
    "netProfit" : 11.57
  }, {
    "date" : "2012-12-31",
    "sales" : 73.23,
    "salesGrowthYoY" : -17.21,
    "grossProfitMargin" : 45.00,
    "grossProfit" : 32.95,
    "operatingProfitMargin" : -4.75,
    "operatingProfit" : -3.48,
    "netProfitMargin" : -5.99,
    "netProfit" : -4.39
  }, {
    "date" : "2013-03-31",
    "sales" : 108.39,
    "salesGrowthYoY" : -0.06,
    "grossProfitMargin" : 45.92,
    "grossProfit" : 49.77,
    "operatingProfitMargin" : 9.60,
    "operatingProfit" : 10.41,
    "netProfitMargin" : 4.27,
    "netProfit" : 4.63
  }, {
    "date" : "2013-06-30",
    "sales" : 85.54,
    "salesGrowthYoY" : -26.47,
    "grossProfitMargin" : 45.83,
    "grossProfit" : 39.20,
    "operatingProfitMargin" : -1.45,
    "operatingProfit" : -1.24,
    "netProfitMargin" : -3.02,
    "netProfit" : -2.58
  }, {
    "date" : "2013-09-30",
    "sales" : 62.16,
    "salesGrowthYoY" : -27.05,
    "grossProfitMargin" : 36.84,
    "grossProfit" : 22.90,
    "operatingProfitMargin" : -15.85,
    "operatingProfit" : -9.85,
    "netProfitMargin" : -17.25,
    "netProfit" : -10.72
  }, {
    "date" : "2013-12-31",
    "sales" : 75.89,
    "salesGrowthYoY" : 3.63,
    "grossProfitMargin" : 33.07,
    "grossProfit" : 25.10,
    "operatingProfitMargin" : -13.05,
    "operatingProfit" : -9.90,
    "netProfitMargin" : -16.75,
    "netProfit" : -12.71
  }, {
    "date" : "2014-03-31",
    "sales" : 106.12,
    "salesGrowthYoY" : -2.09,
    "grossProfitMargin" : 49.15,
    "grossProfit" : 52.16,
    "operatingProfitMargin" : 10.75,
    "operatingProfit" : 11.41,
    "netProfitMargin" : 10.09,
    "netProfit" : 10.71
  }, {
    "date" : "2014-06-30",
    "sales" : 116.65,
    "salesGrowthYoY" : 36.37,
    "grossProfitMargin" : 47.77,
    "grossProfit" : 55.72,
    "operatingProfitMargin" : 12.56,
    "operatingProfit" : 14.65,
    "netProfitMargin" : 9.33,
    "netProfit" : 10.88
  }, {
    "date" : "2014-09-30",
    "sales" : 95.17,
    "salesGrowthYoY" : 53.10,
    "grossProfitMargin" : 37.87,
    "grossProfit" : 36.04,
    "operatingProfitMargin" : -9.80,
    "operatingProfit" : -9.33,
    "netProfitMargin" : -13.81,
    "netProfit" : -13.14
  }, {
    "date" : "2014-12-31",
    "sales" : 95.76,
    "salesGrowthYoY" : 26.18,
    "grossProfitMargin" : 44.35,
    "grossProfit" : 42.47,
    "operatingProfitMargin" : 0.72,
    "operatingProfit" : 0.69,
    "netProfitMargin" : -5.01,
    "netProfit" : -4.80
  }, {
    "date" : "2015-03-31",
    "sales" : 88.28,
    "salesGrowthYoY" : -16.81,
    "grossProfitMargin" : 47.49,
    "grossProfit" : 41.92,
    "operatingProfitMargin" : 10.58,
    "operatingProfit" : 9.34,
    "netProfitMargin" : 1.82,
    "netProfit" : 1.61
  }, {
    "date" : "2015-06-30",
    "sales" : 94.13,
    "salesGrowthYoY" : -19.31,
    "grossProfitMargin" : 42.27,
    "grossProfit" : 39.79,
    "operatingProfitMargin" : 7.54,
    "operatingProfit" : 7.10,
    "netProfitMargin" : 1.16,
    "netProfit" : 1.09
  }, {
    "date" : "2015-09-30",
    "sales" : 98.90,
    "salesGrowthYoY" : 3.92,
    "grossProfitMargin" : 39.79,
    "grossProfit" : 39.35,
    "operatingProfitMargin" : -6.06,
    "operatingProfit" : -5.99,
    "netProfitMargin" : -13.79,
    "netProfit" : -13.64
  }, {
    "date" : "2015-12-31",
    "sales" : 90.71,
    "salesGrowthYoY" : -5.27,
    "grossProfitMargin" : 54.61,
    "grossProfit" : 49.54,
    "operatingProfitMargin" : 12.27,
    "operatingProfit" : 11.13,
    "netProfitMargin" : 7.13,
    "netProfit" : 6.47
  }, {
    "date" : "2016-03-31",
    "sales" : 103.57,
    "salesGrowthYoY" : 17.32,
    "grossProfitMargin" : 50.81,
    "grossProfit" : 52.62,
    "operatingProfitMargin" : 16.44,
    "operatingProfit" : 17.03,
    "netProfitMargin" : 9.38,
    "netProfit" : 9.71
  }, {
    "date" : "2016-06-30",
    "sales" : 104.78,
    "salesGrowthYoY" : 11.31,
    "grossProfitMargin" : 50.40,
    "grossProfit" : 52.81,
    "operatingProfitMargin" : 16.07,
    "operatingProfit" : 16.84,
    "netProfitMargin" : 5.32,
    "netProfit" : 5.57
  }, {
    "date" : "2016-09-30",
    "sales" : 80.89,
    "salesGrowthYoY" : -18.21,
    "grossProfitMargin" : 39.14,
    "grossProfit" : 31.66,
    "operatingProfitMargin" : -12.42,
    "operatingProfit" : -10.05,
    "netProfitMargin" : -12.03,
    "netProfit" : -9.73
  }, {
    "date" : "2016-12-31",
    "sales" : 62.90,
    "salesGrowthYoY" : -30.66,
    "grossProfitMargin" : 44.74,
    "grossProfit" : 28.14,
    "operatingProfitMargin" : -3.78,
    "operatingProfit" : -2.38,
    "netProfitMargin" : -8.59,
    "netProfit" : -5.40
  }, {
    "date" : "2017-03-31",
    "sales" : 68.79,
    "salesGrowthYoY" : -33.58,
    "grossProfitMargin" : 48.96,
    "grossProfit" : 33.68,
    "operatingProfitMargin" : 8.30,
    "operatingProfit" : 5.71,
    "netProfitMargin" : 0.77,
    "netProfit" : 0.53
  }, {
    "date" : "2017-06-30",
    "sales" : 94.90,
    "salesGrowthYoY" : -9.43,
    "grossProfitMargin" : 46.95,
    "grossProfit" : 44.56,
    "operatingProfitMargin" : 10.22,
    "operatingProfit" : 9.70,
    "netProfitMargin" : 1.59,
    "netProfit" : 1.51
  }, {
    "date" : "2017-09-30",
    "sales" : 94.28,
    "salesGrowthYoY" : 16.55,
    "grossProfitMargin" : 45.38,
    "grossProfit" : 42.78,
    "operatingProfitMargin" : 7.24,
    "operatingProfit" : 6.83,
    "netProfitMargin" : 0.01,
    "netProfit" : 0.01
  }, {
    "date" : "2017-12-31",
    "sales" : 99.41,
    "salesGrowthYoY" : 58.04,
    "grossProfitMargin" : 45.77,
    "grossProfit" : 45.50,
    "operatingProfitMargin" : 11.71,
    "operatingProfit" : 11.64,
    "netProfitMargin" : 3.57,
    "netProfit" : 3.55
  }, {
    "date" : "2018-03-31",
    "sales" : 124.76,
    "salesGrowthYoY" : 81.36,
    "grossProfitMargin" : 46.56,
    "grossProfit" : 58.09,
    "operatingProfitMargin" : 15.16,
    "operatingProfit" : 18.91,
    "netProfitMargin" : 6.65,
    "netProfit" : 8.30
  }, {
    "date" : "2018-06-30",
    "sales" : 117.03,
    "salesGrowthYoY" : 23.32,
    "grossProfitMargin" : 45.48,
    "grossProfit" : 53.23,
    "operatingProfitMargin" : 12.64,
    "operatingProfit" : 14.79,
    "netProfitMargin" : 5.08,
    "netProfit" : 5.95
  }, {
    "date" : "2018-09-30",
    "sales" : 95.27,
    "salesGrowthYoY" : 1.05,
    "grossProfitMargin" : 40.76,
    "grossProfit" : 38.83,
    "operatingProfitMargin" : 3.02,
    "operatingProfit" : 2.88,
    "netProfitMargin" : -1.35,
    "netProfit" : -1.29
  }, {
    "date" : "2018-12-31",
    "sales" : 111.95,
    "salesGrowthYoY" : 12.61,
    "grossProfitMargin" : 38.88,
    "grossProfit" : 43.53,
    "operatingProfitMargin" : 4.61,
    "operatingProfit" : 5.16,
    "netProfitMargin" : -0.33,
    "netProfit" : -0.37
  }, {
    "date" : "2019-03-31",
    "sales" : 109.62,
    "salesGrowthYoY" : -12.14,
    "grossProfitMargin" : 40.80,
    "grossProfit" : 44.72,
    "operatingProfitMargin" : 0.99,
    "operatingProfit" : 1.09,
    "netProfitMargin" : -2.05,
    "netProfit" : -2.25
  }, {
    "date" : "2019-06-30",
    "sales" : 119.90,
    "salesGrowthYoY" : 2.45,
    "grossProfitMargin" : 54.75,
    "grossProfit" : 65.65,
    "operatingProfitMargin" : 25.20,
    "operatingProfit" : 30.21,
    "netProfitMargin" : 12.67,
    "netProfit" : 15.19
  }, {
    "date" : "2019-09-30",
    "sales" : 97.68,
    "salesGrowthYoY" : 2.53,
    "grossProfitMargin" : 50.82,
    "grossProfit" : 49.64,
    "operatingProfitMargin" : 18.21,
    "operatingProfit" : 17.79,
    "netProfitMargin" : 8.83,
    "netProfit" : 8.63
  }, {
    "date" : "2019-12-31",
    "sales" : 122.43,
    "salesGrowthYoY" : 9.36,
    "grossProfitMargin" : 49.10,
    "grossProfit" : 60.11,
    "operatingProfitMargin" : 16.62,
    "operatingProfit" : 20.35,
    "netProfitMargin" : 7.71,
    "netProfit" : 9.44
  }, {
    "date" : "2020-03-31",
    "sales" : 128.30,
    "salesGrowthYoY" : 17.04,
    "grossProfitMargin" : 56.36,
    "grossProfit" : 72.31,
    "operatingProfitMargin" : 24.20,
    "operatingProfit" : 31.05,
    "netProfitMargin" : 18.06,
    "netProfit" : 23.17
  }, {
    "date" : "2020-06-30",
    "sales" : 87.50,
    "salesGrowthYoY" : -27.02,
    "grossProfitMargin" : 60.38,
    "grossProfit" : 52.83,
    "operatingProfitMargin" : 23.94,
    "operatingProfit" : 20.95,
    "netProfitMargin" : 11.41,
    "netProfit" : 9.98
  }, {
    "date" : "2020-09-30",
    "sales" : 97.01,
    "salesGrowthYoY" : -0.69,
    "grossProfitMargin" : 56.56,
    "grossProfit" : 54.87,
    "operatingProfitMargin" : 10.78,
    "operatingProfit" : 10.46,
    "netProfitMargin" : 2.64,
    "netProfit" : 2.56
  }, {
    "date" : "2020-12-31",
    "sales" : 143.46,
    "salesGrowthYoY" : 17.18,
    "grossProfitMargin" : 48.61,
    "grossProfit" : 69.74,
    "operatingProfitMargin" : 18.78,
    "operatingProfit" : 26.94,
    "netProfitMargin" : 9.77,
    "netProfit" : 14.02
  }, {
    "date" : "2021-03-31",
    "sales" : 174.86,
    "salesGrowthYoY" : 36.29,
    "grossProfitMargin" : 53.93,
    "grossProfit" : 94.30,
    "operatingProfitMargin" : 26.94,
    "operatingProfit" : 47.11,
    "netProfitMargin" : 15.69,
    "netProfit" : 27.44
  }, {
    "date" : "2021-06-30",
    "sales" : 154.71,
    "salesGrowthYoY" : 76.81,
    "grossProfitMargin" : 54.44,
    "grossProfit" : 84.22,
    "operatingProfitMargin" : 26.47,
    "operatingProfit" : 40.95,
    "netProfitMargin" : 14.05,
    "netProfit" : 21.74
  }, {
    "date" : "2021-09-30",
    "sales" : 153.87,
    "salesGrowthYoY" : 58.61,
    "grossProfitMargin" : 51.66,
    "grossProfit" : 79.49,
    "operatingProfitMargin" : 17.92,
    "operatingProfit" : 27.57,
    "netProfitMargin" : 8.71,
    "netProfit" : 13.40
  }, {
    "date" : "2021-12-31",
    "sales" : 151.57,
    "salesGrowthYoY" : 5.65,
    "grossProfitMargin" : 45.07,
    "grossProfit" : 68.31,
    "operatingProfitMargin" : 12.64,
    "operatingProfit" : 19.16,
    "netProfitMargin" : 4.80,
    "netProfit" : 7.28
  }, {
    "date" : "2022-03-31",
    "sales" : 169.19,
    "salesGrowthYoY" : -3.24,
    "grossProfitMargin" : 45.46,
    "grossProfit" : 76.91,
    "operatingProfitMargin" : 17.38,
    "operatingProfit" : 29.41,
    "netProfitMargin" : 7.62,
    "netProfit" : 12.89
  }, {
    "date" : "2022-06-30",
    "sales" : 161.23,
    "salesGrowthYoY" : 4.21,
    "grossProfitMargin" : 48.96,
    "grossProfit" : 78.94,
    "operatingProfitMargin" : 19.26,
    "operatingProfit" : 31.05,
    "netProfitMargin" : 10.63,
    "netProfit" : 17.14
  }, {
    "date" : "2022-09-30",
    "sales" : 162.01,
    "salesGrowthYoY" : 5.29,
    "grossProfitMargin" : 40.42,
    "grossProfit" : 65.48,
    "operatingProfitMargin" : 9.48,
    "operatingProfit" : 15.36,
    "netProfitMargin" : 3.68,
    "netProfit" : 5.96
  }, {
    "date" : "2022-12-31",
    "sales" : 206.44,
    "salesGrowthYoY" : 36.20,
    "grossProfitMargin" : 41.42,
    "grossProfit" : 85.51,
    "operatingProfitMargin" : 7.75,
    "operatingProfit" : 16.00,
    "netProfitMargin" : 4.94,
    "netProfit" : 10.20
  }, {
    "date" : "2023-03-31",
    "sales" : 195.20,
    "salesGrowthYoY" : 15.37,
    "grossProfitMargin" : 47.23,
    "grossProfit" : 92.19,
    "operatingProfitMargin" : 19.54,
    "operatingProfit" : 38.14,
    "netProfitMargin" : 12.51,
    "netProfit" : 24.42
  }, {
    "date" : "2023-06-30",
    "sales" : 192.81,
    "salesGrowthYoY" : 19.59,
    "grossProfitMargin" : 45.43,
    "grossProfit" : 87.59,
    "operatingProfitMargin" : 15.91,
    "operatingProfit" : 30.68,
    "netProfitMargin" : 8.94,
    "netProfit" : 17.24
  }, {
    "date" : "2023-09-30",
    "sales" : 183.39,
    "salesGrowthYoY" : 13.20,
    "grossProfitMargin" : 45.47,
    "grossProfit" : 83.39,
    "operatingProfitMargin" : 9.78,
    "operatingProfit" : 17.94,
    "netProfitMargin" : 4.03,
    "netProfit" : 7.39
  }, {
    "date" : "2023-12-31",
    "sales" : 191.18,
    "salesGrowthYoY" : -7.39,
    "grossProfitMargin" : 56.42,
    "grossProfit" : 107.86,
    "operatingProfitMargin" : 25.65,
    "operatingProfit" : 49.04,
    "netProfitMargin" : 16.42,
    "netProfit" : 31.39
  }, {
    "date" : "2024-03-31",
    "sales" : 224.26,
    "salesGrowthYoY" : 14.89,
    "grossProfitMargin" : 52.59,
    "grossProfit" : 117.94,
    "operatingProfitMargin" : 21.39,
    "operatingProfit" : 47.97,
    "netProfitMargin" : 14.15,
    "netProfit" : 31.73
  }, {
    "date" : "2024-06-30",
    "sales" : 176.80,
    "salesGrowthYoY" : -8.30,
    "grossProfitMargin" : 45.97,
    "grossProfit" : 81.27,
    "operatingProfitMargin" : 12.19,
    "operatingProfit" : 21.55,
    "netProfitMargin" : 6.37,
    "netProfit" : 11.26
  }, {
    "date" : "2024-09-30",
    "sales" : 145.17,
    "salesGrowthYoY" : -20.84,
    "grossProfitMargin" : 45.23,
    "grossProfit" : 65.66,
    "operatingProfitMargin" : 5.58,
    "operatingProfit" : 8.10,
    "netProfitMargin" : 0.28,
    "netProfit" : 0.41
  }, {
    "date" : "2024-12-31",
    "sales" : 186.76,
    "salesGrowthYoY" : -2.31,
    "grossProfitMargin" : 43.63,
    "grossProfit" : 81.48,
    "operatingProfitMargin" : -0.08,
    "operatingProfit" : -0.15,
    "netProfitMargin" : -2.59,
    "netProfit" : -4.84
  }, {
    "date" : "2025-03-31",
    "sales" : 216.42,
    "salesGrowthYoY" : -3.50,
    "grossProfitMargin" : 43.77,
    "grossProfit" : 94.73,
    "operatingProfitMargin" : 12.79,
    "operatingProfit" : 27.68,
    "netProfitMargin" : 8.48,
    "netProfit" : 18.35
  }, {
    "date" : "2025-06-30",
    "sales" : 195.95,
    "salesGrowthYoY" : 10.83,
    "grossProfitMargin" : 45.53,
    "grossProfit" : 89.22,
    "operatingProfitMargin" : 12.14,
    "operatingProfit" : 23.79,
    "netProfitMargin" : 7.04,
    "netProfit" : 13.79
  }, {
    "date" : "2025-09-30",
    "sales" : 161.35,
    "salesGrowthYoY" : 11.15,
    "grossProfitMargin" : 49.85,
    "grossProfit" : 80.43,
    "operatingProfitMargin" : 12.04,
    "operatingProfit" : 19.43,
    "netProfitMargin" : 6.34,
    "netProfit" : 10.23
  } ],
  "latestQuarterlyResult" : {
    "date" : "2025-09-30",
    "sales" : 161.35,
    "salesGrowthYoY" : 11.15,
    "grossProfitMargin" : 49.85,
    "grossProfit" : 80.43,
    "operatingProfitMargin" : 12.04,
    "operatingProfit" : 19.43,
    "netProfitMargin" : 6.34,
    "netProfit" : 10.23
  },
  "companyScore" : {
    "priceHigherThanDma50" : 5.00,
    "priceHigherThanDma100" : 5.00,
    "priceHigherThanDma200" : 5.00,
    "dma50HigherThanDma100" : 0.00,
    "dma50HigherThanDma200" : 5.00,
    "dma100HigherThanDma200" : 5.00,
    "pricePercentageAboveDma50" : 4.95,
    "pricePercentageAboveDma100" : 4.96,
    "pricePercentageAboveDma200" : 4.79,
    "weeklyVolumeHigherThanYearlyVolume" : 0.00,
    "salesGrowthPercentile" : 11.65,
    "operatingProfitMarginPercentile" : 16.15,
    "netProfitMarginPercentile" : 7.49,
    "totalTechnicalScore" : 39.70,
    "totalFundamentalScore" : 35.29,
    "totalScore" : 74.99
  }
}