{
  "metadata" : {
    "screenerCompanyId" : "3075",
    "companyCode" : "SIMPLEXINF",
    "companyName" : "Simplex Infra",
    "screenerCompanyLink" : "https://www.screener.in/company/SIMPLEXINF",
    "screenerTechnicalHistoryLink" : "https://www.screener.in/api/company/3075/chart/?q=Price-DMA50-DMA200-Volume&days=365",
    "screenerQuarterlyResultsLink" : "https://www.screener.in/api/company/3075/chart/?q=GPM-OPM-NPM-Quarter+Sales&days=10000",
    "attributes" : {
      "companyCode" : "SIMPLEXINF",
      "companyName" : "Simplex Infra",
      "marketCap" : 2174.00,
      "peRatio" : 68.20,
      "description" : "Incorporated in 1924, Simplex Infrastructures Ltd is a civil engineering and construction contracting company[1]"
    },
    "companyScore" : {
      "priceHigherThanDma50" : 0.00,
      "priceHigherThanDma100" : 0.00,
      "priceHigherThanDma200" : 0.00,
      "dma50HigherThanDma100" : 0.00,
      "dma50HigherThanDma200" : 5.00,
      "dma100HigherThanDma200" : 5.00,
      "pricePercentageAboveDma50" : 5.18,
      "pricePercentageAboveDma100" : 5.27,
      "pricePercentageAboveDma200" : 5.07,
      "weeklyVolumeHigherThanYearlyVolume" : 0.00,
      "salesGrowthPercentile" : 8.02,
      "operatingProfitMarginPercentile" : 18.82,
      "netProfitMarginPercentile" : 9.76,
      "totalTechnicalScore" : 25.52,
      "totalFundamentalScore" : 36.60,
      "totalScore" : 62.12
    }
  },
  "attributes" : {
    "companyCode" : "SIMPLEXINF",
    "companyName" : "Simplex Infra",
    "marketCap" : 2174.00,
    "peRatio" : 68.20,
    "description" : "Incorporated in 1924, Simplex Infrastructures Ltd is a civil engineering and construction contracting company[1]"
  },
  "technicalHistory" : [ {
    "date" : "2024-12-09",
    "price" : 311.00,
    "dma50" : 254.85,
    "dma100" : null,
    "dma200" : 181.10,
    "volume" : 68111.00
  }, {
    "date" : "2024-12-10",
    "price" : 320.10,
    "dma50" : 257.41,
    "dma100" : null,
    "dma200" : 182.48,
    "volume" : 87711.00
  }, {
    "date" : "2024-12-11",
    "price" : 317.70,
    "dma50" : 259.77,
    "dma100" : null,
    "dma200" : 183.83,
    "volume" : 41959.00
  }, {
    "date" : "2024-12-12",
    "price" : 323.95,
    "dma50" : 262.29,
    "dma100" : null,
    "dma200" : 185.22,
    "volume" : 78507.00
  }, {
    "date" : "2024-12-13",
    "price" : 339.80,
    "dma50" : 265.33,
    "dma100" : null,
    "dma200" : 186.76,
    "volume" : 237903.00
  }, {
    "date" : "2024-12-16",
    "price" : 341.25,
    "dma50" : 268.31,
    "dma100" : null,
    "dma200" : 188.30,
    "volume" : 87250.00
  }, {
    "date" : "2024-12-17",
    "price" : 335.95,
    "dma50" : 270.96,
    "dma100" : null,
    "dma200" : 189.77,
    "volume" : 60054.00
  }, {
    "date" : "2024-12-18",
    "price" : 331.80,
    "dma50" : 273.34,
    "dma100" : null,
    "dma200" : 191.18,
    "volume" : 50424.00
  }, {
    "date" : "2024-12-19",
    "price" : 338.45,
    "dma50" : 275.90,
    "dma100" : null,
    "dma200" : 192.65,
    "volume" : 143198.00
  }, {
    "date" : "2024-12-20",
    "price" : 329.40,
    "dma50" : 278.00,
    "dma100" : null,
    "dma200" : 194.01,
    "volume" : 142604.00
  }, {
    "date" : "2024-12-23",
    "price" : 316.10,
    "dma50" : 279.49,
    "dma100" : null,
    "dma200" : 195.22,
    "volume" : 110826.00
  }, {
    "date" : "2024-12-24",
    "price" : 303.75,
    "dma50" : 280.44,
    "dma100" : null,
    "dma200" : 196.30,
    "volume" : 103128.00
  }, {
    "date" : "2024-12-26",
    "price" : 300.50,
    "dma50" : 281.23,
    "dma100" : null,
    "dma200" : 197.34,
    "volume" : 92252.00
  }, {
    "date" : "2024-12-27",
    "price" : 301.20,
    "dma50" : 282.01,
    "dma100" : null,
    "dma200" : 198.37,
    "volume" : 65741.00
  }, {
    "date" : "2024-12-30",
    "price" : 300.00,
    "dma50" : 282.72,
    "dma100" : null,
    "dma200" : 199.38,
    "volume" : 215422.00
  }, {
    "date" : "2024-12-31",
    "price" : 296.90,
    "dma50" : 283.27,
    "dma100" : null,
    "dma200" : 200.35,
    "volume" : 28185.00
  }, {
    "date" : "2025-01-01",
    "price" : 298.45,
    "dma50" : 283.87,
    "dma100" : null,
    "dma200" : 201.33,
    "volume" : 16616.00
  }, {
    "date" : "2025-01-02",
    "price" : 298.60,
    "dma50" : 284.45,
    "dma100" : null,
    "dma200" : 202.30,
    "volume" : 130353.00
  }, {
    "date" : "2025-01-03",
    "price" : 296.00,
    "dma50" : 284.90,
    "dma100" : null,
    "dma200" : 203.23,
    "volume" : 35211.00
  }, {
    "date" : "2025-01-06",
    "price" : 286.25,
    "dma50" : 284.95,
    "dma100" : null,
    "dma200" : 204.06,
    "volume" : 152823.00
  }, {
    "date" : "2025-01-07",
    "price" : 300.40,
    "dma50" : 285.56,
    "dma100" : null,
    "dma200" : 205.01,
    "volume" : 100068.00
  }, {
    "date" : "2025-01-08",
    "price" : 315.40,
    "dma50" : 286.73,
    "dma100" : null,
    "dma200" : 206.11,
    "volume" : 170306.00
  }, {
    "date" : "2025-01-09",
    "price" : 324.85,
    "dma50" : 288.22,
    "dma100" : null,
    "dma200" : 207.29,
    "volume" : 84648.00
  }, {
    "date" : "2025-01-10",
    "price" : 308.60,
    "dma50" : 289.02,
    "dma100" : null,
    "dma200" : 208.30,
    "volume" : 39702.00
  }, {
    "date" : "2025-01-13",
    "price" : 293.20,
    "dma50" : 289.19,
    "dma100" : null,
    "dma200" : 209.15,
    "volume" : 79836.00
  }, {
    "date" : "2025-01-14",
    "price" : 307.85,
    "dma50" : 289.92,
    "dma100" : null,
    "dma200" : 210.13,
    "volume" : 37816.00
  }, {
    "date" : "2025-01-15",
    "price" : 318.50,
    "dma50" : 291.04,
    "dma100" : null,
    "dma200" : 211.21,
    "volume" : 156712.00
  }, {
    "date" : "2025-01-16",
    "price" : 325.35,
    "dma50" : 292.38,
    "dma100" : null,
    "dma200" : 212.34,
    "volume" : 123680.00
  }, {
    "date" : "2025-01-17",
    "price" : 315.40,
    "dma50" : 293.29,
    "dma100" : null,
    "dma200" : 213.37,
    "volume" : 26229.00
  }, {
    "date" : "2025-01-20",
    "price" : 311.00,
    "dma50" : 293.98,
    "dma100" : null,
    "dma200" : 214.34,
    "volume" : 15779.00
  }, {
    "date" : "2025-01-21",
    "price" : 301.35,
    "dma50" : 294.27,
    "dma100" : null,
    "dma200" : 215.21,
    "volume" : 24651.00
  }, {
    "date" : "2025-01-22",
    "price" : 293.35,
    "dma50" : 294.23,
    "dma100" : null,
    "dma200" : 215.98,
    "volume" : 65417.00
  }, {
    "date" : "2025-01-23",
    "price" : 296.20,
    "dma50" : 294.31,
    "dma100" : null,
    "dma200" : 216.78,
    "volume" : 16049.00
  }, {
    "date" : "2025-01-24",
    "price" : 281.95,
    "dma50" : 293.83,
    "dma100" : null,
    "dma200" : 217.43,
    "volume" : 23088.00
  }, {
    "date" : "2025-01-27",
    "price" : 268.70,
    "dma50" : 292.84,
    "dma100" : null,
    "dma200" : 217.94,
    "volume" : 327902.00
  }, {
    "date" : "2025-01-28",
    "price" : 270.55,
    "dma50" : 291.97,
    "dma100" : null,
    "dma200" : 218.46,
    "volume" : 61356.00
  }, {
    "date" : "2025-01-29",
    "price" : 279.25,
    "dma50" : 291.47,
    "dma100" : null,
    "dma200" : 219.07,
    "volume" : 16577.00
  }, {
    "date" : "2025-01-30",
    "price" : 277.55,
    "dma50" : 290.92,
    "dma100" : null,
    "dma200" : 219.65,
    "volume" : 20824.00
  }, {
    "date" : "2025-01-31",
    "price" : 279.50,
    "dma50" : 290.47,
    "dma100" : null,
    "dma200" : 220.25,
    "volume" : 24821.00
  }, {
    "date" : "2025-02-01",
    "price" : 279.35,
    "dma50" : 290.04,
    "dma100" : null,
    "dma200" : 220.83,
    "volume" : 2269.00
  }, {
    "date" : "2025-02-03",
    "price" : 267.25,
    "dma50" : 289.14,
    "dma100" : null,
    "dma200" : 221.30,
    "volume" : 7870.00
  }, {
    "date" : "2025-02-04",
    "price" : 280.60,
    "dma50" : 288.81,
    "dma100" : null,
    "dma200" : 221.89,
    "volume" : 43443.00
  }, {
    "date" : "2025-02-05",
    "price" : 291.15,
    "dma50" : 288.90,
    "dma100" : null,
    "dma200" : 222.58,
    "volume" : 93964.00
  }, {
    "date" : "2025-02-06",
    "price" : 294.50,
    "dma50" : 289.12,
    "dma100" : null,
    "dma200" : 223.29,
    "volume" : 7691.00
  }, {
    "date" : "2025-02-07",
    "price" : 298.65,
    "dma50" : 289.49,
    "dma100" : null,
    "dma200" : 224.04,
    "volume" : 25530.00
  }, {
    "date" : "2025-02-10",
    "price" : 283.75,
    "dma50" : 289.27,
    "dma100" : null,
    "dma200" : 224.63,
    "volume" : 15988.00
  }, {
    "date" : "2025-02-11",
    "price" : 275.85,
    "dma50" : 288.74,
    "dma100" : null,
    "dma200" : 225.14,
    "volume" : 38945.00
  }, {
    "date" : "2025-02-12",
    "price" : 281.15,
    "dma50" : 288.45,
    "dma100" : null,
    "dma200" : 225.70,
    "volume" : 34915.00
  }, {
    "date" : "2025-02-13",
    "price" : 280.00,
    "dma50" : 288.11,
    "dma100" : null,
    "dma200" : 226.24,
    "volume" : 51237.00
  }, {
    "date" : "2025-02-14",
    "price" : 266.00,
    "dma50" : 287.25,
    "dma100" : null,
    "dma200" : 226.64,
    "volume" : 51511.00
  }, {
    "date" : "2025-02-17",
    "price" : 270.90,
    "dma50" : 286.61,
    "dma100" : null,
    "dma200" : 227.08,
    "volume" : 168266.00
  }, {
    "date" : "2025-02-18",
    "price" : 273.00,
    "dma50" : 286.07,
    "dma100" : null,
    "dma200" : 227.53,
    "volume" : 18195.00
  }, {
    "date" : "2025-02-19",
    "price" : 267.30,
    "dma50" : 285.34,
    "dma100" : null,
    "dma200" : 227.93,
    "volume" : 10995.00
  }, {
    "date" : "2025-02-20",
    "price" : 272.70,
    "dma50" : 284.84,
    "dma100" : null,
    "dma200" : 228.38,
    "volume" : 32454.00
  }, {
    "date" : "2025-02-21",
    "price" : 271.05,
    "dma50" : 284.30,
    "dma100" : null,
    "dma200" : 228.80,
    "volume" : 25097.00
  }, {
    "date" : "2025-02-24",
    "price" : 268.50,
    "dma50" : 283.68,
    "dma100" : null,
    "dma200" : 229.20,
    "volume" : 4450.00
  }, {
    "date" : "2025-02-25",
    "price" : 264.25,
    "dma50" : 282.92,
    "dma100" : null,
    "dma200" : 229.54,
    "volume" : 27122.00
  }, {
    "date" : "2025-02-27",
    "price" : 264.85,
    "dma50" : 282.21,
    "dma100" : null,
    "dma200" : 229.90,
    "volume" : 48886.00
  }, {
    "date" : "2025-02-28",
    "price" : 251.60,
    "dma50" : 281.01,
    "dma100" : null,
    "dma200" : 230.11,
    "volume" : 15913.00
  }, {
    "date" : "2025-03-03",
    "price" : 239.30,
    "dma50" : 279.37,
    "dma100" : null,
    "dma200" : 230.20,
    "volume" : 45165.00
  }, {
    "date" : "2025-03-04",
    "price" : 227.35,
    "dma50" : 277.33,
    "dma100" : null,
    "dma200" : 230.17,
    "volume" : 54736.00
  }, {
    "date" : "2025-03-05",
    "price" : 235.50,
    "dma50" : 275.69,
    "dma100" : null,
    "dma200" : 230.23,
    "volume" : 170034.00
  }, {
    "date" : "2025-03-06",
    "price" : 245.85,
    "dma50" : 274.52,
    "dma100" : null,
    "dma200" : 230.38,
    "volume" : 70866.00
  }, {
    "date" : "2025-03-07",
    "price" : 243.85,
    "dma50" : 273.32,
    "dma100" : null,
    "dma200" : 230.52,
    "volume" : 71576.00
  }, {
    "date" : "2025-03-10",
    "price" : 240.25,
    "dma50" : 272.02,
    "dma100" : null,
    "dma200" : 230.61,
    "volume" : 48376.00
  }, {
    "date" : "2025-03-11",
    "price" : 245.95,
    "dma50" : 271.00,
    "dma100" : null,
    "dma200" : 230.77,
    "volume" : 36103.00
  }, {
    "date" : "2025-03-12",
    "price" : 252.25,
    "dma50" : 270.27,
    "dma100" : null,
    "dma200" : 230.98,
    "volume" : 94643.00
  }, {
    "date" : "2025-03-13",
    "price" : 251.95,
    "dma50" : 269.55,
    "dma100" : null,
    "dma200" : 231.19,
    "volume" : 211887.00
  }, {
    "date" : "2025-03-17",
    "price" : 258.85,
    "dma50" : 269.13,
    "dma100" : null,
    "dma200" : 231.46,
    "volume" : 54594.00
  }, {
    "date" : "2025-03-18",
    "price" : 261.40,
    "dma50" : 268.82,
    "dma100" : null,
    "dma200" : 231.76,
    "volume" : 43935.00
  }, {
    "date" : "2025-03-19",
    "price" : 274.25,
    "dma50" : 269.04,
    "dma100" : null,
    "dma200" : 232.18,
    "volume" : 170129.00
  }, {
    "date" : "2025-03-20",
    "price" : 287.95,
    "dma50" : 269.78,
    "dma100" : null,
    "dma200" : 232.74,
    "volume" : 141457.00
  }, {
    "date" : "2025-03-21",
    "price" : 292.50,
    "dma50" : 270.67,
    "dma100" : null,
    "dma200" : 233.33,
    "volume" : 217453.00
  }, {
    "date" : "2025-03-24",
    "price" : 306.05,
    "dma50" : 272.06,
    "dma100" : null,
    "dma200" : 234.06,
    "volume" : 164181.00
  }, {
    "date" : "2025-03-25",
    "price" : 305.00,
    "dma50" : 273.35,
    "dma100" : null,
    "dma200" : 234.76,
    "volume" : 102889.00
  }, {
    "date" : "2025-03-26",
    "price" : 304.40,
    "dma50" : 274.57,
    "dma100" : null,
    "dma200" : 235.46,
    "volume" : 101910.00
  }, {
    "date" : "2025-03-27",
    "price" : 314.00,
    "dma50" : 276.11,
    "dma100" : null,
    "dma200" : 236.24,
    "volume" : 176061.00
  }, {
    "date" : "2025-03-28",
    "price" : 322.05,
    "dma50" : 277.91,
    "dma100" : null,
    "dma200" : 237.09,
    "volume" : 137101.00
  }, {
    "date" : "2025-04-01",
    "price" : 321.20,
    "dma50" : 279.61,
    "dma100" : null,
    "dma200" : 237.93,
    "volume" : 154607.00
  }, {
    "date" : "2025-04-02",
    "price" : 321.20,
    "dma50" : 281.24,
    "dma100" : null,
    "dma200" : 238.76,
    "volume" : 72500.00
  }, {
    "date" : "2025-04-03",
    "price" : 327.20,
    "dma50" : 283.05,
    "dma100" : null,
    "dma200" : 239.64,
    "volume" : 165789.00
  }, {
    "date" : "2025-04-04",
    "price" : 322.25,
    "dma50" : 284.58,
    "dma100" : null,
    "dma200" : 240.46,
    "volume" : 156277.00
  }, {
    "date" : "2025-04-07",
    "price" : 306.15,
    "dma50" : 285.43,
    "dma100" : null,
    "dma200" : 241.11,
    "volume" : 12941.00
  }, {
    "date" : "2025-04-08",
    "price" : 297.60,
    "dma50" : 285.91,
    "dma100" : null,
    "dma200" : 241.68,
    "volume" : 138067.00
  }, {
    "date" : "2025-04-09",
    "price" : 300.15,
    "dma50" : 286.46,
    "dma100" : null,
    "dma200" : 242.26,
    "volume" : 77613.00
  }, {
    "date" : "2025-04-11",
    "price" : 314.85,
    "dma50" : 287.58,
    "dma100" : null,
    "dma200" : 242.98,
    "volume" : 259546.00
  }, {
    "date" : "2025-04-15",
    "price" : 316.80,
    "dma50" : 288.72,
    "dma100" : null,
    "dma200" : 243.71,
    "volume" : 76898.00
  }, {
    "date" : "2025-04-16",
    "price" : 314.05,
    "dma50" : 289.72,
    "dma100" : null,
    "dma200" : 244.41,
    "volume" : 107386.00
  }, {
    "date" : "2025-04-17",
    "price" : 328.05,
    "dma50" : 291.22,
    "dma100" : null,
    "dma200" : 245.25,
    "volume" : 284089.00
  }, {
    "date" : "2025-04-21",
    "price" : 322.25,
    "dma50" : 292.44,
    "dma100" : null,
    "dma200" : 246.01,
    "volume" : 159462.00
  }, {
    "date" : "2025-04-22",
    "price" : 317.75,
    "dma50" : 293.43,
    "dma100" : null,
    "dma200" : 246.73,
    "volume" : 124253.00
  }, {
    "date" : "2025-04-23",
    "price" : 311.25,
    "dma50" : 294.13,
    "dma100" : null,
    "dma200" : 247.37,
    "volume" : 87648.00
  }, {
    "date" : "2025-04-24",
    "price" : 310.55,
    "dma50" : 294.77,
    "dma100" : null,
    "dma200" : 248.00,
    "volume" : 29352.00
  }, {
    "date" : "2025-04-25",
    "price" : 296.00,
    "dma50" : 294.82,
    "dma100" : null,
    "dma200" : 248.47,
    "volume" : 84652.00
  }, {
    "date" : "2025-04-28",
    "price" : 290.65,
    "dma50" : 294.66,
    "dma100" : null,
    "dma200" : 248.89,
    "volume" : 90003.00
  }, {
    "date" : "2025-04-29",
    "price" : 288.25,
    "dma50" : 294.41,
    "dma100" : null,
    "dma200" : 249.29,
    "volume" : 12602.00
  }, {
    "date" : "2025-04-30",
    "price" : 290.10,
    "dma50" : 294.24,
    "dma100" : null,
    "dma200" : 249.69,
    "volume" : 78211.00
  }, {
    "date" : "2025-05-02",
    "price" : 283.50,
    "dma50" : 293.82,
    "dma100" : null,
    "dma200" : 250.03,
    "volume" : 46155.00
  }, {
    "date" : "2025-05-05",
    "price" : 285.10,
    "dma50" : 293.47,
    "dma100" : null,
    "dma200" : 250.38,
    "volume" : 47356.00
  }, {
    "date" : "2025-05-06",
    "price" : 283.10,
    "dma50" : 293.07,
    "dma100" : null,
    "dma200" : 250.70,
    "volume" : 76079.00
  }, {
    "date" : "2025-05-07",
    "price" : 289.55,
    "dma50" : 292.93,
    "dma100" : 292.94,
    "dma200" : 251.09,
    "volume" : 108006.00
  }, {
    "date" : "2025-05-08",
    "price" : 281.25,
    "dma50" : 292.47,
    "dma100" : 292.55,
    "dma200" : 251.39,
    "volume" : 16838.00
  }, {
    "date" : "2025-05-09",
    "price" : 277.45,
    "dma50" : 291.88,
    "dma100" : 292.15,
    "dma200" : 251.65,
    "volume" : 34860.00
  }, {
    "date" : "2025-05-12",
    "price" : 289.85,
    "dma50" : 291.80,
    "dma100" : 291.81,
    "dma200" : 252.03,
    "volume" : 47146.00
  }, {
    "date" : "2025-05-13",
    "price" : 279.85,
    "dma50" : 291.33,
    "dma100" : 291.21,
    "dma200" : 252.31,
    "volume" : 70551.00
  }, {
    "date" : "2025-05-14",
    "price" : 281.65,
    "dma50" : 290.95,
    "dma100" : 290.61,
    "dma200" : 252.60,
    "volume" : 57335.00
  }, {
    "date" : "2025-05-15",
    "price" : 282.05,
    "dma50" : 290.60,
    "dma100" : 290.07,
    "dma200" : 252.89,
    "volume" : 26225.00
  }, {
    "date" : "2025-05-16",
    "price" : 280.60,
    "dma50" : 290.21,
    "dma100" : 289.56,
    "dma200" : 253.17,
    "volume" : 21530.00
  }, {
    "date" : "2025-05-19",
    "price" : 280.65,
    "dma50" : 289.84,
    "dma100" : 288.98,
    "dma200" : 253.44,
    "volume" : 34498.00
  }, {
    "date" : "2025-05-20",
    "price" : 277.90,
    "dma50" : 289.37,
    "dma100" : 288.47,
    "dma200" : 253.68,
    "volume" : 51386.00
  }, {
    "date" : "2025-05-21",
    "price" : 280.60,
    "dma50" : 289.03,
    "dma100" : 288.11,
    "dma200" : 253.95,
    "volume" : 83921.00
  }, {
    "date" : "2025-05-22",
    "price" : 279.65,
    "dma50" : 288.66,
    "dma100" : 287.87,
    "dma200" : 254.21,
    "volume" : 26732.00
  }, {
    "date" : "2025-05-23",
    "price" : 280.40,
    "dma50" : 288.33,
    "dma100" : 287.67,
    "dma200" : 254.47,
    "volume" : 88838.00
  }, {
    "date" : "2025-05-26",
    "price" : 283.20,
    "dma50" : 288.13,
    "dma100" : 287.49,
    "dma200" : 254.75,
    "volume" : 104515.00
  }, {
    "date" : "2025-05-27",
    "price" : 284.25,
    "dma50" : 287.98,
    "dma100" : 287.33,
    "dma200" : 255.05,
    "volume" : 49259.00
  }, {
    "date" : "2025-05-28",
    "price" : 279.20,
    "dma50" : 287.64,
    "dma100" : 287.15,
    "dma200" : 255.29,
    "volume" : 73124.00
  }, {
    "date" : "2025-05-29",
    "price" : 293.15,
    "dma50" : 287.85,
    "dma100" : 287.10,
    "dma200" : 255.66,
    "volume" : 351896.00
  }, {
    "date" : "2025-05-30",
    "price" : 291.95,
    "dma50" : 288.01,
    "dma100" : 287.03,
    "dma200" : 256.02,
    "volume" : 163859.00
  }, {
    "date" : "2025-06-02",
    "price" : 286.95,
    "dma50" : 287.97,
    "dma100" : 286.94,
    "dma200" : 256.33,
    "volume" : 78905.00
  }, {
    "date" : "2025-06-03",
    "price" : 287.00,
    "dma50" : 287.93,
    "dma100" : 286.95,
    "dma200" : 256.64,
    "volume" : 57333.00
  }, {
    "date" : "2025-06-04",
    "price" : 280.15,
    "dma50" : 287.63,
    "dma100" : 286.75,
    "dma200" : 256.87,
    "volume" : 75678.00
  }, {
    "date" : "2025-06-05",
    "price" : 293.05,
    "dma50" : 287.84,
    "dma100" : 286.53,
    "dma200" : 257.23,
    "volume" : 195261.00
  }, {
    "date" : "2025-06-06",
    "price" : 289.80,
    "dma50" : 287.92,
    "dma100" : 286.18,
    "dma200" : 257.56,
    "volume" : 116905.00
  }, {
    "date" : "2025-06-09",
    "price" : 290.15,
    "dma50" : 288.00,
    "dma100" : 285.99,
    "dma200" : 257.88,
    "volume" : 58843.00
  }, {
    "date" : "2025-06-10",
    "price" : 298.25,
    "dma50" : 288.41,
    "dma100" : 286.04,
    "dma200" : 258.28,
    "volume" : 108381.00
  }, {
    "date" : "2025-06-11",
    "price" : 293.05,
    "dma50" : 288.59,
    "dma100" : 285.89,
    "dma200" : 258.63,
    "volume" : 36762.00
  }, {
    "date" : "2025-06-12",
    "price" : 285.90,
    "dma50" : 288.48,
    "dma100" : 285.57,
    "dma200" : 258.90,
    "volume" : 40539.00
  }, {
    "date" : "2025-06-13",
    "price" : 281.55,
    "dma50" : 288.21,
    "dma100" : 285.13,
    "dma200" : 259.12,
    "volume" : 52118.00
  }, {
    "date" : "2025-06-16",
    "price" : 286.15,
    "dma50" : 288.13,
    "dma100" : 284.84,
    "dma200" : 259.39,
    "volume" : 26977.00
  }, {
    "date" : "2025-06-17",
    "price" : 279.75,
    "dma50" : 287.80,
    "dma100" : 284.52,
    "dma200" : 259.60,
    "volume" : 55465.00
  }, {
    "date" : "2025-06-18",
    "price" : 277.35,
    "dma50" : 287.39,
    "dma100" : 284.28,
    "dma200" : 259.77,
    "volume" : 26809.00
  }, {
    "date" : "2025-06-19",
    "price" : 268.75,
    "dma50" : 286.66,
    "dma100" : 284.04,
    "dma200" : 259.86,
    "volume" : 45168.00
  }, {
    "date" : "2025-06-20",
    "price" : 269.05,
    "dma50" : 285.97,
    "dma100" : 283.77,
    "dma200" : 259.95,
    "volume" : 45034.00
  }, {
    "date" : "2025-06-23",
    "price" : 268.45,
    "dma50" : 285.28,
    "dma100" : 283.63,
    "dma200" : 260.04,
    "volume" : 57161.00
  }, {
    "date" : "2025-06-24",
    "price" : 272.30,
    "dma50" : 284.77,
    "dma100" : 283.67,
    "dma200" : 260.16,
    "volume" : 48954.00
  }, {
    "date" : "2025-06-25",
    "price" : 270.50,
    "dma50" : 284.21,
    "dma100" : 283.67,
    "dma200" : 260.26,
    "volume" : 43211.00
  }, {
    "date" : "2025-06-26",
    "price" : 274.55,
    "dma50" : 283.84,
    "dma100" : 283.62,
    "dma200" : 260.40,
    "volume" : 17980.00
  }, {
    "date" : "2025-06-27",
    "price" : 274.15,
    "dma50" : 283.46,
    "dma100" : 283.59,
    "dma200" : 260.54,
    "volume" : 65663.00
  }, {
    "date" : "2025-06-30",
    "price" : 270.15,
    "dma50" : 282.93,
    "dma100" : 283.49,
    "dma200" : 260.64,
    "volume" : 53159.00
  }, {
    "date" : "2025-07-01",
    "price" : 270.10,
    "dma50" : 282.43,
    "dma100" : 283.40,
    "dma200" : 260.73,
    "volume" : 35608.00
  }, {
    "date" : "2025-07-02",
    "price" : 267.30,
    "dma50" : 281.84,
    "dma100" : 283.40,
    "dma200" : 260.80,
    "volume" : 21798.00
  }, {
    "date" : "2025-07-03",
    "price" : 260.85,
    "dma50" : 281.01,
    "dma100" : 283.20,
    "dma200" : 260.80,
    "volume" : 67515.00
  }, {
    "date" : "2025-07-04",
    "price" : 258.70,
    "dma50" : 280.14,
    "dma100" : 282.88,
    "dma200" : 260.78,
    "volume" : 48448.00
  }, {
    "date" : "2025-07-07",
    "price" : 258.45,
    "dma50" : 279.29,
    "dma100" : 282.52,
    "dma200" : 260.75,
    "volume" : 15712.00
  }, {
    "date" : "2025-07-08",
    "price" : 254.20,
    "dma50" : 278.30,
    "dma100" : 282.07,
    "dma200" : 260.69,
    "volume" : 27147.00
  }, {
    "date" : "2025-07-09",
    "price" : 273.75,
    "dma50" : 278.13,
    "dma100" : 281.97,
    "dma200" : 260.82,
    "volume" : 281121.00
  }, {
    "date" : "2025-07-10",
    "price" : 272.70,
    "dma50" : 277.91,
    "dma100" : 281.94,
    "dma200" : 260.94,
    "volume" : 36903.00
  }, {
    "date" : "2025-07-11",
    "price" : 262.30,
    "dma50" : 277.30,
    "dma100" : 281.75,
    "dma200" : 260.95,
    "volume" : 58823.00
  }, {
    "date" : "2025-07-14",
    "price" : 262.30,
    "dma50" : 276.71,
    "dma100" : 281.58,
    "dma200" : 260.96,
    "volume" : 46237.00
  }, {
    "date" : "2025-07-15",
    "price" : 275.70,
    "dma50" : 276.67,
    "dma100" : 281.67,
    "dma200" : 261.11,
    "volume" : 590561.00
  }, {
    "date" : "2025-07-16",
    "price" : 291.05,
    "dma50" : 277.24,
    "dma100" : 281.88,
    "dma200" : 261.41,
    "volume" : 593735.00
  }, {
    "date" : "2025-07-17",
    "price" : 295.60,
    "dma50" : 277.96,
    "dma100" : 282.10,
    "dma200" : 261.75,
    "volume" : 415917.00
  }, {
    "date" : "2025-07-18",
    "price" : 312.55,
    "dma50" : 279.31,
    "dma100" : 282.55,
    "dma200" : 262.25,
    "volume" : 494133.00
  }, {
    "date" : "2025-07-21",
    "price" : 311.15,
    "dma50" : 280.56,
    "dma100" : 282.94,
    "dma200" : 262.74,
    "volume" : 206042.00
  }, {
    "date" : "2025-07-22",
    "price" : 306.00,
    "dma50" : 281.56,
    "dma100" : 283.29,
    "dma200" : 263.17,
    "volume" : 91551.00
  }, {
    "date" : "2025-07-23",
    "price" : 314.50,
    "dma50" : 282.85,
    "dma100" : 283.75,
    "dma200" : 263.68,
    "volume" : 134029.00
  }, {
    "date" : "2025-07-24",
    "price" : 305.55,
    "dma50" : 283.74,
    "dma100" : 284.16,
    "dma200" : 264.10,
    "volume" : 73358.00
  }, {
    "date" : "2025-07-25",
    "price" : 306.60,
    "dma50" : 284.64,
    "dma100" : 284.58,
    "dma200" : 264.52,
    "volume" : 112369.00
  }, {
    "date" : "2025-07-28",
    "price" : 304.60,
    "dma50" : 285.42,
    "dma100" : 285.11,
    "dma200" : 264.92,
    "volume" : 188977.00
  }, {
    "date" : "2025-07-29",
    "price" : 318.80,
    "dma50" : 286.73,
    "dma100" : 285.90,
    "dma200" : 265.46,
    "volume" : 207937.00
  }, {
    "date" : "2025-07-30",
    "price" : 317.05,
    "dma50" : 287.92,
    "dma100" : 286.80,
    "dma200" : 265.97,
    "volume" : 235228.00
  }, {
    "date" : "2025-07-31",
    "price" : 319.30,
    "dma50" : 289.15,
    "dma100" : 287.64,
    "dma200" : 266.50,
    "volume" : 159274.00
  }, {
    "date" : "2025-08-01",
    "price" : 303.20,
    "dma50" : 289.70,
    "dma100" : 288.21,
    "dma200" : 266.86,
    "volume" : 128094.00
  }, {
    "date" : "2025-08-04",
    "price" : 299.00,
    "dma50" : 290.07,
    "dma100" : 288.76,
    "dma200" : 267.18,
    "volume" : 72195.00
  }, {
    "date" : "2025-08-05",
    "price" : 298.60,
    "dma50" : 290.40,
    "dma100" : 289.35,
    "dma200" : 267.50,
    "volume" : 54419.00
  }, {
    "date" : "2025-08-06",
    "price" : 286.85,
    "dma50" : 290.26,
    "dma100" : 289.76,
    "dma200" : 267.69,
    "volume" : 73419.00
  }, {
    "date" : "2025-08-07",
    "price" : 286.60,
    "dma50" : 290.12,
    "dma100" : 290.10,
    "dma200" : 267.88,
    "volume" : 116032.00
  }, {
    "date" : "2025-08-08",
    "price" : 282.85,
    "dma50" : 289.83,
    "dma100" : 290.41,
    "dma200" : 268.03,
    "volume" : 113451.00
  }, {
    "date" : "2025-08-11",
    "price" : 281.75,
    "dma50" : 289.52,
    "dma100" : 290.64,
    "dma200" : 268.16,
    "volume" : 37007.00
  }, {
    "date" : "2025-08-12",
    "price" : 277.90,
    "dma50" : 289.06,
    "dma100" : 290.80,
    "dma200" : 268.26,
    "volume" : 38992.00
  }, {
    "date" : "2025-08-13",
    "price" : 279.70,
    "dma50" : 288.69,
    "dma100" : 290.86,
    "dma200" : 268.37,
    "volume" : 146703.00
  }, {
    "date" : "2025-08-14",
    "price" : 273.75,
    "dma50" : 288.11,
    "dma100" : 290.71,
    "dma200" : 268.43,
    "volume" : 70187.00
  }, {
    "date" : "2025-08-18",
    "price" : 275.95,
    "dma50" : 287.63,
    "dma100" : 290.55,
    "dma200" : 268.50,
    "volume" : 52147.00
  }, {
    "date" : "2025-08-19",
    "price" : 285.15,
    "dma50" : 287.53,
    "dma100" : 290.34,
    "dma200" : 268.67,
    "volume" : 66422.00
  }, {
    "date" : "2025-08-20",
    "price" : 306.40,
    "dma50" : 288.27,
    "dma100" : 290.35,
    "dma200" : 269.04,
    "volume" : 504777.00
  }, {
    "date" : "2025-08-21",
    "price" : 310.80,
    "dma50" : 289.16,
    "dma100" : 290.42,
    "dma200" : 269.46,
    "volume" : 222152.00
  }, {
    "date" : "2025-08-22",
    "price" : 303.60,
    "dma50" : 289.72,
    "dma100" : 290.31,
    "dma200" : 269.80,
    "volume" : 64928.00
  }, {
    "date" : "2025-08-25",
    "price" : 305.70,
    "dma50" : 290.35,
    "dma100" : 290.15,
    "dma200" : 270.16,
    "volume" : 42270.00
  }, {
    "date" : "2025-08-26",
    "price" : 294.65,
    "dma50" : 290.52,
    "dma100" : 289.89,
    "dma200" : 270.40,
    "volume" : 28879.00
  }, {
    "date" : "2025-08-28",
    "price" : 296.45,
    "dma50" : 290.75,
    "dma100" : 289.64,
    "dma200" : 270.66,
    "volume" : 57490.00
  }, {
    "date" : "2025-08-29",
    "price" : 290.25,
    "dma50" : 290.73,
    "dma100" : 289.27,
    "dma200" : 270.85,
    "volume" : 67945.00
  }, {
    "date" : "2025-09-01",
    "price" : 301.10,
    "dma50" : 291.14,
    "dma100" : 289.06,
    "dma200" : 271.15,
    "volume" : 66515.00
  }, {
    "date" : "2025-09-02",
    "price" : 292.45,
    "dma50" : 291.19,
    "dma100" : 288.92,
    "dma200" : 271.37,
    "volume" : 21502.00
  }, {
    "date" : "2025-09-03",
    "price" : 291.80,
    "dma50" : 291.21,
    "dma100" : 288.86,
    "dma200" : 271.57,
    "volume" : 15205.00
  }, {
    "date" : "2025-09-04",
    "price" : 289.20,
    "dma50" : 291.13,
    "dma100" : 288.75,
    "dma200" : 271.75,
    "volume" : 18331.00
  }, {
    "date" : "2025-09-05",
    "price" : 298.90,
    "dma50" : 291.44,
    "dma100" : 288.59,
    "dma200" : 272.02,
    "volume" : 124799.00
  }, {
    "date" : "2025-09-08",
    "price" : 304.80,
    "dma50" : 291.96,
    "dma100" : 288.47,
    "dma200" : 272.34,
    "volume" : 246272.00
  }, {
    "date" : "2025-09-09",
    "price" : 305.80,
    "dma50" : 292.50,
    "dma100" : 288.39,
    "dma200" : 272.67,
    "volume" : 49103.00
  }, {
    "date" : "2025-09-10",
    "price" : 298.40,
    "dma50" : 292.74,
    "dma100" : 288.09,
    "dma200" : 272.93,
    "volume" : 147896.00
  }, {
    "date" : "2025-09-11",
    "price" : 297.50,
    "dma50" : 292.92,
    "dma100" : 287.85,
    "dma200" : 273.18,
    "volume" : 36978.00
  }, {
    "date" : "2025-09-12",
    "price" : 295.50,
    "dma50" : 293.02,
    "dma100" : 287.62,
    "dma200" : 273.40,
    "volume" : 55604.00
  }, {
    "date" : "2025-09-15",
    "price" : 316.55,
    "dma50" : 293.95,
    "dma100" : 287.68,
    "dma200" : 273.83,
    "volume" : 700098.00
  }, {
    "date" : "2025-09-16",
    "price" : 313.70,
    "dma50" : 294.72,
    "dma100" : 287.71,
    "dma200" : 274.22,
    "volume" : 359987.00
  }, {
    "date" : "2025-09-17",
    "price" : 307.50,
    "dma50" : 295.22,
    "dma100" : 287.82,
    "dma200" : 274.55,
    "volume" : 86867.00
  }, {
    "date" : "2025-09-18",
    "price" : 307.45,
    "dma50" : 295.70,
    "dma100" : 287.99,
    "dma200" : 274.88,
    "volume" : 69099.00
  }, {
    "date" : "2025-09-19",
    "price" : 306.00,
    "dma50" : 296.11,
    "dma100" : 288.17,
    "dma200" : 275.19,
    "volume" : 111708.00
  }, {
    "date" : "2025-09-22",
    "price" : 309.00,
    "dma50" : 296.61,
    "dma100" : 288.36,
    "dma200" : 275.53,
    "volume" : 122243.00
  }, {
    "date" : "2025-09-23",
    "price" : 309.55,
    "dma50" : 297.12,
    "dma100" : 288.62,
    "dma200" : 275.87,
    "volume" : 75860.00
  }, {
    "date" : "2025-09-24",
    "price" : 307.15,
    "dma50" : 297.51,
    "dma100" : 288.84,
    "dma200" : 276.18,
    "volume" : 33757.00
  }, {
    "date" : "2025-09-25",
    "price" : 294.60,
    "dma50" : 297.40,
    "dma100" : 288.95,
    "dma200" : 276.36,
    "volume" : 69056.00
  }, {
    "date" : "2025-09-26",
    "price" : 284.75,
    "dma50" : 296.90,
    "dma100" : 288.91,
    "dma200" : 276.44,
    "volume" : 91743.00
  }, {
    "date" : "2025-09-29",
    "price" : 281.80,
    "dma50" : 296.31,
    "dma100" : 288.91,
    "dma200" : 276.50,
    "volume" : 68684.00
  }, {
    "date" : "2025-09-30",
    "price" : 281.25,
    "dma50" : 295.72,
    "dma100" : 288.95,
    "dma200" : 276.55,
    "volume" : 48990.00
  }, {
    "date" : "2025-10-01",
    "price" : 282.85,
    "dma50" : 295.21,
    "dma100" : 288.88,
    "dma200" : 276.61,
    "volume" : 21886.00
  }, {
    "date" : "2025-10-03",
    "price" : 284.65,
    "dma50" : 294.80,
    "dma100" : 288.93,
    "dma200" : 276.69,
    "volume" : 24102.00
  }, {
    "date" : "2025-10-06",
    "price" : 279.00,
    "dma50" : 294.18,
    "dma100" : 288.90,
    "dma200" : 276.71,
    "volume" : 19055.00
  }, {
    "date" : "2025-10-07",
    "price" : 276.10,
    "dma50" : 293.47,
    "dma100" : 288.84,
    "dma200" : 276.70,
    "volume" : 36254.00
  }, {
    "date" : "2025-10-08",
    "price" : 281.35,
    "dma50" : 293.00,
    "dma100" : 288.85,
    "dma200" : 276.75,
    "volume" : 51447.00
  }, {
    "date" : "2025-10-09",
    "price" : 284.30,
    "dma50" : 292.66,
    "dma100" : 288.89,
    "dma200" : 276.83,
    "volume" : 53217.00
  }, {
    "date" : "2025-10-10",
    "price" : 288.15,
    "dma50" : 292.48,
    "dma100" : 288.99,
    "dma200" : 276.94,
    "volume" : 30574.00
  }, {
    "date" : "2025-10-13",
    "price" : 279.75,
    "dma50" : 291.98,
    "dma100" : 288.98,
    "dma200" : 276.97,
    "volume" : 39721.00
  }, {
    "date" : "2025-10-14",
    "price" : 263.35,
    "dma50" : 290.86,
    "dma100" : 288.82,
    "dma200" : 276.83,
    "volume" : 154512.00
  }, {
    "date" : "2025-10-15",
    "price" : 262.20,
    "dma50" : 289.73,
    "dma100" : 288.63,
    "dma200" : 276.69,
    "volume" : 40197.00
  }, {
    "date" : "2025-10-16",
    "price" : 269.65,
    "dma50" : 288.95,
    "dma100" : 288.50,
    "dma200" : 276.62,
    "volume" : 32162.00
  }, {
    "date" : "2025-10-17",
    "price" : 270.20,
    "dma50" : 288.21,
    "dma100" : 288.36,
    "dma200" : 276.55,
    "volume" : 64163.00
  }, {
    "date" : "2025-10-20",
    "price" : 269.65,
    "dma50" : 287.48,
    "dma100" : 288.26,
    "dma200" : 276.48,
    "volume" : 30636.00
  }, {
    "date" : "2025-10-21",
    "price" : 275.70,
    "dma50" : 287.02,
    "dma100" : 288.09,
    "dma200" : 276.48,
    "volume" : 19122.00
  }, {
    "date" : "2025-10-23",
    "price" : 279.20,
    "dma50" : 286.71,
    "dma100" : 287.96,
    "dma200" : 276.50,
    "volume" : 39586.00
  }, {
    "date" : "2025-10-24",
    "price" : 280.85,
    "dma50" : 286.48,
    "dma100" : 287.90,
    "dma200" : 276.55,
    "volume" : 15437.00
  }, {
    "date" : "2025-10-27",
    "price" : 276.35,
    "dma50" : 286.09,
    "dma100" : 287.79,
    "dma200" : 276.54,
    "volume" : 87368.00
  }, {
    "date" : "2025-10-28",
    "price" : 272.45,
    "dma50" : 285.55,
    "dma100" : 287.72,
    "dma200" : 276.50,
    "volume" : 39638.00
  }, {
    "date" : "2025-10-29",
    "price" : 271.35,
    "dma50" : 284.99,
    "dma100" : 287.50,
    "dma200" : 276.45,
    "volume" : 7651.00
  }, {
    "date" : "2025-10-30",
    "price" : 271.15,
    "dma50" : 284.45,
    "dma100" : 287.31,
    "dma200" : 276.40,
    "volume" : 18202.00
  }, {
    "date" : "2025-10-31",
    "price" : 271.10,
    "dma50" : 283.93,
    "dma100" : 287.12,
    "dma200" : 276.35,
    "volume" : 18111.00
  }, {
    "date" : "2025-11-03",
    "price" : 287.45,
    "dma50" : 284.07,
    "dma100" : 287.01,
    "dma200" : 276.46,
    "volume" : 137561.00
  }, {
    "date" : "2025-11-04",
    "price" : 296.65,
    "dma50" : 284.56,
    "dma100" : 287.05,
    "dma200" : 276.66,
    "volume" : 1669070.00
  }, {
    "date" : "2025-11-06",
    "price" : 303.15,
    "dma50" : 285.29,
    "dma100" : 287.22,
    "dma200" : 276.92,
    "volume" : 428583.00
  }, {
    "date" : "2025-11-07",
    "price" : 295.60,
    "dma50" : 285.69,
    "dma100" : 287.36,
    "dma200" : 277.11,
    "volume" : 62772.00
  }, {
    "date" : "2025-11-10",
    "price" : 294.65,
    "dma50" : 286.04,
    "dma100" : 287.45,
    "dma200" : 277.28,
    "volume" : 95228.00
  }, {
    "date" : "2025-11-11",
    "price" : 288.80,
    "dma50" : 286.15,
    "dma100" : 287.54,
    "dma200" : 277.40,
    "volume" : 69158.00
  }, {
    "date" : "2025-11-12",
    "price" : 290.55,
    "dma50" : 286.32,
    "dma100" : 287.67,
    "dma200" : 277.53,
    "volume" : 30927.00
  }, {
    "date" : "2025-11-13",
    "price" : 284.20,
    "dma50" : 286.24,
    "dma100" : 287.83,
    "dma200" : 277.59,
    "volume" : 90290.00
  }, {
    "date" : "2025-11-14",
    "price" : 286.50,
    "dma50" : 286.25,
    "dma100" : 288.00,
    "dma200" : 277.68,
    "volume" : 55532.00
  }, {
    "date" : "2025-11-17",
    "price" : 288.85,
    "dma50" : 286.35,
    "dma100" : 288.20,
    "dma200" : 277.79,
    "volume" : 498584.00
  }, {
    "date" : "2025-11-18",
    "price" : 310.15,
    "dma50" : 287.29,
    "dma100" : 288.58,
    "dma200" : 278.12,
    "volume" : 1440303.00
  }, {
    "date" : "2025-11-19",
    "price" : 299.65,
    "dma50" : 287.77,
    "dma100" : 288.87,
    "dma200" : 278.33,
    "volume" : 248150.00
  }, {
    "date" : "2025-11-20",
    "price" : 293.75,
    "dma50" : 288.01,
    "dma100" : 289.07,
    "dma200" : 278.48,
    "volume" : 135321.00
  }, {
    "date" : "2025-11-21",
    "price" : 289.05,
    "dma50" : 288.05,
    "dma100" : 289.21,
    "dma200" : 278.59,
    "volume" : 74608.00
  }, {
    "date" : "2025-11-24",
    "price" : 282.05,
    "dma50" : 287.81,
    "dma100" : 289.33,
    "dma200" : 278.62,
    "volume" : 65253.00
  }, {
    "date" : "2025-11-25",
    "price" : 291.15,
    "dma50" : 287.94,
    "dma100" : 289.54,
    "dma200" : 278.75,
    "volume" : 63168.00
  }, {
    "date" : "2025-11-26",
    "price" : 288.85,
    "dma50" : 287.98,
    "dma100" : 289.76,
    "dma200" : 278.85,
    "volume" : 119978.00
  }, {
    "date" : "2025-11-27",
    "price" : 277.85,
    "dma50" : 287.58,
    "dma100" : 289.93,
    "dma200" : 278.84,
    "volume" : 138214.00
  }, {
    "date" : "2025-11-28",
    "price" : 278.20,
    "dma50" : 287.21,
    "dma100" : 290.12,
    "dma200" : 278.83,
    "volume" : 303992.00
  }, {
    "date" : "2025-12-01",
    "price" : 279.50,
    "dma50" : 286.91,
    "dma100" : 290.34,
    "dma200" : 278.84,
    "volume" : 59313.00
  }, {
    "date" : "2025-12-02",
    "price" : 275.20,
    "dma50" : 286.45,
    "dma100" : 290.55,
    "dma200" : 278.80,
    "volume" : 146787.00
  }, {
    "date" : "2025-12-03",
    "price" : 274.65,
    "dma50" : 285.99,
    "dma100" : 290.55,
    "dma200" : 278.76,
    "volume" : 52878.00
  }, {
    "date" : "2025-12-04",
    "price" : 270.60,
    "dma50" : 285.39,
    "dma100" : 290.53,
    "dma200" : 278.68,
    "volume" : 71821.00
  }, {
    "date" : "2025-12-05",
    "price" : 274.80,
    "dma50" : 284.97,
    "dma100" : 290.66,
    "dma200" : 278.64,
    "volume" : 51446.00
  } ],
  "latestTechnicalAttributes" : {
    "date" : "2025-12-05",
    "price" : 274.80,
    "dma50" : 284.97,
    "dma100" : 290.66,
    "dma200" : 278.64,
    "volume" : 51446.00
  },
  "quarterlyResults" : [ {
    "date" : "2005-03-31",
    "sales" : 307.81,
    "salesGrowthYoY" : null,
    "grossProfitMargin" : 100.00,
    "grossProfit" : 307.81,
    "operatingProfitMargin" : 9.40,
    "operatingProfit" : 28.93,
    "netProfitMargin" : 4.22,
    "netProfit" : 12.99
  }, {
    "date" : "2005-06-30",
    "sales" : 311.26,
    "salesGrowthYoY" : null,
    "grossProfitMargin" : 100.00,
    "grossProfit" : 311.26,
    "operatingProfitMargin" : 9.59,
    "operatingProfit" : 29.85,
    "netProfitMargin" : 3.73,
    "netProfit" : 11.61
  }, {
    "date" : "2005-09-30",
    "sales" : 274.50,
    "salesGrowthYoY" : null,
    "grossProfitMargin" : 52.22,
    "grossProfit" : 143.34,
    "operatingProfitMargin" : 9.29,
    "operatingProfit" : 25.50,
    "netProfitMargin" : 3.26,
    "netProfit" : 8.95
  }, {
    "date" : "2005-12-31",
    "sales" : 374.70,
    "salesGrowthYoY" : null,
    "grossProfitMargin" : 100.00,
    "grossProfit" : 374.70,
    "operatingProfitMargin" : 7.65,
    "operatingProfit" : 28.66,
    "netProfitMargin" : 2.94,
    "netProfit" : 11.02
  }, {
    "date" : "2006-03-31",
    "sales" : 396.27,
    "salesGrowthYoY" : 28.74,
    "grossProfitMargin" : 100.00,
    "grossProfit" : 396.27,
    "operatingProfitMargin" : 8.43,
    "operatingProfit" : 33.41,
    "netProfitMargin" : 2.68,
    "netProfit" : 10.62
  }, {
    "date" : "2006-06-30",
    "sales" : 351.98,
    "salesGrowthYoY" : 13.08,
    "grossProfitMargin" : 51.03,
    "grossProfit" : 179.62,
    "operatingProfitMargin" : 8.99,
    "operatingProfit" : 31.64,
    "netProfitMargin" : 2.96,
    "netProfit" : 10.42
  }, {
    "date" : "2006-09-30",
    "sales" : 356.30,
    "salesGrowthYoY" : 29.80,
    "grossProfitMargin" : 54.12,
    "grossProfit" : 192.83,
    "operatingProfitMargin" : 9.28,
    "operatingProfit" : 33.06,
    "netProfitMargin" : 1.98,
    "netProfit" : 7.05
  }, {
    "date" : "2006-12-31",
    "sales" : 446.41,
    "salesGrowthYoY" : 19.14,
    "grossProfitMargin" : 56.13,
    "grossProfit" : 250.57,
    "operatingProfitMargin" : 10.11,
    "operatingProfit" : 45.13,
    "netProfitMargin" : 3.84,
    "netProfit" : 17.14
  }, {
    "date" : "2007-03-31",
    "sales" : 550.49,
    "salesGrowthYoY" : 38.92,
    "grossProfitMargin" : 100.00,
    "grossProfit" : 550.49,
    "operatingProfitMargin" : 9.54,
    "operatingProfit" : 52.52,
    "netProfitMargin" : 3.23,
    "netProfit" : 17.78
  }, {
    "date" : "2007-06-30",
    "sales" : 594.43,
    "salesGrowthYoY" : 68.88,
    "grossProfitMargin" : 100.00,
    "grossProfit" : 594.43,
    "operatingProfitMargin" : 8.99,
    "operatingProfit" : 53.44,
    "netProfitMargin" : 3.31,
    "netProfit" : 19.68
  }, {
    "date" : "2007-09-30",
    "sales" : 577.27,
    "salesGrowthYoY" : 62.02,
    "grossProfitMargin" : 100.00,
    "grossProfit" : 577.27,
    "operatingProfitMargin" : 9.96,
    "operatingProfit" : 57.50,
    "netProfitMargin" : 3.31,
    "netProfit" : 19.11
  }, {
    "date" : "2007-12-31",
    "sales" : 706.77,
    "salesGrowthYoY" : 58.32,
    "grossProfitMargin" : 54.44,
    "grossProfit" : 384.77,
    "operatingProfitMargin" : 10.38,
    "operatingProfit" : 73.36,
    "netProfitMargin" : 3.12,
    "netProfit" : 22.05
  }, {
    "date" : "2008-03-31",
    "sales" : 959.81,
    "salesGrowthYoY" : 74.36,
    "grossProfitMargin" : 100.00,
    "grossProfit" : 959.81,
    "operatingProfitMargin" : 9.61,
    "operatingProfit" : 92.24,
    "netProfitMargin" : 3.02,
    "netProfit" : 28.99
  }, {
    "date" : "2008-06-30",
    "sales" : 1018.06,
    "salesGrowthYoY" : 71.27,
    "grossProfitMargin" : 100.00,
    "grossProfit" : 1018.06,
    "operatingProfitMargin" : 10.95,
    "operatingProfit" : 111.48,
    "netProfitMargin" : 4.02,
    "netProfit" : 40.93
  }, {
    "date" : "2008-09-30",
    "sales" : 1008.09,
    "salesGrowthYoY" : 74.63,
    "grossProfitMargin" : 100.00,
    "grossProfit" : 1008.09,
    "operatingProfitMargin" : 10.11,
    "operatingProfit" : 101.92,
    "netProfitMargin" : 2.95,
    "netProfit" : 29.74
  }, {
    "date" : "2008-12-31",
    "sales" : 1270.29,
    "salesGrowthYoY" : 79.73,
    "grossProfitMargin" : 100.00,
    "grossProfit" : 1270.29,
    "operatingProfitMargin" : 9.10,
    "operatingProfit" : 115.60,
    "netProfitMargin" : 1.99,
    "netProfit" : 25.28
  }, {
    "date" : "2009-03-31",
    "sales" : 1387.56,
    "salesGrowthYoY" : 44.57,
    "grossProfitMargin" : 100.00,
    "grossProfit" : 1387.56,
    "operatingProfitMargin" : 8.09,
    "operatingProfit" : 112.25,
    "netProfitMargin" : 2.15,
    "netProfit" : 29.83
  }, {
    "date" : "2009-06-30",
    "sales" : 1109.71,
    "salesGrowthYoY" : 9.00,
    "grossProfitMargin" : 100.00,
    "grossProfit" : 1109.71,
    "operatingProfitMargin" : 10.07,
    "operatingProfit" : 111.75,
    "netProfitMargin" : 2.31,
    "netProfit" : 25.63
  }, {
    "date" : "2009-09-30",
    "sales" : 1025.20,
    "salesGrowthYoY" : 1.70,
    "grossProfitMargin" : 100.00,
    "grossProfit" : 1025.20,
    "operatingProfitMargin" : 10.39,
    "operatingProfit" : 106.52,
    "netProfitMargin" : 2.72,
    "netProfit" : 27.89
  }, {
    "date" : "2009-12-31",
    "sales" : 1066.76,
    "salesGrowthYoY" : -16.02,
    "grossProfitMargin" : 100.00,
    "grossProfit" : 1066.76,
    "operatingProfitMargin" : 9.08,
    "operatingProfit" : 96.86,
    "netProfitMargin" : 2.16,
    "netProfit" : 23.04
  }, {
    "date" : "2010-03-31",
    "sales" : 1252.10,
    "salesGrowthYoY" : -9.76,
    "grossProfitMargin" : 100.00,
    "grossProfit" : 1252.10,
    "operatingProfitMargin" : 10.28,
    "operatingProfit" : 128.72,
    "netProfitMargin" : 3.67,
    "netProfit" : 45.95
  }, {
    "date" : "2010-06-30",
    "sales" : 1176.77,
    "salesGrowthYoY" : 6.04,
    "grossProfitMargin" : 100.00,
    "grossProfit" : 1176.77,
    "operatingProfitMargin" : 10.20,
    "operatingProfit" : 120.03,
    "netProfitMargin" : 3.08,
    "netProfit" : 36.24
  }, {
    "date" : "2010-09-30",
    "sales" : 1051.49,
    "salesGrowthYoY" : 2.56,
    "grossProfitMargin" : 100.00,
    "grossProfit" : 1051.49,
    "operatingProfitMargin" : 10.06,
    "operatingProfit" : 105.78,
    "netProfitMargin" : 2.56,
    "netProfit" : 26.92
  }, {
    "date" : "2010-12-31",
    "sales" : 1167.59,
    "salesGrowthYoY" : 9.45,
    "grossProfitMargin" : 100.00,
    "grossProfit" : 1167.59,
    "operatingProfitMargin" : 9.29,
    "operatingProfit" : 108.47,
    "netProfitMargin" : 1.99,
    "netProfit" : 23.24
  }, {
    "date" : "2011-03-31",
    "sales" : 1354.73,
    "salesGrowthYoY" : 8.20,
    "grossProfitMargin" : 53.79,
    "grossProfit" : 728.71,
    "operatingProfitMargin" : 9.55,
    "operatingProfit" : 129.38,
    "netProfitMargin" : 2.73,
    "netProfit" : 36.98
  }, {
    "date" : "2011-06-30",
    "sales" : 1237.47,
    "salesGrowthYoY" : 5.16,
    "grossProfitMargin" : 65.60,
    "grossProfit" : 811.78,
    "operatingProfitMargin" : 8.30,
    "operatingProfit" : 102.71,
    "netProfitMargin" : 1.94,
    "netProfit" : 24.01
  }, {
    "date" : "2011-09-30",
    "sales" : 1296.20,
    "salesGrowthYoY" : 23.27,
    "grossProfitMargin" : 62.54,
    "grossProfit" : 810.64,
    "operatingProfitMargin" : 7.80,
    "operatingProfit" : 101.10,
    "netProfitMargin" : 1.38,
    "netProfit" : 17.89
  }, {
    "date" : "2011-12-31",
    "sales" : 1569.31,
    "salesGrowthYoY" : 34.41,
    "grossProfitMargin" : 57.90,
    "grossProfit" : 908.63,
    "operatingProfitMargin" : 6.85,
    "operatingProfit" : 107.50,
    "netProfitMargin" : 1.15,
    "netProfit" : 18.05
  }, {
    "date" : "2012-03-31",
    "sales" : 1794.61,
    "salesGrowthYoY" : 32.47,
    "grossProfitMargin" : 58.78,
    "grossProfit" : 1054.87,
    "operatingProfitMargin" : 8.21,
    "operatingProfit" : 147.34,
    "netProfitMargin" : 1.63,
    "netProfit" : 29.25
  }, {
    "date" : "2012-06-30",
    "sales" : 1585.39,
    "salesGrowthYoY" : 28.12,
    "grossProfitMargin" : 60.74,
    "grossProfit" : 962.97,
    "operatingProfitMargin" : 8.01,
    "operatingProfit" : 126.99,
    "netProfitMargin" : 1.27,
    "netProfit" : 20.13
  }, {
    "date" : "2012-09-30",
    "sales" : 1397.61,
    "salesGrowthYoY" : 7.82,
    "grossProfitMargin" : 37.45,
    "grossProfit" : 523.40,
    "operatingProfitMargin" : 7.23,
    "operatingProfit" : 101.05,
    "netProfitMargin" : 0.79,
    "netProfit" : 11.04
  }, {
    "date" : "2012-12-31",
    "sales" : 1351.58,
    "salesGrowthYoY" : -13.87,
    "grossProfitMargin" : 37.51,
    "grossProfit" : 506.98,
    "operatingProfitMargin" : 8.22,
    "operatingProfit" : 111.10,
    "netProfitMargin" : 0.80,
    "netProfit" : 10.81
  }, {
    "date" : "2013-03-31",
    "sales" : 1486.23,
    "salesGrowthYoY" : -17.18,
    "grossProfitMargin" : 34.56,
    "grossProfit" : 513.64,
    "operatingProfitMargin" : 8.67,
    "operatingProfit" : 128.86,
    "netProfitMargin" : 1.21,
    "netProfit" : 17.98
  }, {
    "date" : "2013-06-30",
    "sales" : 1395.29,
    "salesGrowthYoY" : -11.99,
    "grossProfitMargin" : 38.43,
    "grossProfit" : 536.21,
    "operatingProfitMargin" : 9.40,
    "operatingProfit" : 131.16,
    "netProfitMargin" : 0.92,
    "netProfit" : 12.84
  }, {
    "date" : "2013-09-30",
    "sales" : 1284.58,
    "salesGrowthYoY" : -8.09,
    "grossProfitMargin" : 40.73,
    "grossProfit" : 523.21,
    "operatingProfitMargin" : 9.86,
    "operatingProfit" : 126.66,
    "netProfitMargin" : 0.88,
    "netProfit" : 11.30
  }, {
    "date" : "2013-12-31",
    "sales" : 1392.01,
    "salesGrowthYoY" : 2.99,
    "grossProfitMargin" : 37.78,
    "grossProfit" : 525.90,
    "operatingProfitMargin" : 9.20,
    "operatingProfit" : 128.06,
    "netProfitMargin" : 1.09,
    "netProfit" : 15.17
  }, {
    "date" : "2014-03-31",
    "sales" : 1441.10,
    "salesGrowthYoY" : -3.04,
    "grossProfitMargin" : 38.01,
    "grossProfit" : 547.76,
    "operatingProfitMargin" : 9.40,
    "operatingProfit" : 135.46,
    "netProfitMargin" : 1.48,
    "netProfit" : 21.33
  }, {
    "date" : "2014-06-30",
    "sales" : 1347.40,
    "salesGrowthYoY" : -3.43,
    "grossProfitMargin" : 39.04,
    "grossProfit" : 526.02,
    "operatingProfitMargin" : 10.03,
    "operatingProfit" : 135.14,
    "netProfitMargin" : 0.94,
    "netProfit" : 12.67
  }, {
    "date" : "2014-09-30",
    "sales" : 1259.10,
    "salesGrowthYoY" : -1.98,
    "grossProfitMargin" : 41.87,
    "grossProfit" : 527.19,
    "operatingProfitMargin" : 10.99,
    "operatingProfit" : 138.38,
    "netProfitMargin" : 1.01,
    "netProfit" : 12.72
  }, {
    "date" : "2014-12-31",
    "sales" : 1435.73,
    "salesGrowthYoY" : 3.14,
    "grossProfitMargin" : 39.49,
    "grossProfit" : 566.97,
    "operatingProfitMargin" : 10.51,
    "operatingProfit" : 150.90,
    "netProfitMargin" : 1.03,
    "netProfit" : 14.79
  }, {
    "date" : "2015-03-31",
    "sales" : 1539.35,
    "salesGrowthYoY" : 6.82,
    "grossProfitMargin" : 34.33,
    "grossProfit" : 528.46,
    "operatingProfitMargin" : 8.94,
    "operatingProfit" : 137.62,
    "netProfitMargin" : 1.44,
    "netProfit" : 22.17
  }, {
    "date" : "2015-06-30",
    "sales" : 1512.20,
    "salesGrowthYoY" : 12.23,
    "grossProfitMargin" : 36.40,
    "grossProfit" : 550.44,
    "operatingProfitMargin" : 11.24,
    "operatingProfit" : 169.97,
    "netProfitMargin" : 1.68,
    "netProfit" : 25.40
  }, {
    "date" : "2015-09-30",
    "sales" : 1425.01,
    "salesGrowthYoY" : 13.18,
    "grossProfitMargin" : 37.34,
    "grossProfit" : 532.10,
    "operatingProfitMargin" : 11.64,
    "operatingProfit" : 165.87,
    "netProfitMargin" : 1.82,
    "netProfit" : 25.94
  }, {
    "date" : "2015-12-31",
    "sales" : 1410.12,
    "salesGrowthYoY" : -1.78,
    "grossProfitMargin" : 39.16,
    "grossProfit" : 552.20,
    "operatingProfitMargin" : 10.83,
    "operatingProfit" : 152.72,
    "netProfitMargin" : 2.02,
    "netProfit" : 28.48
  }, {
    "date" : "2016-03-31",
    "sales" : 1557.30,
    "salesGrowthYoY" : 1.17,
    "grossProfitMargin" : 36.04,
    "grossProfit" : 561.25,
    "operatingProfitMargin" : 12.44,
    "operatingProfit" : 193.73,
    "netProfitMargin" : 1.69,
    "netProfit" : 26.32
  }, {
    "date" : "2016-06-30",
    "sales" : 1407.44,
    "salesGrowthYoY" : -6.93,
    "grossProfitMargin" : 70.22,
    "grossProfit" : 988.30,
    "operatingProfitMargin" : 11.68,
    "operatingProfit" : 164.39,
    "netProfitMargin" : 1.22,
    "netProfit" : 17.17
  }, {
    "date" : "2016-09-30",
    "sales" : 1263.54,
    "salesGrowthYoY" : -11.33,
    "grossProfitMargin" : 72.83,
    "grossProfit" : 920.24,
    "operatingProfitMargin" : 12.65,
    "operatingProfit" : 159.84,
    "netProfitMargin" : 1.41,
    "netProfit" : 17.82
  }, {
    "date" : "2016-12-31",
    "sales" : 1386.44,
    "salesGrowthYoY" : -1.68,
    "grossProfitMargin" : 70.62,
    "grossProfit" : 979.10,
    "operatingProfitMargin" : 11.49,
    "operatingProfit" : 159.30,
    "netProfitMargin" : 1.33,
    "netProfit" : 18.44
  }, {
    "date" : "2017-03-31",
    "sales" : 1550.09,
    "salesGrowthYoY" : -0.46,
    "grossProfitMargin" : 69.52,
    "grossProfit" : 1077.62,
    "operatingProfitMargin" : 10.04,
    "operatingProfit" : 155.63,
    "netProfitMargin" : 4.31,
    "netProfit" : 66.81
  }, {
    "date" : "2017-06-30",
    "sales" : 1511.89,
    "salesGrowthYoY" : 7.42,
    "grossProfitMargin" : 65.34,
    "grossProfit" : 987.87,
    "operatingProfitMargin" : 11.39,
    "operatingProfit" : 172.20,
    "netProfitMargin" : 1.90,
    "netProfit" : 28.73
  }, {
    "date" : "2017-09-30",
    "sales" : 1246.04,
    "salesGrowthYoY" : -1.38,
    "grossProfitMargin" : 70.33,
    "grossProfit" : 876.34,
    "operatingProfitMargin" : 13.61,
    "operatingProfit" : 169.59,
    "netProfitMargin" : 2.23,
    "netProfit" : 27.79
  }, {
    "date" : "2017-12-31",
    "sales" : 1360.06,
    "salesGrowthYoY" : -1.90,
    "grossProfitMargin" : 39.97,
    "grossProfit" : 543.62,
    "operatingProfitMargin" : 12.83,
    "operatingProfit" : 174.50,
    "netProfitMargin" : 2.29,
    "netProfit" : 31.15
  }, {
    "date" : "2018-03-31",
    "sales" : 1648.22,
    "salesGrowthYoY" : 6.33,
    "grossProfitMargin" : 35.44,
    "grossProfit" : 584.13,
    "operatingProfitMargin" : 8.43,
    "operatingProfit" : 138.94,
    "netProfitMargin" : 1.78,
    "netProfit" : 29.34
  }, {
    "date" : "2018-06-30",
    "sales" : 1584.23,
    "salesGrowthYoY" : 4.78,
    "grossProfitMargin" : 35.38,
    "grossProfit" : 560.50,
    "operatingProfitMargin" : 11.06,
    "operatingProfit" : 175.22,
    "netProfitMargin" : 1.78,
    "netProfit" : 28.20
  }, {
    "date" : "2018-09-30",
    "sales" : 1479.09,
    "salesGrowthYoY" : 18.70,
    "grossProfitMargin" : 41.60,
    "grossProfit" : 615.30,
    "operatingProfitMargin" : 11.68,
    "operatingProfit" : 172.76,
    "netProfitMargin" : 1.65,
    "netProfit" : 24.40
  }, {
    "date" : "2018-12-31",
    "sales" : 1403.44,
    "salesGrowthYoY" : 3.19,
    "grossProfitMargin" : 38.76,
    "grossProfit" : 543.97,
    "operatingProfitMargin" : 12.75,
    "operatingProfit" : 178.94,
    "netProfitMargin" : 2.58,
    "netProfit" : 36.21
  }, {
    "date" : "2019-03-31",
    "sales" : 1574.70,
    "salesGrowthYoY" : -4.46,
    "grossProfitMargin" : 37.46,
    "grossProfit" : 589.88,
    "operatingProfitMargin" : 11.65,
    "operatingProfit" : 183.45,
    "netProfitMargin" : 2.13,
    "netProfit" : 33.54
  }, {
    "date" : "2019-06-30",
    "sales" : 1328.62,
    "salesGrowthYoY" : -16.13,
    "grossProfitMargin" : 40.58,
    "grossProfit" : 539.15,
    "operatingProfitMargin" : 12.94,
    "operatingProfit" : 171.92,
    "netProfitMargin" : 1.57,
    "netProfit" : 20.86
  }, {
    "date" : "2019-09-30",
    "sales" : 1155.58,
    "salesGrowthYoY" : -21.87,
    "grossProfitMargin" : 43.73,
    "grossProfit" : 505.34,
    "operatingProfitMargin" : 13.65,
    "operatingProfit" : 157.74,
    "netProfitMargin" : 0.65,
    "netProfit" : 7.51
  }, {
    "date" : "2019-12-31",
    "sales" : 862.23,
    "salesGrowthYoY" : -38.56,
    "grossProfitMargin" : 42.51,
    "grossProfit" : 366.53,
    "operatingProfitMargin" : 10.32,
    "operatingProfit" : 88.98,
    "netProfitMargin" : -3.62,
    "netProfit" : -31.21
  }, {
    "date" : "2020-03-31",
    "sales" : 558.05,
    "salesGrowthYoY" : -64.56,
    "grossProfitMargin" : 32.28,
    "grossProfit" : 180.14,
    "operatingProfitMargin" : -55.54,
    "operatingProfit" : -309.94,
    "netProfitMargin" : -56.37,
    "netProfit" : -314.57
  }, {
    "date" : "2020-06-30",
    "sales" : 262.13,
    "salesGrowthYoY" : -80.27,
    "grossProfitMargin" : 48.00,
    "grossProfit" : 125.82,
    "operatingProfitMargin" : 4.02,
    "operatingProfit" : 10.54,
    "netProfitMargin" : -37.57,
    "netProfit" : -98.48
  }, {
    "date" : "2020-09-30",
    "sales" : 497.49,
    "salesGrowthYoY" : -56.95,
    "grossProfitMargin" : 20.51,
    "grossProfit" : 102.04,
    "operatingProfitMargin" : -10.97,
    "operatingProfit" : -54.57,
    "netProfitMargin" : -29.77,
    "netProfit" : -148.10
  }, {
    "date" : "2020-12-31",
    "sales" : 611.99,
    "salesGrowthYoY" : -29.02,
    "grossProfitMargin" : 31.38,
    "grossProfit" : 192.04,
    "operatingProfitMargin" : 3.94,
    "operatingProfit" : 24.11,
    "netProfitMargin" : -16.55,
    "netProfit" : -101.28
  }, {
    "date" : "2021-03-31",
    "sales" : 648.60,
    "salesGrowthYoY" : 16.23,
    "grossProfitMargin" : 25.76,
    "grossProfit" : 167.08,
    "operatingProfitMargin" : 5.55,
    "operatingProfit" : 36.00,
    "netProfitMargin" : -17.43,
    "netProfit" : -113.05
  }, {
    "date" : "2021-06-30",
    "sales" : 381.88,
    "salesGrowthYoY" : 45.68,
    "grossProfitMargin" : 38.37,
    "grossProfit" : 146.53,
    "operatingProfitMargin" : 5.01,
    "operatingProfit" : 19.13,
    "netProfitMargin" : -26.98,
    "netProfit" : -103.03
  }, {
    "date" : "2021-09-30",
    "sales" : 464.04,
    "salesGrowthYoY" : -6.72,
    "grossProfitMargin" : 33.04,
    "grossProfit" : 153.32,
    "operatingProfitMargin" : 5.26,
    "operatingProfit" : 24.41,
    "netProfitMargin" : -27.55,
    "netProfit" : -127.84
  }, {
    "date" : "2021-12-31",
    "sales" : 412.79,
    "salesGrowthYoY" : -32.55,
    "grossProfitMargin" : 28.80,
    "grossProfit" : 118.88,
    "operatingProfitMargin" : -1.96,
    "operatingProfit" : -8.09,
    "netProfitMargin" : -34.48,
    "netProfit" : -142.33
  }, {
    "date" : "2022-03-31",
    "sales" : 477.58,
    "salesGrowthYoY" : -26.37,
    "grossProfitMargin" : 28.37,
    "grossProfit" : 135.49,
    "operatingProfitMargin" : 0.46,
    "operatingProfit" : 2.20,
    "netProfitMargin" : -26.91,
    "netProfit" : -128.52
  }, {
    "date" : "2022-06-30",
    "sales" : 406.29,
    "salesGrowthYoY" : 6.39,
    "grossProfitMargin" : 28.94,
    "grossProfit" : 117.58,
    "operatingProfitMargin" : -0.04,
    "operatingProfit" : -0.16,
    "netProfitMargin" : -33.38,
    "netProfit" : -135.62
  }, {
    "date" : "2022-09-30",
    "sales" : 417.70,
    "salesGrowthYoY" : -9.99,
    "grossProfitMargin" : 27.86,
    "grossProfit" : 116.37,
    "operatingProfitMargin" : 0.67,
    "operatingProfit" : 2.80,
    "netProfitMargin" : -32.66,
    "netProfit" : -136.42
  }, {
    "date" : "2022-12-31",
    "sales" : 358.37,
    "salesGrowthYoY" : -13.18,
    "grossProfitMargin" : 32.46,
    "grossProfit" : 116.33,
    "operatingProfitMargin" : 1.29,
    "operatingProfit" : 4.62,
    "netProfitMargin" : -38.37,
    "netProfit" : -137.51
  }, {
    "date" : "2023-03-31",
    "sales" : 364.18,
    "salesGrowthYoY" : -23.74,
    "grossProfitMargin" : 30.15,
    "grossProfit" : 109.80,
    "operatingProfitMargin" : 3.80,
    "operatingProfit" : 13.84,
    "netProfitMargin" : -26.56,
    "netProfit" : -96.73
  }, {
    "date" : "2023-06-30",
    "sales" : 315.18,
    "salesGrowthYoY" : -22.42,
    "grossProfitMargin" : 30.24,
    "grossProfit" : 95.31,
    "operatingProfitMargin" : 3.27,
    "operatingProfit" : 10.31,
    "netProfitMargin" : -47.79,
    "netProfit" : -150.62
  }, {
    "date" : "2023-09-30",
    "sales" : 247.12,
    "salesGrowthYoY" : -40.84,
    "grossProfitMargin" : 37.28,
    "grossProfit" : 92.13,
    "operatingProfitMargin" : 2.31,
    "operatingProfit" : 5.71,
    "netProfitMargin" : -2.93,
    "netProfit" : -7.24
  }, {
    "date" : "2023-12-31",
    "sales" : 225.58,
    "salesGrowthYoY" : -37.05,
    "grossProfitMargin" : 41.07,
    "grossProfit" : 92.65,
    "operatingProfitMargin" : 3.46,
    "operatingProfit" : 7.81,
    "netProfitMargin" : -35.83,
    "netProfit" : -80.83
  }, {
    "date" : "2024-03-31",
    "sales" : 223.07,
    "salesGrowthYoY" : -38.75,
    "grossProfitMargin" : 36.15,
    "grossProfit" : 80.64,
    "operatingProfitMargin" : 1.82,
    "operatingProfit" : 4.06,
    "netProfitMargin" : 74.78,
    "netProfit" : 166.81
  }, {
    "date" : "2024-06-30",
    "sales" : 199.56,
    "salesGrowthYoY" : -36.68,
    "grossProfitMargin" : 80.51,
    "grossProfit" : 160.67,
    "operatingProfitMargin" : -0.01,
    "operatingProfit" : -0.02,
    "netProfitMargin" : -5.27,
    "netProfit" : -10.52
  }, {
    "date" : "2024-09-30",
    "sales" : 195.99,
    "salesGrowthYoY" : -20.69,
    "grossProfitMargin" : 36.23,
    "grossProfit" : 71.01,
    "operatingProfitMargin" : 1.44,
    "operatingProfit" : 2.82,
    "netProfitMargin" : -5.52,
    "netProfit" : -10.82
  }, {
    "date" : "2024-12-31",
    "sales" : 139.13,
    "salesGrowthYoY" : -38.32,
    "grossProfitMargin" : 44.02,
    "grossProfit" : 61.25,
    "operatingProfitMargin" : 2.42,
    "operatingProfit" : 3.37,
    "netProfitMargin" : -8.80,
    "netProfit" : -12.24
  }, {
    "date" : "2025-03-31",
    "sales" : 196.63,
    "salesGrowthYoY" : -11.85,
    "grossProfitMargin" : 84.65,
    "grossProfit" : 166.45,
    "operatingProfitMargin" : 7.87,
    "operatingProfit" : 15.47,
    "netProfitMargin" : 16.52,
    "netProfit" : 32.48
  }, {
    "date" : "2025-06-30",
    "sales" : 153.53,
    "salesGrowthYoY" : -23.07,
    "grossProfitMargin" : 43.57,
    "grossProfit" : 66.89,
    "operatingProfitMargin" : 4.47,
    "operatingProfit" : 6.86,
    "netProfitMargin" : 2.29,
    "netProfit" : 3.52
  }, {
    "date" : "2025-09-30",
    "sales" : 164.41,
    "salesGrowthYoY" : -16.11,
    "grossProfitMargin" : 55.44,
    "grossProfit" : 91.15,
    "operatingProfitMargin" : 9.56,
    "operatingProfit" : 15.72,
    "netProfitMargin" : 4.93,
    "netProfit" : 8.11
  } ],
  "latestQuarterlyResult" : {
    "date" : "2025-09-30",
    "sales" : 164.41,
    "salesGrowthYoY" : -16.11,
    "grossProfitMargin" : 55.44,
    "grossProfit" : 91.15,
    "operatingProfitMargin" : 9.56,
    "operatingProfit" : 15.72,
    "netProfitMargin" : 4.93,
    "netProfit" : 8.11
  },
  "companyScore" : {
    "priceHigherThanDma50" : 0.00,
    "priceHigherThanDma100" : 0.00,
    "priceHigherThanDma200" : 0.00,
    "dma50HigherThanDma100" : 0.00,
    "dma50HigherThanDma200" : 5.00,
    "dma100HigherThanDma200" : 5.00,
    "pricePercentageAboveDma50" : 5.18,
    "pricePercentageAboveDma100" : 5.27,
    "pricePercentageAboveDma200" : 5.07,
    "weeklyVolumeHigherThanYearlyVolume" : 0.00,
    "salesGrowthPercentile" : 8.02,
    "operatingProfitMarginPercentile" : 18.82,
    "netProfitMarginPercentile" : 9.76,
    "totalTechnicalScore" : 25.52,
    "totalFundamentalScore" : 36.60,
    "totalScore" : 62.12
  }
}