{
  "metadata" : {
    "screenerCompanyId" : "3093",
    "companyCode" : "SIYSIL",
    "companyName" : "Siyaram Silk",
    "screenerCompanyLink" : "https://www.screener.in/company/SIYSIL/",
    "screenerTechnicalHistoryLink" : "https://www.screener.in/api/company/3093/chart/?q=Price-DMA50-DMA200-Volume&days=365",
    "screenerQuarterlyResultsLink" : "https://www.screener.in/api/company/3093/chart/?q=GPM-OPM-NPM-Quarter+Sales&days=10000",
    "attributes" : {
      "companyCode" : "SIYSIL",
      "companyName" : "Siyaram Silk",
      "marketCap" : 2949.00,
      "peRatio" : 14.00,
      "description" : "Siyaram Silk Mills Ltd is a Textile manufacturing company. It is engaged in manufacturing fabrics and readymade garments, especially in the men’s wear section. [1][2] The Company exports to countries like UAE, Australia, Bahrain, Bangladesh, Cambodia, Canada, etc. [3]"
    },
    "companyScore" : {
      "priceHigherThanDma50" : 0.00,
      "priceHigherThanDma100" : 0.00,
      "priceHigherThanDma200" : 0.00,
      "dma50HigherThanDma100" : 5.00,
      "dma50HigherThanDma200" : 5.00,
      "dma100HigherThanDma200" : 0.00,
      "pricePercentageAboveDma50" : 5.45,
      "pricePercentageAboveDma100" : 5.29,
      "pricePercentageAboveDma200" : 5.33,
      "weeklyVolumeHigherThanYearlyVolume" : 0.00,
      "salesGrowthPercentile" : 13.67,
      "operatingProfitMarginPercentile" : 19.43,
      "netProfitMarginPercentile" : 9.95,
      "totalTechnicalScore" : 26.07,
      "totalFundamentalScore" : 43.04,
      "totalScore" : 69.11
    }
  },
  "attributes" : {
    "companyCode" : "SIYSIL",
    "companyName" : "Siyaram Silk",
    "marketCap" : 2949.00,
    "peRatio" : 14.00,
    "description" : "Siyaram Silk Mills Ltd is a Textile manufacturing company. It is engaged in manufacturing fabrics and readymade garments, especially in the men’s wear section. [1][2] The Company exports to countries like UAE, Australia, Bahrain, Bangladesh, Cambodia, Canada, etc. [3]"
  },
  "technicalHistory" : [ {
    "date" : "2024-12-16",
    "price" : 1134.50,
    "dma50" : 713.51,
    "dma100" : null,
    "dma200" : 571.07,
    "volume" : 5925706.00
  }, {
    "date" : "2024-12-17",
    "price" : 1117.80,
    "dma50" : 729.37,
    "dma100" : null,
    "dma200" : 576.51,
    "volume" : 2360356.00
  }, {
    "date" : "2024-12-18",
    "price" : 1039.15,
    "dma50" : 741.52,
    "dma100" : null,
    "dma200" : 581.11,
    "volume" : 793638.00
  }, {
    "date" : "2024-12-19",
    "price" : 1024.25,
    "dma50" : 752.60,
    "dma100" : null,
    "dma200" : 585.52,
    "volume" : 537786.00
  }, {
    "date" : "2024-12-20",
    "price" : 937.60,
    "dma50" : 759.86,
    "dma100" : null,
    "dma200" : 589.03,
    "volume" : 533309.00
  }, {
    "date" : "2024-12-23",
    "price" : 958.30,
    "dma50" : 767.64,
    "dma100" : null,
    "dma200" : 592.70,
    "volume" : 760955.00
  }, {
    "date" : "2024-12-24",
    "price" : 933.90,
    "dma50" : 774.16,
    "dma100" : null,
    "dma200" : 596.10,
    "volume" : 400437.00
  }, {
    "date" : "2024-12-26",
    "price" : 893.65,
    "dma50" : 778.85,
    "dma100" : null,
    "dma200" : 599.06,
    "volume" : 623529.00
  }, {
    "date" : "2024-12-27",
    "price" : 873.15,
    "dma50" : 782.54,
    "dma100" : null,
    "dma200" : 601.78,
    "volume" : 233826.00
  }, {
    "date" : "2024-12-30",
    "price" : 853.65,
    "dma50" : 785.33,
    "dma100" : null,
    "dma200" : 604.29,
    "volume" : 202216.00
  }, {
    "date" : "2024-12-31",
    "price" : 864.20,
    "dma50" : 788.43,
    "dma100" : null,
    "dma200" : 606.88,
    "volume" : 590756.00
  }, {
    "date" : "2025-01-01",
    "price" : 875.60,
    "dma50" : 791.84,
    "dma100" : null,
    "dma200" : 609.55,
    "volume" : 178059.00
  }, {
    "date" : "2025-01-02",
    "price" : 963.15,
    "dma50" : 798.56,
    "dma100" : null,
    "dma200" : 613.07,
    "volume" : 756506.00
  }, {
    "date" : "2025-01-03",
    "price" : 949.70,
    "dma50" : 804.49,
    "dma100" : null,
    "dma200" : 616.42,
    "volume" : 379303.00
  }, {
    "date" : "2025-01-06",
    "price" : 865.60,
    "dma50" : 806.89,
    "dma100" : null,
    "dma200" : 618.90,
    "volume" : 307795.00
  }, {
    "date" : "2025-01-07",
    "price" : 899.00,
    "dma50" : 810.50,
    "dma100" : null,
    "dma200" : 621.69,
    "volume" : 320166.00
  }, {
    "date" : "2025-01-08",
    "price" : 886.10,
    "dma50" : 813.46,
    "dma100" : null,
    "dma200" : 624.32,
    "volume" : 176299.00
  }, {
    "date" : "2025-01-09",
    "price" : 942.80,
    "dma50" : 818.53,
    "dma100" : null,
    "dma200" : 627.49,
    "volume" : 456504.00
  }, {
    "date" : "2025-01-10",
    "price" : 881.65,
    "dma50" : 821.01,
    "dma100" : null,
    "dma200" : 630.01,
    "volume" : 335476.00
  }, {
    "date" : "2025-01-13",
    "price" : 862.65,
    "dma50" : 822.64,
    "dma100" : null,
    "dma200" : 632.33,
    "volume" : 278008.00
  }, {
    "date" : "2025-01-14",
    "price" : 910.45,
    "dma50" : 826.09,
    "dma100" : null,
    "dma200" : 635.10,
    "volume" : 268837.00
  }, {
    "date" : "2025-01-15",
    "price" : 948.70,
    "dma50" : 830.89,
    "dma100" : null,
    "dma200" : 638.22,
    "volume" : 667014.00
  }, {
    "date" : "2025-01-16",
    "price" : 976.00,
    "dma50" : 836.58,
    "dma100" : null,
    "dma200" : 641.58,
    "volume" : 241766.00
  }, {
    "date" : "2025-01-17",
    "price" : 991.15,
    "dma50" : 842.65,
    "dma100" : null,
    "dma200" : 645.06,
    "volume" : 561728.00
  }, {
    "date" : "2025-01-20",
    "price" : 952.35,
    "dma50" : 846.95,
    "dma100" : null,
    "dma200" : 648.11,
    "volume" : 230275.00
  }, {
    "date" : "2025-01-21",
    "price" : 916.85,
    "dma50" : 849.69,
    "dma100" : null,
    "dma200" : 650.79,
    "volume" : 167809.00
  }, {
    "date" : "2025-01-22",
    "price" : 935.00,
    "dma50" : 853.04,
    "dma100" : null,
    "dma200" : 653.62,
    "volume" : 299467.00
  }, {
    "date" : "2025-01-23",
    "price" : 971.90,
    "dma50" : 857.70,
    "dma100" : null,
    "dma200" : 656.78,
    "volume" : 274462.00
  }, {
    "date" : "2025-01-24",
    "price" : 954.05,
    "dma50" : 861.47,
    "dma100" : null,
    "dma200" : 659.74,
    "volume" : 165094.00
  }, {
    "date" : "2025-01-27",
    "price" : 858.75,
    "dma50" : 861.37,
    "dma100" : null,
    "dma200" : 661.72,
    "volume" : 222843.00
  }, {
    "date" : "2025-01-28",
    "price" : 808.30,
    "dma50" : 859.29,
    "dma100" : null,
    "dma200" : 663.18,
    "volume" : 417181.00
  }, {
    "date" : "2025-01-29",
    "price" : 831.50,
    "dma50" : 858.20,
    "dma100" : null,
    "dma200" : 664.85,
    "volume" : 196367.00
  }, {
    "date" : "2025-01-30",
    "price" : 769.85,
    "dma50" : 854.73,
    "dma100" : null,
    "dma200" : 665.90,
    "volume" : 304372.00
  }, {
    "date" : "2025-01-31",
    "price" : 768.65,
    "dma50" : 851.36,
    "dma100" : null,
    "dma200" : 666.92,
    "volume" : 159184.00
  }, {
    "date" : "2025-02-01",
    "price" : 794.95,
    "dma50" : 849.14,
    "dma100" : null,
    "dma200" : 668.20,
    "volume" : 175706.00
  }, {
    "date" : "2025-02-03",
    "price" : 752.35,
    "dma50" : 845.35,
    "dma100" : null,
    "dma200" : 669.03,
    "volume" : 99928.00
  }, {
    "date" : "2025-02-04",
    "price" : 719.55,
    "dma50" : 840.42,
    "dma100" : null,
    "dma200" : 669.54,
    "volume" : 136330.00
  }, {
    "date" : "2025-02-05",
    "price" : 706.55,
    "dma50" : 835.17,
    "dma100" : null,
    "dma200" : 669.90,
    "volume" : 170983.00
  }, {
    "date" : "2025-02-06",
    "price" : 717.45,
    "dma50" : 830.55,
    "dma100" : null,
    "dma200" : 670.38,
    "volume" : 122472.00
  }, {
    "date" : "2025-02-07",
    "price" : 701.30,
    "dma50" : 825.48,
    "dma100" : null,
    "dma200" : 670.68,
    "volume" : 84426.00
  }, {
    "date" : "2025-02-10",
    "price" : 692.85,
    "dma50" : 820.28,
    "dma100" : null,
    "dma200" : 670.91,
    "volume" : 243641.00
  }, {
    "date" : "2025-02-11",
    "price" : 709.55,
    "dma50" : 815.94,
    "dma100" : null,
    "dma200" : 671.29,
    "volume" : 190830.00
  }, {
    "date" : "2025-02-12",
    "price" : 684.80,
    "dma50" : 810.79,
    "dma100" : null,
    "dma200" : 671.42,
    "volume" : 119674.00
  }, {
    "date" : "2025-02-13",
    "price" : 687.45,
    "dma50" : 805.96,
    "dma100" : null,
    "dma200" : 671.58,
    "volume" : 86198.00
  }, {
    "date" : "2025-02-14",
    "price" : 653.95,
    "dma50" : 800.00,
    "dma100" : null,
    "dma200" : 671.41,
    "volume" : 70825.00
  }, {
    "date" : "2025-02-17",
    "price" : 656.25,
    "dma50" : 794.36,
    "dma100" : null,
    "dma200" : 671.26,
    "volume" : 117145.00
  }, {
    "date" : "2025-02-18",
    "price" : 623.45,
    "dma50" : 787.66,
    "dma100" : null,
    "dma200" : 670.78,
    "volume" : 49707.00
  }, {
    "date" : "2025-02-19",
    "price" : 649.90,
    "dma50" : 782.26,
    "dma100" : null,
    "dma200" : 670.57,
    "volume" : 71243.00
  }, {
    "date" : "2025-02-20",
    "price" : 653.20,
    "dma50" : 777.19,
    "dma100" : null,
    "dma200" : 670.40,
    "volume" : 66740.00
  }, {
    "date" : "2025-02-21",
    "price" : 650.60,
    "dma50" : 772.23,
    "dma100" : null,
    "dma200" : 670.20,
    "volume" : 90004.00
  }, {
    "date" : "2025-02-24",
    "price" : 656.00,
    "dma50" : 767.67,
    "dma100" : null,
    "dma200" : 670.06,
    "volume" : 51187.00
  }, {
    "date" : "2025-02-25",
    "price" : 642.25,
    "dma50" : 762.75,
    "dma100" : null,
    "dma200" : 669.79,
    "volume" : 40175.00
  }, {
    "date" : "2025-02-27",
    "price" : 614.90,
    "dma50" : 756.95,
    "dma100" : null,
    "dma200" : 669.24,
    "volume" : 47650.00
  }, {
    "date" : "2025-02-28",
    "price" : 599.40,
    "dma50" : 750.78,
    "dma100" : null,
    "dma200" : 668.54,
    "volume" : 59552.00
  }, {
    "date" : "2025-03-03",
    "price" : 605.95,
    "dma50" : 745.10,
    "dma100" : null,
    "dma200" : 667.92,
    "volume" : 68696.00
  }, {
    "date" : "2025-03-04",
    "price" : 615.35,
    "dma50" : 740.01,
    "dma100" : null,
    "dma200" : 667.40,
    "volume" : 51807.00
  }, {
    "date" : "2025-03-05",
    "price" : 634.75,
    "dma50" : 735.88,
    "dma100" : null,
    "dma200" : 667.07,
    "volume" : 65382.00
  }, {
    "date" : "2025-03-06",
    "price" : 666.45,
    "dma50" : 733.16,
    "dma100" : null,
    "dma200" : 667.07,
    "volume" : 59114.00
  }, {
    "date" : "2025-03-07",
    "price" : 699.75,
    "dma50" : 731.85,
    "dma100" : null,
    "dma200" : 667.39,
    "volume" : 66755.00
  }, {
    "date" : "2025-03-10",
    "price" : 666.25,
    "dma50" : 729.28,
    "dma100" : null,
    "dma200" : 667.38,
    "volume" : 158363.00
  }, {
    "date" : "2025-03-11",
    "price" : 649.20,
    "dma50" : 726.14,
    "dma100" : null,
    "dma200" : 667.20,
    "volume" : 102111.00
  }, {
    "date" : "2025-03-12",
    "price" : 628.30,
    "dma50" : 722.30,
    "dma100" : null,
    "dma200" : 666.81,
    "volume" : 101411.00
  }, {
    "date" : "2025-03-13",
    "price" : 614.05,
    "dma50" : 718.05,
    "dma100" : null,
    "dma200" : 666.29,
    "volume" : 74069.00
  }, {
    "date" : "2025-03-17",
    "price" : 605.15,
    "dma50" : 713.63,
    "dma100" : null,
    "dma200" : 665.68,
    "volume" : 58851.00
  }, {
    "date" : "2025-03-18",
    "price" : 635.40,
    "dma50" : 710.56,
    "dma100" : null,
    "dma200" : 665.38,
    "volume" : 24063.00
  }, {
    "date" : "2025-03-19",
    "price" : 667.15,
    "dma50" : 708.86,
    "dma100" : null,
    "dma200" : 665.40,
    "volume" : 35602.00
  }, {
    "date" : "2025-03-20",
    "price" : 674.50,
    "dma50" : 707.51,
    "dma100" : null,
    "dma200" : 665.49,
    "volume" : 237096.00
  }, {
    "date" : "2025-03-21",
    "price" : 672.20,
    "dma50" : 706.12,
    "dma100" : null,
    "dma200" : 665.55,
    "volume" : 80895.00
  }, {
    "date" : "2025-03-24",
    "price" : 673.25,
    "dma50" : 704.83,
    "dma100" : null,
    "dma200" : 665.63,
    "volume" : 94769.00
  }, {
    "date" : "2025-03-25",
    "price" : 648.65,
    "dma50" : 702.63,
    "dma100" : null,
    "dma200" : 665.46,
    "volume" : 144196.00
  }, {
    "date" : "2025-03-26",
    "price" : 642.75,
    "dma50" : 700.28,
    "dma100" : null,
    "dma200" : 665.24,
    "volume" : 90070.00
  }, {
    "date" : "2025-03-27",
    "price" : 667.30,
    "dma50" : 698.99,
    "dma100" : null,
    "dma200" : 665.26,
    "volume" : 123920.00
  }, {
    "date" : "2025-03-28",
    "price" : 656.30,
    "dma50" : 697.32,
    "dma100" : null,
    "dma200" : 665.17,
    "volume" : 60787.00
  }, {
    "date" : "2025-04-01",
    "price" : 672.05,
    "dma50" : 696.32,
    "dma100" : null,
    "dma200" : 665.24,
    "volume" : 53318.00
  }, {
    "date" : "2025-04-02",
    "price" : 705.30,
    "dma50" : 696.68,
    "dma100" : null,
    "dma200" : 665.63,
    "volume" : 97881.00
  }, {
    "date" : "2025-04-03",
    "price" : 740.55,
    "dma50" : 698.40,
    "dma100" : null,
    "dma200" : 666.38,
    "volume" : 296421.00
  }, {
    "date" : "2025-04-04",
    "price" : 743.20,
    "dma50" : 700.15,
    "dma100" : null,
    "dma200" : 667.14,
    "volume" : 370662.00
  }, {
    "date" : "2025-04-07",
    "price" : 694.25,
    "dma50" : 699.92,
    "dma100" : null,
    "dma200" : 667.41,
    "volume" : 169822.00
  }, {
    "date" : "2025-04-08",
    "price" : 687.75,
    "dma50" : 699.45,
    "dma100" : null,
    "dma200" : 667.62,
    "volume" : 84685.00
  }, {
    "date" : "2025-04-09",
    "price" : 666.65,
    "dma50" : 698.16,
    "dma100" : null,
    "dma200" : 667.61,
    "volume" : 52689.00
  }, {
    "date" : "2025-04-11",
    "price" : 693.80,
    "dma50" : 697.99,
    "dma100" : null,
    "dma200" : 667.87,
    "volume" : 82575.00
  }, {
    "date" : "2025-04-15",
    "price" : 737.15,
    "dma50" : 699.52,
    "dma100" : null,
    "dma200" : 668.56,
    "volume" : 138072.00
  }, {
    "date" : "2025-04-16",
    "price" : 736.50,
    "dma50" : 700.97,
    "dma100" : null,
    "dma200" : 669.23,
    "volume" : 68172.00
  }, {
    "date" : "2025-04-17",
    "price" : 732.70,
    "dma50" : 702.22,
    "dma100" : null,
    "dma200" : 669.86,
    "volume" : 43080.00
  }, {
    "date" : "2025-04-21",
    "price" : 735.55,
    "dma50" : 703.53,
    "dma100" : null,
    "dma200" : 670.52,
    "volume" : 65446.00
  }, {
    "date" : "2025-04-22",
    "price" : 732.65,
    "dma50" : 704.67,
    "dma100" : null,
    "dma200" : 671.14,
    "volume" : 71256.00
  }, {
    "date" : "2025-04-23",
    "price" : 751.40,
    "dma50" : 706.50,
    "dma100" : null,
    "dma200" : 671.93,
    "volume" : 228994.00
  }, {
    "date" : "2025-04-24",
    "price" : 734.60,
    "dma50" : 707.60,
    "dma100" : null,
    "dma200" : 672.56,
    "volume" : 110308.00
  }, {
    "date" : "2025-04-25",
    "price" : 707.95,
    "dma50" : 707.62,
    "dma100" : null,
    "dma200" : 672.91,
    "volume" : 152985.00
  }, {
    "date" : "2025-04-28",
    "price" : 704.45,
    "dma50" : 707.49,
    "dma100" : null,
    "dma200" : 673.22,
    "volume" : 70306.00
  }, {
    "date" : "2025-04-29",
    "price" : 684.65,
    "dma50" : 706.60,
    "dma100" : null,
    "dma200" : 673.34,
    "volume" : 82514.00
  }, {
    "date" : "2025-04-30",
    "price" : 667.90,
    "dma50" : 705.08,
    "dma100" : null,
    "dma200" : 673.28,
    "volume" : 124624.00
  }, {
    "date" : "2025-05-02",
    "price" : 671.00,
    "dma50" : 703.74,
    "dma100" : null,
    "dma200" : 673.26,
    "volume" : 66136.00
  }, {
    "date" : "2025-05-05",
    "price" : 679.10,
    "dma50" : 702.78,
    "dma100" : null,
    "dma200" : 673.32,
    "volume" : 30345.00
  }, {
    "date" : "2025-05-06",
    "price" : 648.55,
    "dma50" : 700.65,
    "dma100" : null,
    "dma200" : 673.07,
    "volume" : 47134.00
  }, {
    "date" : "2025-05-07",
    "price" : 679.35,
    "dma50" : 699.81,
    "dma100" : null,
    "dma200" : 673.13,
    "volume" : 451746.00
  }, {
    "date" : "2025-05-08",
    "price" : 658.15,
    "dma50" : 698.18,
    "dma100" : null,
    "dma200" : 672.99,
    "volume" : 155513.00
  }, {
    "date" : "2025-05-09",
    "price" : 651.30,
    "dma50" : 696.34,
    "dma100" : null,
    "dma200" : 672.77,
    "volume" : 85110.00
  }, {
    "date" : "2025-05-12",
    "price" : 701.70,
    "dma50" : 696.55,
    "dma100" : null,
    "dma200" : 673.06,
    "volume" : 187760.00
  }, {
    "date" : "2025-05-13",
    "price" : 708.80,
    "dma50" : 697.03,
    "dma100" : null,
    "dma200" : 673.41,
    "volume" : 243828.00
  }, {
    "date" : "2025-05-14",
    "price" : 734.10,
    "dma50" : 698.49,
    "dma100" : 757.66,
    "dma200" : 674.02,
    "volume" : 135107.00
  }, {
    "date" : "2025-05-15",
    "price" : 726.90,
    "dma50" : 699.60,
    "dma100" : 753.75,
    "dma200" : 674.54,
    "volume" : 81625.00
  }, {
    "date" : "2025-05-16",
    "price" : 724.45,
    "dma50" : 700.57,
    "dma100" : 750.60,
    "dma200" : 675.04,
    "volume" : 86911.00
  }, {
    "date" : "2025-05-19",
    "price" : 783.10,
    "dma50" : 703.81,
    "dma100" : 748.19,
    "dma200" : 676.12,
    "volume" : 603946.00
  }, {
    "date" : "2025-05-20",
    "price" : 751.15,
    "dma50" : 705.67,
    "dma100" : 746.33,
    "dma200" : 676.86,
    "volume" : 177445.00
  }, {
    "date" : "2025-05-21",
    "price" : 763.05,
    "dma50" : 707.92,
    "dma100" : 744.37,
    "dma200" : 677.72,
    "volume" : 142543.00
  }, {
    "date" : "2025-05-22",
    "price" : 753.05,
    "dma50" : 709.69,
    "dma100" : 742.57,
    "dma200" : 678.47,
    "volume" : 61702.00
  }, {
    "date" : "2025-05-23",
    "price" : 758.75,
    "dma50" : 711.61,
    "dma100" : 741.22,
    "dma200" : 679.27,
    "volume" : 135843.00
  }, {
    "date" : "2025-05-26",
    "price" : 755.10,
    "dma50" : 713.32,
    "dma100" : 740.04,
    "dma200" : 680.02,
    "volume" : 56664.00
  }, {
    "date" : "2025-05-27",
    "price" : 737.25,
    "dma50" : 714.26,
    "dma100" : 738.87,
    "dma200" : 680.59,
    "volume" : 82250.00
  }, {
    "date" : "2025-05-28",
    "price" : 738.30,
    "dma50" : 715.20,
    "dma100" : 737.61,
    "dma200" : 681.17,
    "volume" : 178944.00
  }, {
    "date" : "2025-05-29",
    "price" : 728.45,
    "dma50" : 715.72,
    "dma100" : 736.14,
    "dma200" : 681.64,
    "volume" : 66394.00
  }, {
    "date" : "2025-05-30",
    "price" : 718.45,
    "dma50" : 715.83,
    "dma100" : 733.70,
    "dma200" : 682.00,
    "volume" : 60325.00
  }, {
    "date" : "2025-06-02",
    "price" : 735.80,
    "dma50" : 716.61,
    "dma100" : 731.56,
    "dma200" : 682.54,
    "volume" : 180882.00
  }, {
    "date" : "2025-06-03",
    "price" : 714.25,
    "dma50" : 716.52,
    "dma100" : 730.04,
    "dma200" : 682.85,
    "volume" : 90114.00
  }, {
    "date" : "2025-06-04",
    "price" : 707.40,
    "dma50" : 716.16,
    "dma100" : 728.13,
    "dma200" : 683.10,
    "volume" : 115980.00
  }, {
    "date" : "2025-06-05",
    "price" : 704.35,
    "dma50" : 715.70,
    "dma100" : 726.31,
    "dma200" : 683.31,
    "volume" : 58933.00
  }, {
    "date" : "2025-06-06",
    "price" : 696.95,
    "dma50" : 714.96,
    "dma100" : 723.85,
    "dma200" : 683.45,
    "volume" : 89679.00
  }, {
    "date" : "2025-06-09",
    "price" : 702.30,
    "dma50" : 714.46,
    "dma100" : 722.06,
    "dma200" : 683.63,
    "volume" : 68275.00
  }, {
    "date" : "2025-06-10",
    "price" : 735.90,
    "dma50" : 715.30,
    "dma100" : 720.79,
    "dma200" : 684.15,
    "volume" : 266658.00
  }, {
    "date" : "2025-06-11",
    "price" : 727.50,
    "dma50" : 715.78,
    "dma100" : 718.96,
    "dma200" : 684.58,
    "volume" : 153054.00
  }, {
    "date" : "2025-06-12",
    "price" : 708.55,
    "dma50" : 715.50,
    "dma100" : 716.56,
    "dma200" : 684.82,
    "volume" : 79441.00
  }, {
    "date" : "2025-06-13",
    "price" : 701.45,
    "dma50" : 714.95,
    "dma100" : 713.81,
    "dma200" : 684.99,
    "volume" : 82842.00
  }, {
    "date" : "2025-06-16",
    "price" : 700.00,
    "dma50" : 714.36,
    "dma100" : 710.90,
    "dma200" : 685.14,
    "volume" : 54786.00
  }, {
    "date" : "2025-06-17",
    "price" : 695.35,
    "dma50" : 713.62,
    "dma100" : 708.33,
    "dma200" : 685.24,
    "volume" : 80154.00
  }, {
    "date" : "2025-06-18",
    "price" : 690.55,
    "dma50" : 712.71,
    "dma100" : 706.07,
    "dma200" : 685.29,
    "volume" : 37405.00
  }, {
    "date" : "2025-06-19",
    "price" : 665.25,
    "dma50" : 710.85,
    "dma100" : 703.37,
    "dma200" : 685.09,
    "volume" : 102651.00
  }, {
    "date" : "2025-06-20",
    "price" : 670.70,
    "dma50" : 709.28,
    "dma100" : 700.36,
    "dma200" : 684.95,
    "volume" : 65179.00
  }, {
    "date" : "2025-06-23",
    "price" : 667.15,
    "dma50" : 707.62,
    "dma100" : 697.49,
    "dma200" : 684.77,
    "volume" : 79358.00
  }, {
    "date" : "2025-06-24",
    "price" : 681.50,
    "dma50" : 706.60,
    "dma100" : 695.72,
    "dma200" : 684.74,
    "volume" : 60747.00
  }, {
    "date" : "2025-06-25",
    "price" : 694.05,
    "dma50" : 706.11,
    "dma100" : 694.58,
    "dma200" : 684.83,
    "volume" : 51111.00
  }, {
    "date" : "2025-06-26",
    "price" : 699.65,
    "dma50" : 705.85,
    "dma100" : 693.26,
    "dma200" : 684.98,
    "volume" : 140063.00
  }, {
    "date" : "2025-06-27",
    "price" : 698.35,
    "dma50" : 705.56,
    "dma100" : 692.54,
    "dma200" : 685.11,
    "volume" : 37326.00
  }, {
    "date" : "2025-06-30",
    "price" : 706.50,
    "dma50" : 705.60,
    "dma100" : 691.92,
    "dma200" : 685.33,
    "volume" : 50758.00
  }, {
    "date" : "2025-07-01",
    "price" : 703.35,
    "dma50" : 705.51,
    "dma100" : 691.00,
    "dma200" : 685.50,
    "volume" : 48544.00
  }, {
    "date" : "2025-07-02",
    "price" : 694.10,
    "dma50" : 705.06,
    "dma100" : 690.42,
    "dma200" : 685.59,
    "volume" : 39068.00
  }, {
    "date" : "2025-07-03",
    "price" : 706.25,
    "dma50" : 705.11,
    "dma100" : 690.29,
    "dma200" : 685.80,
    "volume" : 62598.00
  }, {
    "date" : "2025-07-04",
    "price" : 713.75,
    "dma50" : 705.45,
    "dma100" : 690.36,
    "dma200" : 686.07,
    "volume" : 112342.00
  }, {
    "date" : "2025-07-07",
    "price" : 700.10,
    "dma50" : 705.24,
    "dma100" : 690.19,
    "dma200" : 686.21,
    "volume" : 43734.00
  }, {
    "date" : "2025-07-08",
    "price" : 732.80,
    "dma50" : 706.32,
    "dma100" : 690.50,
    "dma200" : 686.68,
    "volume" : 3716283.00
  }, {
    "date" : "2025-07-09",
    "price" : 742.65,
    "dma50" : 707.74,
    "dma100" : 691.00,
    "dma200" : 687.23,
    "volume" : 293262.00
  }, {
    "date" : "2025-07-10",
    "price" : 729.70,
    "dma50" : 708.60,
    "dma100" : 691.20,
    "dma200" : 687.66,
    "volume" : 115549.00
  }, {
    "date" : "2025-07-11",
    "price" : 720.45,
    "dma50" : 709.07,
    "dma100" : 691.56,
    "dma200" : 687.98,
    "volume" : 71862.00
  }, {
    "date" : "2025-07-14",
    "price" : 722.20,
    "dma50" : 709.58,
    "dma100" : 691.91,
    "dma200" : 688.32,
    "volume" : 66630.00
  }, {
    "date" : "2025-07-15",
    "price" : 722.65,
    "dma50" : 710.10,
    "dma100" : 692.59,
    "dma200" : 688.67,
    "volume" : 61708.00
  }, {
    "date" : "2025-07-16",
    "price" : 720.25,
    "dma50" : 710.49,
    "dma100" : 693.23,
    "dma200" : 688.98,
    "volume" : 83280.00
  }, {
    "date" : "2025-07-17",
    "price" : 723.95,
    "dma50" : 711.02,
    "dma100" : 694.24,
    "dma200" : 689.33,
    "volume" : 52764.00
  }, {
    "date" : "2025-07-18",
    "price" : 716.65,
    "dma50" : 711.24,
    "dma100" : 694.91,
    "dma200" : 689.60,
    "volume" : 72988.00
  }, {
    "date" : "2025-07-21",
    "price" : 723.55,
    "dma50" : 711.73,
    "dma100" : 695.61,
    "dma200" : 689.94,
    "volume" : 63848.00
  }, {
    "date" : "2025-07-22",
    "price" : 709.90,
    "dma50" : 711.65,
    "dma100" : 696.20,
    "dma200" : 690.14,
    "volume" : 61695.00
  }, {
    "date" : "2025-07-23",
    "price" : 707.20,
    "dma50" : 711.48,
    "dma100" : 696.71,
    "dma200" : 690.31,
    "volume" : 59167.00
  }, {
    "date" : "2025-07-24",
    "price" : 720.70,
    "dma50" : 711.84,
    "dma100" : 697.50,
    "dma200" : 690.61,
    "volume" : 86458.00
  }, {
    "date" : "2025-07-25",
    "price" : 691.05,
    "dma50" : 711.03,
    "dma100" : 698.26,
    "dma200" : 690.61,
    "volume" : 87290.00
  }, {
    "date" : "2025-07-28",
    "price" : 660.05,
    "dma50" : 709.03,
    "dma100" : 698.87,
    "dma200" : 690.31,
    "volume" : 135673.00
  }, {
    "date" : "2025-07-29",
    "price" : 677.65,
    "dma50" : 707.80,
    "dma100" : 699.58,
    "dma200" : 690.18,
    "volume" : 158619.00
  }, {
    "date" : "2025-07-30",
    "price" : 645.85,
    "dma50" : 705.37,
    "dma100" : 699.89,
    "dma200" : 689.74,
    "volume" : 448137.00
  }, {
    "date" : "2025-07-31",
    "price" : 629.05,
    "dma50" : 702.37,
    "dma100" : 699.83,
    "dma200" : 689.14,
    "volume" : 100296.00
  }, {
    "date" : "2025-08-01",
    "price" : 613.00,
    "dma50" : 698.87,
    "dma100" : 699.30,
    "dma200" : 688.38,
    "volume" : 64015.00
  }, {
    "date" : "2025-08-04",
    "price" : 613.20,
    "dma50" : 695.51,
    "dma100" : 698.43,
    "dma200" : 687.63,
    "volume" : 57232.00
  }, {
    "date" : "2025-08-05",
    "price" : 616.40,
    "dma50" : 692.41,
    "dma100" : 697.93,
    "dma200" : 686.92,
    "volume" : 27150.00
  }, {
    "date" : "2025-08-06",
    "price" : 597.15,
    "dma50" : 688.67,
    "dma100" : 697.41,
    "dma200" : 686.03,
    "volume" : 71437.00
  }, {
    "date" : "2025-08-07",
    "price" : 596.75,
    "dma50" : 685.07,
    "dma100" : 697.10,
    "dma200" : 685.14,
    "volume" : 85054.00
  }, {
    "date" : "2025-08-08",
    "price" : 583.35,
    "dma50" : 681.08,
    "dma100" : 696.79,
    "dma200" : 684.13,
    "volume" : 63328.00
  }, {
    "date" : "2025-08-11",
    "price" : 581.80,
    "dma50" : 677.18,
    "dma100" : 696.56,
    "dma200" : 683.11,
    "volume" : 80210.00
  }, {
    "date" : "2025-08-12",
    "price" : 575.35,
    "dma50" : 673.19,
    "dma100" : 695.96,
    "dma200" : 682.04,
    "volume" : 74883.00
  }, {
    "date" : "2025-08-13",
    "price" : 581.75,
    "dma50" : 669.61,
    "dma100" : 695.10,
    "dma200" : 681.04,
    "volume" : 38487.00
  }, {
    "date" : "2025-08-14",
    "price" : 569.70,
    "dma50" : 665.69,
    "dma100" : 694.05,
    "dma200" : 679.93,
    "volume" : 70209.00
  }, {
    "date" : "2025-08-18",
    "price" : 595.25,
    "dma50" : 662.92,
    "dma100" : 693.28,
    "dma200" : 679.09,
    "volume" : 71328.00
  }, {
    "date" : "2025-08-19",
    "price" : 630.70,
    "dma50" : 661.66,
    "dma100" : 692.86,
    "dma200" : 678.61,
    "volume" : 220593.00
  }, {
    "date" : "2025-08-20",
    "price" : 622.20,
    "dma50" : 660.11,
    "dma100" : 692.59,
    "dma200" : 678.05,
    "volume" : 45352.00
  }, {
    "date" : "2025-08-21",
    "price" : 623.00,
    "dma50" : 658.66,
    "dma100" : 692.40,
    "dma200" : 677.50,
    "volume" : 50227.00
  }, {
    "date" : "2025-08-22",
    "price" : 614.25,
    "dma50" : 656.92,
    "dma100" : 691.87,
    "dma200" : 676.87,
    "volume" : 28376.00
  }, {
    "date" : "2025-08-25",
    "price" : 633.15,
    "dma50" : 655.98,
    "dma100" : 691.63,
    "dma200" : 676.43,
    "volume" : 116358.00
  }, {
    "date" : "2025-08-26",
    "price" : 621.15,
    "dma50" : 654.62,
    "dma100" : 691.13,
    "dma200" : 675.88,
    "volume" : 46728.00
  }, {
    "date" : "2025-08-28",
    "price" : 608.40,
    "dma50" : 652.81,
    "dma100" : 690.16,
    "dma200" : 675.21,
    "volume" : 42805.00
  }, {
    "date" : "2025-08-29",
    "price" : 614.80,
    "dma50" : 651.32,
    "dma100" : 688.90,
    "dma200" : 674.61,
    "volume" : 48368.00
  }, {
    "date" : "2025-09-01",
    "price" : 619.15,
    "dma50" : 650.05,
    "dma100" : 687.66,
    "dma200" : 674.06,
    "volume" : 22209.00
  }, {
    "date" : "2025-09-02",
    "price" : 633.90,
    "dma50" : 649.42,
    "dma100" : 687.05,
    "dma200" : 673.66,
    "volume" : 39743.00
  }, {
    "date" : "2025-09-03",
    "price" : 660.50,
    "dma50" : 649.86,
    "dma100" : 686.78,
    "dma200" : 673.53,
    "volume" : 109054.00
  }, {
    "date" : "2025-09-04",
    "price" : 656.95,
    "dma50" : 650.13,
    "dma100" : 686.69,
    "dma200" : 673.36,
    "volume" : 62245.00
  }, {
    "date" : "2025-09-05",
    "price" : 659.80,
    "dma50" : 650.51,
    "dma100" : 686.35,
    "dma200" : 673.23,
    "volume" : 36193.00
  }, {
    "date" : "2025-09-08",
    "price" : 652.30,
    "dma50" : 650.58,
    "dma100" : 685.50,
    "dma200" : 673.02,
    "volume" : 38817.00
  }, {
    "date" : "2025-09-09",
    "price" : 653.80,
    "dma50" : 650.71,
    "dma100" : 684.67,
    "dma200" : 672.83,
    "volume" : 20198.00
  }, {
    "date" : "2025-09-10",
    "price" : 671.35,
    "dma50" : 651.52,
    "dma100" : 684.06,
    "dma200" : 672.82,
    "volume" : 99003.00
  }, {
    "date" : "2025-09-11",
    "price" : 674.90,
    "dma50" : 652.44,
    "dma100" : 683.45,
    "dma200" : 672.84,
    "volume" : 71244.00
  }, {
    "date" : "2025-09-12",
    "price" : 673.00,
    "dma50" : 653.24,
    "dma100" : 682.85,
    "dma200" : 672.84,
    "volume" : 39552.00
  }, {
    "date" : "2025-09-15",
    "price" : 676.75,
    "dma50" : 654.16,
    "dma100" : 682.11,
    "dma200" : 672.88,
    "volume" : 34508.00
  }, {
    "date" : "2025-09-16",
    "price" : 683.05,
    "dma50" : 655.30,
    "dma100" : 681.59,
    "dma200" : 672.98,
    "volume" : 229786.00
  }, {
    "date" : "2025-09-17",
    "price" : 694.30,
    "dma50" : 656.83,
    "dma100" : 681.46,
    "dma200" : 673.19,
    "volume" : 78006.00
  }, {
    "date" : "2025-09-18",
    "price" : 691.05,
    "dma50" : 658.17,
    "dma100" : 681.32,
    "dma200" : 673.37,
    "volume" : 36472.00
  }, {
    "date" : "2025-09-19",
    "price" : 681.65,
    "dma50" : 659.09,
    "dma100" : 681.29,
    "dma200" : 673.45,
    "volume" : 24787.00
  }, {
    "date" : "2025-09-22",
    "price" : 672.95,
    "dma50" : 659.63,
    "dma100" : 681.34,
    "dma200" : 673.45,
    "volume" : 39237.00
  }, {
    "date" : "2025-09-23",
    "price" : 671.00,
    "dma50" : 660.08,
    "dma100" : 681.34,
    "dma200" : 673.42,
    "volume" : 17838.00
  }, {
    "date" : "2025-09-24",
    "price" : 669.15,
    "dma50" : 660.43,
    "dma100" : 681.24,
    "dma200" : 673.38,
    "volume" : 16720.00
  }, {
    "date" : "2025-09-25",
    "price" : 670.80,
    "dma50" : 660.84,
    "dma100" : 681.46,
    "dma200" : 673.35,
    "volume" : 23340.00
  }, {
    "date" : "2025-09-26",
    "price" : 648.30,
    "dma50" : 660.35,
    "dma100" : 681.15,
    "dma200" : 673.10,
    "volume" : 34324.00
  }, {
    "date" : "2025-09-29",
    "price" : 645.65,
    "dma50" : 659.77,
    "dma100" : 681.03,
    "dma200" : 672.83,
    "volume" : 27002.00
  }, {
    "date" : "2025-09-30",
    "price" : 651.20,
    "dma50" : 659.44,
    "dma100" : 681.03,
    "dma200" : 672.62,
    "volume" : 18272.00
  }, {
    "date" : "2025-10-01",
    "price" : 651.45,
    "dma50" : 659.12,
    "dma100" : 680.53,
    "dma200" : 672.40,
    "volume" : 22325.00
  }, {
    "date" : "2025-10-03",
    "price" : 696.05,
    "dma50" : 660.57,
    "dma100" : 680.40,
    "dma200" : 672.64,
    "volume" : 139984.00
  }, {
    "date" : "2025-10-06",
    "price" : 714.35,
    "dma50" : 662.68,
    "dma100" : 680.20,
    "dma200" : 673.05,
    "volume" : 228520.00
  }, {
    "date" : "2025-10-07",
    "price" : 748.55,
    "dma50" : 666.05,
    "dma100" : 680.42,
    "dma200" : 673.81,
    "volume" : 365989.00
  }, {
    "date" : "2025-10-08",
    "price" : 734.85,
    "dma50" : 668.75,
    "dma100" : 680.52,
    "dma200" : 674.41,
    "volume" : 122847.00
  }, {
    "date" : "2025-10-09",
    "price" : 738.50,
    "dma50" : 671.48,
    "dma100" : 680.08,
    "dma200" : 675.05,
    "volume" : 87942.00
  }, {
    "date" : "2025-10-10",
    "price" : 728.60,
    "dma50" : 673.72,
    "dma100" : 679.85,
    "dma200" : 675.58,
    "volume" : 32328.00
  }, {
    "date" : "2025-10-13",
    "price" : 718.15,
    "dma50" : 675.46,
    "dma100" : 679.40,
    "dma200" : 676.01,
    "volume" : 46987.00
  }, {
    "date" : "2025-10-14",
    "price" : 714.10,
    "dma50" : 676.98,
    "dma100" : 679.01,
    "dma200" : 676.39,
    "volume" : 54086.00
  }, {
    "date" : "2025-10-15",
    "price" : 726.40,
    "dma50" : 678.92,
    "dma100" : 678.69,
    "dma200" : 676.88,
    "volume" : 169093.00
  }, {
    "date" : "2025-10-16",
    "price" : 746.80,
    "dma50" : 681.58,
    "dma100" : 678.60,
    "dma200" : 677.58,
    "volume" : 99227.00
  }, {
    "date" : "2025-10-17",
    "price" : 744.15,
    "dma50" : 684.03,
    "dma100" : 678.67,
    "dma200" : 678.24,
    "volume" : 56890.00
  }, {
    "date" : "2025-10-20",
    "price" : 746.95,
    "dma50" : 686.50,
    "dma100" : 678.76,
    "dma200" : 678.93,
    "volume" : 63481.00
  }, {
    "date" : "2025-10-21",
    "price" : 750.70,
    "dma50" : 689.02,
    "dma100" : 678.98,
    "dma200" : 679.64,
    "volume" : 20564.00
  }, {
    "date" : "2025-10-23",
    "price" : 752.05,
    "dma50" : 691.49,
    "dma100" : 679.32,
    "dma200" : 680.36,
    "volume" : 154863.00
  }, {
    "date" : "2025-10-24",
    "price" : 731.85,
    "dma50" : 693.07,
    "dma100" : 679.28,
    "dma200" : 680.87,
    "volume" : 62031.00
  }, {
    "date" : "2025-10-27",
    "price" : 729.95,
    "dma50" : 694.52,
    "dma100" : 679.44,
    "dma200" : 681.36,
    "volume" : 51610.00
  }, {
    "date" : "2025-10-28",
    "price" : 757.60,
    "dma50" : 696.99,
    "dma100" : 679.94,
    "dma200" : 682.12,
    "volume" : 94961.00
  }, {
    "date" : "2025-10-29",
    "price" : 755.80,
    "dma50" : 699.30,
    "dma100" : 680.45,
    "dma200" : 682.85,
    "volume" : 58759.00
  }, {
    "date" : "2025-10-30",
    "price" : 757.55,
    "dma50" : 701.58,
    "dma100" : 681.06,
    "dma200" : 683.60,
    "volume" : 77172.00
  }, {
    "date" : "2025-10-31",
    "price" : 751.40,
    "dma50" : 703.54,
    "dma100" : 681.55,
    "dma200" : 684.27,
    "volume" : 87727.00
  }, {
    "date" : "2025-11-03",
    "price" : 773.30,
    "dma50" : 706.27,
    "dma100" : 681.92,
    "dma200" : 685.16,
    "volume" : 204422.00
  }, {
    "date" : "2025-11-04",
    "price" : 826.35,
    "dma50" : 710.98,
    "dma100" : 682.91,
    "dma200" : 686.56,
    "volume" : 2080390.00
  }, {
    "date" : "2025-11-06",
    "price" : 790.35,
    "dma50" : 714.09,
    "dma100" : 683.73,
    "dma200" : 687.59,
    "volume" : 617139.00
  }, {
    "date" : "2025-11-07",
    "price" : 781.90,
    "dma50" : 716.75,
    "dma100" : 684.53,
    "dma200" : 688.53,
    "volume" : 223463.00
  }, {
    "date" : "2025-11-10",
    "price" : 781.55,
    "dma50" : 719.29,
    "dma100" : 685.35,
    "dma200" : 689.46,
    "volume" : 340023.00
  }, {
    "date" : "2025-11-11",
    "price" : 764.05,
    "dma50" : 721.05,
    "dma100" : 686.04,
    "dma200" : 690.20,
    "volume" : 166339.00
  }, {
    "date" : "2025-11-12",
    "price" : 799.95,
    "dma50" : 724.14,
    "dma100" : 687.13,
    "dma200" : 691.29,
    "volume" : 215982.00
  }, {
    "date" : "2025-11-13",
    "price" : 780.30,
    "dma50" : 726.35,
    "dma100" : 688.28,
    "dma200" : 692.18,
    "volume" : 127428.00
  }, {
    "date" : "2025-11-14",
    "price" : 790.15,
    "dma50" : 728.85,
    "dma100" : 689.48,
    "dma200" : 693.15,
    "volume" : 115416.00
  }, {
    "date" : "2025-11-17",
    "price" : 792.70,
    "dma50" : 731.35,
    "dma100" : 690.73,
    "dma200" : 694.14,
    "volume" : 233874.00
  }, {
    "date" : "2025-11-18",
    "price" : 773.65,
    "dma50" : 733.01,
    "dma100" : 691.65,
    "dma200" : 694.93,
    "volume" : 98564.00
  }, {
    "date" : "2025-11-19",
    "price" : 760.45,
    "dma50" : 734.09,
    "dma100" : 692.32,
    "dma200" : 695.59,
    "volume" : 76855.00
  }, {
    "date" : "2025-11-20",
    "price" : 783.05,
    "dma50" : 736.01,
    "dma100" : 693.15,
    "dma200" : 696.46,
    "volume" : 166999.00
  }, {
    "date" : "2025-11-21",
    "price" : 761.90,
    "dma50" : 737.02,
    "dma100" : 693.79,
    "dma200" : 697.11,
    "volume" : 63534.00
  }, {
    "date" : "2025-11-24",
    "price" : 743.05,
    "dma50" : 737.26,
    "dma100" : 694.15,
    "dma200" : 697.57,
    "volume" : 58692.00
  }, {
    "date" : "2025-11-25",
    "price" : 737.50,
    "dma50" : 737.27,
    "dma100" : 694.49,
    "dma200" : 697.96,
    "volume" : 52439.00
  }, {
    "date" : "2025-11-26",
    "price" : 738.55,
    "dma50" : 737.32,
    "dma100" : 694.94,
    "dma200" : 698.37,
    "volume" : 55647.00
  }, {
    "date" : "2025-11-27",
    "price" : 707.95,
    "dma50" : 736.17,
    "dma100" : 694.96,
    "dma200" : 698.46,
    "volume" : 125179.00
  }, {
    "date" : "2025-11-28",
    "price" : 719.70,
    "dma50" : 735.52,
    "dma100" : 695.01,
    "dma200" : 698.67,
    "volume" : 206230.00
  }, {
    "date" : "2025-12-01",
    "price" : 704.00,
    "dma50" : 734.28,
    "dma100" : 695.05,
    "dma200" : 698.73,
    "volume" : 60539.00
  }, {
    "date" : "2025-12-02",
    "price" : 701.60,
    "dma50" : 733.00,
    "dma100" : 694.74,
    "dma200" : 698.75,
    "volume" : 39886.00
  }, {
    "date" : "2025-12-03",
    "price" : 692.50,
    "dma50" : 731.41,
    "dma100" : 694.24,
    "dma200" : 698.69,
    "volume" : 41729.00
  }, {
    "date" : "2025-12-04",
    "price" : 685.50,
    "dma50" : 729.61,
    "dma100" : 693.80,
    "dma200" : 698.56,
    "volume" : 38933.00
  }, {
    "date" : "2025-12-05",
    "price" : 666.00,
    "dma50" : 727.12,
    "dma100" : 693.25,
    "dma200" : 698.24,
    "volume" : 96636.00
  }, {
    "date" : "2025-12-08",
    "price" : 657.05,
    "dma50" : 724.37,
    "dma100" : 692.60,
    "dma200" : 697.83,
    "volume" : 49422.00
  }, {
    "date" : "2025-12-09",
    "price" : 671.25,
    "dma50" : 722.29,
    "dma100" : 692.09,
    "dma200" : 697.56,
    "volume" : 77110.00
  }, {
    "date" : "2025-12-10",
    "price" : 647.25,
    "dma50" : 719.35,
    "dma100" : 691.36,
    "dma200" : 697.06,
    "volume" : 92136.00
  }, {
    "date" : "2025-12-11",
    "price" : 647.05,
    "dma50" : 716.51,
    "dma100" : 690.59,
    "dma200" : 696.56,
    "volume" : 70897.00
  }, {
    "date" : "2025-12-12",
    "price" : 650.05,
    "dma50" : 713.90,
    "dma100" : 689.92,
    "dma200" : 696.10,
    "volume" : 51285.00
  } ],
  "latestTechnicalAttributes" : {
    "date" : "2025-12-12",
    "price" : 650.05,
    "dma50" : 713.90,
    "dma100" : 689.92,
    "dma200" : 696.10,
    "volume" : 51285.00
  },
  "quarterlyResults" : [ {
    "date" : "2005-03-31",
    "sales" : 74.19,
    "salesGrowthYoY" : null,
    "grossProfitMargin" : 49.31,
    "grossProfit" : 36.58,
    "operatingProfitMargin" : 12.35,
    "operatingProfit" : 9.16,
    "netProfitMargin" : 5.93,
    "netProfit" : 4.40
  }, {
    "date" : "2005-06-30",
    "sales" : 76.94,
    "salesGrowthYoY" : null,
    "grossProfitMargin" : 46.97,
    "grossProfit" : 36.14,
    "operatingProfitMargin" : 6.00,
    "operatingProfit" : 4.62,
    "netProfitMargin" : 3.05,
    "netProfit" : 2.35
  }, {
    "date" : "2005-09-30",
    "sales" : 89.56,
    "salesGrowthYoY" : null,
    "grossProfitMargin" : 48.87,
    "grossProfit" : 43.77,
    "operatingProfitMargin" : 8.28,
    "operatingProfit" : 7.42,
    "netProfitMargin" : 6.22,
    "netProfit" : 5.57
  }, {
    "date" : "2005-12-31",
    "sales" : 106.72,
    "salesGrowthYoY" : null,
    "grossProfitMargin" : 49.78,
    "grossProfit" : 53.13,
    "operatingProfitMargin" : 9.60,
    "operatingProfit" : 10.25,
    "netProfitMargin" : 4.67,
    "netProfit" : 4.98
  }, {
    "date" : "2006-03-31",
    "sales" : 120.97,
    "salesGrowthYoY" : 63.05,
    "grossProfitMargin" : 43.10,
    "grossProfit" : 52.14,
    "operatingProfitMargin" : 8.66,
    "operatingProfit" : 10.48,
    "netProfitMargin" : 2.72,
    "netProfit" : 3.29
  }, {
    "date" : "2006-06-30",
    "sales" : 87.49,
    "salesGrowthYoY" : 13.71,
    "grossProfitMargin" : 52.99,
    "grossProfit" : 46.36,
    "operatingProfitMargin" : 11.16,
    "operatingProfit" : 9.76,
    "netProfitMargin" : 5.66,
    "netProfit" : 4.95
  }, {
    "date" : "2006-09-30",
    "sales" : 115.92,
    "salesGrowthYoY" : 29.43,
    "grossProfitMargin" : 45.93,
    "grossProfit" : 53.24,
    "operatingProfitMargin" : 6.94,
    "operatingProfit" : 8.04,
    "netProfitMargin" : 5.02,
    "netProfit" : 5.82
  }, {
    "date" : "2006-12-31",
    "sales" : 111.34,
    "salesGrowthYoY" : 4.33,
    "grossProfitMargin" : 50.16,
    "grossProfit" : 55.85,
    "operatingProfitMargin" : 9.29,
    "operatingProfit" : 10.34,
    "netProfitMargin" : 4.66,
    "netProfit" : 5.19
  }, {
    "date" : "2007-03-31",
    "sales" : 131.79,
    "salesGrowthYoY" : 8.94,
    "grossProfitMargin" : 44.95,
    "grossProfit" : 59.24,
    "operatingProfitMargin" : 8.63,
    "operatingProfit" : 11.37,
    "netProfitMargin" : 4.39,
    "netProfit" : 5.79
  }, {
    "date" : "2007-06-30",
    "sales" : 88.85,
    "salesGrowthYoY" : 1.55,
    "grossProfitMargin" : 53.93,
    "grossProfit" : 47.92,
    "operatingProfitMargin" : 6.63,
    "operatingProfit" : 5.89,
    "netProfitMargin" : 1.16,
    "netProfit" : 1.03
  }, {
    "date" : "2007-09-30",
    "sales" : 124.89,
    "salesGrowthYoY" : 7.74,
    "grossProfitMargin" : 56.30,
    "grossProfit" : 70.31,
    "operatingProfitMargin" : 9.78,
    "operatingProfit" : 12.21,
    "netProfitMargin" : 3.71,
    "netProfit" : 4.63
  }, {
    "date" : "2007-12-31",
    "sales" : 128.11,
    "salesGrowthYoY" : 15.06,
    "grossProfitMargin" : 49.20,
    "grossProfit" : 63.03,
    "operatingProfitMargin" : 5.91,
    "operatingProfit" : 7.57,
    "netProfitMargin" : 2.08,
    "netProfit" : 2.66
  }, {
    "date" : "2008-03-31",
    "sales" : 144.90,
    "salesGrowthYoY" : 9.95,
    "grossProfitMargin" : 44.64,
    "grossProfit" : 64.68,
    "operatingProfitMargin" : 4.73,
    "operatingProfit" : 6.85,
    "netProfitMargin" : 0.23,
    "netProfit" : 0.33
  }, {
    "date" : "2008-06-30",
    "sales" : 102.69,
    "salesGrowthYoY" : 15.58,
    "grossProfitMargin" : 55.72,
    "grossProfit" : 57.22,
    "operatingProfitMargin" : 8.29,
    "operatingProfit" : 8.51,
    "netProfitMargin" : 0.45,
    "netProfit" : 0.46
  }, {
    "date" : "2008-09-30",
    "sales" : 131.77,
    "salesGrowthYoY" : 5.51,
    "grossProfitMargin" : 50.49,
    "grossProfit" : 66.53,
    "operatingProfitMargin" : 9.96,
    "operatingProfit" : 13.12,
    "netProfitMargin" : 2.94,
    "netProfit" : 3.87
  }, {
    "date" : "2008-12-31",
    "sales" : 141.77,
    "salesGrowthYoY" : 10.66,
    "grossProfitMargin" : 49.02,
    "grossProfit" : 69.50,
    "operatingProfitMargin" : 8.38,
    "operatingProfit" : 11.88,
    "netProfitMargin" : 1.97,
    "netProfit" : 2.79
  }, {
    "date" : "2009-03-31",
    "sales" : 156.27,
    "salesGrowthYoY" : 7.85,
    "grossProfitMargin" : 45.15,
    "grossProfit" : 70.56,
    "operatingProfitMargin" : 7.97,
    "operatingProfit" : 12.45,
    "netProfitMargin" : 2.85,
    "netProfit" : 4.45
  }, {
    "date" : "2009-06-30",
    "sales" : 134.97,
    "salesGrowthYoY" : 31.43,
    "grossProfitMargin" : 50.31,
    "grossProfit" : 67.90,
    "operatingProfitMargin" : 8.59,
    "operatingProfit" : 11.59,
    "netProfitMargin" : 2.79,
    "netProfit" : 3.77
  }, {
    "date" : "2009-09-30",
    "sales" : 174.32,
    "salesGrowthYoY" : 32.29,
    "grossProfitMargin" : 47.91,
    "grossProfit" : 83.52,
    "operatingProfitMargin" : 10.31,
    "operatingProfit" : 17.97,
    "netProfitMargin" : 4.61,
    "netProfit" : 8.04
  }, {
    "date" : "2009-12-31",
    "sales" : 164.74,
    "salesGrowthYoY" : 16.20,
    "grossProfitMargin" : 49.34,
    "grossProfit" : 81.28,
    "operatingProfitMargin" : 10.48,
    "operatingProfit" : 17.26,
    "netProfitMargin" : 4.03,
    "netProfit" : 6.64
  }, {
    "date" : "2010-03-31",
    "sales" : 188.61,
    "salesGrowthYoY" : 20.69,
    "grossProfitMargin" : 48.59,
    "grossProfit" : 91.65,
    "operatingProfitMargin" : 13.84,
    "operatingProfit" : 26.10,
    "netProfitMargin" : 7.58,
    "netProfit" : 14.30
  }, {
    "date" : "2010-06-30",
    "sales" : 169.74,
    "salesGrowthYoY" : 25.76,
    "grossProfitMargin" : 52.35,
    "grossProfit" : 88.86,
    "operatingProfitMargin" : 11.51,
    "operatingProfit" : 19.54,
    "netProfitMargin" : 5.01,
    "netProfit" : 8.50
  }, {
    "date" : "2010-09-30",
    "sales" : 215.46,
    "salesGrowthYoY" : 23.60,
    "grossProfitMargin" : 50.32,
    "grossProfit" : 108.42,
    "operatingProfitMargin" : 12.72,
    "operatingProfit" : 27.41,
    "netProfitMargin" : 6.74,
    "netProfit" : 14.52
  }, {
    "date" : "2010-12-31",
    "sales" : 228.00,
    "salesGrowthYoY" : 38.40,
    "grossProfitMargin" : 50.19,
    "grossProfit" : 114.43,
    "operatingProfitMargin" : 13.08,
    "operatingProfit" : 29.82,
    "netProfitMargin" : 6.97,
    "netProfit" : 15.89
  }, {
    "date" : "2011-03-31",
    "sales" : 245.48,
    "salesGrowthYoY" : 30.15,
    "grossProfitMargin" : 48.22,
    "grossProfit" : 118.37,
    "operatingProfitMargin" : 13.02,
    "operatingProfit" : 31.96,
    "netProfitMargin" : 7.57,
    "netProfit" : 18.58
  }, {
    "date" : "2011-06-30",
    "sales" : 181.21,
    "salesGrowthYoY" : 6.76,
    "grossProfitMargin" : 53.32,
    "grossProfit" : 96.62,
    "operatingProfitMargin" : 12.05,
    "operatingProfit" : 21.84,
    "netProfitMargin" : 5.26,
    "netProfit" : 9.53
  }, {
    "date" : "2011-09-30",
    "sales" : 244.44,
    "salesGrowthYoY" : 13.45,
    "grossProfitMargin" : 51.26,
    "grossProfit" : 125.30,
    "operatingProfitMargin" : 13.40,
    "operatingProfit" : 32.75,
    "netProfitMargin" : 6.95,
    "netProfit" : 16.99
  }, {
    "date" : "2011-12-31",
    "sales" : 221.96,
    "salesGrowthYoY" : -2.65,
    "grossProfitMargin" : 52.57,
    "grossProfit" : 116.68,
    "operatingProfitMargin" : 13.17,
    "operatingProfit" : 29.23,
    "netProfitMargin" : 5.95,
    "netProfit" : 13.21
  }, {
    "date" : "2012-03-31",
    "sales" : 267.93,
    "salesGrowthYoY" : 9.15,
    "grossProfitMargin" : 41.29,
    "grossProfit" : 110.63,
    "operatingProfitMargin" : 12.21,
    "operatingProfit" : 32.71,
    "netProfitMargin" : 6.36,
    "netProfit" : 17.04
  }, {
    "date" : "2012-06-30",
    "sales" : 205.61,
    "salesGrowthYoY" : 13.47,
    "grossProfitMargin" : 51.68,
    "grossProfit" : 106.26,
    "operatingProfitMargin" : 11.23,
    "operatingProfit" : 23.09,
    "netProfitMargin" : 5.01,
    "netProfit" : 10.30
  }, {
    "date" : "2012-09-30",
    "sales" : 267.28,
    "salesGrowthYoY" : 9.34,
    "grossProfitMargin" : 47.70,
    "grossProfit" : 127.49,
    "operatingProfitMargin" : 9.57,
    "operatingProfit" : 25.58,
    "netProfitMargin" : 6.70,
    "netProfit" : 17.91
  }, {
    "date" : "2012-12-31",
    "sales" : 278.81,
    "salesGrowthYoY" : 25.61,
    "grossProfitMargin" : 48.94,
    "grossProfit" : 136.45,
    "operatingProfitMargin" : 11.19,
    "operatingProfit" : 31.20,
    "netProfitMargin" : 4.95,
    "netProfit" : 13.80
  }, {
    "date" : "2013-03-31",
    "sales" : 289.61,
    "salesGrowthYoY" : 8.09,
    "grossProfitMargin" : 47.95,
    "grossProfit" : 138.87,
    "operatingProfitMargin" : 10.27,
    "operatingProfit" : 29.74,
    "netProfitMargin" : 4.48,
    "netProfit" : 12.97
  }, {
    "date" : "2013-06-30",
    "sales" : 251.08,
    "salesGrowthYoY" : 22.11,
    "grossProfitMargin" : 50.74,
    "grossProfit" : 127.40,
    "operatingProfitMargin" : 10.29,
    "operatingProfit" : 25.84,
    "netProfitMargin" : 4.27,
    "netProfit" : 10.72
  }, {
    "date" : "2013-09-30",
    "sales" : 338.48,
    "salesGrowthYoY" : 26.64,
    "grossProfitMargin" : 49.97,
    "grossProfit" : 169.14,
    "operatingProfitMargin" : 11.74,
    "operatingProfit" : 39.74,
    "netProfitMargin" : 5.47,
    "netProfit" : 18.51
  }, {
    "date" : "2013-12-31",
    "sales" : 308.03,
    "salesGrowthYoY" : 10.48,
    "grossProfitMargin" : 49.31,
    "grossProfit" : 151.89,
    "operatingProfitMargin" : 10.19,
    "operatingProfit" : 31.39,
    "netProfitMargin" : 4.59,
    "netProfit" : 14.14
  }, {
    "date" : "2014-03-31",
    "sales" : 405.84,
    "salesGrowthYoY" : 40.13,
    "grossProfitMargin" : 45.23,
    "grossProfit" : 183.56,
    "operatingProfitMargin" : 10.63,
    "operatingProfit" : 43.14,
    "netProfitMargin" : 4.97,
    "netProfit" : 20.17
  }, {
    "date" : "2014-06-30",
    "sales" : 302.09,
    "salesGrowthYoY" : 20.32,
    "grossProfitMargin" : 51.37,
    "grossProfit" : 155.18,
    "operatingProfitMargin" : 10.64,
    "operatingProfit" : 32.14,
    "netProfitMargin" : 3.83,
    "netProfit" : 11.57
  }, {
    "date" : "2014-09-30",
    "sales" : 397.96,
    "salesGrowthYoY" : 17.57,
    "grossProfitMargin" : 49.18,
    "grossProfit" : 195.72,
    "operatingProfitMargin" : 12.32,
    "operatingProfit" : 49.03,
    "netProfitMargin" : 5.54,
    "netProfit" : 22.05
  }, {
    "date" : "2014-12-31",
    "sales" : 330.30,
    "salesGrowthYoY" : 7.23,
    "grossProfitMargin" : 49.49,
    "grossProfit" : 163.47,
    "operatingProfitMargin" : 10.50,
    "operatingProfit" : 34.68,
    "netProfitMargin" : 3.95,
    "netProfit" : 13.05
  }, {
    "date" : "2015-03-31",
    "sales" : 479.95,
    "salesGrowthYoY" : 18.26,
    "grossProfitMargin" : 42.03,
    "grossProfit" : 201.72,
    "operatingProfitMargin" : 12.16,
    "operatingProfit" : 58.36,
    "netProfitMargin" : 6.70,
    "netProfit" : 32.16
  }, {
    "date" : "2015-06-30",
    "sales" : 297.50,
    "salesGrowthYoY" : -1.52,
    "grossProfitMargin" : 53.85,
    "grossProfit" : 160.20,
    "operatingProfitMargin" : 10.45,
    "operatingProfit" : 31.09,
    "netProfitMargin" : 4.32,
    "netProfit" : 12.85
  }, {
    "date" : "2015-09-30",
    "sales" : 393.92,
    "salesGrowthYoY" : -1.02,
    "grossProfitMargin" : 50.93,
    "grossProfit" : 200.62,
    "operatingProfitMargin" : 12.70,
    "operatingProfit" : 50.03,
    "netProfitMargin" : 6.41,
    "netProfit" : 25.25
  }, {
    "date" : "2015-12-31",
    "sales" : 413.08,
    "salesGrowthYoY" : 25.06,
    "grossProfitMargin" : 47.82,
    "grossProfit" : 197.53,
    "operatingProfitMargin" : 11.44,
    "operatingProfit" : 47.26,
    "netProfitMargin" : 4.98,
    "netProfit" : 20.57
  }, {
    "date" : "2016-03-31",
    "sales" : 504.92,
    "salesGrowthYoY" : 5.20,
    "grossProfitMargin" : 47.12,
    "grossProfit" : 237.92,
    "operatingProfitMargin" : 11.93,
    "operatingProfit" : 60.24,
    "netProfitMargin" : 6.35,
    "netProfit" : 32.06
  }, {
    "date" : "2016-06-30",
    "sales" : 282.65,
    "salesGrowthYoY" : -4.99,
    "grossProfitMargin" : 56.05,
    "grossProfit" : 158.43,
    "operatingProfitMargin" : 10.60,
    "operatingProfit" : 29.96,
    "netProfitMargin" : 2.90,
    "netProfit" : 8.20
  }, {
    "date" : "2016-09-30",
    "sales" : 422.22,
    "salesGrowthYoY" : 7.18,
    "grossProfitMargin" : 50.95,
    "grossProfit" : 215.12,
    "operatingProfitMargin" : 12.52,
    "operatingProfit" : 52.86,
    "netProfitMargin" : 6.11,
    "netProfit" : 25.80
  }, {
    "date" : "2016-12-31",
    "sales" : 340.35,
    "salesGrowthYoY" : -17.61,
    "grossProfitMargin" : 58.61,
    "grossProfit" : 199.48,
    "operatingProfitMargin" : 12.30,
    "operatingProfit" : 41.86,
    "netProfitMargin" : 4.02,
    "netProfit" : 13.68
  }, {
    "date" : "2017-03-31",
    "sales" : 529.27,
    "salesGrowthYoY" : 4.82,
    "grossProfitMargin" : 49.66,
    "grossProfit" : 262.84,
    "operatingProfitMargin" : 13.72,
    "operatingProfit" : 72.62,
    "netProfitMargin" : 8.26,
    "netProfit" : 43.72
  }, {
    "date" : "2017-06-30",
    "sales" : 320.63,
    "salesGrowthYoY" : 13.44,
    "grossProfitMargin" : 59.85,
    "grossProfit" : 191.90,
    "operatingProfitMargin" : 10.31,
    "operatingProfit" : 33.06,
    "netProfitMargin" : 3.23,
    "netProfit" : 10.36
  }, {
    "date" : "2017-09-30",
    "sales" : 422.62,
    "salesGrowthYoY" : 0.09,
    "grossProfitMargin" : 56.87,
    "grossProfit" : 240.34,
    "operatingProfitMargin" : 15.22,
    "operatingProfit" : 64.32,
    "netProfitMargin" : 7.27,
    "netProfit" : 30.72
  }, {
    "date" : "2017-12-31",
    "sales" : 393.60,
    "salesGrowthYoY" : 15.65,
    "grossProfitMargin" : 58.53,
    "grossProfit" : 230.37,
    "operatingProfitMargin" : 12.80,
    "operatingProfit" : 50.38,
    "netProfitMargin" : 5.70,
    "netProfit" : 22.44
  }, {
    "date" : "2018-03-31",
    "sales" : 595.91,
    "salesGrowthYoY" : 12.59,
    "grossProfitMargin" : 49.74,
    "grossProfit" : 296.41,
    "operatingProfitMargin" : 16.44,
    "operatingProfit" : 97.97,
    "netProfitMargin" : 8.72,
    "netProfit" : 51.96
  }, {
    "date" : "2018-06-30",
    "sales" : 322.10,
    "salesGrowthYoY" : 0.46,
    "grossProfitMargin" : 60.35,
    "grossProfit" : 194.39,
    "operatingProfitMargin" : 10.55,
    "operatingProfit" : 33.98,
    "netProfitMargin" : 3.08,
    "netProfit" : 9.92
  }, {
    "date" : "2018-09-30",
    "sales" : 458.66,
    "salesGrowthYoY" : 8.53,
    "grossProfitMargin" : 57.09,
    "grossProfit" : 261.85,
    "operatingProfitMargin" : 14.51,
    "operatingProfit" : 66.55,
    "netProfitMargin" : 5.96,
    "netProfit" : 27.34
  }, {
    "date" : "2018-12-31",
    "sales" : 446.32,
    "salesGrowthYoY" : 13.39,
    "grossProfitMargin" : 55.88,
    "grossProfit" : 249.40,
    "operatingProfitMargin" : 11.82,
    "operatingProfit" : 52.76,
    "netProfitMargin" : 4.50,
    "netProfit" : 20.08
  }, {
    "date" : "2019-03-31",
    "sales" : 587.62,
    "salesGrowthYoY" : -1.39,
    "grossProfitMargin" : 51.57,
    "grossProfit" : 303.04,
    "operatingProfitMargin" : 14.96,
    "operatingProfit" : 87.91,
    "netProfitMargin" : 7.95,
    "netProfit" : 46.72
  }, {
    "date" : "2019-06-30",
    "sales" : 325.95,
    "salesGrowthYoY" : 1.20,
    "grossProfitMargin" : 59.37,
    "grossProfit" : 193.52,
    "operatingProfitMargin" : 11.64,
    "operatingProfit" : 37.94,
    "netProfitMargin" : 3.06,
    "netProfit" : 9.97
  }, {
    "date" : "2019-09-30",
    "sales" : 487.66,
    "salesGrowthYoY" : 6.32,
    "grossProfitMargin" : 52.09,
    "grossProfit" : 254.02,
    "operatingProfitMargin" : 11.32,
    "operatingProfit" : 55.20,
    "netProfitMargin" : 6.18,
    "netProfit" : 30.14
  }, {
    "date" : "2019-12-31",
    "sales" : 417.74,
    "salesGrowthYoY" : -6.40,
    "grossProfitMargin" : 52.81,
    "grossProfit" : 220.61,
    "operatingProfitMargin" : 8.28,
    "operatingProfit" : 34.59,
    "netProfitMargin" : 1.97,
    "netProfit" : 8.23
  }, {
    "date" : "2020-03-31",
    "sales" : 466.67,
    "salesGrowthYoY" : -20.58,
    "grossProfitMargin" : 44.52,
    "grossProfit" : 207.76,
    "operatingProfitMargin" : 8.90,
    "operatingProfit" : 41.53,
    "netProfitMargin" : 5.00,
    "netProfit" : 23.33
  }, {
    "date" : "2020-06-30",
    "sales" : 41.01,
    "salesGrowthYoY" : -87.42,
    "grossProfitMargin" : 40.21,
    "grossProfit" : 16.49,
    "operatingProfitMargin" : -106.53,
    "operatingProfit" : -43.69,
    "netProfitMargin" : -95.85,
    "netProfit" : -39.31
  }, {
    "date" : "2020-09-30",
    "sales" : 173.66,
    "salesGrowthYoY" : -64.39,
    "grossProfitMargin" : 41.36,
    "grossProfit" : 71.83,
    "operatingProfitMargin" : -3.22,
    "operatingProfit" : -5.59,
    "netProfitMargin" : -7.84,
    "netProfit" : -13.61
  }, {
    "date" : "2020-12-31",
    "sales" : 382.35,
    "salesGrowthYoY" : -8.47,
    "grossProfitMargin" : 42.29,
    "grossProfit" : 161.70,
    "operatingProfitMargin" : 13.61,
    "operatingProfit" : 52.04,
    "netProfitMargin" : 7.34,
    "netProfit" : 28.06
  }, {
    "date" : "2021-03-31",
    "sales" : 507.08,
    "salesGrowthYoY" : 8.66,
    "grossProfitMargin" : 46.12,
    "grossProfit" : 233.87,
    "operatingProfitMargin" : 15.81,
    "operatingProfit" : 80.17,
    "netProfitMargin" : 11.49,
    "netProfit" : 58.26
  }, {
    "date" : "2021-06-30",
    "sales" : 232.66,
    "salesGrowthYoY" : 467.33,
    "grossProfitMargin" : 62.62,
    "grossProfit" : 145.69,
    "operatingProfitMargin" : 12.69,
    "operatingProfit" : 29.52,
    "netProfitMargin" : 5.54,
    "netProfit" : 12.89
  }, {
    "date" : "2021-09-30",
    "sales" : 479.91,
    "salesGrowthYoY" : 176.35,
    "grossProfitMargin" : 51.17,
    "grossProfit" : 245.57,
    "operatingProfitMargin" : 17.69,
    "operatingProfit" : 84.90,
    "netProfitMargin" : 11.10,
    "netProfit" : 53.27
  }, {
    "date" : "2021-12-31",
    "sales" : 562.49,
    "salesGrowthYoY" : 47.11,
    "grossProfitMargin" : 54.22,
    "grossProfit" : 304.98,
    "operatingProfitMargin" : 18.16,
    "operatingProfit" : 102.15,
    "netProfitMargin" : 12.28,
    "netProfit" : 69.07
  }, {
    "date" : "2022-03-31",
    "sales" : 628.01,
    "salesGrowthYoY" : 23.85,
    "grossProfitMargin" : 49.54,
    "grossProfit" : 311.12,
    "operatingProfitMargin" : 18.74,
    "operatingProfit" : 117.69,
    "netProfitMargin" : 12.92,
    "netProfit" : 81.14
  }, {
    "date" : "2022-06-30",
    "sales" : 397.96,
    "salesGrowthYoY" : 71.05,
    "grossProfitMargin" : 56.66,
    "grossProfit" : 225.48,
    "operatingProfitMargin" : 13.03,
    "operatingProfit" : 51.85,
    "netProfitMargin" : 7.78,
    "netProfit" : 30.96
  }, {
    "date" : "2022-09-30",
    "sales" : 635.47,
    "salesGrowthYoY" : 32.41,
    "grossProfitMargin" : 51.83,
    "grossProfit" : 329.36,
    "operatingProfitMargin" : 18.84,
    "operatingProfit" : 119.72,
    "netProfitMargin" : 12.67,
    "netProfit" : 80.51
  }, {
    "date" : "2022-12-31",
    "sales" : 501.11,
    "salesGrowthYoY" : -10.91,
    "grossProfitMargin" : 53.78,
    "grossProfit" : 269.50,
    "operatingProfitMargin" : 15.14,
    "operatingProfit" : 75.87,
    "netProfitMargin" : 10.37,
    "netProfit" : 51.97
  }, {
    "date" : "2023-03-31",
    "sales" : 694.78,
    "salesGrowthYoY" : 10.63,
    "grossProfitMargin" : 46.71,
    "grossProfit" : 324.53,
    "operatingProfitMargin" : 17.48,
    "operatingProfit" : 121.45,
    "netProfitMargin" : 12.71,
    "netProfit" : 88.31
  }, {
    "date" : "2023-06-30",
    "sales" : 353.75,
    "salesGrowthYoY" : -11.11,
    "grossProfitMargin" : 54.57,
    "grossProfit" : 193.04,
    "operatingProfitMargin" : 6.37,
    "operatingProfit" : 22.53,
    "netProfitMargin" : 2.83,
    "netProfit" : 10.01
  }, {
    "date" : "2023-09-30",
    "sales" : 585.21,
    "salesGrowthYoY" : -7.91,
    "grossProfitMargin" : 51.14,
    "grossProfit" : 299.28,
    "operatingProfitMargin" : 15.02,
    "operatingProfit" : 87.90,
    "netProfitMargin" : 10.49,
    "netProfit" : 61.39
  }, {
    "date" : "2023-12-31",
    "sales" : 501.85,
    "salesGrowthYoY" : 0.15,
    "grossProfitMargin" : 54.29,
    "grossProfit" : 272.45,
    "operatingProfitMargin" : 13.65,
    "operatingProfit" : 68.50,
    "netProfitMargin" : 8.82,
    "netProfit" : 44.26
  }, {
    "date" : "2024-03-31",
    "sales" : 646.37,
    "salesGrowthYoY" : -6.97,
    "grossProfitMargin" : 50.97,
    "grossProfit" : 329.45,
    "operatingProfitMargin" : 16.39,
    "operatingProfit" : 105.94,
    "netProfitMargin" : 10.67,
    "netProfit" : 68.97
  }, {
    "date" : "2024-06-30",
    "sales" : 306.51,
    "salesGrowthYoY" : -13.35,
    "grossProfitMargin" : 60.77,
    "grossProfit" : 186.27,
    "operatingProfitMargin" : 3.30,
    "operatingProfit" : 10.11,
    "netProfitMargin" : 3.92,
    "netProfit" : 12.02
  }, {
    "date" : "2024-09-30",
    "sales" : 607.56,
    "salesGrowthYoY" : 3.82,
    "grossProfitMargin" : 50.26,
    "grossProfit" : 305.36,
    "operatingProfitMargin" : 14.64,
    "operatingProfit" : 88.95,
    "netProfitMargin" : 11.26,
    "netProfit" : 68.41
  }, {
    "date" : "2024-12-31",
    "sales" : 570.17,
    "salesGrowthYoY" : 13.61,
    "grossProfitMargin" : 52.12,
    "grossProfit" : 297.17,
    "operatingProfitMargin" : 11.69,
    "operatingProfit" : 66.65,
    "netProfitMargin" : 8.04,
    "netProfit" : 45.84
  }, {
    "date" : "2025-03-31",
    "sales" : 736.08,
    "salesGrowthYoY" : 13.88,
    "grossProfitMargin" : 49.46,
    "grossProfit" : 364.07,
    "operatingProfitMargin" : 15.17,
    "operatingProfit" : 111.66,
    "netProfitMargin" : 9.84,
    "netProfit" : 72.43
  }, {
    "date" : "2025-06-30",
    "sales" : 388.50,
    "salesGrowthYoY" : 26.75,
    "grossProfitMargin" : 56.97,
    "grossProfit" : 221.33,
    "operatingProfitMargin" : 5.32,
    "operatingProfit" : 20.67,
    "netProfitMargin" : 1.18,
    "netProfit" : 4.58
  }, {
    "date" : "2025-09-30",
    "sales" : 705.55,
    "salesGrowthYoY" : 16.13,
    "grossProfitMargin" : 53.76,
    "grossProfit" : 379.30,
    "operatingProfitMargin" : 15.24,
    "operatingProfit" : 107.53,
    "netProfitMargin" : 12.33,
    "netProfit" : 86.99
  } ],
  "latestQuarterlyResult" : {
    "date" : "2025-09-30",
    "sales" : 705.55,
    "salesGrowthYoY" : 16.13,
    "grossProfitMargin" : 53.76,
    "grossProfit" : 379.30,
    "operatingProfitMargin" : 15.24,
    "operatingProfit" : 107.53,
    "netProfitMargin" : 12.33,
    "netProfit" : 86.99
  },
  "companyScore" : {
    "priceHigherThanDma50" : 0.00,
    "priceHigherThanDma100" : 0.00,
    "priceHigherThanDma200" : 0.00,
    "dma50HigherThanDma100" : 5.00,
    "dma50HigherThanDma200" : 5.00,
    "dma100HigherThanDma200" : 0.00,
    "pricePercentageAboveDma50" : 5.45,
    "pricePercentageAboveDma100" : 5.29,
    "pricePercentageAboveDma200" : 5.33,
    "weeklyVolumeHigherThanYearlyVolume" : 0.00,
    "salesGrowthPercentile" : 13.67,
    "operatingProfitMarginPercentile" : 19.43,
    "netProfitMarginPercentile" : 9.95,
    "totalTechnicalScore" : 26.07,
    "totalFundamentalScore" : 43.04,
    "totalScore" : 69.11
  }
}