{
  "metadata" : {
    "screenerCompanyId" : "3096",
    "companyCode" : "SKFINDIA",
    "companyName" : "SKF India",
    "screenerCompanyLink" : "https://www.screener.in/company/SKFINDIA/consolidated/",
    "screenerTechnicalHistoryLink" : "https://www.screener.in/api/company/3096/chart/?q=Price-DMA50-DMA200-Volume&days=365",
    "screenerQuarterlyResultsLink" : "https://www.screener.in/api/company/3096/chart/?q=GPM-OPM-NPM-Quarter+Sales&days=10000",
    "attributes" : {
      "companyCode" : "SKFINDIA",
      "companyName" : "SKF India",
      "marketCap" : 9017.00,
      "peRatio" : 16.20,
      "description" : "SKF India Ltd is a leading supplier of products, solutions & services within rolling bearing, seals, mechatronics, and lubrication systems.[1]"
    },
    "companyScore" : {
      "priceHigherThanDma50" : 0.00,
      "priceHigherThanDma100" : 0.00,
      "priceHigherThanDma200" : 0.00,
      "dma50HigherThanDma100" : 0.00,
      "dma50HigherThanDma200" : 0.00,
      "dma100HigherThanDma200" : 5.00,
      "pricePercentageAboveDma50" : 5.22,
      "pricePercentageAboveDma100" : 5.57,
      "pricePercentageAboveDma200" : 5.57,
      "weeklyVolumeHigherThanYearlyVolume" : 0.00,
      "salesGrowthPercentile" : 16.71,
      "operatingProfitMarginPercentile" : 10.03,
      "netProfitMarginPercentile" : 5.01,
      "totalTechnicalScore" : 21.36,
      "totalFundamentalScore" : 31.75,
      "totalScore" : 53.11
    }
  },
  "attributes" : {
    "companyCode" : "SKFINDIA",
    "companyName" : "SKF India",
    "marketCap" : 9017.00,
    "peRatio" : 16.20,
    "description" : "SKF India Ltd is a leading supplier of products, solutions & services within rolling bearing, seals, mechatronics, and lubrication systems.[1]"
  },
  "technicalHistory" : [ {
    "date" : "2025-01-10",
    "price" : 2013.92,
    "dma50" : 2221.12,
    "dma100" : null,
    "dma200" : 2367.26,
    "volume" : 31574.00
  }, {
    "date" : "2025-01-13",
    "price" : 1962.75,
    "dma50" : 2210.99,
    "dma100" : null,
    "dma200" : 2363.23,
    "volume" : 58312.00
  }, {
    "date" : "2025-01-14",
    "price" : 1967.86,
    "dma50" : 2201.45,
    "dma100" : null,
    "dma200" : 2359.30,
    "volume" : 38581.00
  }, {
    "date" : "2025-01-15",
    "price" : 1965.81,
    "dma50" : 2192.21,
    "dma100" : null,
    "dma200" : 2355.38,
    "volume" : 87932.00
  }, {
    "date" : "2025-01-16",
    "price" : 1981.15,
    "dma50" : 2183.93,
    "dma100" : null,
    "dma200" : 2351.66,
    "volume" : 247189.00
  }, {
    "date" : "2025-01-17",
    "price" : 1984.51,
    "dma50" : 2176.11,
    "dma100" : null,
    "dma200" : 2348.01,
    "volume" : 32719.00
  }, {
    "date" : "2025-01-20",
    "price" : 1977.96,
    "dma50" : 2168.34,
    "dma100" : null,
    "dma200" : 2344.32,
    "volume" : 52592.00
  }, {
    "date" : "2025-01-21",
    "price" : 1956.53,
    "dma50" : 2160.04,
    "dma100" : null,
    "dma200" : 2340.46,
    "volume" : 28495.00
  }, {
    "date" : "2025-01-22",
    "price" : 1945.57,
    "dma50" : 2151.63,
    "dma100" : null,
    "dma200" : 2336.54,
    "volume" : 46855.00
  }, {
    "date" : "2025-01-23",
    "price" : 1950.49,
    "dma50" : 2143.74,
    "dma100" : null,
    "dma200" : 2332.69,
    "volume" : 89196.00
  }, {
    "date" : "2025-01-24",
    "price" : 1931.99,
    "dma50" : 2135.43,
    "dma100" : null,
    "dma200" : 2328.71,
    "volume" : 50532.00
  }, {
    "date" : "2025-01-27",
    "price" : 1855.90,
    "dma50" : 2124.47,
    "dma100" : null,
    "dma200" : 2324.00,
    "volume" : 82456.00
  }, {
    "date" : "2025-01-28",
    "price" : 1836.43,
    "dma50" : 2113.18,
    "dma100" : null,
    "dma200" : 2319.15,
    "volume" : 133550.00
  }, {
    "date" : "2025-01-29",
    "price" : 1874.72,
    "dma50" : 2103.83,
    "dma100" : null,
    "dma200" : 2314.73,
    "volume" : 178849.00
  }, {
    "date" : "2025-01-30",
    "price" : 1862.71,
    "dma50" : 2094.37,
    "dma100" : null,
    "dma200" : 2310.23,
    "volume" : 189595.00
  }, {
    "date" : "2025-01-31",
    "price" : 1886.10,
    "dma50" : 2086.20,
    "dma100" : null,
    "dma200" : 2306.01,
    "volume" : 132152.00
  }, {
    "date" : "2025-02-01",
    "price" : 1855.73,
    "dma50" : 2077.16,
    "dma100" : null,
    "dma200" : 2301.53,
    "volume" : 32686.00
  }, {
    "date" : "2025-02-03",
    "price" : 1843.30,
    "dma50" : 2067.99,
    "dma100" : null,
    "dma200" : 2296.97,
    "volume" : 60377.00
  }, {
    "date" : "2025-02-04",
    "price" : 1860.33,
    "dma50" : 2059.85,
    "dma100" : null,
    "dma200" : 2292.63,
    "volume" : 49488.00
  }, {
    "date" : "2025-02-05",
    "price" : 1862.73,
    "dma50" : 2052.12,
    "dma100" : null,
    "dma200" : 2288.35,
    "volume" : 60010.00
  }, {
    "date" : "2025-02-06",
    "price" : 1879.94,
    "dma50" : 2045.37,
    "dma100" : null,
    "dma200" : 2284.29,
    "volume" : 66547.00
  }, {
    "date" : "2025-02-07",
    "price" : 1870.78,
    "dma50" : 2038.52,
    "dma100" : null,
    "dma200" : 2280.17,
    "volume" : 36889.00
  }, {
    "date" : "2025-02-10",
    "price" : 1841.51,
    "dma50" : 2030.79,
    "dma100" : null,
    "dma200" : 2275.81,
    "volume" : 49798.00
  }, {
    "date" : "2025-02-11",
    "price" : 1810.14,
    "dma50" : 2022.14,
    "dma100" : null,
    "dma200" : 2271.17,
    "volume" : 64633.00
  }, {
    "date" : "2025-02-12",
    "price" : 1771.45,
    "dma50" : 2012.31,
    "dma100" : null,
    "dma200" : 2266.20,
    "volume" : 101358.00
  }, {
    "date" : "2025-02-13",
    "price" : 1714.65,
    "dma50" : 2000.64,
    "dma100" : null,
    "dma200" : 2260.71,
    "volume" : 201271.00
  }, {
    "date" : "2025-02-14",
    "price" : 1720.06,
    "dma50" : 1989.63,
    "dma100" : null,
    "dma200" : 2255.33,
    "volume" : 172249.00
  }, {
    "date" : "2025-02-17",
    "price" : 1743.96,
    "dma50" : 1980.00,
    "dma100" : null,
    "dma200" : 2250.24,
    "volume" : 398370.00
  }, {
    "date" : "2025-02-18",
    "price" : 1732.81,
    "dma50" : 1970.31,
    "dma100" : null,
    "dma200" : 2245.10,
    "volume" : 60756.00
  }, {
    "date" : "2025-02-19",
    "price" : 1761.08,
    "dma50" : 1962.10,
    "dma100" : null,
    "dma200" : 2240.28,
    "volume" : 54104.00
  }, {
    "date" : "2025-02-20",
    "price" : 1768.61,
    "dma50" : 1954.51,
    "dma100" : null,
    "dma200" : 2235.59,
    "volume" : 65261.00
  }, {
    "date" : "2025-02-21",
    "price" : 1780.46,
    "dma50" : 1947.69,
    "dma100" : null,
    "dma200" : 2231.06,
    "volume" : 54895.00
  }, {
    "date" : "2025-02-24",
    "price" : 1768.42,
    "dma50" : 1940.66,
    "dma100" : null,
    "dma200" : 2226.45,
    "volume" : 109092.00
  }, {
    "date" : "2025-02-25",
    "price" : 1768.28,
    "dma50" : 1933.90,
    "dma100" : null,
    "dma200" : 2221.90,
    "volume" : 73517.00
  }, {
    "date" : "2025-02-27",
    "price" : 1701.24,
    "dma50" : 1924.77,
    "dma100" : null,
    "dma200" : 2216.71,
    "volume" : 54699.00
  }, {
    "date" : "2025-02-28",
    "price" : 1721.20,
    "dma50" : 1916.79,
    "dma100" : null,
    "dma200" : 2211.78,
    "volume" : 254111.00
  }, {
    "date" : "2025-03-03",
    "price" : 1714.60,
    "dma50" : 1908.86,
    "dma100" : null,
    "dma200" : 2206.84,
    "volume" : 92908.00
  }, {
    "date" : "2025-03-04",
    "price" : 1748.67,
    "dma50" : 1902.58,
    "dma100" : null,
    "dma200" : 2202.28,
    "volume" : 62744.00
  }, {
    "date" : "2025-03-05",
    "price" : 1766.93,
    "dma50" : 1897.26,
    "dma100" : null,
    "dma200" : 2197.95,
    "volume" : 50528.00
  }, {
    "date" : "2025-03-06",
    "price" : 1765.30,
    "dma50" : 1892.09,
    "dma100" : null,
    "dma200" : 2193.64,
    "volume" : 74688.00
  }, {
    "date" : "2025-03-07",
    "price" : 1761.12,
    "dma50" : 1886.95,
    "dma100" : null,
    "dma200" : 2189.34,
    "volume" : 51379.00
  }, {
    "date" : "2025-03-10",
    "price" : 1743.17,
    "dma50" : 1881.31,
    "dma100" : null,
    "dma200" : 2184.90,
    "volume" : 64103.00
  }, {
    "date" : "2025-03-11",
    "price" : 1746.41,
    "dma50" : 1876.02,
    "dma100" : null,
    "dma200" : 2180.54,
    "volume" : 33686.00
  }, {
    "date" : "2025-03-12",
    "price" : 1728.31,
    "dma50" : 1870.23,
    "dma100" : null,
    "dma200" : 2176.04,
    "volume" : 63155.00
  }, {
    "date" : "2025-03-13",
    "price" : 1697.18,
    "dma50" : 1863.44,
    "dma100" : null,
    "dma200" : 2171.27,
    "volume" : 73573.00
  }, {
    "date" : "2025-03-17",
    "price" : 1706.83,
    "dma50" : 1857.30,
    "dma100" : null,
    "dma200" : 2166.65,
    "volume" : 68066.00
  }, {
    "date" : "2025-03-18",
    "price" : 1710.47,
    "dma50" : 1851.54,
    "dma100" : null,
    "dma200" : 2162.11,
    "volume" : 86058.00
  }, {
    "date" : "2025-03-19",
    "price" : 1741.49,
    "dma50" : 1847.23,
    "dma100" : null,
    "dma200" : 2157.92,
    "volume" : 77967.00
  }, {
    "date" : "2025-03-20",
    "price" : 1758.04,
    "dma50" : 1843.73,
    "dma100" : null,
    "dma200" : 2153.95,
    "volume" : 145947.00
  }, {
    "date" : "2025-03-21",
    "price" : 1776.58,
    "dma50" : 1841.10,
    "dma100" : null,
    "dma200" : 2150.19,
    "volume" : 285305.00
  }, {
    "date" : "2025-03-24",
    "price" : 1786.24,
    "dma50" : 1838.94,
    "dma100" : null,
    "dma200" : 2146.57,
    "volume" : 209429.00
  }, {
    "date" : "2025-03-25",
    "price" : 1788.41,
    "dma50" : 1836.96,
    "dma100" : null,
    "dma200" : 2143.01,
    "volume" : 352091.00
  }, {
    "date" : "2025-03-26",
    "price" : 1782.55,
    "dma50" : 1834.83,
    "dma100" : null,
    "dma200" : 2139.42,
    "volume" : 180885.00
  }, {
    "date" : "2025-03-27",
    "price" : 1766.14,
    "dma50" : 1832.14,
    "dma100" : null,
    "dma200" : 2135.71,
    "volume" : 369267.00
  }, {
    "date" : "2025-03-28",
    "price" : 1795.94,
    "dma50" : 1830.72,
    "dma100" : null,
    "dma200" : 2132.32,
    "volume" : 171588.00
  }, {
    "date" : "2025-04-01",
    "price" : 1770.94,
    "dma50" : 1828.37,
    "dma100" : null,
    "dma200" : 2128.73,
    "volume" : 138437.00
  }, {
    "date" : "2025-04-02",
    "price" : 1781.60,
    "dma50" : 1826.54,
    "dma100" : null,
    "dma200" : 2125.27,
    "volume" : 197459.00
  }, {
    "date" : "2025-04-03",
    "price" : 1795.43,
    "dma50" : 1825.32,
    "dma100" : null,
    "dma200" : 2121.99,
    "volume" : 192262.00
  }, {
    "date" : "2025-04-04",
    "price" : 1757.65,
    "dma50" : 1822.66,
    "dma100" : null,
    "dma200" : 2118.37,
    "volume" : 207189.00
  }, {
    "date" : "2025-04-07",
    "price" : 1739.97,
    "dma50" : 1819.42,
    "dma100" : null,
    "dma200" : 2114.60,
    "volume" : 115839.00
  }, {
    "date" : "2025-04-08",
    "price" : 1794.05,
    "dma50" : 1818.43,
    "dma100" : null,
    "dma200" : 2111.41,
    "volume" : 84189.00
  }, {
    "date" : "2025-04-09",
    "price" : 1780.11,
    "dma50" : 1816.92,
    "dma100" : null,
    "dma200" : 2108.12,
    "volume" : 53091.00
  }, {
    "date" : "2025-04-11",
    "price" : 1801.26,
    "dma50" : 1816.31,
    "dma100" : null,
    "dma200" : 2105.06,
    "volume" : 71892.00
  }, {
    "date" : "2025-04-15",
    "price" : 1805.11,
    "dma50" : 1815.87,
    "dma100" : null,
    "dma200" : 2102.08,
    "volume" : 61258.00
  }, {
    "date" : "2025-04-16",
    "price" : 1818.17,
    "dma50" : 1815.96,
    "dma100" : null,
    "dma200" : 2099.25,
    "volume" : 49716.00
  }, {
    "date" : "2025-04-17",
    "price" : 1821.43,
    "dma50" : 1816.17,
    "dma100" : null,
    "dma200" : 2096.49,
    "volume" : 39164.00
  }, {
    "date" : "2025-04-21",
    "price" : 1818.77,
    "dma50" : 1816.28,
    "dma100" : null,
    "dma200" : 2093.73,
    "volume" : 129616.00
  }, {
    "date" : "2025-04-22",
    "price" : 1818.77,
    "dma50" : 1816.37,
    "dma100" : null,
    "dma200" : 2090.99,
    "volume" : 209841.00
  }, {
    "date" : "2025-04-23",
    "price" : 1830.29,
    "dma50" : 1816.92,
    "dma100" : null,
    "dma200" : 2088.40,
    "volume" : 135885.00
  }, {
    "date" : "2025-04-24",
    "price" : 1831.04,
    "dma50" : 1817.47,
    "dma100" : null,
    "dma200" : 2085.83,
    "volume" : 59965.00
  }, {
    "date" : "2025-04-25",
    "price" : 1808.14,
    "dma50" : 1817.11,
    "dma100" : null,
    "dma200" : 2083.07,
    "volume" : 372009.00
  }, {
    "date" : "2025-04-28",
    "price" : 1809.63,
    "dma50" : 1816.81,
    "dma100" : null,
    "dma200" : 2080.35,
    "volume" : 44411.00
  }, {
    "date" : "2025-04-29",
    "price" : 1818.40,
    "dma50" : 1816.88,
    "dma100" : null,
    "dma200" : 2077.74,
    "volume" : 158852.00
  }, {
    "date" : "2025-04-30",
    "price" : 1812.33,
    "dma50" : 1816.70,
    "dma100" : null,
    "dma200" : 2075.10,
    "volume" : 110811.00
  }, {
    "date" : "2025-05-02",
    "price" : 1827.40,
    "dma50" : 1817.12,
    "dma100" : null,
    "dma200" : 2072.64,
    "volume" : 84094.00
  }, {
    "date" : "2025-05-05",
    "price" : 1826.19,
    "dma50" : 1817.47,
    "dma100" : null,
    "dma200" : 2070.19,
    "volume" : 44355.00
  }, {
    "date" : "2025-05-06",
    "price" : 1820.08,
    "dma50" : 1817.58,
    "dma100" : null,
    "dma200" : 2067.70,
    "volume" : 79353.00
  }, {
    "date" : "2025-05-07",
    "price" : 1833.79,
    "dma50" : 1818.21,
    "dma100" : null,
    "dma200" : 2065.37,
    "volume" : 52266.00
  }, {
    "date" : "2025-05-08",
    "price" : 1853.99,
    "dma50" : 1819.61,
    "dma100" : null,
    "dma200" : 2063.27,
    "volume" : 119786.00
  }, {
    "date" : "2025-05-09",
    "price" : 1831.60,
    "dma50" : 1820.08,
    "dma100" : null,
    "dma200" : 2060.96,
    "volume" : 38956.00
  }, {
    "date" : "2025-05-12",
    "price" : 1923.99,
    "dma50" : 1824.16,
    "dma100" : null,
    "dma200" : 2059.60,
    "volume" : 169568.00
  }, {
    "date" : "2025-05-13",
    "price" : 1962.24,
    "dma50" : 1829.57,
    "dma100" : null,
    "dma200" : 2058.63,
    "volume" : 128034.00
  }, {
    "date" : "2025-05-14",
    "price" : 1984.63,
    "dma50" : 1835.66,
    "dma100" : null,
    "dma200" : 2057.89,
    "volume" : 86285.00
  }, {
    "date" : "2025-05-15",
    "price" : 2016.95,
    "dma50" : 1842.76,
    "dma100" : null,
    "dma200" : 2057.49,
    "volume" : 109522.00
  }, {
    "date" : "2025-05-16",
    "price" : 2133.74,
    "dma50" : 1854.18,
    "dma100" : null,
    "dma200" : 2058.25,
    "volume" : 924017.00
  }, {
    "date" : "2025-05-19",
    "price" : 2156.83,
    "dma50" : 1866.04,
    "dma100" : null,
    "dma200" : 2059.23,
    "volume" : 251851.00
  }, {
    "date" : "2025-05-20",
    "price" : 2157.76,
    "dma50" : 1877.48,
    "dma100" : null,
    "dma200" : 2060.21,
    "volume" : 209256.00
  }, {
    "date" : "2025-05-21",
    "price" : 2147.26,
    "dma50" : 1888.06,
    "dma100" : null,
    "dma200" : 2061.07,
    "volume" : 166226.00
  }, {
    "date" : "2025-05-22",
    "price" : 2142.09,
    "dma50" : 1898.03,
    "dma100" : null,
    "dma200" : 2061.88,
    "volume" : 127878.00
  }, {
    "date" : "2025-05-23",
    "price" : 2167.18,
    "dma50" : 1908.58,
    "dma100" : null,
    "dma200" : 2062.93,
    "volume" : 151141.00
  }, {
    "date" : "2025-05-26",
    "price" : 2119.84,
    "dma50" : 1916.87,
    "dma100" : null,
    "dma200" : 2063.49,
    "volume" : 135810.00
  }, {
    "date" : "2025-05-27",
    "price" : 2139.52,
    "dma50" : 1925.60,
    "dma100" : null,
    "dma200" : 2064.25,
    "volume" : 56684.00
  }, {
    "date" : "2025-05-28",
    "price" : 2119.09,
    "dma50" : 1933.18,
    "dma100" : null,
    "dma200" : 2064.80,
    "volume" : 49841.00
  }, {
    "date" : "2025-05-29",
    "price" : 2137.98,
    "dma50" : 1941.22,
    "dma100" : null,
    "dma200" : 2065.52,
    "volume" : 68955.00
  }, {
    "date" : "2025-05-30",
    "price" : 2190.27,
    "dma50" : 1950.98,
    "dma100" : null,
    "dma200" : 2066.76,
    "volume" : 281670.00
  }, {
    "date" : "2025-06-02",
    "price" : 2185.14,
    "dma50" : 1960.17,
    "dma100" : null,
    "dma200" : 2067.94,
    "volume" : 123714.00
  }, {
    "date" : "2025-06-03",
    "price" : 2162.98,
    "dma50" : 1968.12,
    "dma100" : null,
    "dma200" : 2068.89,
    "volume" : 58779.00
  }, {
    "date" : "2025-06-04",
    "price" : 2227.02,
    "dma50" : 1978.27,
    "dma100" : null,
    "dma200" : 2070.46,
    "volume" : 710012.00
  }, {
    "date" : "2025-06-05",
    "price" : 2216.25,
    "dma50" : 1987.60,
    "dma100" : null,
    "dma200" : 2071.91,
    "volume" : 82403.00
  }, {
    "date" : "2025-06-06",
    "price" : 2196.24,
    "dma50" : 1995.79,
    "dma100" : null,
    "dma200" : 2073.15,
    "volume" : 67793.00
  }, {
    "date" : "2025-06-09",
    "price" : 2193.25,
    "dma50" : 2003.53,
    "dma100" : 1878.88,
    "dma200" : 2074.34,
    "volume" : 50875.00
  }, {
    "date" : "2025-06-10",
    "price" : 2211.77,
    "dma50" : 2011.70,
    "dma100" : 1881.37,
    "dma200" : 2075.71,
    "volume" : 73798.00
  }, {
    "date" : "2025-06-11",
    "price" : 2208.08,
    "dma50" : 2019.40,
    "dma100" : 1883.77,
    "dma200" : 2077.03,
    "volume" : 63111.00
  }, {
    "date" : "2025-06-12",
    "price" : 2181.22,
    "dma50" : 2025.74,
    "dma100" : 1885.93,
    "dma200" : 2078.07,
    "volume" : 93378.00
  }, {
    "date" : "2025-06-13",
    "price" : 2167.37,
    "dma50" : 2031.30,
    "dma100" : 1887.79,
    "dma200" : 2078.95,
    "volume" : 65070.00
  }, {
    "date" : "2025-06-16",
    "price" : 2151.88,
    "dma50" : 2036.03,
    "dma100" : 1889.46,
    "dma200" : 2079.68,
    "volume" : 29520.00
  }, {
    "date" : "2025-06-17",
    "price" : 2139.34,
    "dma50" : 2040.08,
    "dma100" : 1891.08,
    "dma200" : 2080.27,
    "volume" : 116544.00
  }, {
    "date" : "2025-06-18",
    "price" : 2156.87,
    "dma50" : 2044.66,
    "dma100" : 1893.08,
    "dma200" : 2081.04,
    "volume" : 167385.00
  }, {
    "date" : "2025-06-19",
    "price" : 2132.99,
    "dma50" : 2048.12,
    "dma100" : 1894.95,
    "dma200" : 2081.55,
    "volume" : 172593.00
  }, {
    "date" : "2025-06-20",
    "price" : 2150.67,
    "dma50" : 2052.14,
    "dma100" : 1896.95,
    "dma200" : 2082.24,
    "volume" : 137729.00
  }, {
    "date" : "2025-06-23",
    "price" : 2146.89,
    "dma50" : 2055.86,
    "dma100" : 1899.10,
    "dma200" : 2082.88,
    "volume" : 42247.00
  }, {
    "date" : "2025-06-24",
    "price" : 2196.38,
    "dma50" : 2061.37,
    "dma100" : 1902.51,
    "dma200" : 2084.01,
    "volume" : 68646.00
  }, {
    "date" : "2025-06-25",
    "price" : 2188.54,
    "dma50" : 2066.36,
    "dma100" : 1906.03,
    "dma200" : 2085.05,
    "volume" : 77060.00
  }, {
    "date" : "2025-06-26",
    "price" : 2200.34,
    "dma50" : 2071.61,
    "dma100" : 1909.29,
    "dma200" : 2086.20,
    "volume" : 33030.00
  }, {
    "date" : "2025-06-27",
    "price" : 2156.59,
    "dma50" : 2074.94,
    "dma100" : 1912.22,
    "dma200" : 2086.90,
    "volume" : 323104.00
  }, {
    "date" : "2025-06-30",
    "price" : 2246.14,
    "dma50" : 2081.66,
    "dma100" : 1915.83,
    "dma200" : 2088.48,
    "volume" : 810879.00
  }, {
    "date" : "2025-07-01",
    "price" : 2276.93,
    "dma50" : 2089.31,
    "dma100" : 1920.04,
    "dma200" : 2090.36,
    "volume" : 173959.00
  }, {
    "date" : "2025-07-02",
    "price" : 2317.88,
    "dma50" : 2098.28,
    "dma100" : 1924.78,
    "dma200" : 2092.62,
    "volume" : 416090.00
  }, {
    "date" : "2025-07-03",
    "price" : 2340.08,
    "dma50" : 2107.76,
    "dma100" : 1929.58,
    "dma200" : 2095.09,
    "volume" : 163644.00
  }, {
    "date" : "2025-07-04",
    "price" : 2311.44,
    "dma50" : 2115.75,
    "dma100" : 1934.07,
    "dma200" : 2097.24,
    "volume" : 133508.00
  }, {
    "date" : "2025-07-07",
    "price" : 2305.33,
    "dma50" : 2123.18,
    "dma100" : 1938.32,
    "dma200" : 2099.31,
    "volume" : 68705.00
  }, {
    "date" : "2025-07-08",
    "price" : 2312.51,
    "dma50" : 2130.61,
    "dma100" : 1942.74,
    "dma200" : 2101.43,
    "volume" : 55463.00
  }, {
    "date" : "2025-07-09",
    "price" : 2301.60,
    "dma50" : 2137.31,
    "dma100" : 1947.34,
    "dma200" : 2103.42,
    "volume" : 52083.00
  }, {
    "date" : "2025-07-10",
    "price" : 2297.64,
    "dma50" : 2143.60,
    "dma100" : 1952.21,
    "dma200" : 2105.36,
    "volume" : 39058.00
  }, {
    "date" : "2025-07-11",
    "price" : 2266.01,
    "dma50" : 2148.40,
    "dma100" : 1957.16,
    "dma200" : 2106.95,
    "volume" : 84366.00
  }, {
    "date" : "2025-07-14",
    "price" : 2258.18,
    "dma50" : 2152.71,
    "dma100" : 1962.60,
    "dma200" : 2108.46,
    "volume" : 86618.00
  }, {
    "date" : "2025-07-15",
    "price" : 2272.68,
    "dma50" : 2157.41,
    "dma100" : 1968.12,
    "dma200" : 2110.09,
    "volume" : 43090.00
  }, {
    "date" : "2025-07-16",
    "price" : 2248.01,
    "dma50" : 2160.96,
    "dma100" : 1973.16,
    "dma200" : 2111.46,
    "volume" : 67546.00
  }, {
    "date" : "2025-07-17",
    "price" : 2308.50,
    "dma50" : 2166.75,
    "dma100" : 1978.92,
    "dma200" : 2113.43,
    "volume" : 77765.00
  }, {
    "date" : "2025-07-18",
    "price" : 2315.73,
    "dma50" : 2172.59,
    "dma100" : 1984.47,
    "dma200" : 2115.44,
    "volume" : 84924.00
  }, {
    "date" : "2025-07-21",
    "price" : 2316.25,
    "dma50" : 2178.23,
    "dma100" : 1989.94,
    "dma200" : 2117.44,
    "volume" : 45847.00
  }, {
    "date" : "2025-07-22",
    "price" : 2312.47,
    "dma50" : 2183.49,
    "dma100" : 1995.26,
    "dma200" : 2119.38,
    "volume" : 27352.00
  }, {
    "date" : "2025-07-23",
    "price" : 2331.68,
    "dma50" : 2189.30,
    "dma100" : 2000.89,
    "dma200" : 2121.49,
    "volume" : 63520.00
  }, {
    "date" : "2025-07-24",
    "price" : 2329.87,
    "dma50" : 2194.81,
    "dma100" : 2006.51,
    "dma200" : 2123.56,
    "volume" : 60027.00
  }, {
    "date" : "2025-07-25",
    "price" : 2292.79,
    "dma50" : 2198.66,
    "dma100" : 2012.43,
    "dma200" : 2125.25,
    "volume" : 71073.00
  }, {
    "date" : "2025-07-28",
    "price" : 2250.25,
    "dma50" : 2200.68,
    "dma100" : 2017.72,
    "dma200" : 2126.49,
    "volume" : 78962.00
  }, {
    "date" : "2025-07-29",
    "price" : 2258.55,
    "dma50" : 2202.95,
    "dma100" : 2023.16,
    "dma200" : 2127.80,
    "volume" : 48962.00
  }, {
    "date" : "2025-07-30",
    "price" : 2288.17,
    "dma50" : 2206.29,
    "dma100" : 2028.55,
    "dma200" : 2129.40,
    "volume" : 44196.00
  }, {
    "date" : "2025-07-31",
    "price" : 2285.70,
    "dma50" : 2209.40,
    "dma100" : 2033.74,
    "dma200" : 2130.96,
    "volume" : 40523.00
  }, {
    "date" : "2025-08-01",
    "price" : 2256.03,
    "dma50" : 2211.23,
    "dma100" : 2038.65,
    "dma200" : 2132.20,
    "volume" : 45247.00
  }, {
    "date" : "2025-08-04",
    "price" : 2231.13,
    "dma50" : 2212.01,
    "dma100" : 2043.35,
    "dma200" : 2133.18,
    "volume" : 72059.00
  }, {
    "date" : "2025-08-05",
    "price" : 2235.00,
    "dma50" : 2212.91,
    "dma100" : 2048.26,
    "dma200" : 2134.20,
    "volume" : 19752.00
  }, {
    "date" : "2025-08-06",
    "price" : 2236.07,
    "dma50" : 2213.82,
    "dma100" : 2053.16,
    "dma200" : 2135.21,
    "volume" : 30442.00
  }, {
    "date" : "2025-08-07",
    "price" : 2129.87,
    "dma50" : 2210.53,
    "dma100" : 2057.18,
    "dma200" : 2135.16,
    "volume" : 157737.00
  }, {
    "date" : "2025-08-08",
    "price" : 2095.54,
    "dma50" : 2206.02,
    "dma100" : 2061.16,
    "dma200" : 2134.76,
    "volume" : 106111.00
  }, {
    "date" : "2025-08-11",
    "price" : 2079.45,
    "dma50" : 2201.06,
    "dma100" : 2064.89,
    "dma200" : 2134.21,
    "volume" : 72043.00
  }, {
    "date" : "2025-08-12",
    "price" : 2090.74,
    "dma50" : 2196.73,
    "dma100" : 2068.69,
    "dma200" : 2133.78,
    "volume" : 62474.00
  }, {
    "date" : "2025-08-13",
    "price" : 2100.30,
    "dma50" : 2192.95,
    "dma100" : 2072.28,
    "dma200" : 2133.45,
    "volume" : 34998.00
  }, {
    "date" : "2025-08-14",
    "price" : 2068.53,
    "dma50" : 2188.07,
    "dma100" : 2075.38,
    "dma200" : 2132.80,
    "volume" : 129063.00
  }, {
    "date" : "2025-08-18",
    "price" : 2099.13,
    "dma50" : 2184.58,
    "dma100" : 2078.61,
    "dma200" : 2132.47,
    "volume" : 50950.00
  }, {
    "date" : "2025-08-19",
    "price" : 2122.36,
    "dma50" : 2182.14,
    "dma100" : 2081.97,
    "dma200" : 2132.37,
    "volume" : 24968.00
  }, {
    "date" : "2025-08-20",
    "price" : 2108.23,
    "dma50" : 2179.24,
    "dma100" : 2085.17,
    "dma200" : 2132.13,
    "volume" : 33737.00
  }, {
    "date" : "2025-08-21",
    "price" : 2103.14,
    "dma50" : 2176.26,
    "dma100" : 2088.37,
    "dma200" : 2131.84,
    "volume" : 239614.00
  }, {
    "date" : "2025-08-22",
    "price" : 2101.74,
    "dma50" : 2173.34,
    "dma100" : 2091.73,
    "dma200" : 2131.54,
    "volume" : 15772.00
  }, {
    "date" : "2025-08-25",
    "price" : 2110.65,
    "dma50" : 2170.88,
    "dma100" : 2094.88,
    "dma200" : 2131.33,
    "volume" : 34363.00
  }, {
    "date" : "2025-08-26",
    "price" : 2123.24,
    "dma50" : 2169.01,
    "dma100" : 2098.40,
    "dma200" : 2131.25,
    "volume" : 53874.00
  }, {
    "date" : "2025-08-28",
    "price" : 2095.07,
    "dma50" : 2166.11,
    "dma100" : 2101.53,
    "dma200" : 2130.89,
    "volume" : 32867.00
  }, {
    "date" : "2025-08-29",
    "price" : 2070.87,
    "dma50" : 2162.38,
    "dma100" : 2104.29,
    "dma200" : 2130.29,
    "volume" : 82430.00
  }, {
    "date" : "2025-09-01",
    "price" : 2114.24,
    "dma50" : 2160.49,
    "dma100" : 2107.85,
    "dma200" : 2130.13,
    "volume" : 17938.00
  }, {
    "date" : "2025-09-02",
    "price" : 2131.55,
    "dma50" : 2159.35,
    "dma100" : 2111.77,
    "dma200" : 2130.15,
    "volume" : 40180.00
  }, {
    "date" : "2025-09-03",
    "price" : 2126.28,
    "dma50" : 2158.06,
    "dma100" : 2115.09,
    "dma200" : 2130.11,
    "volume" : 15976.00
  }, {
    "date" : "2025-09-04",
    "price" : 2145.40,
    "dma50" : 2157.56,
    "dma100" : 2118.75,
    "dma200" : 2130.26,
    "volume" : 65087.00
  }, {
    "date" : "2025-09-05",
    "price" : 2275.20,
    "dma50" : 2162.17,
    "dma100" : 2123.48,
    "dma200" : 2131.70,
    "volume" : 1048432.00
  }, {
    "date" : "2025-09-08",
    "price" : 2298.06,
    "dma50" : 2167.50,
    "dma100" : 2128.41,
    "dma200" : 2133.36,
    "volume" : 109357.00
  }, {
    "date" : "2025-09-09",
    "price" : 2292.32,
    "dma50" : 2172.40,
    "dma100" : 2133.16,
    "dma200" : 2134.94,
    "volume" : 56339.00
  }, {
    "date" : "2025-09-10",
    "price" : 2289.15,
    "dma50" : 2176.98,
    "dma100" : 2137.83,
    "dma200" : 2136.47,
    "volume" : 49768.00
  }, {
    "date" : "2025-09-11",
    "price" : 2243.91,
    "dma50" : 2179.60,
    "dma100" : 2142.08,
    "dma200" : 2137.54,
    "volume" : 41425.00
  }, {
    "date" : "2025-09-12",
    "price" : 2251.32,
    "dma50" : 2182.41,
    "dma100" : 2146.41,
    "dma200" : 2138.68,
    "volume" : 24432.00
  }, {
    "date" : "2025-09-15",
    "price" : 2248.99,
    "dma50" : 2185.02,
    "dma100" : 2150.60,
    "dma200" : 2139.77,
    "volume" : 31370.00
  }, {
    "date" : "2025-09-16",
    "price" : 2236.77,
    "dma50" : 2187.05,
    "dma100" : 2154.65,
    "dma200" : 2140.74,
    "volume" : 34091.00
  }, {
    "date" : "2025-09-17",
    "price" : 2229.07,
    "dma50" : 2188.70,
    "dma100" : 2158.86,
    "dma200" : 2141.62,
    "volume" : 31660.00
  }, {
    "date" : "2025-09-18",
    "price" : 2235.51,
    "dma50" : 2190.54,
    "dma100" : 2163.12,
    "dma200" : 2142.55,
    "volume" : 36147.00
  }, {
    "date" : "2025-09-19",
    "price" : 2254.35,
    "dma50" : 2193.04,
    "dma100" : 2167.48,
    "dma200" : 2143.66,
    "volume" : 72718.00
  }, {
    "date" : "2025-09-22",
    "price" : 2208.60,
    "dma50" : 2193.65,
    "dma100" : 2171.44,
    "dma200" : 2144.31,
    "volume" : 31881.00
  }, {
    "date" : "2025-09-23",
    "price" : 2211.26,
    "dma50" : 2194.34,
    "dma100" : 2175.28,
    "dma200" : 2144.98,
    "volume" : 19259.00
  }, {
    "date" : "2025-09-24",
    "price" : 2212.66,
    "dma50" : 2195.06,
    "dma100" : 2179.15,
    "dma200" : 2145.65,
    "volume" : 22099.00
  }, {
    "date" : "2025-09-25",
    "price" : 2225.58,
    "dma50" : 2196.26,
    "dma100" : 2183.20,
    "dma200" : 2146.44,
    "volume" : 33761.00
  }, {
    "date" : "2025-09-26",
    "price" : 2198.24,
    "dma50" : 2196.33,
    "dma100" : 2186.85,
    "dma200" : 2146.96,
    "volume" : 29488.00
  }, {
    "date" : "2025-09-29",
    "price" : 2157.15,
    "dma50" : 2194.80,
    "dma100" : 2189.88,
    "dma200" : 2147.06,
    "volume" : 98048.00
  }, {
    "date" : "2025-09-30",
    "price" : 2199.41,
    "dma50" : 2194.98,
    "dma100" : 2193.56,
    "dma200" : 2147.58,
    "volume" : 34780.00
  }, {
    "date" : "2025-10-01",
    "price" : 2223.01,
    "dma50" : 2196.08,
    "dma100" : 2196.55,
    "dma200" : 2148.33,
    "volume" : 51700.00
  }, {
    "date" : "2025-10-03",
    "price" : 2276.51,
    "dma50" : 2199.23,
    "dma100" : 2199.69,
    "dma200" : 2149.61,
    "volume" : 257642.00
  }, {
    "date" : "2025-10-06",
    "price" : 2288.17,
    "dma50" : 2202.72,
    "dma100" : 2202.73,
    "dma200" : 2150.99,
    "volume" : 68282.00
  }, {
    "date" : "2025-10-07",
    "price" : 2280.05,
    "dma50" : 2205.75,
    "dma100" : 2205.36,
    "dma200" : 2152.27,
    "volume" : 40238.00
  }, {
    "date" : "2025-10-08",
    "price" : 2270.44,
    "dma50" : 2208.29,
    "dma100" : 2206.72,
    "dma200" : 2153.45,
    "volume" : 60634.00
  }, {
    "date" : "2025-10-09",
    "price" : 2282.71,
    "dma50" : 2211.21,
    "dma100" : 2207.98,
    "dma200" : 2154.73,
    "volume" : 94778.00
  }, {
    "date" : "2025-10-10",
    "price" : 2269.28,
    "dma50" : 2213.48,
    "dma100" : 2209.10,
    "dma200" : 2155.87,
    "volume" : 84043.00
  }, {
    "date" : "2025-10-13",
    "price" : 2244.79,
    "dma50" : 2214.71,
    "dma100" : 2210.07,
    "dma200" : 2156.76,
    "volume" : 93028.00
  }, {
    "date" : "2025-10-14",
    "price" : 2335.98,
    "dma50" : 2219.47,
    "dma100" : 2212.01,
    "dma200" : 2158.54,
    "volume" : 180833.00
  }, {
    "date" : "2025-10-15",
    "price" : 2266.10,
    "dma50" : 2221.30,
    "dma100" : 2213.00,
    "dma200" : 2159.61,
    "volume" : 29424.00
  }, {
    "date" : "2025-10-16",
    "price" : 2225.80,
    "dma50" : 2221.47,
    "dma100" : 2214.06,
    "dma200" : 2160.27,
    "volume" : 21243.00
  }, {
    "date" : "2025-10-17",
    "price" : 2219.60,
    "dma50" : 2221.40,
    "dma100" : 2214.86,
    "dma200" : 2160.86,
    "volume" : 12932.00
  }, {
    "date" : "2025-10-20",
    "price" : 2200.00,
    "dma50" : 2220.56,
    "dma100" : 2215.67,
    "dma200" : 2161.25,
    "volume" : 9214.00
  }, {
    "date" : "2025-10-21",
    "price" : 2240.60,
    "dma50" : 2221.35,
    "dma100" : 2216.70,
    "dma200" : 2162.04,
    "volume" : 3830.00
  }, {
    "date" : "2025-10-23",
    "price" : 2195.40,
    "dma50" : 2220.33,
    "dma100" : 2216.75,
    "dma200" : 2162.37,
    "volume" : 11286.00
  }, {
    "date" : "2025-10-24",
    "price" : 2199.30,
    "dma50" : 2219.50,
    "dma100" : 2216.89,
    "dma200" : 2162.74,
    "volume" : 6528.00
  }, {
    "date" : "2025-10-27",
    "price" : 2159.40,
    "dma50" : 2217.15,
    "dma100" : 2216.85,
    "dma200" : 2162.71,
    "volume" : 17439.00
  }, {
    "date" : "2025-10-28",
    "price" : 2163.00,
    "dma50" : 2215.02,
    "dma100" : 2216.21,
    "dma200" : 2162.71,
    "volume" : 14022.00
  }, {
    "date" : "2025-10-29",
    "price" : 2144.90,
    "dma50" : 2212.27,
    "dma100" : 2215.50,
    "dma200" : 2162.53,
    "volume" : 10441.00
  }, {
    "date" : "2025-10-30",
    "price" : 2152.00,
    "dma50" : 2209.91,
    "dma100" : 2215.06,
    "dma200" : 2162.43,
    "volume" : 8192.00
  }, {
    "date" : "2025-10-31",
    "price" : 2140.80,
    "dma50" : 2207.20,
    "dma100" : 2214.53,
    "dma200" : 2162.21,
    "volume" : 21897.00
  }, {
    "date" : "2025-11-03",
    "price" : 2129.40,
    "dma50" : 2204.15,
    "dma100" : 2213.71,
    "dma200" : 2161.88,
    "volume" : 16939.00
  }, {
    "date" : "2025-11-04",
    "price" : 2118.70,
    "dma50" : 2200.80,
    "dma100" : 2212.82,
    "dma200" : 2161.46,
    "volume" : 12897.00
  }, {
    "date" : "2025-11-06",
    "price" : 2099.60,
    "dma50" : 2196.83,
    "dma100" : 2212.00,
    "dma200" : 2160.84,
    "volume" : 9997.00
  }, {
    "date" : "2025-11-07",
    "price" : 2077.80,
    "dma50" : 2192.16,
    "dma100" : 2211.10,
    "dma200" : 2160.01,
    "volume" : 21794.00
  }, {
    "date" : "2025-11-10",
    "price" : 2072.30,
    "dma50" : 2187.46,
    "dma100" : 2210.31,
    "dma200" : 2159.14,
    "volume" : 10430.00
  }, {
    "date" : "2025-11-11",
    "price" : 2052.30,
    "dma50" : 2182.16,
    "dma100" : 2209.44,
    "dma200" : 2158.08,
    "volume" : 10160.00
  }, {
    "date" : "2025-11-12",
    "price" : 2051.60,
    "dma50" : 2177.04,
    "dma100" : 2208.38,
    "dma200" : 2157.02,
    "volume" : 26996.00
  }, {
    "date" : "2025-11-13",
    "price" : 2047.90,
    "dma50" : 2171.98,
    "dma100" : 2207.53,
    "dma200" : 2155.93,
    "volume" : 11518.00
  }, {
    "date" : "2025-11-14",
    "price" : 2045.00,
    "dma50" : 2167.00,
    "dma100" : 2206.48,
    "dma200" : 2154.83,
    "volume" : 15871.00
  }, {
    "date" : "2025-11-17",
    "price" : 2061.30,
    "dma50" : 2162.85,
    "dma100" : 2205.62,
    "dma200" : 2153.90,
    "volume" : 612454.00
  }, {
    "date" : "2025-11-18",
    "price" : 1976.80,
    "dma50" : 2155.56,
    "dma100" : 2203.43,
    "dma200" : 2152.14,
    "volume" : 110247.00
  }, {
    "date" : "2025-11-19",
    "price" : 1975.60,
    "dma50" : 2148.50,
    "dma100" : 2201.30,
    "dma200" : 2150.38,
    "volume" : 37143.00
  }, {
    "date" : "2025-11-20",
    "price" : 1984.90,
    "dma50" : 2142.08,
    "dma100" : 2199.14,
    "dma200" : 2148.73,
    "volume" : 20922.00
  }, {
    "date" : "2025-11-21",
    "price" : 1960.20,
    "dma50" : 2134.95,
    "dma100" : 2197.18,
    "dma200" : 2146.86,
    "volume" : 18544.00
  }, {
    "date" : "2025-11-24",
    "price" : 1969.30,
    "dma50" : 2128.45,
    "dma100" : 2194.41,
    "dma200" : 2145.09,
    "volume" : 39070.00
  }, {
    "date" : "2025-11-25",
    "price" : 1947.60,
    "dma50" : 2121.36,
    "dma100" : 2191.12,
    "dma200" : 2143.12,
    "volume" : 19866.00
  }, {
    "date" : "2025-11-26",
    "price" : 1950.80,
    "dma50" : 2114.67,
    "dma100" : 2187.44,
    "dma200" : 2141.21,
    "volume" : 19503.00
  }, {
    "date" : "2025-11-27",
    "price" : 1938.50,
    "dma50" : 2107.76,
    "dma100" : 2183.43,
    "dma200" : 2139.19,
    "volume" : 20875.00
  }, {
    "date" : "2025-11-28",
    "price" : 1915.60,
    "dma50" : 2100.23,
    "dma100" : 2179.47,
    "dma200" : 2136.97,
    "volume" : 27262.00
  }, {
    "date" : "2025-12-01",
    "price" : 1946.70,
    "dma50" : 2094.21,
    "dma100" : 2175.88,
    "dma200" : 2135.08,
    "volume" : 48966.00
  }, {
    "date" : "2025-12-02",
    "price" : 1949.10,
    "dma50" : 2088.52,
    "dma100" : 2172.25,
    "dma200" : 2133.23,
    "volume" : 16647.00
  }, {
    "date" : "2025-12-03",
    "price" : 1940.50,
    "dma50" : 2082.71,
    "dma100" : 2168.64,
    "dma200" : 2131.31,
    "volume" : 16143.00
  }, {
    "date" : "2025-12-04",
    "price" : 1891.80,
    "dma50" : 2075.23,
    "dma100" : 2164.58,
    "dma200" : 2128.92,
    "volume" : 70310.00
  }, {
    "date" : "2025-12-05",
    "price" : 1878.30,
    "dma50" : 2067.50,
    "dma100" : 2160.70,
    "dma200" : 2126.43,
    "volume" : 189275.00
  }, {
    "date" : "2025-12-08",
    "price" : 1805.10,
    "dma50" : 2057.21,
    "dma100" : 2156.17,
    "dma200" : 2123.23,
    "volume" : 50339.00
  }, {
    "date" : "2025-12-09",
    "price" : 1810.00,
    "dma50" : 2047.52,
    "dma100" : 2151.55,
    "dma200" : 2120.12,
    "volume" : 172996.00
  }, {
    "date" : "2025-12-10",
    "price" : 1809.90,
    "dma50" : 2038.20,
    "dma100" : 2147.17,
    "dma200" : 2117.03,
    "volume" : 76846.00
  }, {
    "date" : "2025-12-11",
    "price" : 1805.80,
    "dma50" : 2029.09,
    "dma100" : 2142.14,
    "dma200" : 2113.93,
    "volume" : 39507.00
  }, {
    "date" : "2025-12-12",
    "price" : 1821.40,
    "dma50" : 2020.94,
    "dma100" : 2137.19,
    "dma200" : 2111.02,
    "volume" : 40040.00
  }, {
    "date" : "2025-12-15",
    "price" : 1792.00,
    "dma50" : 2011.96,
    "dma100" : 2131.95,
    "dma200" : 2107.85,
    "volume" : 32478.00
  }, {
    "date" : "2025-12-16",
    "price" : 1791.20,
    "dma50" : 2003.31,
    "dma100" : 2126.74,
    "dma200" : 2104.70,
    "volume" : 62959.00
  }, {
    "date" : "2025-12-17",
    "price" : 1802.00,
    "dma50" : 1995.41,
    "dma100" : 2121.44,
    "dma200" : 2101.69,
    "volume" : 90798.00
  }, {
    "date" : "2025-12-18",
    "price" : 1766.70,
    "dma50" : 1986.44,
    "dma100" : 2115.81,
    "dma200" : 2098.35,
    "volume" : 20963.00
  }, {
    "date" : "2025-12-19",
    "price" : 1739.60,
    "dma50" : 1976.76,
    "dma100" : 2110.28,
    "dma200" : 2094.78,
    "volume" : 137995.00
  }, {
    "date" : "2025-12-22",
    "price" : 1776.00,
    "dma50" : 1968.89,
    "dma100" : 2105.54,
    "dma200" : 2091.61,
    "volume" : 68072.00
  }, {
    "date" : "2025-12-23",
    "price" : 1768.40,
    "dma50" : 1961.03,
    "dma100" : 2100.64,
    "dma200" : 2088.39,
    "volume" : 26128.00
  }, {
    "date" : "2025-12-24",
    "price" : 1790.10,
    "dma50" : 1954.32,
    "dma100" : 2095.65,
    "dma200" : 2085.43,
    "volume" : 117483.00
  }, {
    "date" : "2025-12-26",
    "price" : 1778.60,
    "dma50" : 1947.43,
    "dma100" : 2090.58,
    "dma200" : 2082.37,
    "volume" : 40707.00
  }, {
    "date" : "2025-12-29",
    "price" : 1776.00,
    "dma50" : 1940.71,
    "dma100" : 2085.78,
    "dma200" : 2079.33,
    "volume" : 44801.00
  }, {
    "date" : "2025-12-30",
    "price" : 1867.60,
    "dma50" : 1937.84,
    "dma100" : 2082.15,
    "dma200" : 2077.22,
    "volume" : 604582.00
  }, {
    "date" : "2025-12-31",
    "price" : 1851.10,
    "dma50" : 1934.44,
    "dma100" : 2078.31,
    "dma200" : 2074.97,
    "volume" : 87479.00
  }, {
    "date" : "2026-01-01",
    "price" : 1856.20,
    "dma50" : 1931.37,
    "dma100" : 2074.51,
    "dma200" : 2072.79,
    "volume" : 234275.00
  }, {
    "date" : "2026-01-02",
    "price" : 1857.40,
    "dma50" : 1928.47,
    "dma100" : 2071.79,
    "dma200" : 2070.65,
    "volume" : 26322.00
  }, {
    "date" : "2026-01-05",
    "price" : 1833.20,
    "dma50" : 1924.74,
    "dma100" : 2069.16,
    "dma200" : 2068.29,
    "volume" : 25169.00
  }, {
    "date" : "2026-01-06",
    "price" : 1814.20,
    "dma50" : 1920.40,
    "dma100" : 2066.51,
    "dma200" : 2065.76,
    "volume" : 18159.00
  }, {
    "date" : "2026-01-07",
    "price" : 1829.10,
    "dma50" : 1916.82,
    "dma100" : 2063.89,
    "dma200" : 2063.40,
    "volume" : 23261.00
  }, {
    "date" : "2026-01-08",
    "price" : 1832.00,
    "dma50" : 1913.49,
    "dma100" : 2061.21,
    "dma200" : 2061.10,
    "volume" : 23960.00
  }, {
    "date" : "2026-01-09",
    "price" : 1824.50,
    "dma50" : 1910.00,
    "dma100" : 2058.77,
    "dma200" : 2058.75,
    "volume" : 34352.00
  } ],
  "latestTechnicalAttributes" : {
    "date" : "2026-01-09",
    "price" : 1824.50,
    "dma50" : 1910.00,
    "dma100" : 2058.77,
    "dma200" : 2058.75,
    "volume" : 34352.00
  },
  "quarterlyResults" : [ {
    "date" : "2005-03-31",
    "sales" : 169.90,
    "salesGrowthYoY" : null,
    "grossProfitMargin" : 47.90,
    "grossProfit" : 81.38,
    "operatingProfitMargin" : 11.96,
    "operatingProfit" : 20.32,
    "netProfitMargin" : 7.45,
    "netProfit" : 12.66
  }, {
    "date" : "2005-06-30",
    "sales" : 177.73,
    "salesGrowthYoY" : null,
    "grossProfitMargin" : 49.73,
    "grossProfit" : 88.39,
    "operatingProfitMargin" : 16.09,
    "operatingProfit" : 28.60,
    "netProfitMargin" : 11.03,
    "netProfit" : 19.60
  }, {
    "date" : "2005-09-30",
    "sales" : 184.67,
    "salesGrowthYoY" : null,
    "grossProfitMargin" : 51.05,
    "grossProfit" : 94.27,
    "operatingProfitMargin" : 13.09,
    "operatingProfit" : 24.17,
    "netProfitMargin" : 10.94,
    "netProfit" : 20.20
  }, {
    "date" : "2005-12-31",
    "sales" : 249.10,
    "salesGrowthYoY" : null,
    "grossProfitMargin" : 36.15,
    "grossProfit" : 90.05,
    "operatingProfitMargin" : 6.64,
    "operatingProfit" : 16.54,
    "netProfitMargin" : 4.11,
    "netProfit" : 10.24
  }, {
    "date" : "2006-03-31",
    "sales" : 295.93,
    "salesGrowthYoY" : 74.18,
    "grossProfitMargin" : 35.66,
    "grossProfit" : 105.53,
    "operatingProfitMargin" : 12.34,
    "operatingProfit" : 36.52,
    "netProfitMargin" : 7.61,
    "netProfit" : 22.52
  }, {
    "date" : "2006-06-30",
    "sales" : 327.92,
    "salesGrowthYoY" : 84.50,
    "grossProfitMargin" : 35.11,
    "grossProfit" : 115.13,
    "operatingProfitMargin" : 12.16,
    "operatingProfit" : 39.88,
    "netProfitMargin" : 7.72,
    "netProfit" : 25.32
  }, {
    "date" : "2006-09-30",
    "sales" : 339.38,
    "salesGrowthYoY" : 83.78,
    "grossProfitMargin" : 33.93,
    "grossProfit" : 115.15,
    "operatingProfitMargin" : 11.40,
    "operatingProfit" : 38.69,
    "netProfitMargin" : 6.60,
    "netProfit" : 22.40
  }, {
    "date" : "2006-12-31",
    "sales" : 379.26,
    "salesGrowthYoY" : 52.25,
    "grossProfitMargin" : 34.82,
    "grossProfit" : 132.06,
    "operatingProfitMargin" : 13.54,
    "operatingProfit" : 51.35,
    "netProfitMargin" : 8.37,
    "netProfit" : 31.74
  }, {
    "date" : "2007-03-31",
    "sales" : 359.82,
    "salesGrowthYoY" : 21.59,
    "grossProfitMargin" : 40.40,
    "grossProfit" : 145.37,
    "operatingProfitMargin" : 16.82,
    "operatingProfit" : 60.52,
    "netProfitMargin" : 10.19,
    "netProfit" : 36.67
  }, {
    "date" : "2007-06-30",
    "sales" : 401.45,
    "salesGrowthYoY" : 22.42,
    "grossProfitMargin" : 39.06,
    "grossProfit" : 156.81,
    "operatingProfitMargin" : 16.15,
    "operatingProfit" : 64.83,
    "netProfitMargin" : 10.15,
    "netProfit" : 40.75
  }, {
    "date" : "2007-09-30",
    "sales" : 386.98,
    "salesGrowthYoY" : 14.03,
    "grossProfitMargin" : 40.53,
    "grossProfit" : 156.84,
    "operatingProfitMargin" : 17.64,
    "operatingProfit" : 68.26,
    "netProfitMargin" : 11.14,
    "netProfit" : 43.11
  }, {
    "date" : "2007-12-31",
    "sales" : 420.05,
    "salesGrowthYoY" : 10.76,
    "grossProfitMargin" : 35.49,
    "grossProfit" : 149.08,
    "operatingProfitMargin" : 14.51,
    "operatingProfit" : 60.95,
    "netProfitMargin" : 9.57,
    "netProfit" : 40.20
  }, {
    "date" : "2008-03-31",
    "sales" : 392.10,
    "salesGrowthYoY" : 8.97,
    "grossProfitMargin" : 39.04,
    "grossProfit" : 153.08,
    "operatingProfitMargin" : 15.08,
    "operatingProfit" : 59.13,
    "netProfitMargin" : 9.63,
    "netProfit" : 37.76
  }, {
    "date" : "2008-06-30",
    "sales" : 433.93,
    "salesGrowthYoY" : 8.09,
    "grossProfitMargin" : 36.69,
    "grossProfit" : 159.21,
    "operatingProfitMargin" : 13.70,
    "operatingProfit" : 59.45,
    "netProfitMargin" : 8.45,
    "netProfit" : 36.67
  }, {
    "date" : "2008-09-30",
    "sales" : 433.18,
    "salesGrowthYoY" : 11.94,
    "grossProfitMargin" : 35.17,
    "grossProfit" : 152.35,
    "operatingProfitMargin" : 13.69,
    "operatingProfit" : 59.30,
    "netProfitMargin" : 8.53,
    "netProfit" : 36.95
  }, {
    "date" : "2008-12-31",
    "sales" : 369.13,
    "salesGrowthYoY" : -12.12,
    "grossProfitMargin" : 34.57,
    "grossProfit" : 127.61,
    "operatingProfitMargin" : 7.57,
    "operatingProfit" : 27.94,
    "netProfitMargin" : 4.41,
    "netProfit" : 16.28
  }, {
    "date" : "2009-03-31",
    "sales" : 317.50,
    "salesGrowthYoY" : -19.03,
    "grossProfitMargin" : 33.24,
    "grossProfit" : 105.54,
    "operatingProfitMargin" : 8.01,
    "operatingProfit" : 25.43,
    "netProfitMargin" : 4.57,
    "netProfit" : 14.51
  }, {
    "date" : "2009-06-30",
    "sales" : 379.91,
    "salesGrowthYoY" : -12.45,
    "grossProfitMargin" : 35.95,
    "grossProfit" : 136.58,
    "operatingProfitMargin" : 13.04,
    "operatingProfit" : 49.54,
    "netProfitMargin" : 7.52,
    "netProfit" : 28.57
  }, {
    "date" : "2009-09-30",
    "sales" : 417.96,
    "salesGrowthYoY" : -3.51,
    "grossProfitMargin" : 35.19,
    "grossProfit" : 147.08,
    "operatingProfitMargin" : 12.14,
    "operatingProfit" : 50.74,
    "netProfitMargin" : 7.43,
    "netProfit" : 31.05
  }, {
    "date" : "2009-12-31",
    "sales" : 468.69,
    "salesGrowthYoY" : 26.97,
    "grossProfitMargin" : 32.32,
    "grossProfit" : 151.48,
    "operatingProfitMargin" : 10.71,
    "operatingProfit" : 50.20,
    "netProfitMargin" : 6.63,
    "netProfit" : 31.07
  }, {
    "date" : "2010-03-31",
    "sales" : 504.28,
    "salesGrowthYoY" : 58.83,
    "grossProfitMargin" : 33.84,
    "grossProfit" : 170.65,
    "operatingProfitMargin" : 13.80,
    "operatingProfit" : 69.59,
    "netProfitMargin" : 8.64,
    "netProfit" : 43.57
  }, {
    "date" : "2010-06-30",
    "sales" : 508.71,
    "salesGrowthYoY" : 33.90,
    "grossProfitMargin" : 36.27,
    "grossProfit" : 184.51,
    "operatingProfitMargin" : 15.05,
    "operatingProfit" : 76.56,
    "netProfitMargin" : 9.52,
    "netProfit" : 48.43
  }, {
    "date" : "2010-09-30",
    "sales" : 530.94,
    "salesGrowthYoY" : 27.03,
    "grossProfitMargin" : 35.07,
    "grossProfit" : 186.20,
    "operatingProfitMargin" : 11.65,
    "operatingProfit" : 61.85,
    "netProfitMargin" : 7.74,
    "netProfit" : 41.09
  }, {
    "date" : "2010-12-31",
    "sales" : 541.54,
    "salesGrowthYoY" : 15.54,
    "grossProfitMargin" : 35.65,
    "grossProfit" : 193.06,
    "operatingProfitMargin" : 11.49,
    "operatingProfit" : 62.22,
    "netProfitMargin" : 8.11,
    "netProfit" : 43.92
  }, {
    "date" : "2011-03-31",
    "sales" : 632.87,
    "salesGrowthYoY" : 25.50,
    "grossProfitMargin" : 36.31,
    "grossProfit" : 229.80,
    "operatingProfitMargin" : 14.05,
    "operatingProfit" : 88.92,
    "netProfitMargin" : 9.63,
    "netProfit" : 60.95
  }, {
    "date" : "2011-06-30",
    "sales" : 596.82,
    "salesGrowthYoY" : 17.32,
    "grossProfitMargin" : 34.72,
    "grossProfit" : 207.22,
    "operatingProfitMargin" : 11.75,
    "operatingProfit" : 70.13,
    "netProfitMargin" : 8.63,
    "netProfit" : 51.51
  }, {
    "date" : "2011-09-30",
    "sales" : 601.29,
    "salesGrowthYoY" : 13.25,
    "grossProfitMargin" : 35.21,
    "grossProfit" : 211.71,
    "operatingProfitMargin" : 12.34,
    "operatingProfit" : 74.20,
    "netProfitMargin" : 9.26,
    "netProfit" : 55.68
  }, {
    "date" : "2011-12-31",
    "sales" : 599.03,
    "salesGrowthYoY" : 10.62,
    "grossProfitMargin" : 35.00,
    "grossProfit" : 209.66,
    "operatingProfitMargin" : 9.98,
    "operatingProfit" : 59.78,
    "netProfitMargin" : 6.74,
    "netProfit" : 40.37
  }, {
    "date" : "2012-03-31",
    "sales" : 586.12,
    "salesGrowthYoY" : -7.39,
    "grossProfitMargin" : 34.78,
    "grossProfit" : 203.85,
    "operatingProfitMargin" : 14.84,
    "operatingProfit" : 86.98,
    "netProfitMargin" : 10.55,
    "netProfit" : 61.84
  }, {
    "date" : "2012-06-30",
    "sales" : 582.70,
    "salesGrowthYoY" : -2.37,
    "grossProfitMargin" : 36.63,
    "grossProfit" : 213.44,
    "operatingProfitMargin" : 11.04,
    "operatingProfit" : 64.33,
    "netProfitMargin" : 8.01,
    "netProfit" : 46.67
  }, {
    "date" : "2012-09-30",
    "sales" : 539.59,
    "salesGrowthYoY" : -10.26,
    "grossProfitMargin" : 34.38,
    "grossProfit" : 185.51,
    "operatingProfitMargin" : 11.61,
    "operatingProfit" : 62.65,
    "netProfitMargin" : 8.39,
    "netProfit" : 45.27
  }, {
    "date" : "2012-12-31",
    "sales" : 519.98,
    "salesGrowthYoY" : -13.20,
    "grossProfitMargin" : 35.21,
    "grossProfit" : 183.08,
    "operatingProfitMargin" : 8.59,
    "operatingProfit" : 44.67,
    "netProfitMargin" : 6.19,
    "netProfit" : 32.19
  }, {
    "date" : "2013-03-31",
    "sales" : 535.29,
    "salesGrowthYoY" : -8.67,
    "grossProfitMargin" : 37.24,
    "grossProfit" : 199.34,
    "operatingProfitMargin" : 11.10,
    "operatingProfit" : 59.42,
    "netProfitMargin" : 7.49,
    "netProfit" : 40.09
  }, {
    "date" : "2013-06-30",
    "sales" : 567.44,
    "salesGrowthYoY" : -2.62,
    "grossProfitMargin" : 37.72,
    "grossProfit" : 214.04,
    "operatingProfitMargin" : 11.44,
    "operatingProfit" : 64.92,
    "netProfitMargin" : 8.08,
    "netProfit" : 45.85
  }, {
    "date" : "2013-09-30",
    "sales" : 572.64,
    "salesGrowthYoY" : 6.13,
    "grossProfitMargin" : 37.44,
    "grossProfit" : 214.40,
    "operatingProfitMargin" : 11.77,
    "operatingProfit" : 67.40,
    "netProfitMargin" : 8.13,
    "netProfit" : 46.56
  }, {
    "date" : "2013-12-31",
    "sales" : 599.59,
    "salesGrowthYoY" : 15.31,
    "grossProfitMargin" : 35.27,
    "grossProfit" : 211.48,
    "operatingProfitMargin" : 11.68,
    "operatingProfit" : 70.03,
    "netProfitMargin" : 8.07,
    "netProfit" : 48.39
  }, {
    "date" : "2014-03-31",
    "sales" : 579.47,
    "salesGrowthYoY" : 8.25,
    "grossProfitMargin" : 37.98,
    "grossProfit" : 220.08,
    "operatingProfitMargin" : 12.05,
    "operatingProfit" : 69.83,
    "netProfitMargin" : 8.47,
    "netProfit" : 49.08
  }, {
    "date" : "2014-06-30",
    "sales" : 601.38,
    "salesGrowthYoY" : 5.98,
    "grossProfitMargin" : 38.02,
    "grossProfit" : 228.64,
    "operatingProfitMargin" : 12.58,
    "operatingProfit" : 75.65,
    "netProfitMargin" : 9.00,
    "netProfit" : 54.12
  }, {
    "date" : "2014-09-30",
    "sales" : 612.79,
    "salesGrowthYoY" : 7.01,
    "grossProfitMargin" : 38.78,
    "grossProfit" : 237.64,
    "operatingProfitMargin" : 12.81,
    "operatingProfit" : 78.50,
    "netProfitMargin" : 9.57,
    "netProfit" : 58.64
  }, {
    "date" : "2014-12-31",
    "sales" : 615.38,
    "salesGrowthYoY" : 2.63,
    "grossProfitMargin" : 36.20,
    "grossProfit" : 222.77,
    "operatingProfitMargin" : 8.54,
    "operatingProfit" : 52.55,
    "netProfitMargin" : 6.64,
    "netProfit" : 40.86
  }, {
    "date" : "2015-03-31",
    "sales" : 586.23,
    "salesGrowthYoY" : 1.17,
    "grossProfitMargin" : 37.38,
    "grossProfit" : 219.13,
    "operatingProfitMargin" : 10.35,
    "operatingProfit" : 60.67,
    "netProfitMargin" : 8.74,
    "netProfit" : 51.24
  }, {
    "date" : "2015-06-30",
    "sales" : 611.90,
    "salesGrowthYoY" : 1.75,
    "grossProfitMargin" : 35.90,
    "grossProfit" : 219.67,
    "operatingProfitMargin" : 10.81,
    "operatingProfit" : 66.15,
    "netProfitMargin" : 7.61,
    "netProfit" : 46.57
  }, {
    "date" : "2015-09-30",
    "sales" : 601.74,
    "salesGrowthYoY" : -1.80,
    "grossProfitMargin" : 36.86,
    "grossProfit" : 221.80,
    "operatingProfitMargin" : 11.76,
    "operatingProfit" : 70.76,
    "netProfitMargin" : 8.32,
    "netProfit" : 50.06
  }, {
    "date" : "2015-12-31",
    "sales" : 610.16,
    "salesGrowthYoY" : -0.85,
    "grossProfitMargin" : 38.02,
    "grossProfit" : 231.98,
    "operatingProfitMargin" : 13.21,
    "operatingProfit" : 80.60,
    "netProfitMargin" : 9.22,
    "netProfit" : 56.26
  }, {
    "date" : "2016-03-31",
    "sales" : 587.64,
    "salesGrowthYoY" : 0.24,
    "grossProfitMargin" : 39.71,
    "grossProfit" : 233.35,
    "operatingProfitMargin" : 14.26,
    "operatingProfit" : 83.80,
    "netProfitMargin" : 8.82,
    "netProfit" : 51.83
  }, {
    "date" : "2016-06-30",
    "sales" : 651.16,
    "salesGrowthYoY" : 6.42,
    "grossProfitMargin" : 36.90,
    "grossProfit" : 240.28,
    "operatingProfitMargin" : 12.84,
    "operatingProfit" : 83.61,
    "netProfitMargin" : 9.28,
    "netProfit" : 60.43
  }, {
    "date" : "2016-09-30",
    "sales" : 662.03,
    "salesGrowthYoY" : 10.02,
    "grossProfitMargin" : 37.86,
    "grossProfit" : 250.64,
    "operatingProfitMargin" : 12.68,
    "operatingProfit" : 83.95,
    "netProfitMargin" : 9.10,
    "netProfit" : 60.24
  }, {
    "date" : "2016-12-31",
    "sales" : 664.48,
    "salesGrowthYoY" : 8.90,
    "grossProfitMargin" : 39.52,
    "grossProfit" : 262.60,
    "operatingProfitMargin" : 13.41,
    "operatingProfit" : 89.11,
    "netProfitMargin" : 9.83,
    "netProfit" : 65.32
  }, {
    "date" : "2017-03-31",
    "sales" : 653.74,
    "salesGrowthYoY" : 11.25,
    "grossProfitMargin" : 38.65,
    "grossProfit" : 252.67,
    "operatingProfitMargin" : 12.16,
    "operatingProfit" : 79.49,
    "netProfitMargin" : 8.86,
    "netProfit" : 57.92
  }, {
    "date" : "2017-06-30",
    "sales" : 666.47,
    "salesGrowthYoY" : 2.35,
    "grossProfitMargin" : 40.62,
    "grossProfit" : 270.72,
    "operatingProfitMargin" : 14.04,
    "operatingProfit" : 93.57,
    "netProfitMargin" : 9.64,
    "netProfit" : 64.25
  }, {
    "date" : "2017-09-30",
    "sales" : 679.81,
    "salesGrowthYoY" : 2.69,
    "grossProfitMargin" : 43.96,
    "grossProfit" : 298.84,
    "operatingProfitMargin" : 16.34,
    "operatingProfit" : 111.08,
    "netProfitMargin" : 10.88,
    "netProfit" : 73.96
  }, {
    "date" : "2017-12-31",
    "sales" : 700.49,
    "salesGrowthYoY" : 5.42,
    "grossProfitMargin" : 42.68,
    "grossProfit" : 298.97,
    "operatingProfitMargin" : 17.56,
    "operatingProfit" : 123.01,
    "netProfitMargin" : 12.30,
    "netProfit" : 86.16
  }, {
    "date" : "2018-03-31",
    "sales" : 703.64,
    "salesGrowthYoY" : 7.63,
    "grossProfitMargin" : 42.62,
    "grossProfit" : 299.89,
    "operatingProfitMargin" : 15.08,
    "operatingProfit" : 106.11,
    "netProfitMargin" : 10.17,
    "netProfit" : 71.56
  }, {
    "date" : "2018-06-30",
    "sales" : 754.95,
    "salesGrowthYoY" : 13.28,
    "grossProfitMargin" : 41.33,
    "grossProfit" : 312.02,
    "operatingProfitMargin" : 15.37,
    "operatingProfit" : 116.04,
    "netProfitMargin" : 10.71,
    "netProfit" : 80.86
  }, {
    "date" : "2018-09-30",
    "sales" : 766.04,
    "salesGrowthYoY" : 12.68,
    "grossProfitMargin" : 43.20,
    "grossProfit" : 330.93,
    "operatingProfitMargin" : 16.02,
    "operatingProfit" : 122.72,
    "netProfitMargin" : 11.00,
    "netProfit" : 84.26
  }, {
    "date" : "2018-12-31",
    "sales" : 767.65,
    "salesGrowthYoY" : 9.59,
    "grossProfitMargin" : 40.79,
    "grossProfit" : 313.12,
    "operatingProfitMargin" : 15.85,
    "operatingProfit" : 121.67,
    "netProfitMargin" : 11.52,
    "netProfit" : 88.43
  }, {
    "date" : "2019-03-31",
    "sales" : 748.44,
    "salesGrowthYoY" : 6.37,
    "grossProfitMargin" : 40.68,
    "grossProfit" : 304.47,
    "operatingProfitMargin" : 14.83,
    "operatingProfit" : 110.99,
    "netProfitMargin" : 10.98,
    "netProfit" : 82.18
  }, {
    "date" : "2019-06-30",
    "sales" : 776.83,
    "salesGrowthYoY" : 2.90,
    "grossProfitMargin" : 39.65,
    "grossProfit" : 308.01,
    "operatingProfitMargin" : 15.45,
    "operatingProfit" : 120.02,
    "netProfitMargin" : 10.03,
    "netProfit" : 77.92
  }, {
    "date" : "2019-09-30",
    "sales" : 747.20,
    "salesGrowthYoY" : -2.46,
    "grossProfitMargin" : 36.04,
    "grossProfit" : 269.29,
    "operatingProfitMargin" : 12.72,
    "operatingProfit" : 95.04,
    "netProfitMargin" : 11.32,
    "netProfit" : 84.58
  }, {
    "date" : "2019-12-31",
    "sales" : 707.34,
    "salesGrowthYoY" : -7.86,
    "grossProfitMargin" : 34.40,
    "grossProfit" : 243.32,
    "operatingProfitMargin" : 10.26,
    "operatingProfit" : 72.57,
    "netProfitMargin" : 7.24,
    "netProfit" : 51.21
  }, {
    "date" : "2020-03-31",
    "sales" : 610.21,
    "salesGrowthYoY" : -18.47,
    "grossProfitMargin" : 37.75,
    "grossProfit" : 230.35,
    "operatingProfitMargin" : 10.14,
    "operatingProfit" : 61.88,
    "netProfitMargin" : 12.35,
    "netProfit" : 75.36
  }, {
    "date" : "2020-06-30",
    "sales" : 301.24,
    "salesGrowthYoY" : -61.22,
    "grossProfitMargin" : 38.96,
    "grossProfit" : 117.36,
    "operatingProfitMargin" : -0.21,
    "operatingProfit" : -0.63,
    "netProfitMargin" : -0.08,
    "netProfit" : -0.24
  }, {
    "date" : "2020-09-30",
    "sales" : 703.24,
    "salesGrowthYoY" : -5.88,
    "grossProfitMargin" : 37.20,
    "grossProfit" : 261.61,
    "operatingProfitMargin" : 13.06,
    "operatingProfit" : 91.84,
    "netProfitMargin" : 9.25,
    "netProfit" : 65.05
  }, {
    "date" : "2020-12-31",
    "sales" : 818.72,
    "salesGrowthYoY" : 15.75,
    "grossProfitMargin" : 46.71,
    "grossProfit" : 382.42,
    "operatingProfitMargin" : 22.03,
    "operatingProfit" : 180.36,
    "netProfitMargin" : 15.65,
    "netProfit" : 128.13
  }, {
    "date" : "2021-03-31",
    "sales" : 847.53,
    "salesGrowthYoY" : 38.89,
    "grossProfitMargin" : 41.08,
    "grossProfit" : 348.17,
    "operatingProfitMargin" : 17.49,
    "operatingProfit" : 148.23,
    "netProfitMargin" : 12.37,
    "netProfit" : 104.84
  }, {
    "date" : "2021-06-30",
    "sales" : 693.53,
    "salesGrowthYoY" : 130.23,
    "grossProfitMargin" : 45.42,
    "grossProfit" : 315.00,
    "operatingProfitMargin" : 16.40,
    "operatingProfit" : 113.74,
    "netProfitMargin" : 11.41,
    "netProfit" : 79.13
  }, {
    "date" : "2021-09-30",
    "sales" : 966.37,
    "salesGrowthYoY" : 37.42,
    "grossProfitMargin" : 38.55,
    "grossProfit" : 372.54,
    "operatingProfitMargin" : 16.53,
    "operatingProfit" : 159.74,
    "netProfitMargin" : 12.17,
    "netProfit" : 117.61
  }, {
    "date" : "2021-12-31",
    "sales" : 966.98,
    "salesGrowthYoY" : 18.11,
    "grossProfitMargin" : 35.58,
    "grossProfit" : 344.05,
    "operatingProfitMargin" : 12.74,
    "operatingProfit" : 123.19,
    "netProfitMargin" : 9.19,
    "netProfit" : 88.87
  }, {
    "date" : "2022-03-31",
    "sales" : 1039.01,
    "salesGrowthYoY" : 22.59,
    "grossProfitMargin" : 37.45,
    "grossProfit" : 389.11,
    "operatingProfitMargin" : 15.35,
    "operatingProfit" : 159.49,
    "netProfitMargin" : 10.54,
    "netProfit" : 109.51
  }, {
    "date" : "2022-06-30",
    "sales" : 1054.74,
    "salesGrowthYoY" : 52.08,
    "grossProfitMargin" : 39.18,
    "grossProfit" : 413.25,
    "operatingProfitMargin" : 17.42,
    "operatingProfit" : 183.74,
    "netProfitMargin" : 12.25,
    "netProfit" : 129.21
  }, {
    "date" : "2022-09-30",
    "sales" : 1078.26,
    "salesGrowthYoY" : 11.58,
    "grossProfitMargin" : 42.27,
    "grossProfit" : 455.78,
    "operatingProfitMargin" : 19.90,
    "operatingProfit" : 214.57,
    "netProfitMargin" : 14.46,
    "netProfit" : 155.92
  }, {
    "date" : "2022-12-31",
    "sales" : 1077.20,
    "salesGrowthYoY" : 11.40,
    "grossProfitMargin" : 41.46,
    "grossProfit" : 446.61,
    "operatingProfitMargin" : 17.09,
    "operatingProfit" : 184.09,
    "netProfitMargin" : 10.81,
    "netProfit" : 116.45
  }, {
    "date" : "2023-03-31",
    "sales" : 1094.69,
    "salesGrowthYoY" : 5.36,
    "grossProfitMargin" : 38.68,
    "grossProfit" : 423.43,
    "operatingProfitMargin" : 15.26,
    "operatingProfit" : 167.05,
    "netProfitMargin" : 11.22,
    "netProfit" : 122.82
  }, {
    "date" : "2023-06-30",
    "sales" : 1149.60,
    "salesGrowthYoY" : 8.99,
    "grossProfitMargin" : 39.81,
    "grossProfit" : 457.66,
    "operatingProfitMargin" : 17.65,
    "operatingProfit" : 202.90,
    "netProfitMargin" : 13.44,
    "netProfit" : 154.51
  }, {
    "date" : "2023-09-30",
    "sales" : 1125.21,
    "salesGrowthYoY" : 4.35,
    "grossProfitMargin" : 33.97,
    "grossProfit" : 382.23,
    "operatingProfitMargin" : 11.02,
    "operatingProfit" : 124.00,
    "netProfitMargin" : 8.02,
    "netProfit" : 90.24
  }, {
    "date" : "2023-12-31",
    "sales" : 1091.90,
    "salesGrowthYoY" : 1.36,
    "grossProfitMargin" : 41.72,
    "grossProfit" : 455.54,
    "operatingProfitMargin" : 15.76,
    "operatingProfit" : 172.08,
    "netProfitMargin" : 12.11,
    "netProfit" : 132.23
  }, {
    "date" : "2024-03-31",
    "sales" : 1203.40,
    "salesGrowthYoY" : 9.93,
    "grossProfitMargin" : 41.24,
    "grossProfit" : 496.28,
    "operatingProfitMargin" : 17.73,
    "operatingProfit" : 213.36,
    "netProfitMargin" : 14.53,
    "netProfit" : 174.85
  }, {
    "date" : "2024-06-30",
    "sales" : 1206.22,
    "salesGrowthYoY" : 4.93,
    "grossProfitMargin" : 39.34,
    "grossProfit" : 474.53,
    "operatingProfitMargin" : 16.06,
    "operatingProfit" : 193.72,
    "netProfitMargin" : 13.18,
    "netProfit" : 158.98
  }, {
    "date" : "2024-09-30",
    "sales" : 398.80,
    "salesGrowthYoY" : -64.56,
    "grossProfitMargin" : 54.75,
    "grossProfit" : 218.34,
    "operatingProfitMargin" : 15.84,
    "operatingProfit" : 63.17,
    "netProfitMargin" : 10.57,
    "netProfit" : 42.15
  }, {
    "date" : "2024-12-31",
    "sales" : 1256.10,
    "salesGrowthYoY" : 15.04,
    "grossProfitMargin" : 33.32,
    "grossProfit" : 418.53,
    "operatingProfitMargin" : 9.65,
    "operatingProfit" : 121.21,
    "netProfitMargin" : 8.73,
    "netProfit" : 109.66
  }, {
    "date" : "2025-03-31",
    "sales" : 1213.37,
    "salesGrowthYoY" : 0.83,
    "grossProfitMargin" : 48.99,
    "grossProfit" : 594.43,
    "operatingProfitMargin" : 23.46,
    "operatingProfit" : 284.66,
    "netProfitMargin" : 16.71,
    "netProfit" : 202.75
  }, {
    "date" : "2025-06-30",
    "sales" : 462.50,
    "salesGrowthYoY" : -61.66,
    "grossProfitMargin" : 52.05,
    "grossProfit" : 240.73,
    "operatingProfitMargin" : 15.98,
    "operatingProfit" : 73.91,
    "netProfitMargin" : 10.11,
    "netProfit" : 46.76
  }, {
    "date" : "2025-09-30",
    "sales" : 495.91,
    "salesGrowthYoY" : 24.35,
    "grossProfitMargin" : 44.01,
    "grossProfit" : 218.25,
    "operatingProfitMargin" : 11.66,
    "operatingProfit" : 57.82,
    "netProfitMargin" : 8.33,
    "netProfit" : 41.31
  } ],
  "latestQuarterlyResult" : {
    "date" : "2025-09-30",
    "sales" : 495.91,
    "salesGrowthYoY" : 24.35,
    "grossProfitMargin" : 44.01,
    "grossProfit" : 218.25,
    "operatingProfitMargin" : 11.66,
    "operatingProfit" : 57.82,
    "netProfitMargin" : 8.33,
    "netProfit" : 41.31
  },
  "companyScore" : {
    "priceHigherThanDma50" : 0.00,
    "priceHigherThanDma100" : 0.00,
    "priceHigherThanDma200" : 0.00,
    "dma50HigherThanDma100" : 0.00,
    "dma50HigherThanDma200" : 0.00,
    "dma100HigherThanDma200" : 5.00,
    "pricePercentageAboveDma50" : 5.22,
    "pricePercentageAboveDma100" : 5.57,
    "pricePercentageAboveDma200" : 5.57,
    "weeklyVolumeHigherThanYearlyVolume" : 0.00,
    "salesGrowthPercentile" : 16.71,
    "operatingProfitMarginPercentile" : 10.03,
    "netProfitMarginPercentile" : 5.01,
    "totalTechnicalScore" : 21.36,
    "totalFundamentalScore" : 31.75,
    "totalScore" : 53.11
  }
}