{
  "metadata" : {
    "screenerCompanyId" : "3123",
    "companyCode" : "SOMANYCERA",
    "companyName" : "Somany Ceramics",
    "screenerCompanyLink" : "https://www.screener.in/company/SOMANYCERA/consolidated/",
    "screenerTechnicalHistoryLink" : "https://www.screener.in/api/company/3123/chart/?q=Price-DMA50-DMA200-Volume&days=365",
    "screenerQuarterlyResultsLink" : "https://www.screener.in/api/company/3123/chart/?q=GPM-OPM-NPM-Quarter+Sales&days=10000",
    "attributes" : {
      "companyCode" : "SOMANYCERA",
      "companyName" : "Somany Ceramics",
      "marketCap" : 1649.00,
      "peRatio" : 25.50,
      "description" : "Somany Ceramics Ltd is engaged in manufacturing and trading of complete decor solutions, its products include ceramic wall and floor tiles, polished vitrified tiles, glazed vitrified tiles, sanitary-ware, bath fittings and allied products.[1]"
    },
    "companyScore" : {
      "priceHigherThanDma50" : 0.00,
      "priceHigherThanDma100" : 0.00,
      "priceHigherThanDma200" : 0.00,
      "dma50HigherThanDma100" : 0.00,
      "dma50HigherThanDma200" : 0.00,
      "dma100HigherThanDma200" : 0.00,
      "pricePercentageAboveDma50" : 5.11,
      "pricePercentageAboveDma100" : 5.30,
      "pricePercentageAboveDma200" : 5.66,
      "weeklyVolumeHigherThanYearlyVolume" : 5.00,
      "salesGrowthPercentile" : 8.08,
      "operatingProfitMarginPercentile" : 12.51,
      "netProfitMarginPercentile" : 7.76,
      "totalTechnicalScore" : 21.07,
      "totalFundamentalScore" : 28.36,
      "totalScore" : 49.43
    }
  },
  "attributes" : {
    "companyCode" : "SOMANYCERA",
    "companyName" : "Somany Ceramics",
    "marketCap" : 1649.00,
    "peRatio" : 25.50,
    "description" : "Somany Ceramics Ltd is engaged in manufacturing and trading of complete decor solutions, its products include ceramic wall and floor tiles, polished vitrified tiles, glazed vitrified tiles, sanitary-ware, bath fittings and allied products.[1]"
  },
  "technicalHistory" : [ {
    "date" : "2025-02-14",
    "price" : 462.75,
    "dma50" : 567.17,
    "dma100" : null,
    "dma200" : 649.89,
    "volume" : 14141.00
  }, {
    "date" : "2025-02-17",
    "price" : 464.90,
    "dma50" : 563.15,
    "dma100" : null,
    "dma200" : 648.05,
    "volume" : 19484.00
  }, {
    "date" : "2025-02-18",
    "price" : 458.20,
    "dma50" : 559.04,
    "dma100" : null,
    "dma200" : 646.16,
    "volume" : 23677.00
  }, {
    "date" : "2025-02-19",
    "price" : 435.20,
    "dma50" : 554.18,
    "dma100" : null,
    "dma200" : 644.06,
    "volume" : 99765.00
  }, {
    "date" : "2025-02-20",
    "price" : 443.25,
    "dma50" : 549.83,
    "dma100" : null,
    "dma200" : 642.07,
    "volume" : 51798.00
  }, {
    "date" : "2025-02-21",
    "price" : 438.20,
    "dma50" : 545.45,
    "dma100" : null,
    "dma200" : 640.04,
    "volume" : 72690.00
  }, {
    "date" : "2025-02-24",
    "price" : 427.75,
    "dma50" : 540.84,
    "dma100" : null,
    "dma200" : 637.93,
    "volume" : 51342.00
  }, {
    "date" : "2025-02-25",
    "price" : 438.50,
    "dma50" : 536.83,
    "dma100" : null,
    "dma200" : 635.94,
    "volume" : 18333.00
  }, {
    "date" : "2025-02-27",
    "price" : 439.15,
    "dma50" : 532.99,
    "dma100" : null,
    "dma200" : 633.98,
    "volume" : 47268.00
  }, {
    "date" : "2025-02-28",
    "price" : 443.55,
    "dma50" : 529.49,
    "dma100" : null,
    "dma200" : 632.09,
    "volume" : 34054.00
  }, {
    "date" : "2025-03-03",
    "price" : 424.65,
    "dma50" : 525.38,
    "dma100" : null,
    "dma200" : 630.02,
    "volume" : 37451.00
  }, {
    "date" : "2025-03-04",
    "price" : 437.45,
    "dma50" : 521.93,
    "dma100" : null,
    "dma200" : 628.11,
    "volume" : 32786.00
  }, {
    "date" : "2025-03-05",
    "price" : 439.25,
    "dma50" : 518.69,
    "dma100" : null,
    "dma200" : 626.23,
    "volume" : 47107.00
  }, {
    "date" : "2025-03-06",
    "price" : 450.15,
    "dma50" : 516.00,
    "dma100" : null,
    "dma200" : 624.48,
    "volume" : 47464.00
  }, {
    "date" : "2025-03-07",
    "price" : 447.90,
    "dma50" : 513.33,
    "dma100" : null,
    "dma200" : 622.72,
    "volume" : 47247.00
  }, {
    "date" : "2025-03-10",
    "price" : 434.30,
    "dma50" : 510.23,
    "dma100" : null,
    "dma200" : 620.84,
    "volume" : 22939.00
  }, {
    "date" : "2025-03-11",
    "price" : 421.10,
    "dma50" : 506.73,
    "dma100" : null,
    "dma200" : 618.86,
    "volume" : 51547.00
  }, {
    "date" : "2025-03-12",
    "price" : 414.50,
    "dma50" : 503.12,
    "dma100" : null,
    "dma200" : 616.82,
    "volume" : 28121.00
  }, {
    "date" : "2025-03-13",
    "price" : 409.50,
    "dma50" : 499.44,
    "dma100" : null,
    "dma200" : 614.76,
    "volume" : 42299.00
  }, {
    "date" : "2025-03-17",
    "price" : 407.00,
    "dma50" : 495.82,
    "dma100" : null,
    "dma200" : 612.69,
    "volume" : 38498.00
  }, {
    "date" : "2025-03-18",
    "price" : 418.95,
    "dma50" : 492.81,
    "dma100" : null,
    "dma200" : 610.77,
    "volume" : 56588.00
  }, {
    "date" : "2025-03-19",
    "price" : 422.85,
    "dma50" : 490.06,
    "dma100" : null,
    "dma200" : 608.90,
    "volume" : 40560.00
  }, {
    "date" : "2025-03-20",
    "price" : 425.35,
    "dma50" : 487.52,
    "dma100" : null,
    "dma200" : 607.07,
    "volume" : 35844.00
  }, {
    "date" : "2025-03-21",
    "price" : 439.15,
    "dma50" : 485.63,
    "dma100" : null,
    "dma200" : 605.40,
    "volume" : 114035.00
  }, {
    "date" : "2025-03-24",
    "price" : 432.70,
    "dma50" : 483.55,
    "dma100" : null,
    "dma200" : 603.68,
    "volume" : 43881.00
  }, {
    "date" : "2025-03-25",
    "price" : 433.65,
    "dma50" : 481.59,
    "dma100" : null,
    "dma200" : 601.99,
    "volume" : 71343.00
  }, {
    "date" : "2025-03-26",
    "price" : 420.75,
    "dma50" : 479.21,
    "dma100" : null,
    "dma200" : 600.19,
    "volume" : 73524.00
  }, {
    "date" : "2025-03-27",
    "price" : 417.05,
    "dma50" : 476.77,
    "dma100" : null,
    "dma200" : 598.36,
    "volume" : 71927.00
  }, {
    "date" : "2025-03-28",
    "price" : 419.60,
    "dma50" : 474.53,
    "dma100" : null,
    "dma200" : 596.58,
    "volume" : 42174.00
  }, {
    "date" : "2025-04-01",
    "price" : 425.20,
    "dma50" : 472.59,
    "dma100" : null,
    "dma200" : 594.88,
    "volume" : 27375.00
  }, {
    "date" : "2025-04-02",
    "price" : 428.55,
    "dma50" : 470.87,
    "dma100" : null,
    "dma200" : 593.22,
    "volume" : 38369.00
  }, {
    "date" : "2025-04-03",
    "price" : 434.45,
    "dma50" : 469.44,
    "dma100" : null,
    "dma200" : 591.64,
    "volume" : 41715.00
  }, {
    "date" : "2025-04-04",
    "price" : 425.70,
    "dma50" : 467.72,
    "dma100" : null,
    "dma200" : 589.99,
    "volume" : 23185.00
  }, {
    "date" : "2025-04-07",
    "price" : 411.70,
    "dma50" : 465.53,
    "dma100" : null,
    "dma200" : 588.22,
    "volume" : 43145.00
  }, {
    "date" : "2025-04-08",
    "price" : 412.15,
    "dma50" : 463.43,
    "dma100" : null,
    "dma200" : 586.47,
    "volume" : 40784.00
  }, {
    "date" : "2025-04-09",
    "price" : 407.55,
    "dma50" : 461.24,
    "dma100" : null,
    "dma200" : 584.69,
    "volume" : 20168.00
  }, {
    "date" : "2025-04-11",
    "price" : 421.40,
    "dma50" : 459.68,
    "dma100" : null,
    "dma200" : 583.06,
    "volume" : 41511.00
  }, {
    "date" : "2025-04-15",
    "price" : 437.90,
    "dma50" : 458.83,
    "dma100" : null,
    "dma200" : 581.62,
    "volume" : 38216.00
  }, {
    "date" : "2025-04-16",
    "price" : 438.80,
    "dma50" : 458.04,
    "dma100" : null,
    "dma200" : 580.20,
    "volume" : 27701.00
  }, {
    "date" : "2025-04-17",
    "price" : 440.30,
    "dma50" : 457.34,
    "dma100" : null,
    "dma200" : 578.80,
    "volume" : 40754.00
  }, {
    "date" : "2025-04-21",
    "price" : 441.45,
    "dma50" : 456.72,
    "dma100" : null,
    "dma200" : 577.44,
    "volume" : 73936.00
  }, {
    "date" : "2025-04-22",
    "price" : 443.15,
    "dma50" : 456.19,
    "dma100" : null,
    "dma200" : 576.10,
    "volume" : 115150.00
  }, {
    "date" : "2025-04-23",
    "price" : 445.40,
    "dma50" : 455.77,
    "dma100" : null,
    "dma200" : 574.80,
    "volume" : 41554.00
  }, {
    "date" : "2025-04-24",
    "price" : 443.70,
    "dma50" : 455.29,
    "dma100" : null,
    "dma200" : 573.50,
    "volume" : 59941.00
  }, {
    "date" : "2025-04-25",
    "price" : 425.75,
    "dma50" : 454.13,
    "dma100" : null,
    "dma200" : 572.03,
    "volume" : 30263.00
  }, {
    "date" : "2025-04-28",
    "price" : 430.00,
    "dma50" : 453.19,
    "dma100" : null,
    "dma200" : 570.61,
    "volume" : 31578.00
  }, {
    "date" : "2025-04-29",
    "price" : 429.75,
    "dma50" : 452.27,
    "dma100" : null,
    "dma200" : 569.21,
    "volume" : 73558.00
  }, {
    "date" : "2025-04-30",
    "price" : 428.70,
    "dma50" : 451.34,
    "dma100" : null,
    "dma200" : 567.81,
    "volume" : 59834.00
  }, {
    "date" : "2025-05-02",
    "price" : 420.45,
    "dma50" : 450.13,
    "dma100" : null,
    "dma200" : 566.35,
    "volume" : 29310.00
  }, {
    "date" : "2025-05-05",
    "price" : 419.85,
    "dma50" : 448.95,
    "dma100" : null,
    "dma200" : 564.89,
    "volume" : 42346.00
  }, {
    "date" : "2025-05-06",
    "price" : 416.45,
    "dma50" : 447.67,
    "dma100" : null,
    "dma200" : 563.41,
    "volume" : 34987.00
  }, {
    "date" : "2025-05-07",
    "price" : 420.95,
    "dma50" : 446.62,
    "dma100" : null,
    "dma200" : 561.99,
    "volume" : 47135.00
  }, {
    "date" : "2025-05-08",
    "price" : 430.85,
    "dma50" : 446.00,
    "dma100" : null,
    "dma200" : 560.69,
    "volume" : 119917.00
  }, {
    "date" : "2025-05-09",
    "price" : 438.00,
    "dma50" : 445.69,
    "dma100" : null,
    "dma200" : 559.47,
    "volume" : 55593.00
  }, {
    "date" : "2025-05-12",
    "price" : 461.50,
    "dma50" : 446.31,
    "dma100" : null,
    "dma200" : 558.49,
    "volume" : 191410.00
  }, {
    "date" : "2025-05-13",
    "price" : 465.05,
    "dma50" : 447.05,
    "dma100" : null,
    "dma200" : 557.56,
    "volume" : 55667.00
  }, {
    "date" : "2025-05-14",
    "price" : 460.90,
    "dma50" : 447.59,
    "dma100" : null,
    "dma200" : 556.60,
    "volume" : 31876.00
  }, {
    "date" : "2025-05-15",
    "price" : 468.65,
    "dma50" : 448.41,
    "dma100" : null,
    "dma200" : 555.73,
    "volume" : 99618.00
  }, {
    "date" : "2025-05-16",
    "price" : 466.80,
    "dma50" : 449.14,
    "dma100" : null,
    "dma200" : 554.84,
    "volume" : 33885.00
  }, {
    "date" : "2025-05-19",
    "price" : 476.85,
    "dma50" : 450.22,
    "dma100" : null,
    "dma200" : 554.07,
    "volume" : 91857.00
  }, {
    "date" : "2025-05-20",
    "price" : 474.80,
    "dma50" : 451.19,
    "dma100" : null,
    "dma200" : 553.28,
    "volume" : 64643.00
  }, {
    "date" : "2025-05-21",
    "price" : 473.10,
    "dma50" : 452.05,
    "dma100" : null,
    "dma200" : 552.48,
    "volume" : 56776.00
  }, {
    "date" : "2025-05-22",
    "price" : 470.55,
    "dma50" : 452.77,
    "dma100" : null,
    "dma200" : 551.66,
    "volume" : 33131.00
  }, {
    "date" : "2025-05-23",
    "price" : 477.65,
    "dma50" : 453.75,
    "dma100" : null,
    "dma200" : 550.93,
    "volume" : 37712.00
  }, {
    "date" : "2025-05-26",
    "price" : 475.35,
    "dma50" : 454.59,
    "dma100" : null,
    "dma200" : 550.18,
    "volume" : 95230.00
  }, {
    "date" : "2025-05-27",
    "price" : 476.25,
    "dma50" : 455.44,
    "dma100" : null,
    "dma200" : 549.44,
    "volume" : 32963.00
  }, {
    "date" : "2025-05-28",
    "price" : 475.45,
    "dma50" : 456.23,
    "dma100" : null,
    "dma200" : 548.70,
    "volume" : 26483.00
  }, {
    "date" : "2025-05-29",
    "price" : 478.15,
    "dma50" : 457.09,
    "dma100" : null,
    "dma200" : 548.00,
    "volume" : 21123.00
  }, {
    "date" : "2025-05-30",
    "price" : 478.30,
    "dma50" : 457.92,
    "dma100" : null,
    "dma200" : 547.31,
    "volume" : 23339.00
  }, {
    "date" : "2025-06-02",
    "price" : 476.55,
    "dma50" : 458.65,
    "dma100" : null,
    "dma200" : 546.60,
    "volume" : 36611.00
  }, {
    "date" : "2025-06-03",
    "price" : 467.70,
    "dma50" : 459.01,
    "dma100" : null,
    "dma200" : 545.82,
    "volume" : 33377.00
  }, {
    "date" : "2025-06-04",
    "price" : 459.50,
    "dma50" : 459.02,
    "dma100" : null,
    "dma200" : 544.96,
    "volume" : 28259.00
  }, {
    "date" : "2025-06-05",
    "price" : 468.65,
    "dma50" : 459.40,
    "dma100" : null,
    "dma200" : 544.20,
    "volume" : 33723.00
  }, {
    "date" : "2025-06-06",
    "price" : 470.05,
    "dma50" : 459.82,
    "dma100" : null,
    "dma200" : 543.46,
    "volume" : 34930.00
  }, {
    "date" : "2025-06-09",
    "price" : 564.05,
    "dma50" : 463.91,
    "dma100" : null,
    "dma200" : 543.67,
    "volume" : 743040.00
  }, {
    "date" : "2025-06-10",
    "price" : 592.20,
    "dma50" : 468.94,
    "dma100" : null,
    "dma200" : 544.15,
    "volume" : 1485936.00
  }, {
    "date" : "2025-06-11",
    "price" : 560.20,
    "dma50" : 472.52,
    "dma100" : null,
    "dma200" : 544.31,
    "volume" : 156357.00
  }, {
    "date" : "2025-06-12",
    "price" : 546.75,
    "dma50" : 475.43,
    "dma100" : null,
    "dma200" : 544.34,
    "volume" : 73350.00
  }, {
    "date" : "2025-06-13",
    "price" : 567.80,
    "dma50" : 479.05,
    "dma100" : null,
    "dma200" : 544.57,
    "volume" : 122295.00
  }, {
    "date" : "2025-06-16",
    "price" : 576.80,
    "dma50" : 482.88,
    "dma100" : null,
    "dma200" : 544.89,
    "volume" : 109166.00
  }, {
    "date" : "2025-06-17",
    "price" : 591.55,
    "dma50" : 487.15,
    "dma100" : null,
    "dma200" : 545.35,
    "volume" : 178683.00
  }, {
    "date" : "2025-06-18",
    "price" : 582.60,
    "dma50" : 490.89,
    "dma100" : null,
    "dma200" : 545.72,
    "volume" : 73062.00
  }, {
    "date" : "2025-06-19",
    "price" : 552.85,
    "dma50" : 493.32,
    "dma100" : null,
    "dma200" : 545.80,
    "volume" : 63299.00
  }, {
    "date" : "2025-06-20",
    "price" : 550.50,
    "dma50" : 495.56,
    "dma100" : null,
    "dma200" : 545.84,
    "volume" : 28268.00
  }, {
    "date" : "2025-06-23",
    "price" : 545.15,
    "dma50" : 497.51,
    "dma100" : null,
    "dma200" : 545.84,
    "volume" : 39081.00
  }, {
    "date" : "2025-06-24",
    "price" : 559.50,
    "dma50" : 499.94,
    "dma100" : null,
    "dma200" : 545.97,
    "volume" : 61970.00
  }, {
    "date" : "2025-06-25",
    "price" : 558.25,
    "dma50" : 502.22,
    "dma100" : null,
    "dma200" : 546.09,
    "volume" : 23192.00
  }, {
    "date" : "2025-06-26",
    "price" : 549.65,
    "dma50" : 504.08,
    "dma100" : null,
    "dma200" : 546.13,
    "volume" : 27401.00
  }, {
    "date" : "2025-06-27",
    "price" : 571.40,
    "dma50" : 506.72,
    "dma100" : null,
    "dma200" : 546.38,
    "volume" : 69342.00
  }, {
    "date" : "2025-06-30",
    "price" : 562.40,
    "dma50" : 508.91,
    "dma100" : null,
    "dma200" : 546.54,
    "volume" : 24665.00
  }, {
    "date" : "2025-07-01",
    "price" : 556.75,
    "dma50" : 510.78,
    "dma100" : null,
    "dma200" : 546.64,
    "volume" : 27893.00
  }, {
    "date" : "2025-07-02",
    "price" : 562.50,
    "dma50" : 512.81,
    "dma100" : null,
    "dma200" : 546.80,
    "volume" : 14634.00
  }, {
    "date" : "2025-07-03",
    "price" : 576.85,
    "dma50" : 515.32,
    "dma100" : null,
    "dma200" : 547.10,
    "volume" : 53913.00
  }, {
    "date" : "2025-07-04",
    "price" : 590.65,
    "dma50" : 518.28,
    "dma100" : null,
    "dma200" : 547.53,
    "volume" : 77731.00
  }, {
    "date" : "2025-07-07",
    "price" : 577.05,
    "dma50" : 520.58,
    "dma100" : null,
    "dma200" : 547.83,
    "volume" : 37908.00
  }, {
    "date" : "2025-07-08",
    "price" : 583.40,
    "dma50" : 523.04,
    "dma100" : null,
    "dma200" : 548.18,
    "volume" : 77520.00
  }, {
    "date" : "2025-07-09",
    "price" : 577.55,
    "dma50" : 525.18,
    "dma100" : null,
    "dma200" : 548.47,
    "volume" : 20272.00
  }, {
    "date" : "2025-07-10",
    "price" : 577.15,
    "dma50" : 527.22,
    "dma100" : null,
    "dma200" : 548.76,
    "volume" : 16256.00
  }, {
    "date" : "2025-07-11",
    "price" : 563.75,
    "dma50" : 528.65,
    "dma100" : null,
    "dma200" : 548.91,
    "volume" : 26269.00
  }, {
    "date" : "2025-07-14",
    "price" : 563.00,
    "dma50" : 530.00,
    "dma100" : null,
    "dma200" : 549.05,
    "volume" : 14357.00
  }, {
    "date" : "2025-07-15",
    "price" : 565.00,
    "dma50" : 531.37,
    "dma100" : 475.70,
    "dma200" : 549.20,
    "volume" : 22335.00
  }, {
    "date" : "2025-07-16",
    "price" : 564.90,
    "dma50" : 532.69,
    "dma100" : 476.70,
    "dma200" : 549.36,
    "volume" : 22840.00
  }, {
    "date" : "2025-07-17",
    "price" : 561.80,
    "dma50" : 533.83,
    "dma100" : 477.73,
    "dma200" : 549.48,
    "volume" : 24403.00
  }, {
    "date" : "2025-07-18",
    "price" : 562.20,
    "dma50" : 534.94,
    "dma100" : 479.00,
    "dma200" : 549.61,
    "volume" : 11561.00
  }, {
    "date" : "2025-07-21",
    "price" : 560.00,
    "dma50" : 535.92,
    "dma100" : 480.17,
    "dma200" : 549.71,
    "volume" : 18270.00
  }, {
    "date" : "2025-07-22",
    "price" : 547.35,
    "dma50" : 536.37,
    "dma100" : 481.26,
    "dma200" : 549.69,
    "volume" : 55464.00
  }, {
    "date" : "2025-07-23",
    "price" : 563.45,
    "dma50" : 537.43,
    "dma100" : 482.62,
    "dma200" : 549.83,
    "volume" : 19941.00
  }, {
    "date" : "2025-07-24",
    "price" : 552.25,
    "dma50" : 538.01,
    "dma100" : 483.76,
    "dma200" : 549.85,
    "volume" : 12838.00
  }, {
    "date" : "2025-07-25",
    "price" : 536.60,
    "dma50" : 537.96,
    "dma100" : 484.73,
    "dma200" : 549.72,
    "volume" : 21324.00
  }, {
    "date" : "2025-07-28",
    "price" : 527.55,
    "dma50" : 537.55,
    "dma100" : 485.57,
    "dma200" : 549.50,
    "volume" : 25700.00
  }, {
    "date" : "2025-07-29",
    "price" : 525.10,
    "dma50" : 537.06,
    "dma100" : 486.58,
    "dma200" : 549.26,
    "volume" : 16710.00
  }, {
    "date" : "2025-07-30",
    "price" : 527.10,
    "dma50" : 536.67,
    "dma100" : 487.47,
    "dma200" : 549.04,
    "volume" : 8683.00
  }, {
    "date" : "2025-07-31",
    "price" : 540.05,
    "dma50" : 536.80,
    "dma100" : 488.48,
    "dma200" : 548.95,
    "volume" : 24988.00
  }, {
    "date" : "2025-08-01",
    "price" : 528.85,
    "dma50" : 536.49,
    "dma100" : 489.27,
    "dma200" : 548.75,
    "volume" : 107937.00
  }, {
    "date" : "2025-08-04",
    "price" : 524.55,
    "dma50" : 536.02,
    "dma100" : 490.03,
    "dma200" : 548.51,
    "volume" : 28076.00
  }, {
    "date" : "2025-08-05",
    "price" : 532.90,
    "dma50" : 535.90,
    "dma100" : 491.02,
    "dma200" : 548.35,
    "volume" : 22997.00
  }, {
    "date" : "2025-08-06",
    "price" : 519.00,
    "dma50" : 535.24,
    "dma100" : 492.00,
    "dma200" : 548.06,
    "volume" : 10542.00
  }, {
    "date" : "2025-08-07",
    "price" : 513.05,
    "dma50" : 534.37,
    "dma100" : 492.99,
    "dma200" : 547.71,
    "volume" : 15848.00
  }, {
    "date" : "2025-08-08",
    "price" : 525.45,
    "dma50" : 534.02,
    "dma100" : 494.14,
    "dma200" : 547.49,
    "volume" : 16694.00
  }, {
    "date" : "2025-08-11",
    "price" : 523.85,
    "dma50" : 533.62,
    "dma100" : 495.31,
    "dma200" : 547.25,
    "volume" : 13945.00
  }, {
    "date" : "2025-08-12",
    "price" : 529.45,
    "dma50" : 533.46,
    "dma100" : 496.42,
    "dma200" : 547.08,
    "volume" : 9396.00
  }, {
    "date" : "2025-08-13",
    "price" : 514.85,
    "dma50" : 532.73,
    "dma100" : 497.34,
    "dma200" : 546.76,
    "volume" : 18315.00
  }, {
    "date" : "2025-08-14",
    "price" : 510.45,
    "dma50" : 531.85,
    "dma100" : 498.19,
    "dma200" : 546.39,
    "volume" : 54087.00
  }, {
    "date" : "2025-08-18",
    "price" : 503.50,
    "dma50" : 530.74,
    "dma100" : 498.83,
    "dma200" : 545.97,
    "volume" : 49049.00
  }, {
    "date" : "2025-08-19",
    "price" : 510.50,
    "dma50" : 529.95,
    "dma100" : 499.61,
    "dma200" : 545.62,
    "volume" : 28514.00
  }, {
    "date" : "2025-08-20",
    "price" : 511.75,
    "dma50" : 529.23,
    "dma100" : 500.39,
    "dma200" : 545.28,
    "volume" : 10226.00
  }, {
    "date" : "2025-08-21",
    "price" : 514.80,
    "dma50" : 528.67,
    "dma100" : 501.33,
    "dma200" : 544.97,
    "volume" : 15897.00
  }, {
    "date" : "2025-08-22",
    "price" : 493.45,
    "dma50" : 527.29,
    "dma100" : 502.10,
    "dma200" : 544.46,
    "volume" : 43237.00
  }, {
    "date" : "2025-08-25",
    "price" : 489.25,
    "dma50" : 525.80,
    "dma100" : 502.79,
    "dma200" : 543.91,
    "volume" : 32680.00
  }, {
    "date" : "2025-08-26",
    "price" : 472.05,
    "dma50" : 523.69,
    "dma100" : 503.26,
    "dma200" : 543.20,
    "volume" : 40369.00
  }, {
    "date" : "2025-08-28",
    "price" : 460.40,
    "dma50" : 521.21,
    "dma100" : 503.58,
    "dma200" : 542.37,
    "volume" : 27514.00
  }, {
    "date" : "2025-08-29",
    "price" : 457.55,
    "dma50" : 518.71,
    "dma100" : 503.81,
    "dma200" : 541.53,
    "volume" : 24174.00
  }, {
    "date" : "2025-09-01",
    "price" : 450.50,
    "dma50" : 516.03,
    "dma100" : 504.06,
    "dma200" : 540.62,
    "volume" : 60106.00
  }, {
    "date" : "2025-09-02",
    "price" : 457.05,
    "dma50" : 513.72,
    "dma100" : 504.51,
    "dma200" : 539.79,
    "volume" : 106037.00
  }, {
    "date" : "2025-09-03",
    "price" : 480.25,
    "dma50" : 512.41,
    "dma100" : 505.19,
    "dma200" : 539.20,
    "volume" : 152812.00
  }, {
    "date" : "2025-09-04",
    "price" : 474.90,
    "dma50" : 510.94,
    "dma100" : 505.87,
    "dma200" : 538.56,
    "volume" : 36155.00
  }, {
    "date" : "2025-09-05",
    "price" : 465.15,
    "dma50" : 509.14,
    "dma100" : 506.30,
    "dma200" : 537.83,
    "volume" : 33114.00
  }, {
    "date" : "2025-09-08",
    "price" : 473.05,
    "dma50" : 507.73,
    "dma100" : 506.66,
    "dma200" : 537.19,
    "volume" : 62848.00
  }, {
    "date" : "2025-09-09",
    "price" : 476.50,
    "dma50" : 506.50,
    "dma100" : 507.03,
    "dma200" : 536.58,
    "volume" : 16238.00
  }, {
    "date" : "2025-09-10",
    "price" : 479.15,
    "dma50" : 505.43,
    "dma100" : 507.42,
    "dma200" : 536.01,
    "volume" : 28650.00
  }, {
    "date" : "2025-09-11",
    "price" : 477.25,
    "dma50" : 504.32,
    "dma100" : 507.78,
    "dma200" : 535.43,
    "volume" : 27075.00
  }, {
    "date" : "2025-09-12",
    "price" : 485.55,
    "dma50" : 503.59,
    "dma100" : 508.20,
    "dma200" : 534.93,
    "volume" : 25584.00
  }, {
    "date" : "2025-09-15",
    "price" : 499.05,
    "dma50" : 503.41,
    "dma100" : 508.74,
    "dma200" : 534.57,
    "volume" : 34124.00
  }, {
    "date" : "2025-09-16",
    "price" : 487.50,
    "dma50" : 502.79,
    "dma100" : 509.18,
    "dma200" : 534.10,
    "volume" : 165480.00
  }, {
    "date" : "2025-09-17",
    "price" : 485.45,
    "dma50" : 502.11,
    "dma100" : 509.77,
    "dma200" : 533.62,
    "volume" : 40521.00
  }, {
    "date" : "2025-09-18",
    "price" : 475.95,
    "dma50" : 501.08,
    "dma100" : 510.23,
    "dma200" : 533.05,
    "volume" : 93267.00
  }, {
    "date" : "2025-09-19",
    "price" : 487.80,
    "dma50" : 500.56,
    "dma100" : 510.81,
    "dma200" : 532.60,
    "volume" : 33319.00
  }, {
    "date" : "2025-09-22",
    "price" : 479.80,
    "dma50" : 499.75,
    "dma100" : 511.33,
    "dma200" : 532.07,
    "volume" : 46840.00
  }, {
    "date" : "2025-09-23",
    "price" : 472.95,
    "dma50" : 498.70,
    "dma100" : 511.85,
    "dma200" : 531.48,
    "volume" : 45741.00
  }, {
    "date" : "2025-09-24",
    "price" : 468.55,
    "dma50" : 497.51,
    "dma100" : 512.34,
    "dma200" : 530.86,
    "volume" : 24147.00
  }, {
    "date" : "2025-09-25",
    "price" : 465.75,
    "dma50" : 496.27,
    "dma100" : 512.83,
    "dma200" : 530.21,
    "volume" : 24576.00
  }, {
    "date" : "2025-09-26",
    "price" : 452.35,
    "dma50" : 494.55,
    "dma100" : 513.14,
    "dma200" : 529.43,
    "volume" : 23846.00
  }, {
    "date" : "2025-09-29",
    "price" : 454.95,
    "dma50" : 492.99,
    "dma100" : 513.39,
    "dma200" : 528.69,
    "volume" : 14432.00
  }, {
    "date" : "2025-09-30",
    "price" : 446.50,
    "dma50" : 491.17,
    "dma100" : 513.47,
    "dma200" : 527.87,
    "volume" : 23615.00
  }, {
    "date" : "2025-10-01",
    "price" : 457.95,
    "dma50" : 489.87,
    "dma100" : 513.44,
    "dma200" : 527.18,
    "volume" : 36663.00
  }, {
    "date" : "2025-10-03",
    "price" : 463.25,
    "dma50" : 488.82,
    "dma100" : 513.42,
    "dma200" : 526.54,
    "volume" : 19660.00
  }, {
    "date" : "2025-10-06",
    "price" : 456.95,
    "dma50" : 487.57,
    "dma100" : 513.38,
    "dma200" : 525.85,
    "volume" : 34821.00
  }, {
    "date" : "2025-10-07",
    "price" : 462.75,
    "dma50" : 486.60,
    "dma100" : 513.32,
    "dma200" : 525.22,
    "volume" : 32354.00
  }, {
    "date" : "2025-10-08",
    "price" : 455.55,
    "dma50" : 485.38,
    "dma100" : 513.21,
    "dma200" : 524.53,
    "volume" : 10328.00
  }, {
    "date" : "2025-10-09",
    "price" : 454.70,
    "dma50" : 484.18,
    "dma100" : 512.98,
    "dma200" : 523.83,
    "volume" : 13363.00
  }, {
    "date" : "2025-10-10",
    "price" : 459.20,
    "dma50" : 483.20,
    "dma100" : 512.83,
    "dma200" : 523.19,
    "volume" : 15133.00
  }, {
    "date" : "2025-10-13",
    "price" : 448.20,
    "dma50" : 481.83,
    "dma100" : 512.58,
    "dma200" : 522.44,
    "volume" : 38305.00
  }, {
    "date" : "2025-10-14",
    "price" : 444.70,
    "dma50" : 480.37,
    "dma100" : 512.32,
    "dma200" : 521.67,
    "volume" : 22160.00
  }, {
    "date" : "2025-10-15",
    "price" : 447.60,
    "dma50" : 479.09,
    "dma100" : 512.02,
    "dma200" : 520.93,
    "volume" : 19160.00
  }, {
    "date" : "2025-10-16",
    "price" : 448.65,
    "dma50" : 477.89,
    "dma100" : 511.75,
    "dma200" : 520.21,
    "volume" : 13948.00
  }, {
    "date" : "2025-10-17",
    "price" : 446.40,
    "dma50" : 476.66,
    "dma100" : 511.46,
    "dma200" : 519.48,
    "volume" : 12052.00
  }, {
    "date" : "2025-10-20",
    "price" : 450.35,
    "dma50" : 475.63,
    "dma100" : 511.20,
    "dma200" : 518.79,
    "volume" : 8780.00
  }, {
    "date" : "2025-10-21",
    "price" : 455.20,
    "dma50" : 474.82,
    "dma100" : 510.97,
    "dma200" : 518.16,
    "volume" : 4863.00
  }, {
    "date" : "2025-10-23",
    "price" : 456.70,
    "dma50" : 474.11,
    "dma100" : 510.76,
    "dma200" : 517.55,
    "volume" : 12580.00
  }, {
    "date" : "2025-10-24",
    "price" : 453.60,
    "dma50" : 473.31,
    "dma100" : 510.53,
    "dma200" : 516.91,
    "volume" : 13428.00
  }, {
    "date" : "2025-10-27",
    "price" : 451.40,
    "dma50" : 472.45,
    "dma100" : 510.37,
    "dma200" : 516.26,
    "volume" : 10573.00
  }, {
    "date" : "2025-10-28",
    "price" : 446.25,
    "dma50" : 471.42,
    "dma100" : 510.23,
    "dma200" : 515.56,
    "volume" : 34167.00
  }, {
    "date" : "2025-10-29",
    "price" : 453.10,
    "dma50" : 470.70,
    "dma100" : 510.08,
    "dma200" : 514.94,
    "volume" : 8595.00
  }, {
    "date" : "2025-10-30",
    "price" : 460.65,
    "dma50" : 470.31,
    "dma100" : 509.98,
    "dma200" : 514.40,
    "volume" : 14734.00
  }, {
    "date" : "2025-10-31",
    "price" : 458.90,
    "dma50" : 469.86,
    "dma100" : 508.93,
    "dma200" : 513.85,
    "volume" : 11217.00
  }, {
    "date" : "2025-11-03",
    "price" : 457.95,
    "dma50" : 469.40,
    "dma100" : 507.59,
    "dma200" : 513.29,
    "volume" : 12575.00
  }, {
    "date" : "2025-11-04",
    "price" : 444.35,
    "dma50" : 468.41,
    "dma100" : 506.43,
    "dma200" : 512.61,
    "volume" : 37510.00
  }, {
    "date" : "2025-11-06",
    "price" : 446.95,
    "dma50" : 467.57,
    "dma100" : 505.43,
    "dma200" : 511.95,
    "volume" : 13322.00
  }, {
    "date" : "2025-11-07",
    "price" : 440.85,
    "dma50" : 466.52,
    "dma100" : 504.16,
    "dma200" : 511.25,
    "volume" : 8730.00
  }, {
    "date" : "2025-11-10",
    "price" : 446.50,
    "dma50" : 465.74,
    "dma100" : 502.86,
    "dma200" : 510.60,
    "volume" : 42741.00
  }, {
    "date" : "2025-11-11",
    "price" : 451.60,
    "dma50" : 465.18,
    "dma100" : 501.46,
    "dma200" : 510.02,
    "volume" : 39108.00
  }, {
    "date" : "2025-11-12",
    "price" : 455.80,
    "dma50" : 464.82,
    "dma100" : 500.19,
    "dma200" : 509.48,
    "volume" : 44713.00
  }, {
    "date" : "2025-11-13",
    "price" : 445.55,
    "dma50" : 464.06,
    "dma100" : 499.12,
    "dma200" : 508.84,
    "volume" : 28717.00
  }, {
    "date" : "2025-11-14",
    "price" : 441.35,
    "dma50" : 463.17,
    "dma100" : 498.03,
    "dma200" : 508.17,
    "volume" : 12705.00
  }, {
    "date" : "2025-11-17",
    "price" : 445.45,
    "dma50" : 462.47,
    "dma100" : 497.03,
    "dma200" : 507.54,
    "volume" : 15847.00
  }, {
    "date" : "2025-11-18",
    "price" : 442.40,
    "dma50" : 461.69,
    "dma100" : 495.86,
    "dma200" : 506.90,
    "volume" : 9191.00
  }, {
    "date" : "2025-11-19",
    "price" : 441.95,
    "dma50" : 460.91,
    "dma100" : 494.70,
    "dma200" : 506.25,
    "volume" : 5845.00
  }, {
    "date" : "2025-11-20",
    "price" : 441.00,
    "dma50" : 460.13,
    "dma100" : 493.61,
    "dma200" : 505.60,
    "volume" : 13509.00
  }, {
    "date" : "2025-11-21",
    "price" : 437.15,
    "dma50" : 459.23,
    "dma100" : 492.27,
    "dma200" : 504.92,
    "volume" : 20300.00
  }, {
    "date" : "2025-11-24",
    "price" : 432.05,
    "dma50" : 458.17,
    "dma100" : 490.97,
    "dma200" : 504.19,
    "volume" : 10447.00
  }, {
    "date" : "2025-11-25",
    "price" : 425.45,
    "dma50" : 456.88,
    "dma100" : 489.65,
    "dma200" : 503.41,
    "volume" : 15907.00
  }, {
    "date" : "2025-11-26",
    "price" : 430.45,
    "dma50" : 455.85,
    "dma100" : 488.33,
    "dma200" : 502.68,
    "volume" : 25477.00
  }, {
    "date" : "2025-11-27",
    "price" : 428.15,
    "dma50" : 454.76,
    "dma100" : 486.84,
    "dma200" : 501.94,
    "volume" : 33448.00
  }, {
    "date" : "2025-11-28",
    "price" : 422.25,
    "dma50" : 453.48,
    "dma100" : 485.16,
    "dma200" : 501.15,
    "volume" : 33833.00
  }, {
    "date" : "2025-12-01",
    "price" : 421.50,
    "dma50" : 452.23,
    "dma100" : 483.61,
    "dma200" : 500.36,
    "volume" : 11706.00
  }, {
    "date" : "2025-12-02",
    "price" : 418.25,
    "dma50" : 450.90,
    "dma100" : 481.95,
    "dma200" : 499.54,
    "volume" : 15150.00
  }, {
    "date" : "2025-12-03",
    "price" : 419.50,
    "dma50" : 449.67,
    "dma100" : 480.37,
    "dma200" : 498.74,
    "volume" : 10525.00
  }, {
    "date" : "2025-12-04",
    "price" : 417.30,
    "dma50" : 448.40,
    "dma100" : 478.77,
    "dma200" : 497.93,
    "volume" : 8255.00
  }, {
    "date" : "2025-12-05",
    "price" : 418.65,
    "dma50" : 447.23,
    "dma100" : 477.32,
    "dma200" : 497.14,
    "volume" : 9047.00
  }, {
    "date" : "2025-12-08",
    "price" : 411.20,
    "dma50" : 445.82,
    "dma100" : 475.81,
    "dma200" : 496.29,
    "volume" : 22969.00
  }, {
    "date" : "2025-12-09",
    "price" : 419.65,
    "dma50" : 444.79,
    "dma100" : 474.35,
    "dma200" : 495.53,
    "volume" : 19259.00
  }, {
    "date" : "2025-12-10",
    "price" : 419.90,
    "dma50" : 443.82,
    "dma100" : 472.90,
    "dma200" : 494.77,
    "volume" : 26702.00
  }, {
    "date" : "2025-12-11",
    "price" : 419.45,
    "dma50" : 442.86,
    "dma100" : 471.48,
    "dma200" : 494.03,
    "volume" : 8844.00
  }, {
    "date" : "2025-12-12",
    "price" : 419.50,
    "dma50" : 441.94,
    "dma100" : 470.05,
    "dma200" : 493.28,
    "volume" : 15714.00
  }, {
    "date" : "2025-12-15",
    "price" : 419.40,
    "dma50" : 441.06,
    "dma100" : 468.65,
    "dma200" : 492.55,
    "volume" : 7092.00
  }, {
    "date" : "2025-12-16",
    "price" : 415.60,
    "dma50" : 440.06,
    "dma100" : 467.33,
    "dma200" : 491.78,
    "volume" : 6817.00
  }, {
    "date" : "2025-12-17",
    "price" : 419.65,
    "dma50" : 439.26,
    "dma100" : 465.89,
    "dma200" : 491.06,
    "volume" : 26393.00
  }, {
    "date" : "2025-12-18",
    "price" : 408.60,
    "dma50" : 438.06,
    "dma100" : 464.45,
    "dma200" : 490.24,
    "volume" : 28151.00
  }, {
    "date" : "2025-12-19",
    "price" : 419.60,
    "dma50" : 437.33,
    "dma100" : 463.28,
    "dma200" : 489.54,
    "volume" : 18549.00
  }, {
    "date" : "2025-12-22",
    "price" : 418.80,
    "dma50" : 436.61,
    "dma100" : 462.20,
    "dma200" : 488.84,
    "volume" : 8922.00
  }, {
    "date" : "2025-12-23",
    "price" : 418.80,
    "dma50" : 435.91,
    "dma100" : 461.13,
    "dma200" : 488.14,
    "volume" : 15079.00
  }, {
    "date" : "2025-12-24",
    "price" : 409.90,
    "dma50" : 434.89,
    "dma100" : 459.96,
    "dma200" : 487.36,
    "volume" : 35286.00
  }, {
    "date" : "2025-12-26",
    "price" : 411.40,
    "dma50" : 433.97,
    "dma100" : 458.67,
    "dma200" : 486.61,
    "volume" : 12895.00
  }, {
    "date" : "2025-12-29",
    "price" : 414.40,
    "dma50" : 433.20,
    "dma100" : 457.53,
    "dma200" : 485.89,
    "volume" : 11094.00
  }, {
    "date" : "2025-12-30",
    "price" : 407.05,
    "dma50" : 432.18,
    "dma100" : 456.36,
    "dma200" : 485.10,
    "volume" : 13259.00
  }, {
    "date" : "2025-12-31",
    "price" : 399.90,
    "dma50" : 430.91,
    "dma100" : 455.03,
    "dma200" : 484.26,
    "volume" : 100066.00
  }, {
    "date" : "2026-01-01",
    "price" : 394.35,
    "dma50" : 429.48,
    "dma100" : 453.78,
    "dma200" : 483.36,
    "volume" : 71384.00
  }, {
    "date" : "2026-01-02",
    "price" : 403.85,
    "dma50" : 428.47,
    "dma100" : 452.69,
    "dma200" : 482.57,
    "volume" : 33770.00
  }, {
    "date" : "2026-01-05",
    "price" : 405.65,
    "dma50" : 427.58,
    "dma100" : 451.49,
    "dma200" : 481.80,
    "volume" : 14731.00
  }, {
    "date" : "2026-01-06",
    "price" : 403.70,
    "dma50" : 426.64,
    "dma100" : 450.29,
    "dma200" : 481.03,
    "volume" : 15718.00
  }, {
    "date" : "2026-01-07",
    "price" : 409.40,
    "dma50" : 425.96,
    "dma100" : 449.09,
    "dma200" : 480.31,
    "volume" : 20375.00
  }, {
    "date" : "2026-01-08",
    "price" : 403.25,
    "dma50" : 425.07,
    "dma100" : 447.97,
    "dma200" : 479.55,
    "volume" : 10527.00
  }, {
    "date" : "2026-01-09",
    "price" : 416.55,
    "dma50" : 424.74,
    "dma100" : 447.03,
    "dma200" : 478.92,
    "volume" : 70136.00
  }, {
    "date" : "2026-01-12",
    "price" : 412.50,
    "dma50" : 424.26,
    "dma100" : 446.12,
    "dma200" : 478.26,
    "volume" : 49972.00
  }, {
    "date" : "2026-01-13",
    "price" : 415.95,
    "dma50" : 423.93,
    "dma100" : 445.18,
    "dma200" : 477.64,
    "volume" : 34229.00
  }, {
    "date" : "2026-01-14",
    "price" : 397.80,
    "dma50" : 422.91,
    "dma100" : 444.04,
    "dma200" : 476.85,
    "volume" : 59288.00
  }, {
    "date" : "2026-01-16",
    "price" : 409.45,
    "dma50" : 422.38,
    "dma100" : 442.98,
    "dma200" : 476.18,
    "volume" : 37572.00
  }, {
    "date" : "2026-01-19",
    "price" : 399.85,
    "dma50" : 421.50,
    "dma100" : 442.05,
    "dma200" : 475.42,
    "volume" : 14445.00
  }, {
    "date" : "2026-01-20",
    "price" : 397.45,
    "dma50" : 420.55,
    "dma100" : 441.13,
    "dma200" : 474.64,
    "volume" : 17358.00
  }, {
    "date" : "2026-01-21",
    "price" : 387.45,
    "dma50" : 419.26,
    "dma100" : 440.28,
    "dma200" : 473.77,
    "volume" : 30584.00
  }, {
    "date" : "2026-01-22",
    "price" : 388.25,
    "dma50" : 418.04,
    "dma100" : 439.56,
    "dma200" : 472.92,
    "volume" : 38092.00
  }, {
    "date" : "2026-01-23",
    "price" : 383.45,
    "dma50" : 416.68,
    "dma100" : 438.82,
    "dma200" : 472.03,
    "volume" : 42924.00
  }, {
    "date" : "2026-01-27",
    "price" : 374.75,
    "dma50" : 415.04,
    "dma100" : 438.06,
    "dma200" : 471.06,
    "volume" : 22391.00
  }, {
    "date" : "2026-01-28",
    "price" : 387.15,
    "dma50" : 413.95,
    "dma100" : 437.36,
    "dma200" : 470.23,
    "volume" : 29697.00
  }, {
    "date" : "2026-01-29",
    "price" : 405.20,
    "dma50" : 413.60,
    "dma100" : 436.61,
    "dma200" : 469.58,
    "volume" : 363454.00
  }, {
    "date" : "2026-01-30",
    "price" : 408.25,
    "dma50" : 413.39,
    "dma100" : 435.95,
    "dma200" : 468.97,
    "volume" : 151486.00
  }, {
    "date" : "2026-02-01",
    "price" : 411.85,
    "dma50" : 413.33,
    "dma100" : 435.41,
    "dma200" : 468.40,
    "volume" : 34427.00
  }, {
    "date" : "2026-02-02",
    "price" : 413.85,
    "dma50" : 413.35,
    "dma100" : 434.82,
    "dma200" : 467.86,
    "volume" : 17339.00
  }, {
    "date" : "2026-02-03",
    "price" : 418.40,
    "dma50" : 413.55,
    "dma100" : 434.24,
    "dma200" : 467.37,
    "volume" : 26061.00
  }, {
    "date" : "2026-02-04",
    "price" : 409.25,
    "dma50" : 413.38,
    "dma100" : 433.54,
    "dma200" : 466.79,
    "volume" : 34117.00
  }, {
    "date" : "2026-02-05",
    "price" : 398.85,
    "dma50" : 412.81,
    "dma100" : 432.76,
    "dma200" : 466.11,
    "volume" : 26098.00
  }, {
    "date" : "2026-02-06",
    "price" : 399.70,
    "dma50" : 412.30,
    "dma100" : 431.90,
    "dma200" : 465.45,
    "volume" : 16514.00
  }, {
    "date" : "2026-02-09",
    "price" : 400.05,
    "dma50" : 411.82,
    "dma100" : 430.91,
    "dma200" : 464.80,
    "volume" : 124735.00
  }, {
    "date" : "2026-02-10",
    "price" : 412.45,
    "dma50" : 411.84,
    "dma100" : 430.16,
    "dma200" : 464.28,
    "volume" : 261850.00
  }, {
    "date" : "2026-02-11",
    "price" : 412.75,
    "dma50" : 411.88,
    "dma100" : 429.43,
    "dma200" : 463.77,
    "volume" : 56013.00
  }, {
    "date" : "2026-02-12",
    "price" : 408.65,
    "dma50" : 411.75,
    "dma100" : 428.76,
    "dma200" : 463.22,
    "volume" : 29995.00
  }, {
    "date" : "2026-02-13",
    "price" : 402.00,
    "dma50" : 411.37,
    "dma100" : 427.90,
    "dma200" : 462.61,
    "volume" : 33594.00
  } ],
  "latestTechnicalAttributes" : {
    "date" : "2026-02-13",
    "price" : 402.00,
    "dma50" : 411.37,
    "dma100" : 427.90,
    "dma200" : 462.61,
    "volume" : 33594.00
  },
  "quarterlyResults" : [ {
    "date" : "2005-03-31",
    "sales" : 51.23,
    "salesGrowthYoY" : null,
    "grossProfitMargin" : 50.46,
    "grossProfit" : 25.85,
    "operatingProfitMargin" : 10.66,
    "operatingProfit" : 5.46,
    "netProfitMargin" : 1.31,
    "netProfit" : 0.67
  }, {
    "date" : "2005-06-30",
    "sales" : 50.45,
    "salesGrowthYoY" : null,
    "grossProfitMargin" : 49.79,
    "grossProfit" : 25.12,
    "operatingProfitMargin" : 14.09,
    "operatingProfit" : 7.11,
    "netProfitMargin" : 1.01,
    "netProfit" : 0.51
  }, {
    "date" : "2005-09-30",
    "sales" : 55.44,
    "salesGrowthYoY" : null,
    "grossProfitMargin" : 51.89,
    "grossProfit" : 28.77,
    "operatingProfitMargin" : 13.06,
    "operatingProfit" : 7.24,
    "netProfitMargin" : 1.48,
    "netProfit" : 0.82
  }, {
    "date" : "2005-12-31",
    "sales" : 55.43,
    "salesGrowthYoY" : null,
    "grossProfitMargin" : 51.56,
    "grossProfit" : 28.58,
    "operatingProfitMargin" : 12.95,
    "operatingProfit" : 7.18,
    "netProfitMargin" : 1.82,
    "netProfit" : 1.01
  }, {
    "date" : "2006-03-31",
    "sales" : 67.55,
    "salesGrowthYoY" : 31.86,
    "grossProfitMargin" : 51.32,
    "grossProfit" : 34.67,
    "operatingProfitMargin" : 9.46,
    "operatingProfit" : 6.39,
    "netProfitMargin" : 1.13,
    "netProfit" : 0.76
  }, {
    "date" : "2006-06-30",
    "sales" : 60.51,
    "salesGrowthYoY" : 19.94,
    "grossProfitMargin" : 51.94,
    "grossProfit" : 31.43,
    "operatingProfitMargin" : 12.10,
    "operatingProfit" : 7.32,
    "netProfitMargin" : 1.70,
    "netProfit" : 1.03
  }, {
    "date" : "2006-09-30",
    "sales" : 64.09,
    "salesGrowthYoY" : 15.60,
    "grossProfitMargin" : 54.27,
    "grossProfit" : 34.78,
    "operatingProfitMargin" : 11.61,
    "operatingProfit" : 7.44,
    "netProfitMargin" : 1.69,
    "netProfit" : 1.08
  }, {
    "date" : "2006-12-31",
    "sales" : 66.99,
    "salesGrowthYoY" : 20.86,
    "grossProfitMargin" : 47.86,
    "grossProfit" : 32.06,
    "operatingProfitMargin" : 11.97,
    "operatingProfit" : 8.02,
    "netProfitMargin" : 1.91,
    "netProfit" : 1.28
  }, {
    "date" : "2007-03-31",
    "sales" : 84.24,
    "salesGrowthYoY" : 24.71,
    "grossProfitMargin" : 43.33,
    "grossProfit" : 36.50,
    "operatingProfitMargin" : 8.48,
    "operatingProfit" : 7.14,
    "netProfitMargin" : -1.03,
    "netProfit" : -0.87
  }, {
    "date" : "2007-06-30",
    "sales" : 63.97,
    "salesGrowthYoY" : 5.72,
    "grossProfitMargin" : 54.56,
    "grossProfit" : 34.90,
    "operatingProfitMargin" : 11.80,
    "operatingProfit" : 7.55,
    "netProfitMargin" : 2.06,
    "netProfit" : 1.32
  }, {
    "date" : "2007-09-30",
    "sales" : 71.31,
    "salesGrowthYoY" : 11.27,
    "grossProfitMargin" : 52.10,
    "grossProfit" : 37.15,
    "operatingProfitMargin" : 12.38,
    "operatingProfit" : 8.83,
    "netProfitMargin" : 2.64,
    "netProfit" : 1.88
  }, {
    "date" : "2007-12-31",
    "sales" : 81.14,
    "salesGrowthYoY" : 21.12,
    "grossProfitMargin" : 50.20,
    "grossProfit" : 40.73,
    "operatingProfitMargin" : 13.27,
    "operatingProfit" : 10.77,
    "netProfitMargin" : 1.86,
    "netProfit" : 1.51
  }, {
    "date" : "2008-03-31",
    "sales" : 113.55,
    "salesGrowthYoY" : 34.79,
    "grossProfitMargin" : 40.45,
    "grossProfit" : 45.93,
    "operatingProfitMargin" : 8.94,
    "operatingProfit" : 10.15,
    "netProfitMargin" : -0.56,
    "netProfit" : -0.64
  }, {
    "date" : "2008-06-30",
    "sales" : 83.75,
    "salesGrowthYoY" : 30.92,
    "grossProfitMargin" : 49.05,
    "grossProfit" : 41.08,
    "operatingProfitMargin" : 11.75,
    "operatingProfit" : 9.84,
    "netProfitMargin" : 2.13,
    "netProfit" : 1.78
  }, {
    "date" : "2008-09-30",
    "sales" : 110.20,
    "salesGrowthYoY" : 54.54,
    "grossProfitMargin" : 43.07,
    "grossProfit" : 47.46,
    "operatingProfitMargin" : 10.03,
    "operatingProfit" : 11.05,
    "netProfitMargin" : 2.30,
    "netProfit" : 2.53
  }, {
    "date" : "2008-12-31",
    "sales" : 110.18,
    "salesGrowthYoY" : 35.79,
    "grossProfitMargin" : 44.12,
    "grossProfit" : 48.61,
    "operatingProfitMargin" : 9.91,
    "operatingProfit" : 10.92,
    "netProfitMargin" : 2.10,
    "netProfit" : 2.31
  }, {
    "date" : "2009-03-31",
    "sales" : 138.80,
    "salesGrowthYoY" : 22.24,
    "grossProfitMargin" : 36.40,
    "grossProfit" : 50.52,
    "operatingProfitMargin" : 7.86,
    "operatingProfit" : 10.91,
    "netProfitMargin" : 1.52,
    "netProfit" : 2.11
  }, {
    "date" : "2009-06-30",
    "sales" : 99.82,
    "salesGrowthYoY" : 19.19,
    "grossProfitMargin" : 49.21,
    "grossProfit" : 49.12,
    "operatingProfitMargin" : 12.42,
    "operatingProfit" : 12.40,
    "netProfitMargin" : 3.49,
    "netProfit" : 3.48
  }, {
    "date" : "2009-09-30",
    "sales" : 124.90,
    "salesGrowthYoY" : 13.34,
    "grossProfitMargin" : 42.04,
    "grossProfit" : 52.51,
    "operatingProfitMargin" : 11.24,
    "operatingProfit" : 14.04,
    "netProfitMargin" : 3.76,
    "netProfit" : 4.70
  }, {
    "date" : "2009-12-31",
    "sales" : 133.97,
    "salesGrowthYoY" : 21.59,
    "grossProfitMargin" : 40.65,
    "grossProfit" : 54.46,
    "operatingProfitMargin" : 10.97,
    "operatingProfit" : 14.70,
    "netProfitMargin" : 3.74,
    "netProfit" : 5.01
  }, {
    "date" : "2010-03-31",
    "sales" : 181.03,
    "salesGrowthYoY" : 30.43,
    "grossProfitMargin" : 35.56,
    "grossProfit" : 64.37,
    "operatingProfitMargin" : 9.41,
    "operatingProfit" : 17.03,
    "netProfitMargin" : 4.02,
    "netProfit" : 7.28
  }, {
    "date" : "2010-06-30",
    "sales" : 133.06,
    "salesGrowthYoY" : 33.30,
    "grossProfitMargin" : 40.43,
    "grossProfit" : 53.80,
    "operatingProfitMargin" : 10.94,
    "operatingProfit" : 14.56,
    "netProfitMargin" : 3.61,
    "netProfit" : 4.80
  }, {
    "date" : "2010-09-30",
    "sales" : 163.38,
    "salesGrowthYoY" : 30.81,
    "grossProfitMargin" : 38.03,
    "grossProfit" : 62.13,
    "operatingProfitMargin" : 10.48,
    "operatingProfit" : 17.12,
    "netProfitMargin" : 3.35,
    "netProfit" : 5.47
  }, {
    "date" : "2010-12-31",
    "sales" : 178.54,
    "salesGrowthYoY" : 33.27,
    "grossProfitMargin" : 37.40,
    "grossProfit" : 66.77,
    "operatingProfitMargin" : 9.11,
    "operatingProfit" : 16.26,
    "netProfitMargin" : 2.91,
    "netProfit" : 5.20
  }, {
    "date" : "2011-03-31",
    "sales" : 238.88,
    "salesGrowthYoY" : 31.96,
    "grossProfitMargin" : 29.75,
    "grossProfit" : 71.07,
    "operatingProfitMargin" : 8.19,
    "operatingProfit" : 19.56,
    "netProfitMargin" : 3.33,
    "netProfit" : 7.95
  }, {
    "date" : "2011-06-30",
    "sales" : 171.87,
    "salesGrowthYoY" : 29.17,
    "grossProfitMargin" : 32.36,
    "grossProfit" : 55.62,
    "operatingProfitMargin" : 9.77,
    "operatingProfit" : 16.79,
    "netProfitMargin" : 3.38,
    "netProfit" : 5.81
  }, {
    "date" : "2011-09-30",
    "sales" : 207.69,
    "salesGrowthYoY" : 27.12,
    "grossProfitMargin" : 30.62,
    "grossProfit" : 63.59,
    "operatingProfitMargin" : 8.25,
    "operatingProfit" : 17.13,
    "netProfitMargin" : 2.77,
    "netProfit" : 5.75
  }, {
    "date" : "2011-12-31",
    "sales" : 217.42,
    "salesGrowthYoY" : 21.78,
    "grossProfitMargin" : 29.24,
    "grossProfit" : 63.57,
    "operatingProfitMargin" : 7.56,
    "operatingProfit" : 16.44,
    "netProfitMargin" : 2.18,
    "netProfit" : 4.74
  }, {
    "date" : "2012-03-31",
    "sales" : 276.25,
    "salesGrowthYoY" : 15.64,
    "grossProfitMargin" : 27.41,
    "grossProfit" : 75.72,
    "operatingProfitMargin" : 8.44,
    "operatingProfit" : 23.32,
    "netProfitMargin" : 3.11,
    "netProfit" : 8.59
  }, {
    "date" : "2012-06-30",
    "sales" : 190.36,
    "salesGrowthYoY" : 10.76,
    "grossProfitMargin" : 34.32,
    "grossProfit" : 65.33,
    "operatingProfitMargin" : 9.21,
    "operatingProfit" : 17.53,
    "netProfitMargin" : 2.77,
    "netProfit" : 5.27
  }, {
    "date" : "2012-09-30",
    "sales" : 257.75,
    "salesGrowthYoY" : 24.10,
    "grossProfitMargin" : 28.29,
    "grossProfit" : 72.92,
    "operatingProfitMargin" : 8.23,
    "operatingProfit" : 21.21,
    "netProfitMargin" : 3.11,
    "netProfit" : 8.02
  }, {
    "date" : "2012-12-31",
    "sales" : 267.19,
    "salesGrowthYoY" : 22.89,
    "grossProfitMargin" : 28.15,
    "grossProfit" : 75.21,
    "operatingProfitMargin" : 8.27,
    "operatingProfit" : 22.10,
    "netProfitMargin" : 3.05,
    "netProfit" : 8.15
  }, {
    "date" : "2013-03-31",
    "sales" : 334.85,
    "salesGrowthYoY" : 21.21,
    "grossProfitMargin" : 25.82,
    "grossProfit" : 86.46,
    "operatingProfitMargin" : 7.25,
    "operatingProfit" : 24.28,
    "netProfitMargin" : 3.03,
    "netProfit" : 10.15
  }, {
    "date" : "2013-06-30",
    "sales" : 258.78,
    "salesGrowthYoY" : 35.94,
    "grossProfitMargin" : 27.25,
    "grossProfit" : 70.52,
    "operatingProfitMargin" : 6.99,
    "operatingProfit" : 18.09,
    "netProfitMargin" : 2.25,
    "netProfit" : 5.82
  }, {
    "date" : "2013-09-30",
    "sales" : 305.56,
    "salesGrowthYoY" : 18.55,
    "grossProfitMargin" : 25.84,
    "grossProfit" : 78.96,
    "operatingProfitMargin" : 6.36,
    "operatingProfit" : 19.43,
    "netProfitMargin" : 2.05,
    "netProfit" : 6.26
  }, {
    "date" : "2013-12-31",
    "sales" : 284.46,
    "salesGrowthYoY" : 6.46,
    "grossProfitMargin" : 26.21,
    "grossProfit" : 74.56,
    "operatingProfitMargin" : 5.96,
    "operatingProfit" : 16.95,
    "netProfitMargin" : 1.68,
    "netProfit" : 4.78
  }, {
    "date" : "2014-03-31",
    "sales" : 409.62,
    "salesGrowthYoY" : 22.33,
    "grossProfitMargin" : 22.49,
    "grossProfit" : 92.12,
    "operatingProfitMargin" : 6.63,
    "operatingProfit" : 27.16,
    "netProfitMargin" : 2.73,
    "netProfit" : 11.18
  }, {
    "date" : "2014-06-30",
    "sales" : 331.80,
    "salesGrowthYoY" : 28.22,
    "grossProfitMargin" : 25.89,
    "grossProfit" : 85.90,
    "operatingProfitMargin" : 5.92,
    "operatingProfit" : 19.64,
    "netProfitMargin" : 2.43,
    "netProfit" : 8.06
  }, {
    "date" : "2014-09-30",
    "sales" : 375.33,
    "salesGrowthYoY" : 22.83,
    "grossProfitMargin" : 25.36,
    "grossProfit" : 95.18,
    "operatingProfitMargin" : 6.44,
    "operatingProfit" : 24.17,
    "netProfitMargin" : 2.80,
    "netProfit" : 10.51
  }, {
    "date" : "2014-12-31",
    "sales" : 375.68,
    "salesGrowthYoY" : 32.07,
    "grossProfitMargin" : 25.20,
    "grossProfit" : 94.67,
    "operatingProfitMargin" : 6.50,
    "operatingProfit" : 24.42,
    "netProfitMargin" : 2.93,
    "netProfit" : 11.01
  }, {
    "date" : "2015-03-31",
    "sales" : 459.11,
    "salesGrowthYoY" : 12.08,
    "grossProfitMargin" : 22.48,
    "grossProfit" : 103.21,
    "operatingProfitMargin" : 6.29,
    "operatingProfit" : 28.88,
    "netProfitMargin" : 3.22,
    "netProfit" : 14.78
  }, {
    "date" : "2015-06-30",
    "sales" : 393.55,
    "salesGrowthYoY" : 18.61,
    "grossProfitMargin" : 24.73,
    "grossProfit" : 97.32,
    "operatingProfitMargin" : 6.10,
    "operatingProfit" : 24.01,
    "netProfitMargin" : 2.67,
    "netProfit" : 10.51
  }, {
    "date" : "2015-09-30",
    "sales" : 405.63,
    "salesGrowthYoY" : 8.07,
    "grossProfitMargin" : 24.98,
    "grossProfit" : 101.33,
    "operatingProfitMargin" : 6.88,
    "operatingProfit" : 27.91,
    "netProfitMargin" : 3.24,
    "netProfit" : 13.14
  }, {
    "date" : "2015-12-31",
    "sales" : 415.21,
    "salesGrowthYoY" : 10.52,
    "grossProfitMargin" : 26.96,
    "grossProfit" : 111.94,
    "operatingProfitMargin" : 7.14,
    "operatingProfit" : 29.65,
    "netProfitMargin" : 3.34,
    "netProfit" : 13.87
  }, {
    "date" : "2016-03-31",
    "sales" : 521.09,
    "salesGrowthYoY" : 13.50,
    "grossProfitMargin" : 33.23,
    "grossProfit" : 173.16,
    "operatingProfitMargin" : 8.87,
    "operatingProfit" : 46.22,
    "netProfitMargin" : 5.08,
    "netProfit" : 26.47
  }, {
    "date" : "2016-06-30",
    "sales" : 409.23,
    "salesGrowthYoY" : 3.98,
    "grossProfitMargin" : 37.18,
    "grossProfit" : 152.15,
    "operatingProfitMargin" : 8.04,
    "operatingProfit" : 32.90,
    "netProfitMargin" : 4.43,
    "netProfit" : 18.13
  }, {
    "date" : "2016-09-30",
    "sales" : 441.09,
    "salesGrowthYoY" : 8.74,
    "grossProfitMargin" : 38.93,
    "grossProfit" : 171.72,
    "operatingProfitMargin" : 9.25,
    "operatingProfit" : 40.80,
    "netProfitMargin" : 5.39,
    "netProfit" : 23.77
  }, {
    "date" : "2016-12-31",
    "sales" : 409.50,
    "salesGrowthYoY" : -1.38,
    "grossProfitMargin" : 40.10,
    "grossProfit" : 164.21,
    "operatingProfitMargin" : 9.46,
    "operatingProfit" : 38.74,
    "netProfitMargin" : 4.93,
    "netProfit" : 20.19
  }, {
    "date" : "2017-03-31",
    "sales" : 553.63,
    "salesGrowthYoY" : 6.24,
    "grossProfitMargin" : 35.18,
    "grossProfit" : 194.77,
    "operatingProfitMargin" : 8.84,
    "operatingProfit" : 48.94,
    "netProfitMargin" : 5.04,
    "netProfit" : 27.90
  }, {
    "date" : "2017-06-30",
    "sales" : 331.12,
    "salesGrowthYoY" : -19.09,
    "grossProfitMargin" : 41.31,
    "grossProfit" : 136.79,
    "operatingProfitMargin" : 4.87,
    "operatingProfit" : 16.13,
    "netProfitMargin" : 2.14,
    "netProfit" : 7.09
  }, {
    "date" : "2017-09-30",
    "sales" : 428.19,
    "salesGrowthYoY" : -2.92,
    "grossProfitMargin" : 31.03,
    "grossProfit" : 132.87,
    "operatingProfitMargin" : 9.56,
    "operatingProfit" : 40.93,
    "netProfitMargin" : 5.18,
    "netProfit" : 22.18
  }, {
    "date" : "2017-12-31",
    "sales" : 379.37,
    "salesGrowthYoY" : -7.36,
    "grossProfitMargin" : 30.28,
    "grossProfit" : 114.87,
    "operatingProfitMargin" : 7.24,
    "operatingProfit" : 27.47,
    "netProfitMargin" : 3.67,
    "netProfit" : 13.92
  }, {
    "date" : "2018-03-31",
    "sales" : 526.66,
    "salesGrowthYoY" : -4.87,
    "grossProfitMargin" : 26.24,
    "grossProfit" : 138.20,
    "operatingProfitMargin" : 8.85,
    "operatingProfit" : 46.61,
    "netProfitMargin" : 4.70,
    "netProfit" : 24.75
  }, {
    "date" : "2018-06-30",
    "sales" : 362.17,
    "salesGrowthYoY" : 9.38,
    "grossProfitMargin" : 29.76,
    "grossProfit" : 107.78,
    "operatingProfitMargin" : 5.96,
    "operatingProfit" : 21.59,
    "netProfitMargin" : 2.31,
    "netProfit" : 8.37
  }, {
    "date" : "2018-09-30",
    "sales" : 392.82,
    "salesGrowthYoY" : -8.26,
    "grossProfitMargin" : 25.92,
    "grossProfit" : 101.82,
    "operatingProfitMargin" : 4.17,
    "operatingProfit" : 16.38,
    "netProfitMargin" : 1.16,
    "netProfit" : 4.56
  }, {
    "date" : "2018-12-31",
    "sales" : 425.55,
    "salesGrowthYoY" : 12.17,
    "grossProfitMargin" : 28.12,
    "grossProfit" : 119.66,
    "operatingProfitMargin" : 5.63,
    "operatingProfit" : 23.96,
    "netProfitMargin" : 2.35,
    "netProfit" : 10.00
  }, {
    "date" : "2019-03-31",
    "sales" : 515.01,
    "salesGrowthYoY" : -2.21,
    "grossProfitMargin" : 27.51,
    "grossProfit" : 141.68,
    "operatingProfitMargin" : 10.04,
    "operatingProfit" : 51.71,
    "netProfitMargin" : 5.40,
    "netProfit" : 27.81
  }, {
    "date" : "2019-06-30",
    "sales" : 387.15,
    "salesGrowthYoY" : 6.90,
    "grossProfitMargin" : 28.16,
    "grossProfit" : 109.02,
    "operatingProfitMargin" : 5.95,
    "operatingProfit" : 23.04,
    "netProfitMargin" : 2.26,
    "netProfit" : 8.75
  }, {
    "date" : "2019-09-30",
    "sales" : 421.67,
    "salesGrowthYoY" : 7.34,
    "grossProfitMargin" : 28.10,
    "grossProfit" : 118.49,
    "operatingProfitMargin" : 6.62,
    "operatingProfit" : 27.91,
    "netProfitMargin" : 7.35,
    "netProfit" : 30.99
  }, {
    "date" : "2019-12-31",
    "sales" : 433.95,
    "salesGrowthYoY" : 1.97,
    "grossProfitMargin" : 25.49,
    "grossProfit" : 110.61,
    "operatingProfitMargin" : 5.25,
    "operatingProfit" : 22.78,
    "netProfitMargin" : 2.00,
    "netProfit" : 8.68
  }, {
    "date" : "2020-03-31",
    "sales" : 352.48,
    "salesGrowthYoY" : -31.56,
    "grossProfitMargin" : 26.14,
    "grossProfit" : 92.14,
    "operatingProfitMargin" : 0.21,
    "operatingProfit" : 0.74,
    "netProfitMargin" : -2.55,
    "netProfit" : -8.99
  }, {
    "date" : "2020-06-30",
    "sales" : 169.03,
    "salesGrowthYoY" : -56.34,
    "grossProfitMargin" : 19.59,
    "grossProfit" : 33.11,
    "operatingProfitMargin" : -5.92,
    "operatingProfit" : -10.01,
    "netProfitMargin" : -10.13,
    "netProfit" : -17.12
  }, {
    "date" : "2020-09-30",
    "sales" : 420.53,
    "salesGrowthYoY" : -0.27,
    "grossProfitMargin" : 27.06,
    "grossProfit" : 113.80,
    "operatingProfitMargin" : 8.85,
    "operatingProfit" : 37.22,
    "netProfitMargin" : 4.79,
    "netProfit" : 20.14
  }, {
    "date" : "2020-12-31",
    "sales" : 485.40,
    "salesGrowthYoY" : 11.86,
    "grossProfitMargin" : 29.75,
    "grossProfit" : 144.41,
    "operatingProfitMargin" : 9.02,
    "operatingProfit" : 43.78,
    "netProfitMargin" : 5.25,
    "netProfit" : 25.48
  }, {
    "date" : "2021-03-31",
    "sales" : 555.28,
    "salesGrowthYoY" : 57.54,
    "grossProfitMargin" : 26.73,
    "grossProfit" : 148.43,
    "operatingProfitMargin" : 12.07,
    "operatingProfit" : 67.02,
    "netProfitMargin" : 6.98,
    "netProfit" : 38.76
  }, {
    "date" : "2021-06-30",
    "sales" : 325.52,
    "salesGrowthYoY" : 92.58,
    "grossProfitMargin" : 28.04,
    "grossProfit" : 91.28,
    "operatingProfitMargin" : 4.43,
    "operatingProfit" : 14.42,
    "netProfitMargin" : 1.78,
    "netProfit" : 5.79
  }, {
    "date" : "2021-09-30",
    "sales" : 557.45,
    "salesGrowthYoY" : 32.56,
    "grossProfitMargin" : 26.95,
    "grossProfit" : 150.23,
    "operatingProfitMargin" : 10.13,
    "operatingProfit" : 56.47,
    "netProfitMargin" : 6.26,
    "netProfit" : 34.90
  }, {
    "date" : "2021-12-31",
    "sales" : 581.50,
    "salesGrowthYoY" : 19.80,
    "grossProfitMargin" : 24.55,
    "grossProfit" : 142.76,
    "operatingProfitMargin" : 7.93,
    "operatingProfit" : 46.11,
    "netProfitMargin" : 5.29,
    "netProfit" : 30.76
  }, {
    "date" : "2022-03-31",
    "sales" : 609.32,
    "salesGrowthYoY" : 9.73,
    "grossProfitMargin" : 21.64,
    "grossProfit" : 131.86,
    "operatingProfitMargin" : 5.46,
    "operatingProfit" : 33.27,
    "netProfitMargin" : 2.70,
    "netProfit" : 16.45
  }, {
    "date" : "2022-06-30",
    "sales" : 544.41,
    "salesGrowthYoY" : 67.24,
    "grossProfitMargin" : 24.85,
    "grossProfit" : 135.29,
    "operatingProfitMargin" : 6.83,
    "operatingProfit" : 37.18,
    "netProfitMargin" : 4.43,
    "netProfit" : 24.12
  }, {
    "date" : "2022-09-30",
    "sales" : 608.87,
    "salesGrowthYoY" : 9.22,
    "grossProfitMargin" : 23.42,
    "grossProfit" : 142.60,
    "operatingProfitMargin" : 5.91,
    "operatingProfit" : 35.98,
    "netProfitMargin" : 3.70,
    "netProfit" : 22.53
  }, {
    "date" : "2022-12-31",
    "sales" : 616.77,
    "salesGrowthYoY" : 6.07,
    "grossProfitMargin" : 22.95,
    "grossProfit" : 141.55,
    "operatingProfitMargin" : 4.66,
    "operatingProfit" : 28.74,
    "netProfitMargin" : 2.82,
    "netProfit" : 17.39
  }, {
    "date" : "2023-03-31",
    "sales" : 672.65,
    "salesGrowthYoY" : 10.39,
    "grossProfitMargin" : 23.99,
    "grossProfit" : 161.37,
    "operatingProfitMargin" : 6.65,
    "operatingProfit" : 44.73,
    "netProfitMargin" : 3.97,
    "netProfit" : 26.70
  }, {
    "date" : "2023-06-30",
    "sales" : 579.05,
    "salesGrowthYoY" : 6.36,
    "grossProfitMargin" : 25.72,
    "grossProfit" : 148.93,
    "operatingProfitMargin" : 6.83,
    "operatingProfit" : 39.55,
    "netProfitMargin" : 4.47,
    "netProfit" : 25.88
  }, {
    "date" : "2023-09-30",
    "sales" : 643.26,
    "salesGrowthYoY" : 5.65,
    "grossProfitMargin" : 26.31,
    "grossProfit" : 169.24,
    "operatingProfitMargin" : 6.88,
    "operatingProfit" : 44.26,
    "netProfitMargin" : 4.61,
    "netProfit" : 29.65
  }, {
    "date" : "2023-12-31",
    "sales" : 598.47,
    "salesGrowthYoY" : -2.97,
    "grossProfitMargin" : 26.33,
    "grossProfit" : 157.58,
    "operatingProfitMargin" : 6.04,
    "operatingProfit" : 36.15,
    "netProfitMargin" : 3.37,
    "netProfit" : 20.17
  }, {
    "date" : "2024-03-31",
    "sales" : 713.71,
    "salesGrowthYoY" : 6.10,
    "grossProfitMargin" : 24.41,
    "grossProfit" : 174.22,
    "operatingProfitMargin" : 6.89,
    "operatingProfit" : 49.17,
    "netProfitMargin" : 3.84,
    "netProfit" : 27.41
  }, {
    "date" : "2024-06-30",
    "sales" : 561.43,
    "salesGrowthYoY" : -3.04,
    "grossProfitMargin" : 25.53,
    "grossProfit" : 143.33,
    "operatingProfitMargin" : 5.08,
    "operatingProfit" : 28.52,
    "netProfitMargin" : 2.82,
    "netProfit" : 15.83
  }, {
    "date" : "2024-09-30",
    "sales" : 642.03,
    "salesGrowthYoY" : -0.19,
    "grossProfitMargin" : 24.51,
    "grossProfit" : 157.36,
    "operatingProfitMargin" : 5.05,
    "operatingProfit" : 32.42,
    "netProfitMargin" : 2.84,
    "netProfit" : 18.23
  }, {
    "date" : "2024-12-31",
    "sales" : 623.28,
    "salesGrowthYoY" : 4.15,
    "grossProfitMargin" : 25.95,
    "grossProfit" : 161.74,
    "operatingProfitMargin" : 5.09,
    "operatingProfit" : 31.72,
    "netProfitMargin" : 2.53,
    "netProfit" : 15.77
  }, {
    "date" : "2025-03-31",
    "sales" : 742.68,
    "salesGrowthYoY" : 4.06,
    "grossProfitMargin" : 24.13,
    "grossProfit" : 179.21,
    "operatingProfitMargin" : 6.27,
    "operatingProfit" : 46.57,
    "netProfitMargin" : 3.83,
    "netProfit" : 28.44
  }, {
    "date" : "2025-06-30",
    "sales" : 581.82,
    "salesGrowthYoY" : 3.63,
    "grossProfitMargin" : 26.34,
    "grossProfit" : 153.25,
    "operatingProfitMargin" : 6.03,
    "operatingProfit" : 35.08,
    "netProfitMargin" : 2.88,
    "netProfit" : 16.76
  }, {
    "date" : "2025-09-30",
    "sales" : 658.05,
    "salesGrowthYoY" : 2.50,
    "grossProfitMargin" : 25.21,
    "grossProfit" : 165.89,
    "operatingProfitMargin" : 6.25,
    "operatingProfit" : 41.13,
    "netProfitMargin" : 3.42,
    "netProfit" : 22.51
  }, {
    "date" : "2025-12-31",
    "sales" : 647.27,
    "salesGrowthYoY" : 3.85,
    "grossProfitMargin" : 26.56,
    "grossProfit" : 171.91,
    "operatingProfitMargin" : 6.60,
    "operatingProfit" : 42.72,
    "netProfitMargin" : 3.44,
    "netProfit" : 22.27
  } ],
  "latestQuarterlyResult" : {
    "date" : "2025-12-31",
    "sales" : 647.27,
    "salesGrowthYoY" : 3.85,
    "grossProfitMargin" : 26.56,
    "grossProfit" : 171.91,
    "operatingProfitMargin" : 6.60,
    "operatingProfit" : 42.72,
    "netProfitMargin" : 3.44,
    "netProfit" : 22.27
  },
  "companyScore" : {
    "priceHigherThanDma50" : 0.00,
    "priceHigherThanDma100" : 0.00,
    "priceHigherThanDma200" : 0.00,
    "dma50HigherThanDma100" : 0.00,
    "dma50HigherThanDma200" : 0.00,
    "dma100HigherThanDma200" : 0.00,
    "pricePercentageAboveDma50" : 5.11,
    "pricePercentageAboveDma100" : 5.30,
    "pricePercentageAboveDma200" : 5.66,
    "weeklyVolumeHigherThanYearlyVolume" : 5.00,
    "salesGrowthPercentile" : 8.08,
    "operatingProfitMarginPercentile" : 12.51,
    "netProfitMarginPercentile" : 7.76,
    "totalTechnicalScore" : 21.07,
    "totalFundamentalScore" : 28.36,
    "totalScore" : 49.43
  }
}