{
  "metadata" : {
    "screenerCompanyId" : "1272957",
    "companyCode" : "SPORTKING",
    "companyName" : "Sportking India",
    "screenerCompanyLink" : "https://www.screener.in/company/SPORTKING/",
    "screenerTechnicalHistoryLink" : "https://www.screener.in/api/company/1272957/chart/?q=Price-DMA50-DMA200-Volume&days=365",
    "screenerQuarterlyResultsLink" : "https://www.screener.in/api/company/1272957/chart/?q=GPM-OPM-NPM-Quarter+Sales&days=10000",
    "attributes" : {
      "companyCode" : "SPORTKING",
      "companyName" : "Sportking India",
      "marketCap" : 1388.00,
      "peRatio" : 11.30,
      "description" : "Sportking India Limited, a part of the Sportking Group, is a textile manufacturing company engaged in the production of Yarns (Cotton Yarn, Synthetic Yarn, Blended Yarn), fabrics and garments. [1][2]"
    },
    "companyScore" : {
      "priceHigherThanDma50" : 5.00,
      "priceHigherThanDma100" : 5.00,
      "priceHigherThanDma200" : 5.00,
      "dma50HigherThanDma100" : 0.00,
      "dma50HigherThanDma200" : 0.00,
      "dma100HigherThanDma200" : 0.00,
      "pricePercentageAboveDma50" : 4.15,
      "pricePercentageAboveDma100" : 4.25,
      "pricePercentageAboveDma200" : 4.46,
      "weeklyVolumeHigherThanYearlyVolume" : 5.00,
      "salesGrowthPercentile" : 10.40,
      "operatingProfitMarginPercentile" : 7.04,
      "netProfitMarginPercentile" : 6.30,
      "totalTechnicalScore" : 32.86,
      "totalFundamentalScore" : 23.73,
      "totalScore" : 56.60
    }
  },
  "attributes" : {
    "companyCode" : "SPORTKING",
    "companyName" : "Sportking India",
    "marketCap" : 1388.00,
    "peRatio" : 11.30,
    "description" : "Sportking India Limited, a part of the Sportking Group, is a textile manufacturing company engaged in the production of Yarns (Cotton Yarn, Synthetic Yarn, Blended Yarn), fabrics and garments. [1][2]"
  },
  "technicalHistory" : [ {
    "date" : "2025-02-12",
    "price" : 82.08,
    "dma50" : 97.74,
    "dma100" : null,
    "dma200" : 101.81,
    "volume" : 223162.00
  }, {
    "date" : "2025-02-13",
    "price" : 82.71,
    "dma50" : 97.15,
    "dma100" : null,
    "dma200" : 101.62,
    "volume" : 91875.00
  }, {
    "date" : "2025-02-14",
    "price" : 77.48,
    "dma50" : 96.38,
    "dma100" : null,
    "dma200" : 101.38,
    "volume" : 201111.00
  }, {
    "date" : "2025-02-17",
    "price" : 76.87,
    "dma50" : 95.61,
    "dma100" : null,
    "dma200" : 101.14,
    "volume" : 144093.00
  }, {
    "date" : "2025-02-18",
    "price" : 77.71,
    "dma50" : 94.91,
    "dma100" : null,
    "dma200" : 100.90,
    "volume" : 167996.00
  }, {
    "date" : "2025-02-19",
    "price" : 76.78,
    "dma50" : 94.20,
    "dma100" : null,
    "dma200" : 100.66,
    "volume" : 326999.00
  }, {
    "date" : "2025-02-20",
    "price" : 77.82,
    "dma50" : 93.56,
    "dma100" : null,
    "dma200" : 100.44,
    "volume" : 139128.00
  }, {
    "date" : "2025-02-21",
    "price" : 77.66,
    "dma50" : 92.93,
    "dma100" : null,
    "dma200" : 100.21,
    "volume" : 144679.00
  }, {
    "date" : "2025-02-24",
    "price" : 77.62,
    "dma50" : 92.33,
    "dma100" : null,
    "dma200" : 99.99,
    "volume" : 125826.00
  }, {
    "date" : "2025-02-25",
    "price" : 77.38,
    "dma50" : 91.75,
    "dma100" : null,
    "dma200" : 99.76,
    "volume" : 91089.00
  }, {
    "date" : "2025-02-27",
    "price" : 75.84,
    "dma50" : 91.12,
    "dma100" : null,
    "dma200" : 99.52,
    "volume" : 83759.00
  }, {
    "date" : "2025-02-28",
    "price" : 74.56,
    "dma50" : 90.47,
    "dma100" : null,
    "dma200" : 99.27,
    "volume" : 197948.00
  }, {
    "date" : "2025-03-03",
    "price" : 72.03,
    "dma50" : 89.75,
    "dma100" : null,
    "dma200" : 99.00,
    "volume" : 165946.00
  }, {
    "date" : "2025-03-04",
    "price" : 71.68,
    "dma50" : 89.04,
    "dma100" : null,
    "dma200" : 98.73,
    "volume" : 129026.00
  }, {
    "date" : "2025-03-05",
    "price" : 77.42,
    "dma50" : 88.58,
    "dma100" : null,
    "dma200" : 98.52,
    "volume" : 136157.00
  }, {
    "date" : "2025-03-06",
    "price" : 87.60,
    "dma50" : 88.55,
    "dma100" : null,
    "dma200" : 98.41,
    "volume" : 311550.00
  }, {
    "date" : "2025-03-07",
    "price" : 85.42,
    "dma50" : 88.42,
    "dma100" : null,
    "dma200" : 98.28,
    "volume" : 194258.00
  }, {
    "date" : "2025-03-10",
    "price" : 80.17,
    "dma50" : 88.10,
    "dma100" : null,
    "dma200" : 98.10,
    "volume" : 215025.00
  }, {
    "date" : "2025-03-11",
    "price" : 78.96,
    "dma50" : 87.74,
    "dma100" : null,
    "dma200" : 97.91,
    "volume" : 126694.00
  }, {
    "date" : "2025-03-12",
    "price" : 78.61,
    "dma50" : 87.38,
    "dma100" : null,
    "dma200" : 97.72,
    "volume" : 89244.00
  }, {
    "date" : "2025-03-13",
    "price" : 80.29,
    "dma50" : 87.10,
    "dma100" : null,
    "dma200" : 97.55,
    "volume" : 171093.00
  }, {
    "date" : "2025-03-17",
    "price" : 76.84,
    "dma50" : 86.70,
    "dma100" : null,
    "dma200" : 97.34,
    "volume" : 149884.00
  }, {
    "date" : "2025-03-18",
    "price" : 78.43,
    "dma50" : 86.38,
    "dma100" : null,
    "dma200" : 97.15,
    "volume" : 208492.00
  }, {
    "date" : "2025-03-19",
    "price" : 81.54,
    "dma50" : 86.19,
    "dma100" : null,
    "dma200" : 97.00,
    "volume" : 179551.00
  }, {
    "date" : "2025-03-20",
    "price" : 81.37,
    "dma50" : 86.00,
    "dma100" : null,
    "dma200" : 96.84,
    "volume" : 514717.00
  }, {
    "date" : "2025-03-21",
    "price" : 84.15,
    "dma50" : 85.93,
    "dma100" : null,
    "dma200" : 96.71,
    "volume" : 344040.00
  }, {
    "date" : "2025-03-24",
    "price" : 83.85,
    "dma50" : 85.85,
    "dma100" : null,
    "dma200" : 96.59,
    "volume" : 455536.00
  }, {
    "date" : "2025-03-25",
    "price" : 81.70,
    "dma50" : 85.68,
    "dma100" : null,
    "dma200" : 96.44,
    "volume" : 240652.00
  }, {
    "date" : "2025-03-26",
    "price" : 79.11,
    "dma50" : 85.43,
    "dma100" : null,
    "dma200" : 96.27,
    "volume" : 232104.00
  }, {
    "date" : "2025-03-27",
    "price" : 76.95,
    "dma50" : 85.09,
    "dma100" : null,
    "dma200" : 96.07,
    "volume" : 416033.00
  }, {
    "date" : "2025-03-28",
    "price" : 76.44,
    "dma50" : 84.75,
    "dma100" : null,
    "dma200" : 95.88,
    "volume" : 294667.00
  }, {
    "date" : "2025-04-01",
    "price" : 81.66,
    "dma50" : 84.63,
    "dma100" : null,
    "dma200" : 95.74,
    "volume" : 173599.00
  }, {
    "date" : "2025-04-02",
    "price" : 86.06,
    "dma50" : 84.69,
    "dma100" : null,
    "dma200" : 95.64,
    "volume" : 250502.00
  }, {
    "date" : "2025-04-03",
    "price" : 93.77,
    "dma50" : 85.04,
    "dma100" : null,
    "dma200" : 95.62,
    "volume" : 525151.00
  }, {
    "date" : "2025-04-04",
    "price" : 88.79,
    "dma50" : 85.19,
    "dma100" : null,
    "dma200" : 95.55,
    "volume" : 223050.00
  }, {
    "date" : "2025-04-07",
    "price" : 85.94,
    "dma50" : 85.22,
    "dma100" : null,
    "dma200" : 95.46,
    "volume" : 224850.00
  }, {
    "date" : "2025-04-08",
    "price" : 85.48,
    "dma50" : 85.23,
    "dma100" : null,
    "dma200" : 95.36,
    "volume" : 106829.00
  }, {
    "date" : "2025-04-09",
    "price" : 85.89,
    "dma50" : 85.26,
    "dma100" : null,
    "dma200" : 95.26,
    "volume" : 91700.00
  }, {
    "date" : "2025-04-11",
    "price" : 86.31,
    "dma50" : 85.30,
    "dma100" : null,
    "dma200" : 95.18,
    "volume" : 149159.00
  }, {
    "date" : "2025-04-15",
    "price" : 88.24,
    "dma50" : 85.41,
    "dma100" : null,
    "dma200" : 95.11,
    "volume" : 161916.00
  }, {
    "date" : "2025-04-16",
    "price" : 88.21,
    "dma50" : 85.52,
    "dma100" : null,
    "dma200" : 95.04,
    "volume" : 128531.00
  }, {
    "date" : "2025-04-17",
    "price" : 90.01,
    "dma50" : 85.70,
    "dma100" : null,
    "dma200" : 94.99,
    "volume" : 196370.00
  }, {
    "date" : "2025-04-21",
    "price" : 90.24,
    "dma50" : 85.88,
    "dma100" : null,
    "dma200" : 94.94,
    "volume" : 118272.00
  }, {
    "date" : "2025-04-22",
    "price" : 91.59,
    "dma50" : 86.10,
    "dma100" : null,
    "dma200" : 94.91,
    "volume" : 136161.00
  }, {
    "date" : "2025-04-23",
    "price" : 91.01,
    "dma50" : 86.29,
    "dma100" : null,
    "dma200" : 94.87,
    "volume" : 120190.00
  }, {
    "date" : "2025-04-24",
    "price" : 93.15,
    "dma50" : 86.56,
    "dma100" : null,
    "dma200" : 94.85,
    "volume" : 224446.00
  }, {
    "date" : "2025-04-25",
    "price" : 90.20,
    "dma50" : 86.71,
    "dma100" : null,
    "dma200" : 94.81,
    "volume" : 177967.00
  }, {
    "date" : "2025-04-28",
    "price" : 92.22,
    "dma50" : 86.92,
    "dma100" : null,
    "dma200" : 94.78,
    "volume" : 136218.00
  }, {
    "date" : "2025-04-29",
    "price" : 93.93,
    "dma50" : 87.20,
    "dma100" : null,
    "dma200" : 94.77,
    "volume" : 340741.00
  }, {
    "date" : "2025-04-30",
    "price" : 92.18,
    "dma50" : 87.39,
    "dma100" : null,
    "dma200" : 94.75,
    "volume" : 382783.00
  }, {
    "date" : "2025-05-02",
    "price" : 110.61,
    "dma50" : 88.30,
    "dma100" : null,
    "dma200" : 94.90,
    "volume" : 4601748.00
  }, {
    "date" : "2025-05-05",
    "price" : 107.40,
    "dma50" : 89.05,
    "dma100" : null,
    "dma200" : 95.03,
    "volume" : 1851787.00
  }, {
    "date" : "2025-05-06",
    "price" : 106.20,
    "dma50" : 89.72,
    "dma100" : null,
    "dma200" : 95.14,
    "volume" : 1541652.00
  }, {
    "date" : "2025-05-07",
    "price" : 112.54,
    "dma50" : 90.62,
    "dma100" : null,
    "dma200" : 95.31,
    "volume" : 1846456.00
  }, {
    "date" : "2025-05-08",
    "price" : 108.41,
    "dma50" : 91.32,
    "dma100" : null,
    "dma200" : 95.44,
    "volume" : 975214.00
  }, {
    "date" : "2025-05-09",
    "price" : 110.82,
    "dma50" : 92.08,
    "dma100" : null,
    "dma200" : 95.60,
    "volume" : 778260.00
  }, {
    "date" : "2025-05-12",
    "price" : 120.64,
    "dma50" : 93.20,
    "dma100" : null,
    "dma200" : 95.84,
    "volume" : 2440657.00
  }, {
    "date" : "2025-05-13",
    "price" : 120.34,
    "dma50" : 94.27,
    "dma100" : null,
    "dma200" : 96.09,
    "volume" : 710616.00
  }, {
    "date" : "2025-05-14",
    "price" : 115.95,
    "dma50" : 95.12,
    "dma100" : null,
    "dma200" : 96.29,
    "volume" : 642174.00
  }, {
    "date" : "2025-05-15",
    "price" : 116.92,
    "dma50" : 95.97,
    "dma100" : null,
    "dma200" : 96.49,
    "volume" : 345653.00
  }, {
    "date" : "2025-05-16",
    "price" : 117.17,
    "dma50" : 96.80,
    "dma100" : null,
    "dma200" : 96.70,
    "volume" : 1012483.00
  }, {
    "date" : "2025-05-19",
    "price" : 121.73,
    "dma50" : 97.78,
    "dma100" : null,
    "dma200" : 96.95,
    "volume" : 594253.00
  }, {
    "date" : "2025-05-20",
    "price" : 119.39,
    "dma50" : 98.63,
    "dma100" : null,
    "dma200" : 97.17,
    "volume" : 1704283.00
  }, {
    "date" : "2025-05-21",
    "price" : 120.96,
    "dma50" : 99.50,
    "dma100" : null,
    "dma200" : 97.41,
    "volume" : 913677.00
  }, {
    "date" : "2025-05-22",
    "price" : 118.43,
    "dma50" : 100.25,
    "dma100" : null,
    "dma200" : 97.62,
    "volume" : 354025.00
  }, {
    "date" : "2025-05-23",
    "price" : 116.11,
    "dma50" : 100.87,
    "dma100" : null,
    "dma200" : 97.80,
    "volume" : 438238.00
  }, {
    "date" : "2025-05-26",
    "price" : 117.12,
    "dma50" : 101.50,
    "dma100" : null,
    "dma200" : 97.99,
    "volume" : 302879.00
  }, {
    "date" : "2025-05-27",
    "price" : 118.59,
    "dma50" : 102.17,
    "dma100" : null,
    "dma200" : 98.20,
    "volume" : 473241.00
  }, {
    "date" : "2025-05-28",
    "price" : 113.66,
    "dma50" : 102.62,
    "dma100" : null,
    "dma200" : 98.35,
    "volume" : 464173.00
  }, {
    "date" : "2025-05-29",
    "price" : 108.42,
    "dma50" : 102.85,
    "dma100" : null,
    "dma200" : 98.45,
    "volume" : 803359.00
  }, {
    "date" : "2025-05-30",
    "price" : 108.99,
    "dma50" : 103.09,
    "dma100" : null,
    "dma200" : 98.56,
    "volume" : 226012.00
  }, {
    "date" : "2025-06-02",
    "price" : 107.10,
    "dma50" : 103.25,
    "dma100" : null,
    "dma200" : 98.64,
    "volume" : 276111.00
  }, {
    "date" : "2025-06-03",
    "price" : 106.01,
    "dma50" : 103.36,
    "dma100" : null,
    "dma200" : 98.71,
    "volume" : 195212.00
  }, {
    "date" : "2025-06-04",
    "price" : 109.21,
    "dma50" : 103.59,
    "dma100" : null,
    "dma200" : 98.82,
    "volume" : 302875.00
  }, {
    "date" : "2025-06-05",
    "price" : 110.24,
    "dma50" : 103.85,
    "dma100" : null,
    "dma200" : 98.93,
    "volume" : 184265.00
  }, {
    "date" : "2025-06-06",
    "price" : 117.46,
    "dma50" : 104.38,
    "dma100" : null,
    "dma200" : 99.12,
    "volume" : 878399.00
  }, {
    "date" : "2025-06-09",
    "price" : 116.27,
    "dma50" : 104.85,
    "dma100" : null,
    "dma200" : 99.29,
    "volume" : 337912.00
  }, {
    "date" : "2025-06-10",
    "price" : 120.01,
    "dma50" : 105.44,
    "dma100" : null,
    "dma200" : 99.49,
    "volume" : 919133.00
  }, {
    "date" : "2025-06-11",
    "price" : 116.31,
    "dma50" : 105.87,
    "dma100" : null,
    "dma200" : 99.66,
    "volume" : 552562.00
  }, {
    "date" : "2025-06-12",
    "price" : 114.60,
    "dma50" : 106.21,
    "dma100" : null,
    "dma200" : 99.81,
    "volume" : 206133.00
  }, {
    "date" : "2025-06-13",
    "price" : 112.44,
    "dma50" : 106.46,
    "dma100" : null,
    "dma200" : 99.93,
    "volume" : 183431.00
  }, {
    "date" : "2025-06-16",
    "price" : 111.02,
    "dma50" : 106.63,
    "dma100" : null,
    "dma200" : 100.04,
    "volume" : 187513.00
  }, {
    "date" : "2025-06-17",
    "price" : 108.24,
    "dma50" : 106.70,
    "dma100" : null,
    "dma200" : 100.13,
    "volume" : 154543.00
  }, {
    "date" : "2025-06-18",
    "price" : 107.66,
    "dma50" : 106.74,
    "dma100" : null,
    "dma200" : 100.20,
    "volume" : 140970.00
  }, {
    "date" : "2025-06-19",
    "price" : 106.00,
    "dma50" : 106.71,
    "dma100" : null,
    "dma200" : 100.26,
    "volume" : 137104.00
  }, {
    "date" : "2025-06-20",
    "price" : 106.94,
    "dma50" : 106.72,
    "dma100" : null,
    "dma200" : 100.33,
    "volume" : 139188.00
  }, {
    "date" : "2025-06-23",
    "price" : 107.01,
    "dma50" : 106.73,
    "dma100" : null,
    "dma200" : 100.39,
    "volume" : 208064.00
  }, {
    "date" : "2025-06-24",
    "price" : 109.09,
    "dma50" : 106.82,
    "dma100" : null,
    "dma200" : 100.48,
    "volume" : 235521.00
  }, {
    "date" : "2025-06-25",
    "price" : 113.81,
    "dma50" : 107.09,
    "dma100" : null,
    "dma200" : 100.61,
    "volume" : 283309.00
  }, {
    "date" : "2025-06-26",
    "price" : 115.13,
    "dma50" : 107.41,
    "dma100" : null,
    "dma200" : 100.76,
    "volume" : 252843.00
  }, {
    "date" : "2025-06-27",
    "price" : 112.58,
    "dma50" : 107.61,
    "dma100" : null,
    "dma200" : 100.87,
    "volume" : 155342.00
  }, {
    "date" : "2025-06-30",
    "price" : 117.10,
    "dma50" : 107.98,
    "dma100" : null,
    "dma200" : 101.03,
    "volume" : 418071.00
  }, {
    "date" : "2025-07-01",
    "price" : 115.45,
    "dma50" : 108.28,
    "dma100" : null,
    "dma200" : 101.18,
    "volume" : 124704.00
  }, {
    "date" : "2025-07-02",
    "price" : 113.18,
    "dma50" : 108.47,
    "dma100" : null,
    "dma200" : 101.30,
    "volume" : 192227.00
  }, {
    "date" : "2025-07-03",
    "price" : 112.54,
    "dma50" : 108.63,
    "dma100" : null,
    "dma200" : 101.41,
    "volume" : 125302.00
  }, {
    "date" : "2025-07-04",
    "price" : 112.98,
    "dma50" : 108.80,
    "dma100" : null,
    "dma200" : 101.52,
    "volume" : 172118.00
  }, {
    "date" : "2025-07-07",
    "price" : 111.62,
    "dma50" : 108.91,
    "dma100" : null,
    "dma200" : 101.63,
    "volume" : 204739.00
  }, {
    "date" : "2025-07-08",
    "price" : 113.77,
    "dma50" : 109.10,
    "dma100" : null,
    "dma200" : 101.75,
    "volume" : 922984.00
  }, {
    "date" : "2025-07-09",
    "price" : 116.30,
    "dma50" : 109.38,
    "dma100" : null,
    "dma200" : 101.89,
    "volume" : 405496.00
  }, {
    "date" : "2025-07-10",
    "price" : 117.87,
    "dma50" : 109.72,
    "dma100" : null,
    "dma200" : 102.05,
    "volume" : 283355.00
  }, {
    "date" : "2025-07-11",
    "price" : 115.33,
    "dma50" : 109.94,
    "dma100" : 98.44,
    "dma200" : 102.18,
    "volume" : 275058.00
  }, {
    "date" : "2025-07-14",
    "price" : 116.20,
    "dma50" : 110.18,
    "dma100" : 98.77,
    "dma200" : 102.32,
    "volume" : 266974.00
  }, {
    "date" : "2025-07-15",
    "price" : 123.08,
    "dma50" : 110.69,
    "dma100" : 99.23,
    "dma200" : 102.53,
    "volume" : 1498428.00
  }, {
    "date" : "2025-07-16",
    "price" : 130.16,
    "dma50" : 111.45,
    "dma100" : 99.76,
    "dma200" : 102.80,
    "volume" : 4143084.00
  }, {
    "date" : "2025-07-17",
    "price" : 134.05,
    "dma50" : 112.34,
    "dma100" : 100.32,
    "dma200" : 103.11,
    "volume" : 2368752.00
  }, {
    "date" : "2025-07-18",
    "price" : 133.00,
    "dma50" : 113.15,
    "dma100" : 100.88,
    "dma200" : 103.41,
    "volume" : 604259.00
  }, {
    "date" : "2025-07-21",
    "price" : 129.28,
    "dma50" : 113.78,
    "dma100" : 101.40,
    "dma200" : 103.67,
    "volume" : 302241.00
  }, {
    "date" : "2025-07-22",
    "price" : 131.22,
    "dma50" : 114.46,
    "dma100" : 101.94,
    "dma200" : 103.94,
    "volume" : 509732.00
  }, {
    "date" : "2025-07-23",
    "price" : 129.09,
    "dma50" : 115.04,
    "dma100" : 102.45,
    "dma200" : 104.19,
    "volume" : 2172716.00
  }, {
    "date" : "2025-07-24",
    "price" : 132.41,
    "dma50" : 115.72,
    "dma100" : 103.00,
    "dma200" : 104.47,
    "volume" : 1018667.00
  }, {
    "date" : "2025-07-25",
    "price" : 129.16,
    "dma50" : 116.25,
    "dma100" : 103.53,
    "dma200" : 104.72,
    "volume" : 396762.00
  }, {
    "date" : "2025-07-28",
    "price" : 122.74,
    "dma50" : 116.50,
    "dma100" : 104.02,
    "dma200" : 104.90,
    "volume" : 719238.00
  }, {
    "date" : "2025-07-29",
    "price" : 125.99,
    "dma50" : 116.87,
    "dma100" : 104.55,
    "dma200" : 105.11,
    "volume" : 540069.00
  }, {
    "date" : "2025-07-30",
    "price" : 121.77,
    "dma50" : 117.06,
    "dma100" : 105.06,
    "dma200" : 105.27,
    "volume" : 324926.00
  }, {
    "date" : "2025-07-31",
    "price" : 114.33,
    "dma50" : 116.96,
    "dma100" : 105.42,
    "dma200" : 105.36,
    "volume" : 775929.00
  }, {
    "date" : "2025-08-01",
    "price" : 110.88,
    "dma50" : 116.72,
    "dma100" : 105.66,
    "dma200" : 105.42,
    "volume" : 479429.00
  }, {
    "date" : "2025-08-04",
    "price" : 114.97,
    "dma50" : 116.65,
    "dma100" : 105.95,
    "dma200" : 105.51,
    "volume" : 462597.00
  }, {
    "date" : "2025-08-05",
    "price" : 111.00,
    "dma50" : 116.43,
    "dma100" : 106.26,
    "dma200" : 105.57,
    "volume" : 328042.00
  }, {
    "date" : "2025-08-06",
    "price" : 109.35,
    "dma50" : 116.15,
    "dma100" : 106.57,
    "dma200" : 105.61,
    "volume" : 299525.00
  }, {
    "date" : "2025-08-07",
    "price" : 108.93,
    "dma50" : 115.87,
    "dma100" : 106.87,
    "dma200" : 105.64,
    "volume" : 217053.00
  }, {
    "date" : "2025-08-08",
    "price" : 106.16,
    "dma50" : 115.49,
    "dma100" : 107.13,
    "dma200" : 105.64,
    "volume" : 216920.00
  }, {
    "date" : "2025-08-11",
    "price" : 107.60,
    "dma50" : 115.18,
    "dma100" : 107.43,
    "dma200" : 105.66,
    "volume" : 202588.00
  }, {
    "date" : "2025-08-12",
    "price" : 109.62,
    "dma50" : 114.96,
    "dma100" : 107.75,
    "dma200" : 105.70,
    "volume" : 179073.00
  }, {
    "date" : "2025-08-13",
    "price" : 112.70,
    "dma50" : 114.87,
    "dma100" : 108.06,
    "dma200" : 105.77,
    "volume" : 114544.00
  }, {
    "date" : "2025-08-14",
    "price" : 108.18,
    "dma50" : 114.61,
    "dma100" : 108.33,
    "dma200" : 105.80,
    "volume" : 181998.00
  }, {
    "date" : "2025-08-18",
    "price" : 107.90,
    "dma50" : 114.35,
    "dma100" : 108.56,
    "dma200" : 105.82,
    "volume" : 189443.00
  }, {
    "date" : "2025-08-19",
    "price" : 113.52,
    "dma50" : 114.31,
    "dma100" : 108.86,
    "dma200" : 105.89,
    "volume" : 338239.00
  }, {
    "date" : "2025-08-20",
    "price" : 115.49,
    "dma50" : 114.36,
    "dma100" : 109.20,
    "dma200" : 105.99,
    "volume" : 300092.00
  }, {
    "date" : "2025-08-21",
    "price" : 112.18,
    "dma50" : 114.27,
    "dma100" : 109.53,
    "dma200" : 106.05,
    "volume" : 141150.00
  }, {
    "date" : "2025-08-22",
    "price" : 110.74,
    "dma50" : 114.14,
    "dma100" : 109.87,
    "dma200" : 106.10,
    "volume" : 117007.00
  }, {
    "date" : "2025-08-25",
    "price" : 111.60,
    "dma50" : 114.04,
    "dma100" : 110.22,
    "dma200" : 106.15,
    "volume" : 181401.00
  }, {
    "date" : "2025-08-26",
    "price" : 110.08,
    "dma50" : 113.88,
    "dma100" : 110.50,
    "dma200" : 106.19,
    "volume" : 207333.00
  }, {
    "date" : "2025-08-28",
    "price" : 108.31,
    "dma50" : 113.66,
    "dma100" : 110.73,
    "dma200" : 106.21,
    "volume" : 239556.00
  }, {
    "date" : "2025-08-29",
    "price" : 107.34,
    "dma50" : 113.41,
    "dma100" : 110.86,
    "dma200" : 106.22,
    "volume" : 132339.00
  }, {
    "date" : "2025-09-01",
    "price" : 112.08,
    "dma50" : 113.36,
    "dma100" : 111.09,
    "dma200" : 106.28,
    "volume" : 325559.00
  }, {
    "date" : "2025-09-02",
    "price" : 110.38,
    "dma50" : 113.25,
    "dma100" : 111.34,
    "dma200" : 106.32,
    "volume" : 159394.00
  }, {
    "date" : "2025-09-03",
    "price" : 112.52,
    "dma50" : 113.22,
    "dma100" : 111.61,
    "dma200" : 106.39,
    "volume" : 63158.00
  }, {
    "date" : "2025-09-04",
    "price" : 110.63,
    "dma50" : 113.12,
    "dma100" : 111.86,
    "dma200" : 106.43,
    "volume" : 54197.00
  }, {
    "date" : "2025-09-05",
    "price" : 108.72,
    "dma50" : 112.94,
    "dma100" : 112.08,
    "dma200" : 106.45,
    "volume" : 56108.00
  }, {
    "date" : "2025-09-08",
    "price" : 108.27,
    "dma50" : 112.76,
    "dma100" : 112.28,
    "dma200" : 106.47,
    "volume" : 55751.00
  }, {
    "date" : "2025-09-09",
    "price" : 107.80,
    "dma50" : 112.57,
    "dma100" : 112.48,
    "dma200" : 106.48,
    "volume" : 52560.00
  }, {
    "date" : "2025-09-10",
    "price" : 110.78,
    "dma50" : 112.50,
    "dma100" : 112.68,
    "dma200" : 106.52,
    "volume" : 205179.00
  }, {
    "date" : "2025-09-11",
    "price" : 109.35,
    "dma50" : 112.37,
    "dma100" : 112.88,
    "dma200" : 106.55,
    "volume" : 103555.00
  }, {
    "date" : "2025-09-12",
    "price" : 109.35,
    "dma50" : 112.25,
    "dma100" : 113.05,
    "dma200" : 106.58,
    "volume" : 80688.00
  }, {
    "date" : "2025-09-15",
    "price" : 109.19,
    "dma50" : 112.13,
    "dma100" : 113.23,
    "dma200" : 106.61,
    "volume" : 104406.00
  }, {
    "date" : "2025-09-16",
    "price" : 109.66,
    "dma50" : 112.04,
    "dma100" : 113.40,
    "dma200" : 106.64,
    "volume" : 70685.00
  }, {
    "date" : "2025-09-17",
    "price" : 109.38,
    "dma50" : 111.93,
    "dma100" : 113.59,
    "dma200" : 106.66,
    "volume" : 142575.00
  }, {
    "date" : "2025-09-18",
    "price" : 108.26,
    "dma50" : 111.79,
    "dma100" : 113.75,
    "dma200" : 106.68,
    "volume" : 103377.00
  }, {
    "date" : "2025-09-19",
    "price" : 109.63,
    "dma50" : 111.70,
    "dma100" : 113.91,
    "dma200" : 106.71,
    "volume" : 285072.00
  }, {
    "date" : "2025-09-22",
    "price" : 109.28,
    "dma50" : 111.61,
    "dma100" : 114.08,
    "dma200" : 106.73,
    "volume" : 84543.00
  }, {
    "date" : "2025-09-23",
    "price" : 110.10,
    "dma50" : 111.55,
    "dma100" : 114.07,
    "dma200" : 106.77,
    "volume" : 94851.00
  }, {
    "date" : "2025-09-24",
    "price" : 109.38,
    "dma50" : 111.46,
    "dma100" : 114.09,
    "dma200" : 106.79,
    "volume" : 85484.00
  }, {
    "date" : "2025-09-25",
    "price" : 107.32,
    "dma50" : 111.30,
    "dma100" : 114.11,
    "dma200" : 106.80,
    "volume" : 220744.00
  }, {
    "date" : "2025-09-26",
    "price" : 101.02,
    "dma50" : 110.90,
    "dma100" : 113.99,
    "dma200" : 106.74,
    "volume" : 298651.00
  }, {
    "date" : "2025-09-29",
    "price" : 98.34,
    "dma50" : 110.41,
    "dma100" : 113.89,
    "dma200" : 106.66,
    "volume" : 244788.00
  }, {
    "date" : "2025-09-30",
    "price" : 98.01,
    "dma50" : 109.92,
    "dma100" : 113.76,
    "dma200" : 106.57,
    "volume" : 114773.00
  }, {
    "date" : "2025-10-01",
    "price" : 101.51,
    "dma50" : 109.59,
    "dma100" : 113.57,
    "dma200" : 106.52,
    "volume" : 160262.00
  }, {
    "date" : "2025-10-03",
    "price" : 105.24,
    "dma50" : 109.42,
    "dma100" : 113.42,
    "dma200" : 106.51,
    "volume" : 109665.00
  }, {
    "date" : "2025-10-06",
    "price" : 104.55,
    "dma50" : 109.23,
    "dma100" : 113.31,
    "dma200" : 106.49,
    "volume" : 92538.00
  }, {
    "date" : "2025-10-07",
    "price" : 101.95,
    "dma50" : 108.94,
    "dma100" : 113.16,
    "dma200" : 106.44,
    "volume" : 86293.00
  }, {
    "date" : "2025-10-08",
    "price" : 100.35,
    "dma50" : 108.61,
    "dma100" : 112.99,
    "dma200" : 106.38,
    "volume" : 124003.00
  }, {
    "date" : "2025-10-09",
    "price" : 99.55,
    "dma50" : 108.25,
    "dma100" : 112.77,
    "dma200" : 106.32,
    "volume" : 84190.00
  }, {
    "date" : "2025-10-10",
    "price" : 99.92,
    "dma50" : 107.92,
    "dma100" : 112.57,
    "dma200" : 106.25,
    "volume" : 135260.00
  }, {
    "date" : "2025-10-13",
    "price" : 97.62,
    "dma50" : 107.52,
    "dma100" : 112.34,
    "dma200" : 106.17,
    "volume" : 114950.00
  }, {
    "date" : "2025-10-14",
    "price" : 95.80,
    "dma50" : 107.06,
    "dma100" : 112.11,
    "dma200" : 106.06,
    "volume" : 124778.00
  }, {
    "date" : "2025-10-15",
    "price" : 95.95,
    "dma50" : 106.62,
    "dma100" : 111.91,
    "dma200" : 105.96,
    "volume" : 66345.00
  }, {
    "date" : "2025-10-16",
    "price" : 96.62,
    "dma50" : 106.23,
    "dma100" : 111.70,
    "dma200" : 105.87,
    "volume" : 66811.00
  }, {
    "date" : "2025-10-17",
    "price" : 95.39,
    "dma50" : 105.81,
    "dma100" : 111.47,
    "dma200" : 105.77,
    "volume" : 55127.00
  }, {
    "date" : "2025-10-20",
    "price" : 96.28,
    "dma50" : 105.43,
    "dma100" : 111.30,
    "dma200" : 105.67,
    "volume" : 68469.00
  }, {
    "date" : "2025-10-21",
    "price" : 96.56,
    "dma50" : 105.09,
    "dma100" : 111.18,
    "dma200" : 105.58,
    "volume" : 26820.00
  }, {
    "date" : "2025-10-23",
    "price" : 103.94,
    "dma50" : 105.04,
    "dma100" : 111.13,
    "dma200" : 105.56,
    "volume" : 1928889.00
  }, {
    "date" : "2025-10-24",
    "price" : 102.10,
    "dma50" : 104.93,
    "dma100" : 111.08,
    "dma200" : 105.53,
    "volume" : 81083.00
  }, {
    "date" : "2025-10-27",
    "price" : 102.43,
    "dma50" : 104.83,
    "dma100" : 111.04,
    "dma200" : 105.50,
    "volume" : 74940.00
  }, {
    "date" : "2025-10-28",
    "price" : 100.21,
    "dma50" : 104.65,
    "dma100" : 110.95,
    "dma200" : 105.45,
    "volume" : 222434.00
  }, {
    "date" : "2025-10-29",
    "price" : 99.39,
    "dma50" : 104.44,
    "dma100" : 110.85,
    "dma200" : 105.39,
    "volume" : 173727.00
  }, {
    "date" : "2025-10-30",
    "price" : 99.79,
    "dma50" : 104.26,
    "dma100" : 110.67,
    "dma200" : 105.33,
    "volume" : 116181.00
  }, {
    "date" : "2025-10-31",
    "price" : 98.99,
    "dma50" : 104.05,
    "dma100" : 110.50,
    "dma200" : 105.27,
    "volume" : 38258.00
  }, {
    "date" : "2025-11-03",
    "price" : 99.03,
    "dma50" : 103.85,
    "dma100" : 110.29,
    "dma200" : 105.21,
    "volume" : 42491.00
  }, {
    "date" : "2025-11-04",
    "price" : 99.32,
    "dma50" : 103.68,
    "dma100" : 110.12,
    "dma200" : 105.15,
    "volume" : 36163.00
  }, {
    "date" : "2025-11-06",
    "price" : 98.39,
    "dma50" : 103.47,
    "dma100" : 109.95,
    "dma200" : 105.08,
    "volume" : 86994.00
  }, {
    "date" : "2025-11-07",
    "price" : 97.85,
    "dma50" : 103.25,
    "dma100" : 109.81,
    "dma200" : 105.01,
    "volume" : 55431.00
  }, {
    "date" : "2025-11-10",
    "price" : 99.01,
    "dma50" : 103.08,
    "dma100" : 109.69,
    "dma200" : 104.95,
    "volume" : 92959.00
  }, {
    "date" : "2025-11-11",
    "price" : 102.86,
    "dma50" : 103.07,
    "dma100" : 109.63,
    "dma200" : 104.93,
    "volume" : 230570.00
  }, {
    "date" : "2025-11-12",
    "price" : 102.41,
    "dma50" : 103.05,
    "dma100" : 109.58,
    "dma200" : 104.90,
    "volume" : 165642.00
  }, {
    "date" : "2025-11-13",
    "price" : 100.28,
    "dma50" : 102.94,
    "dma100" : 109.52,
    "dma200" : 104.86,
    "volume" : 51639.00
  }, {
    "date" : "2025-11-14",
    "price" : 102.24,
    "dma50" : 102.91,
    "dma100" : 109.48,
    "dma200" : 104.83,
    "volume" : 62583.00
  }, {
    "date" : "2025-11-17",
    "price" : 100.42,
    "dma50" : 102.81,
    "dma100" : 109.41,
    "dma200" : 104.79,
    "volume" : 77526.00
  }, {
    "date" : "2025-11-18",
    "price" : 99.97,
    "dma50" : 102.70,
    "dma100" : 109.32,
    "dma200" : 104.74,
    "volume" : 119376.00
  }, {
    "date" : "2025-11-19",
    "price" : 99.81,
    "dma50" : 102.59,
    "dma100" : 109.18,
    "dma200" : 104.69,
    "volume" : 82906.00
  }, {
    "date" : "2025-11-20",
    "price" : 99.70,
    "dma50" : 102.48,
    "dma100" : 109.03,
    "dma200" : 104.64,
    "volume" : 43141.00
  }, {
    "date" : "2025-11-21",
    "price" : 96.22,
    "dma50" : 102.23,
    "dma100" : 108.86,
    "dma200" : 104.56,
    "volume" : 87988.00
  }, {
    "date" : "2025-11-24",
    "price" : 92.65,
    "dma50" : 101.85,
    "dma100" : 108.62,
    "dma200" : 104.44,
    "volume" : 106319.00
  }, {
    "date" : "2025-11-25",
    "price" : 93.54,
    "dma50" : 101.53,
    "dma100" : 108.40,
    "dma200" : 104.33,
    "volume" : 109513.00
  }, {
    "date" : "2025-11-26",
    "price" : 97.40,
    "dma50" : 101.37,
    "dma100" : 108.24,
    "dma200" : 104.26,
    "volume" : 102097.00
  }, {
    "date" : "2025-11-27",
    "price" : 95.21,
    "dma50" : 101.13,
    "dma100" : 108.07,
    "dma200" : 104.17,
    "volume" : 97708.00
  }, {
    "date" : "2025-11-28",
    "price" : 94.34,
    "dma50" : 100.86,
    "dma100" : 107.88,
    "dma200" : 104.07,
    "volume" : 86669.00
  }, {
    "date" : "2025-12-01",
    "price" : 93.19,
    "dma50" : 100.56,
    "dma100" : 107.70,
    "dma200" : 103.96,
    "volume" : 76697.00
  }, {
    "date" : "2025-12-02",
    "price" : 91.85,
    "dma50" : 100.22,
    "dma100" : 107.48,
    "dma200" : 103.84,
    "volume" : 125243.00
  }, {
    "date" : "2025-12-03",
    "price" : 90.85,
    "dma50" : 99.85,
    "dma100" : 107.22,
    "dma200" : 103.71,
    "volume" : 69282.00
  }, {
    "date" : "2025-12-04",
    "price" : 91.12,
    "dma50" : 99.51,
    "dma100" : 106.96,
    "dma200" : 103.59,
    "volume" : 56411.00
  }, {
    "date" : "2025-12-05",
    "price" : 89.73,
    "dma50" : 99.12,
    "dma100" : 106.70,
    "dma200" : 103.45,
    "volume" : 68860.00
  }, {
    "date" : "2025-12-08",
    "price" : 86.48,
    "dma50" : 98.63,
    "dma100" : 106.40,
    "dma200" : 103.28,
    "volume" : 132140.00
  }, {
    "date" : "2025-12-09",
    "price" : 87.11,
    "dma50" : 98.18,
    "dma100" : 106.04,
    "dma200" : 103.12,
    "volume" : 108708.00
  }, {
    "date" : "2025-12-10",
    "price" : 88.97,
    "dma50" : 97.82,
    "dma100" : 105.63,
    "dma200" : 102.98,
    "volume" : 43651.00
  }, {
    "date" : "2025-12-11",
    "price" : 88.79,
    "dma50" : 97.46,
    "dma100" : 105.18,
    "dma200" : 102.84,
    "volume" : 51024.00
  }, {
    "date" : "2025-12-12",
    "price" : 89.75,
    "dma50" : 97.16,
    "dma100" : 104.75,
    "dma200" : 102.71,
    "volume" : 76136.00
  }, {
    "date" : "2025-12-15",
    "price" : 88.01,
    "dma50" : 96.80,
    "dma100" : 104.33,
    "dma200" : 102.56,
    "volume" : 80797.00
  }, {
    "date" : "2025-12-16",
    "price" : 88.38,
    "dma50" : 96.47,
    "dma100" : 103.91,
    "dma200" : 102.42,
    "volume" : 49947.00
  }, {
    "date" : "2025-12-17",
    "price" : 88.06,
    "dma50" : 96.14,
    "dma100" : 103.49,
    "dma200" : 102.28,
    "volume" : 41612.00
  }, {
    "date" : "2025-12-18",
    "price" : 86.88,
    "dma50" : 95.78,
    "dma100" : 103.04,
    "dma200" : 102.13,
    "volume" : 27933.00
  }, {
    "date" : "2025-12-19",
    "price" : 92.08,
    "dma50" : 95.63,
    "dma100" : 102.67,
    "dma200" : 102.03,
    "volume" : 158096.00
  }, {
    "date" : "2025-12-22",
    "price" : 91.02,
    "dma50" : 95.45,
    "dma100" : 102.35,
    "dma200" : 101.92,
    "volume" : 63552.00
  }, {
    "date" : "2025-12-23",
    "price" : 90.87,
    "dma50" : 95.27,
    "dma100" : 102.00,
    "dma200" : 101.81,
    "volume" : 49918.00
  }, {
    "date" : "2025-12-24",
    "price" : 90.06,
    "dma50" : 95.07,
    "dma100" : 101.68,
    "dma200" : 101.69,
    "volume" : 29318.00
  }, {
    "date" : "2025-12-26",
    "price" : 89.77,
    "dma50" : 94.86,
    "dma100" : 101.44,
    "dma200" : 101.57,
    "volume" : 54683.00
  }, {
    "date" : "2025-12-29",
    "price" : 87.52,
    "dma50" : 94.57,
    "dma100" : 101.20,
    "dma200" : 101.43,
    "volume" : 108424.00
  }, {
    "date" : "2025-12-30",
    "price" : 86.42,
    "dma50" : 94.25,
    "dma100" : 100.92,
    "dma200" : 101.28,
    "volume" : 68928.00
  }, {
    "date" : "2025-12-31",
    "price" : 87.19,
    "dma50" : 93.98,
    "dma100" : 100.68,
    "dma200" : 101.14,
    "volume" : 99744.00
  }, {
    "date" : "2026-01-01",
    "price" : 87.38,
    "dma50" : 93.72,
    "dma100" : 100.46,
    "dma200" : 101.00,
    "volume" : 63934.00
  }, {
    "date" : "2026-01-02",
    "price" : 87.06,
    "dma50" : 93.46,
    "dma100" : 100.24,
    "dma200" : 100.87,
    "volume" : 82796.00
  }, {
    "date" : "2026-01-05",
    "price" : 86.65,
    "dma50" : 93.19,
    "dma100" : 100.05,
    "dma200" : 100.72,
    "volume" : 63641.00
  }, {
    "date" : "2026-01-06",
    "price" : 86.55,
    "dma50" : 92.93,
    "dma100" : 99.84,
    "dma200" : 100.58,
    "volume" : 38932.00
  }, {
    "date" : "2026-01-07",
    "price" : 87.45,
    "dma50" : 92.71,
    "dma100" : 99.61,
    "dma200" : 100.45,
    "volume" : 38010.00
  }, {
    "date" : "2026-01-08",
    "price" : 84.97,
    "dma50" : 92.41,
    "dma100" : 99.34,
    "dma200" : 100.30,
    "volume" : 49837.00
  }, {
    "date" : "2026-01-09",
    "price" : 83.61,
    "dma50" : 92.06,
    "dma100" : 99.09,
    "dma200" : 100.13,
    "volume" : 62728.00
  }, {
    "date" : "2026-01-12",
    "price" : 83.66,
    "dma50" : 91.74,
    "dma100" : 98.85,
    "dma200" : 99.97,
    "volume" : 135327.00
  }, {
    "date" : "2026-01-13",
    "price" : 85.00,
    "dma50" : 91.47,
    "dma100" : 98.56,
    "dma200" : 99.82,
    "volume" : 69447.00
  }, {
    "date" : "2026-01-14",
    "price" : 85.36,
    "dma50" : 91.23,
    "dma100" : 98.26,
    "dma200" : 99.68,
    "volume" : 35139.00
  }, {
    "date" : "2026-01-16",
    "price" : 84.47,
    "dma50" : 90.97,
    "dma100" : 97.99,
    "dma200" : 99.52,
    "volume" : 29530.00
  }, {
    "date" : "2026-01-19",
    "price" : 81.48,
    "dma50" : 90.59,
    "dma100" : 97.69,
    "dma200" : 99.34,
    "volume" : 171782.00
  }, {
    "date" : "2026-01-20",
    "price" : 81.81,
    "dma50" : 90.25,
    "dma100" : 97.40,
    "dma200" : 99.17,
    "volume" : 96167.00
  }, {
    "date" : "2026-01-21",
    "price" : 79.69,
    "dma50" : 89.84,
    "dma100" : 97.09,
    "dma200" : 98.98,
    "volume" : 80206.00
  }, {
    "date" : "2026-01-22",
    "price" : 82.01,
    "dma50" : 89.53,
    "dma100" : 96.83,
    "dma200" : 98.81,
    "volume" : 57738.00
  }, {
    "date" : "2026-01-23",
    "price" : 81.37,
    "dma50" : 89.21,
    "dma100" : 96.57,
    "dma200" : 98.63,
    "volume" : 67124.00
  }, {
    "date" : "2026-01-27",
    "price" : 82.46,
    "dma50" : 88.94,
    "dma100" : 96.27,
    "dma200" : 98.47,
    "volume" : 114455.00
  }, {
    "date" : "2026-01-28",
    "price" : 84.07,
    "dma50" : 88.75,
    "dma100" : 96.01,
    "dma200" : 98.33,
    "volume" : 39788.00
  }, {
    "date" : "2026-01-29",
    "price" : 88.33,
    "dma50" : 88.74,
    "dma100" : 95.77,
    "dma200" : 98.23,
    "volume" : 117718.00
  }, {
    "date" : "2026-01-30",
    "price" : 90.12,
    "dma50" : 88.79,
    "dma100" : 95.56,
    "dma200" : 98.15,
    "volume" : 175550.00
  }, {
    "date" : "2026-02-01",
    "price" : 90.99,
    "dma50" : 88.88,
    "dma100" : 95.38,
    "dma200" : 98.08,
    "volume" : 267114.00
  }, {
    "date" : "2026-02-02",
    "price" : 92.00,
    "dma50" : 89.00,
    "dma100" : 95.22,
    "dma200" : 98.02,
    "volume" : 73816.00
  }, {
    "date" : "2026-02-03",
    "price" : 100.13,
    "dma50" : 89.44,
    "dma100" : 95.15,
    "dma200" : 98.04,
    "volume" : 502091.00
  }, {
    "date" : "2026-02-04",
    "price" : 107.14,
    "dma50" : 90.13,
    "dma100" : 95.11,
    "dma200" : 98.13,
    "volume" : 842479.00
  }, {
    "date" : "2026-02-05",
    "price" : 104.64,
    "dma50" : 90.70,
    "dma100" : 95.06,
    "dma200" : 98.19,
    "volume" : 243456.00
  }, {
    "date" : "2026-02-06",
    "price" : 102.01,
    "dma50" : 91.14,
    "dma100" : 94.99,
    "dma200" : 98.23,
    "volume" : 102040.00
  }, {
    "date" : "2026-02-09",
    "price" : 113.53,
    "dma50" : 92.02,
    "dma100" : 95.03,
    "dma200" : 98.38,
    "volume" : 1027244.00
  }, {
    "date" : "2026-02-10",
    "price" : 108.56,
    "dma50" : 92.67,
    "dma100" : 95.02,
    "dma200" : 98.49,
    "volume" : 436469.00
  }, {
    "date" : "2026-02-11",
    "price" : 109.20,
    "dma50" : 93.32,
    "dma100" : 95.02,
    "dma200" : 98.59,
    "volume" : 245974.00
  } ],
  "latestTechnicalAttributes" : {
    "date" : "2026-02-11",
    "price" : 109.20,
    "dma50" : 93.32,
    "dma100" : 95.02,
    "dma200" : 98.59,
    "volume" : 245974.00
  },
  "quarterlyResults" : [ {
    "date" : "2012-06-30",
    "sales" : 200.03,
    "salesGrowthYoY" : null,
    "grossProfitMargin" : 25.15,
    "grossProfit" : 50.31,
    "operatingProfitMargin" : 13.47,
    "operatingProfit" : 26.94,
    "netProfitMargin" : 0.50,
    "netProfit" : 1.00
  }, {
    "date" : "2012-09-30",
    "sales" : 204.79,
    "salesGrowthYoY" : null,
    "grossProfitMargin" : 26.73,
    "grossProfit" : 54.74,
    "operatingProfitMargin" : 12.96,
    "operatingProfit" : 26.54,
    "netProfitMargin" : 0.39,
    "netProfit" : 0.80
  }, {
    "date" : "2012-12-31",
    "sales" : 211.42,
    "salesGrowthYoY" : null,
    "grossProfitMargin" : 28.31,
    "grossProfit" : 59.85,
    "operatingProfitMargin" : 15.44,
    "operatingProfit" : 32.64,
    "netProfitMargin" : 2.19,
    "netProfit" : 4.63
  }, {
    "date" : "2013-06-30",
    "sales" : 249.70,
    "salesGrowthYoY" : null,
    "grossProfitMargin" : 28.24,
    "grossProfit" : 70.52,
    "operatingProfitMargin" : 17.69,
    "operatingProfit" : 44.17,
    "netProfitMargin" : 5.77,
    "netProfit" : 14.41
  }, {
    "date" : "2013-09-30",
    "sales" : 270.71,
    "salesGrowthYoY" : 35.33,
    "grossProfitMargin" : 30.43,
    "grossProfit" : 82.38,
    "operatingProfitMargin" : 17.66,
    "operatingProfit" : 47.81,
    "netProfitMargin" : 8.03,
    "netProfit" : 21.74
  }, {
    "date" : "2013-12-31",
    "sales" : 253.98,
    "salesGrowthYoY" : 24.02,
    "grossProfitMargin" : 28.68,
    "grossProfit" : 72.84,
    "operatingProfitMargin" : 13.71,
    "operatingProfit" : 34.82,
    "netProfitMargin" : 1.74,
    "netProfit" : 4.42
  }, {
    "date" : "2014-03-31",
    "sales" : 290.48,
    "salesGrowthYoY" : 37.39,
    "grossProfitMargin" : 26.44,
    "grossProfit" : 76.80,
    "operatingProfitMargin" : 13.11,
    "operatingProfit" : 38.08,
    "netProfitMargin" : -4.51,
    "netProfit" : -13.10
  }, {
    "date" : "2014-06-30",
    "sales" : 277.85,
    "salesGrowthYoY" : 11.27,
    "grossProfitMargin" : 25.85,
    "grossProfit" : 71.82,
    "operatingProfitMargin" : 12.98,
    "operatingProfit" : 36.06,
    "netProfitMargin" : 0.04,
    "netProfit" : 0.11
  }, {
    "date" : "2014-09-30",
    "sales" : 296.84,
    "salesGrowthYoY" : 9.65,
    "grossProfitMargin" : 17.26,
    "grossProfit" : 51.23,
    "operatingProfitMargin" : 4.76,
    "operatingProfit" : 14.13,
    "netProfitMargin" : -5.39,
    "netProfit" : -16.00
  }, {
    "date" : "2014-12-31",
    "sales" : 262.67,
    "salesGrowthYoY" : 3.42,
    "grossProfitMargin" : 26.92,
    "grossProfit" : 70.71,
    "operatingProfitMargin" : 13.24,
    "operatingProfit" : 34.78,
    "netProfitMargin" : 3.40,
    "netProfit" : 8.93
  }, {
    "date" : "2015-03-31",
    "sales" : 289.53,
    "salesGrowthYoY" : -0.33,
    "grossProfitMargin" : 27.70,
    "grossProfit" : 80.20,
    "operatingProfitMargin" : 16.50,
    "operatingProfit" : 47.77,
    "netProfitMargin" : 5.18,
    "netProfit" : 15.00
  }, {
    "date" : "2015-06-30",
    "sales" : 298.98,
    "salesGrowthYoY" : 7.60,
    "grossProfitMargin" : 25.90,
    "grossProfit" : 77.44,
    "operatingProfitMargin" : 13.90,
    "operatingProfit" : 41.56,
    "netProfitMargin" : 4.66,
    "netProfit" : 13.93
  }, {
    "date" : "2015-09-30",
    "sales" : 243.87,
    "salesGrowthYoY" : -17.84,
    "grossProfitMargin" : 27.74,
    "grossProfit" : 67.65,
    "operatingProfitMargin" : 13.54,
    "operatingProfit" : 33.02,
    "netProfitMargin" : 2.76,
    "netProfit" : 6.73
  }, {
    "date" : "2015-12-31",
    "sales" : 253.90,
    "salesGrowthYoY" : -3.34,
    "grossProfitMargin" : 25.34,
    "grossProfit" : 64.34,
    "operatingProfitMargin" : 10.61,
    "operatingProfit" : 26.94,
    "netProfitMargin" : 0.62,
    "netProfit" : 1.57
  }, {
    "date" : "2016-03-31",
    "sales" : 238.33,
    "salesGrowthYoY" : -17.68,
    "grossProfitMargin" : 25.98,
    "grossProfit" : 61.92,
    "operatingProfitMargin" : 10.26,
    "operatingProfit" : 24.45,
    "netProfitMargin" : -4.55,
    "netProfit" : -10.84
  }, {
    "date" : "2016-06-30",
    "sales" : 274.10,
    "salesGrowthYoY" : -8.32,
    "grossProfitMargin" : 23.74,
    "grossProfit" : 65.07,
    "operatingProfitMargin" : 8.91,
    "operatingProfit" : 24.42,
    "netProfitMargin" : 1.32,
    "netProfit" : 3.62
  }, {
    "date" : "2016-09-30",
    "sales" : 234.63,
    "salesGrowthYoY" : -3.79,
    "grossProfitMargin" : 32.08,
    "grossProfit" : 75.27,
    "operatingProfitMargin" : 17.86,
    "operatingProfit" : 41.90,
    "netProfitMargin" : 6.38,
    "netProfit" : 14.97
  }, {
    "date" : "2016-12-31",
    "sales" : 233.37,
    "salesGrowthYoY" : -8.09,
    "grossProfitMargin" : 28.80,
    "grossProfit" : 67.21,
    "operatingProfitMargin" : 12.12,
    "operatingProfit" : 28.28,
    "netProfitMargin" : 3.00,
    "netProfit" : 7.00
  }, {
    "date" : "2017-03-31",
    "sales" : 273.43,
    "salesGrowthYoY" : 14.73,
    "grossProfitMargin" : 24.66,
    "grossProfit" : 67.43,
    "operatingProfitMargin" : 8.72,
    "operatingProfit" : 23.84,
    "netProfitMargin" : -1.39,
    "netProfit" : -3.80
  }, {
    "date" : "2017-06-30",
    "sales" : 281.17,
    "salesGrowthYoY" : 2.58,
    "grossProfitMargin" : 23.81,
    "grossProfit" : 66.95,
    "operatingProfitMargin" : 8.68,
    "operatingProfit" : 24.41,
    "netProfitMargin" : 1.14,
    "netProfit" : 3.21
  }, {
    "date" : "2017-09-30",
    "sales" : 264.12,
    "salesGrowthYoY" : 12.57,
    "grossProfitMargin" : 21.54,
    "grossProfit" : 56.89,
    "operatingProfitMargin" : 7.90,
    "operatingProfit" : 20.87,
    "netProfitMargin" : 0.64,
    "netProfit" : 1.69
  }, {
    "date" : "2017-12-31",
    "sales" : 254.39,
    "salesGrowthYoY" : 9.01,
    "grossProfitMargin" : 26.03,
    "grossProfit" : 66.22,
    "operatingProfitMargin" : 8.55,
    "operatingProfit" : 21.75,
    "netProfitMargin" : 1.49,
    "netProfit" : 3.79
  }, {
    "date" : "2018-03-31",
    "sales" : 255.00,
    "salesGrowthYoY" : -6.74,
    "grossProfitMargin" : 29.07,
    "grossProfit" : 74.13,
    "operatingProfitMargin" : 13.46,
    "operatingProfit" : 34.32,
    "netProfitMargin" : 4.11,
    "netProfit" : 10.48
  }, {
    "date" : "2018-06-30",
    "sales" : 276.61,
    "salesGrowthYoY" : -1.62,
    "grossProfitMargin" : 27.70,
    "grossProfit" : 76.62,
    "operatingProfitMargin" : 11.74,
    "operatingProfit" : 32.47,
    "netProfitMargin" : 2.28,
    "netProfit" : 6.31
  }, {
    "date" : "2018-09-30",
    "sales" : 276.86,
    "salesGrowthYoY" : 4.82,
    "grossProfitMargin" : 30.67,
    "grossProfit" : 84.91,
    "operatingProfitMargin" : 12.85,
    "operatingProfit" : 35.58,
    "netProfitMargin" : 2.54,
    "netProfit" : 7.03
  }, {
    "date" : "2018-12-31",
    "sales" : 290.85,
    "salesGrowthYoY" : 14.33,
    "grossProfitMargin" : 24.38,
    "grossProfit" : 70.91,
    "operatingProfitMargin" : 10.23,
    "operatingProfit" : 29.75,
    "netProfitMargin" : 2.30,
    "netProfit" : 6.69
  }, {
    "date" : "2019-03-31",
    "sales" : 316.61,
    "salesGrowthYoY" : 24.16,
    "grossProfitMargin" : 24.15,
    "grossProfit" : 76.46,
    "operatingProfitMargin" : 9.82,
    "operatingProfit" : 31.09,
    "netProfitMargin" : 1.26,
    "netProfit" : 3.99
  }, {
    "date" : "2019-06-30",
    "sales" : 337.68,
    "salesGrowthYoY" : 22.08,
    "grossProfitMargin" : 25.07,
    "grossProfit" : 84.66,
    "operatingProfitMargin" : 11.34,
    "operatingProfit" : 38.29,
    "netProfitMargin" : 1.73,
    "netProfit" : 5.84
  }, {
    "date" : "2019-09-30",
    "sales" : 349.39,
    "salesGrowthYoY" : 26.20,
    "grossProfitMargin" : 22.67,
    "grossProfit" : 79.21,
    "operatingProfitMargin" : 9.31,
    "operatingProfit" : 32.53,
    "netProfitMargin" : 0.25,
    "netProfit" : 0.87
  }, {
    "date" : "2019-12-31",
    "sales" : 343.79,
    "salesGrowthYoY" : 18.20,
    "grossProfitMargin" : 24.77,
    "grossProfit" : 85.16,
    "operatingProfitMargin" : 10.16,
    "operatingProfit" : 34.93,
    "netProfitMargin" : 1.28,
    "netProfit" : 4.40
  }, {
    "date" : "2020-03-31",
    "sales" : 324.19,
    "salesGrowthYoY" : 2.39,
    "grossProfitMargin" : 26.12,
    "grossProfit" : 84.68,
    "operatingProfitMargin" : 9.38,
    "operatingProfit" : 30.41,
    "netProfitMargin" : 0.38,
    "netProfit" : 1.23
  }, {
    "date" : "2020-06-30",
    "sales" : 220.64,
    "salesGrowthYoY" : -34.66,
    "grossProfitMargin" : 25.60,
    "grossProfit" : 56.48,
    "operatingProfitMargin" : 10.40,
    "operatingProfit" : 22.95,
    "netProfitMargin" : 0.16,
    "netProfit" : 0.35
  }, {
    "date" : "2020-09-30",
    "sales" : 320.93,
    "salesGrowthYoY" : -8.15,
    "grossProfitMargin" : 23.41,
    "grossProfit" : 75.13,
    "operatingProfitMargin" : 8.18,
    "operatingProfit" : 26.25,
    "netProfitMargin" : 2.96,
    "netProfit" : 9.50
  }, {
    "date" : "2020-12-31",
    "sales" : 351.31,
    "salesGrowthYoY" : 2.19,
    "grossProfitMargin" : 31.12,
    "grossProfit" : 109.33,
    "operatingProfitMargin" : 17.08,
    "operatingProfit" : 60.00,
    "netProfitMargin" : 8.63,
    "netProfit" : 30.32
  }, {
    "date" : "2021-03-31",
    "sales" : 413.37,
    "salesGrowthYoY" : 27.51,
    "grossProfitMargin" : 38.14,
    "grossProfit" : 157.66,
    "operatingProfitMargin" : 24.58,
    "operatingProfit" : 101.61,
    "netProfitMargin" : 14.19,
    "netProfit" : 58.66
  }, {
    "date" : "2021-06-30",
    "sales" : 449.59,
    "salesGrowthYoY" : 103.77,
    "grossProfitMargin" : 40.05,
    "grossProfit" : 180.06,
    "operatingProfitMargin" : 27.80,
    "operatingProfit" : 124.99,
    "netProfitMargin" : 17.57,
    "netProfit" : 78.99
  }, {
    "date" : "2021-09-30",
    "sales" : 524.00,
    "salesGrowthYoY" : 63.28,
    "grossProfitMargin" : 42.72,
    "grossProfit" : 223.85,
    "operatingProfitMargin" : 29.52,
    "operatingProfit" : 154.68,
    "netProfitMargin" : 21.02,
    "netProfit" : 110.14
  }, {
    "date" : "2021-12-31",
    "sales" : 587.05,
    "salesGrowthYoY" : 67.10,
    "grossProfitMargin" : 39.50,
    "grossProfit" : 231.88,
    "operatingProfitMargin" : 27.74,
    "operatingProfit" : 162.85,
    "netProfitMargin" : 19.78,
    "netProfit" : 116.12
  }, {
    "date" : "2022-03-31",
    "sales" : 593.37,
    "salesGrowthYoY" : 43.54,
    "grossProfitMargin" : 38.96,
    "grossProfit" : 231.18,
    "operatingProfitMargin" : 25.93,
    "operatingProfit" : 153.86,
    "netProfitMargin" : 17.52,
    "netProfit" : 103.96
  }, {
    "date" : "2022-06-30",
    "sales" : 606.32,
    "salesGrowthYoY" : 34.86,
    "grossProfitMargin" : 33.66,
    "grossProfit" : 204.09,
    "operatingProfitMargin" : 22.13,
    "operatingProfit" : 134.18,
    "netProfitMargin" : 13.70,
    "netProfit" : 83.07
  }, {
    "date" : "2022-09-30",
    "sales" : 552.14,
    "salesGrowthYoY" : 5.37,
    "grossProfitMargin" : 19.99,
    "grossProfit" : 110.37,
    "operatingProfitMargin" : 8.86,
    "operatingProfit" : 48.92,
    "netProfitMargin" : 4.17,
    "netProfit" : 23.02
  }, {
    "date" : "2022-12-31",
    "sales" : 512.90,
    "salesGrowthYoY" : -12.63,
    "grossProfitMargin" : 20.73,
    "grossProfit" : 106.32,
    "operatingProfitMargin" : 7.81,
    "operatingProfit" : 40.06,
    "netProfitMargin" : 3.52,
    "netProfit" : 18.05
  }, {
    "date" : "2023-03-31",
    "sales" : 533.67,
    "salesGrowthYoY" : -10.06,
    "grossProfitMargin" : 22.75,
    "grossProfit" : 121.41,
    "operatingProfitMargin" : 10.44,
    "operatingProfit" : 55.72,
    "netProfitMargin" : 5.78,
    "netProfit" : 30.85
  }, {
    "date" : "2023-06-30",
    "sales" : 538.92,
    "salesGrowthYoY" : -11.12,
    "grossProfitMargin" : 21.96,
    "grossProfit" : 118.35,
    "operatingProfitMargin" : 9.24,
    "operatingProfit" : 49.80,
    "netProfitMargin" : 3.37,
    "netProfit" : 18.16
  }, {
    "date" : "2023-09-30",
    "sales" : 628.34,
    "salesGrowthYoY" : 13.80,
    "grossProfitMargin" : 18.76,
    "grossProfit" : 117.88,
    "operatingProfitMargin" : 6.30,
    "operatingProfit" : 39.59,
    "netProfitMargin" : 2.47,
    "netProfit" : 15.52
  }, {
    "date" : "2023-12-31",
    "sales" : 598.70,
    "salesGrowthYoY" : 16.73,
    "grossProfitMargin" : 22.45,
    "grossProfit" : 134.41,
    "operatingProfitMargin" : 8.13,
    "operatingProfit" : 48.67,
    "netProfitMargin" : 2.30,
    "netProfit" : 13.77
  }, {
    "date" : "2024-03-31",
    "sales" : 611.18,
    "salesGrowthYoY" : 14.52,
    "grossProfitMargin" : 23.97,
    "grossProfit" : 146.50,
    "operatingProfitMargin" : 10.98,
    "operatingProfit" : 67.11,
    "netProfitMargin" : 3.74,
    "netProfit" : 22.86
  }, {
    "date" : "2024-06-30",
    "sales" : 634.05,
    "salesGrowthYoY" : 17.65,
    "grossProfitMargin" : 24.29,
    "grossProfit" : 154.01,
    "operatingProfitMargin" : 11.64,
    "operatingProfit" : 73.80,
    "netProfitMargin" : 5.02,
    "netProfit" : 31.83
  }, {
    "date" : "2024-09-30",
    "sales" : 651.65,
    "salesGrowthYoY" : 3.71,
    "grossProfitMargin" : 22.15,
    "grossProfit" : 144.34,
    "operatingProfitMargin" : 9.60,
    "operatingProfit" : 62.56,
    "netProfitMargin" : 4.59,
    "netProfit" : 29.91
  }, {
    "date" : "2024-12-31",
    "sales" : 609.73,
    "salesGrowthYoY" : 1.84,
    "grossProfitMargin" : 24.64,
    "grossProfit" : 150.24,
    "operatingProfitMargin" : 9.72,
    "operatingProfit" : 59.27,
    "netProfitMargin" : 3.03,
    "netProfit" : 18.47
  }, {
    "date" : "2025-03-31",
    "sales" : 628.81,
    "salesGrowthYoY" : 2.88,
    "grossProfitMargin" : 26.62,
    "grossProfit" : 167.39,
    "operatingProfitMargin" : 11.82,
    "operatingProfit" : 74.33,
    "netProfitMargin" : 5.74,
    "netProfit" : 36.09
  }, {
    "date" : "2025-06-30",
    "sales" : 585.80,
    "salesGrowthYoY" : -7.61,
    "grossProfitMargin" : 26.65,
    "grossProfit" : 156.12,
    "operatingProfitMargin" : 11.86,
    "operatingProfit" : 69.48,
    "netProfitMargin" : 5.82,
    "netProfit" : 34.09
  }, {
    "date" : "2025-09-30",
    "sales" : 627.39,
    "salesGrowthYoY" : -3.72,
    "grossProfitMargin" : 24.12,
    "grossProfit" : 151.33,
    "operatingProfitMargin" : 10.43,
    "operatingProfit" : 65.44,
    "netProfitMargin" : 4.51,
    "netProfit" : 28.30
  }, {
    "date" : "2025-12-31",
    "sales" : 645.89,
    "salesGrowthYoY" : 5.93,
    "grossProfitMargin" : 23.39,
    "grossProfit" : 151.07,
    "operatingProfitMargin" : 10.16,
    "operatingProfit" : 65.62,
    "netProfitMargin" : 3.81,
    "netProfit" : 24.61
  } ],
  "latestQuarterlyResult" : {
    "date" : "2025-12-31",
    "sales" : 645.89,
    "salesGrowthYoY" : 5.93,
    "grossProfitMargin" : 23.39,
    "grossProfit" : 151.07,
    "operatingProfitMargin" : 10.16,
    "operatingProfit" : 65.62,
    "netProfitMargin" : 3.81,
    "netProfit" : 24.61
  },
  "companyScore" : {
    "priceHigherThanDma50" : 5.00,
    "priceHigherThanDma100" : 5.00,
    "priceHigherThanDma200" : 5.00,
    "dma50HigherThanDma100" : 0.00,
    "dma50HigherThanDma200" : 0.00,
    "dma100HigherThanDma200" : 0.00,
    "pricePercentageAboveDma50" : 4.15,
    "pricePercentageAboveDma100" : 4.25,
    "pricePercentageAboveDma200" : 4.46,
    "weeklyVolumeHigherThanYearlyVolume" : 5.00,
    "salesGrowthPercentile" : 10.40,
    "operatingProfitMarginPercentile" : 7.04,
    "netProfitMarginPercentile" : 6.30,
    "totalTechnicalScore" : 32.86,
    "totalFundamentalScore" : 23.73,
    "totalScore" : 56.60
  }
}