{
  "metadata" : {
    "screenerCompanyId" : "3193",
    "companyCode" : "STEELCAS",
    "companyName" : "Steelcast",
    "screenerCompanyLink" : "https://www.screener.in/company/STEELCAS",
    "screenerTechnicalHistoryLink" : "https://www.screener.in/api/company/3193/chart/?q=Price-DMA50-DMA200-Volume&days=365",
    "screenerQuarterlyResultsLink" : "https://www.screener.in/api/company/3193/chart/?q=GPM-OPM-NPM-Quarter+Sales&days=10000",
    "attributes" : {
      "companyCode" : "STEELCAS",
      "companyName" : "Steelcast",
      "marketCap" : 2152.00,
      "peRatio" : 24.20,
      "description" : "Steelcast Limited (SCL) is engaged in the business of manufacturing Steel and Alloy Steel Castings catering to a host of OEMs for diverse industrial sectors. [1]"
    },
    "companyScore" : {
      "priceHigherThanDma50" : 0.00,
      "priceHigherThanDma100" : 0.00,
      "priceHigherThanDma200" : 5.00,
      "dma50HigherThanDma100" : 0.00,
      "dma50HigherThanDma200" : 5.00,
      "dma100HigherThanDma200" : 5.00,
      "pricePercentageAboveDma50" : 5.14,
      "pricePercentageAboveDma100" : 5.20,
      "pricePercentageAboveDma200" : 4.81,
      "weeklyVolumeHigherThanYearlyVolume" : 0.00,
      "salesGrowthPercentile" : 13.67,
      "operatingProfitMarginPercentile" : 19.28,
      "netProfitMarginPercentile" : 9.91,
      "totalTechnicalScore" : 30.14,
      "totalFundamentalScore" : 42.86,
      "totalScore" : 73.00
    }
  },
  "attributes" : {
    "companyCode" : "STEELCAS",
    "companyName" : "Steelcast",
    "marketCap" : 2152.00,
    "peRatio" : 24.20,
    "description" : "Steelcast Limited (SCL) is engaged in the business of manufacturing Steel and Alloy Steel Castings catering to a host of OEMs for diverse industrial sectors. [1]"
  },
  "technicalHistory" : [ {
    "date" : "2024-11-25",
    "price" : 157.39,
    "dma50" : 152.46,
    "dma100" : null,
    "dma200" : 139.31,
    "volume" : 43465.00
  }, {
    "date" : "2024-11-26",
    "price" : 154.89,
    "dma50" : 152.56,
    "dma100" : null,
    "dma200" : 139.46,
    "volume" : 30950.00
  }, {
    "date" : "2024-11-27",
    "price" : 159.92,
    "dma50" : 152.85,
    "dma100" : null,
    "dma200" : 139.67,
    "volume" : 34680.00
  }, {
    "date" : "2024-11-28",
    "price" : 160.29,
    "dma50" : 153.14,
    "dma100" : null,
    "dma200" : 139.87,
    "volume" : 38815.00
  }, {
    "date" : "2024-11-29",
    "price" : 159.60,
    "dma50" : 153.39,
    "dma100" : null,
    "dma200" : 140.07,
    "volume" : 26035.00
  }, {
    "date" : "2024-12-02",
    "price" : 160.02,
    "dma50" : 153.65,
    "dma100" : null,
    "dma200" : 140.27,
    "volume" : 36250.00
  }, {
    "date" : "2024-12-03",
    "price" : 162.29,
    "dma50" : 153.99,
    "dma100" : null,
    "dma200" : 140.49,
    "volume" : 22515.00
  }, {
    "date" : "2024-12-04",
    "price" : 164.12,
    "dma50" : 154.39,
    "dma100" : null,
    "dma200" : 140.72,
    "volume" : 71930.00
  }, {
    "date" : "2024-12-05",
    "price" : 162.28,
    "dma50" : 154.70,
    "dma100" : null,
    "dma200" : 140.94,
    "volume" : 26025.00
  }, {
    "date" : "2024-12-06",
    "price" : 165.19,
    "dma50" : 155.11,
    "dma100" : null,
    "dma200" : 141.18,
    "volume" : 44350.00
  }, {
    "date" : "2024-12-09",
    "price" : 179.58,
    "dma50" : 156.07,
    "dma100" : null,
    "dma200" : 141.56,
    "volume" : 429425.00
  }, {
    "date" : "2024-12-10",
    "price" : 182.54,
    "dma50" : 157.11,
    "dma100" : null,
    "dma200" : 141.97,
    "volume" : 188740.00
  }, {
    "date" : "2024-12-11",
    "price" : 179.08,
    "dma50" : 157.97,
    "dma100" : null,
    "dma200" : 142.34,
    "volume" : 97920.00
  }, {
    "date" : "2024-12-12",
    "price" : 178.17,
    "dma50" : 158.76,
    "dma100" : null,
    "dma200" : 142.69,
    "volume" : 54110.00
  }, {
    "date" : "2024-12-13",
    "price" : 174.57,
    "dma50" : 159.38,
    "dma100" : null,
    "dma200" : 143.01,
    "volume" : 118090.00
  }, {
    "date" : "2024-12-16",
    "price" : 175.93,
    "dma50" : 160.03,
    "dma100" : null,
    "dma200" : 143.34,
    "volume" : 57695.00
  }, {
    "date" : "2024-12-17",
    "price" : 177.52,
    "dma50" : 160.71,
    "dma100" : null,
    "dma200" : 143.68,
    "volume" : 47100.00
  }, {
    "date" : "2024-12-18",
    "price" : 177.47,
    "dma50" : 161.37,
    "dma100" : null,
    "dma200" : 144.01,
    "volume" : 36350.00
  }, {
    "date" : "2024-12-19",
    "price" : 179.81,
    "dma50" : 162.09,
    "dma100" : null,
    "dma200" : 144.37,
    "volume" : 85065.00
  }, {
    "date" : "2024-12-20",
    "price" : 172.86,
    "dma50" : 162.52,
    "dma100" : null,
    "dma200" : 144.65,
    "volume" : 74750.00
  }, {
    "date" : "2024-12-23",
    "price" : 175.19,
    "dma50" : 163.01,
    "dma100" : null,
    "dma200" : 144.96,
    "volume" : 26530.00
  }, {
    "date" : "2024-12-24",
    "price" : 169.24,
    "dma50" : 163.26,
    "dma100" : null,
    "dma200" : 145.20,
    "volume" : 41725.00
  }, {
    "date" : "2024-12-26",
    "price" : 168.92,
    "dma50" : 163.48,
    "dma100" : null,
    "dma200" : 145.44,
    "volume" : 41550.00
  }, {
    "date" : "2024-12-27",
    "price" : 177.58,
    "dma50" : 164.03,
    "dma100" : null,
    "dma200" : 145.76,
    "volume" : 87360.00
  }, {
    "date" : "2024-12-30",
    "price" : 170.29,
    "dma50" : 164.28,
    "dma100" : null,
    "dma200" : 146.00,
    "volume" : 43845.00
  }, {
    "date" : "2024-12-31",
    "price" : 171.85,
    "dma50" : 164.58,
    "dma100" : null,
    "dma200" : 146.26,
    "volume" : 129090.00
  }, {
    "date" : "2025-01-01",
    "price" : 170.55,
    "dma50" : 164.81,
    "dma100" : null,
    "dma200" : 146.50,
    "volume" : 15735.00
  }, {
    "date" : "2025-01-02",
    "price" : 172.34,
    "dma50" : 165.10,
    "dma100" : null,
    "dma200" : 146.76,
    "volume" : 26355.00
  }, {
    "date" : "2025-01-03",
    "price" : 176.41,
    "dma50" : 165.55,
    "dma100" : null,
    "dma200" : 147.05,
    "volume" : 54220.00
  }, {
    "date" : "2025-01-06",
    "price" : 179.45,
    "dma50" : 166.09,
    "dma100" : null,
    "dma200" : 147.37,
    "volume" : 96175.00
  }, {
    "date" : "2025-01-07",
    "price" : 177.68,
    "dma50" : 166.55,
    "dma100" : null,
    "dma200" : 147.67,
    "volume" : 352680.00
  }, {
    "date" : "2025-01-08",
    "price" : 183.25,
    "dma50" : 167.20,
    "dma100" : null,
    "dma200" : 148.03,
    "volume" : 201715.00
  }, {
    "date" : "2025-01-09",
    "price" : 178.70,
    "dma50" : 167.65,
    "dma100" : null,
    "dma200" : 148.33,
    "volume" : 107810.00
  }, {
    "date" : "2025-01-10",
    "price" : 175.78,
    "dma50" : 167.97,
    "dma100" : null,
    "dma200" : 148.61,
    "volume" : 221625.00
  }, {
    "date" : "2025-01-13",
    "price" : 170.56,
    "dma50" : 168.07,
    "dma100" : null,
    "dma200" : 148.83,
    "volume" : 106850.00
  }, {
    "date" : "2025-01-14",
    "price" : 169.69,
    "dma50" : 168.14,
    "dma100" : null,
    "dma200" : 149.03,
    "volume" : 26895.00
  }, {
    "date" : "2025-01-15",
    "price" : 172.44,
    "dma50" : 168.31,
    "dma100" : null,
    "dma200" : 149.27,
    "volume" : 45790.00
  }, {
    "date" : "2025-01-16",
    "price" : 172.61,
    "dma50" : 168.47,
    "dma100" : null,
    "dma200" : 149.50,
    "volume" : 13080.00
  }, {
    "date" : "2025-01-17",
    "price" : 170.15,
    "dma50" : 168.54,
    "dma100" : null,
    "dma200" : 149.70,
    "volume" : 12880.00
  }, {
    "date" : "2025-01-20",
    "price" : 179.63,
    "dma50" : 168.98,
    "dma100" : null,
    "dma200" : 150.00,
    "volume" : 102135.00
  }, {
    "date" : "2025-01-21",
    "price" : 176.39,
    "dma50" : 169.27,
    "dma100" : null,
    "dma200" : 150.26,
    "volume" : 40925.00
  }, {
    "date" : "2025-01-22",
    "price" : 172.36,
    "dma50" : 169.39,
    "dma100" : null,
    "dma200" : 150.48,
    "volume" : 32295.00
  }, {
    "date" : "2025-01-23",
    "price" : 173.47,
    "dma50" : 169.55,
    "dma100" : null,
    "dma200" : 150.71,
    "volume" : 82285.00
  }, {
    "date" : "2025-01-24",
    "price" : 168.35,
    "dma50" : 169.50,
    "dma100" : null,
    "dma200" : 150.89,
    "volume" : 41735.00
  }, {
    "date" : "2025-01-27",
    "price" : 163.04,
    "dma50" : 169.25,
    "dma100" : null,
    "dma200" : 151.01,
    "volume" : 63570.00
  }, {
    "date" : "2025-01-28",
    "price" : 163.51,
    "dma50" : 169.02,
    "dma100" : null,
    "dma200" : 151.13,
    "volume" : 79135.00
  }, {
    "date" : "2025-01-29",
    "price" : 182.04,
    "dma50" : 169.53,
    "dma100" : null,
    "dma200" : 151.44,
    "volume" : 398665.00
  }, {
    "date" : "2025-01-30",
    "price" : 182.75,
    "dma50" : 170.05,
    "dma100" : null,
    "dma200" : 151.75,
    "volume" : 105660.00
  }, {
    "date" : "2025-01-31",
    "price" : 182.18,
    "dma50" : 170.53,
    "dma100" : null,
    "dma200" : 152.05,
    "volume" : 51765.00
  }, {
    "date" : "2025-02-01",
    "price" : 181.71,
    "dma50" : 170.97,
    "dma100" : null,
    "dma200" : 152.35,
    "volume" : 71615.00
  }, {
    "date" : "2025-02-03",
    "price" : 170.86,
    "dma50" : 170.96,
    "dma100" : null,
    "dma200" : 152.53,
    "volume" : 76025.00
  }, {
    "date" : "2025-02-04",
    "price" : 169.49,
    "dma50" : 170.90,
    "dma100" : null,
    "dma200" : 152.70,
    "volume" : 105000.00
  }, {
    "date" : "2025-02-05",
    "price" : 169.24,
    "dma50" : 170.84,
    "dma100" : null,
    "dma200" : 152.87,
    "volume" : 31855.00
  }, {
    "date" : "2025-02-06",
    "price" : 176.33,
    "dma50" : 171.05,
    "dma100" : null,
    "dma200" : 153.10,
    "volume" : 122475.00
  }, {
    "date" : "2025-02-07",
    "price" : 175.78,
    "dma50" : 171.24,
    "dma100" : null,
    "dma200" : 153.33,
    "volume" : 37340.00
  }, {
    "date" : "2025-02-10",
    "price" : 175.55,
    "dma50" : 171.41,
    "dma100" : null,
    "dma200" : 153.55,
    "volume" : 146625.00
  }, {
    "date" : "2025-02-11",
    "price" : 168.10,
    "dma50" : 171.28,
    "dma100" : null,
    "dma200" : 153.69,
    "volume" : 74160.00
  }, {
    "date" : "2025-02-12",
    "price" : 165.15,
    "dma50" : 171.04,
    "dma100" : null,
    "dma200" : 153.81,
    "volume" : 76110.00
  }, {
    "date" : "2025-02-13",
    "price" : 164.20,
    "dma50" : 170.77,
    "dma100" : null,
    "dma200" : 153.91,
    "volume" : 34055.00
  }, {
    "date" : "2025-02-14",
    "price" : 167.73,
    "dma50" : 170.65,
    "dma100" : null,
    "dma200" : 154.05,
    "volume" : 86945.00
  }, {
    "date" : "2025-02-17",
    "price" : 164.18,
    "dma50" : 170.40,
    "dma100" : null,
    "dma200" : 154.15,
    "volume" : 42140.00
  }, {
    "date" : "2025-02-18",
    "price" : 157.91,
    "dma50" : 169.91,
    "dma100" : null,
    "dma200" : 154.19,
    "volume" : 66940.00
  }, {
    "date" : "2025-02-19",
    "price" : 162.73,
    "dma50" : 169.63,
    "dma100" : null,
    "dma200" : 154.27,
    "volume" : 69230.00
  }, {
    "date" : "2025-02-20",
    "price" : 160.96,
    "dma50" : 169.29,
    "dma100" : null,
    "dma200" : 154.34,
    "volume" : 19500.00
  }, {
    "date" : "2025-02-21",
    "price" : 162.78,
    "dma50" : 169.03,
    "dma100" : null,
    "dma200" : 154.42,
    "volume" : 35000.00
  }, {
    "date" : "2025-02-24",
    "price" : 162.89,
    "dma50" : 168.79,
    "dma100" : null,
    "dma200" : 154.51,
    "volume" : 17525.00
  }, {
    "date" : "2025-02-25",
    "price" : 164.42,
    "dma50" : 168.62,
    "dma100" : null,
    "dma200" : 154.60,
    "volume" : 11830.00
  }, {
    "date" : "2025-02-27",
    "price" : 164.70,
    "dma50" : 168.46,
    "dma100" : null,
    "dma200" : 154.70,
    "volume" : 24400.00
  }, {
    "date" : "2025-02-28",
    "price" : 163.23,
    "dma50" : 168.26,
    "dma100" : null,
    "dma200" : 154.79,
    "volume" : 57835.00
  }, {
    "date" : "2025-03-03",
    "price" : 161.75,
    "dma50" : 168.00,
    "dma100" : null,
    "dma200" : 154.86,
    "volume" : 92620.00
  }, {
    "date" : "2025-03-04",
    "price" : 167.08,
    "dma50" : 167.97,
    "dma100" : null,
    "dma200" : 154.98,
    "volume" : 74185.00
  }, {
    "date" : "2025-03-05",
    "price" : 169.94,
    "dma50" : 168.05,
    "dma100" : null,
    "dma200" : 155.13,
    "volume" : 131935.00
  }, {
    "date" : "2025-03-06",
    "price" : 180.15,
    "dma50" : 168.52,
    "dma100" : null,
    "dma200" : 155.38,
    "volume" : 148815.00
  }, {
    "date" : "2025-03-07",
    "price" : 185.07,
    "dma50" : 169.17,
    "dma100" : null,
    "dma200" : 155.67,
    "volume" : 153295.00
  }, {
    "date" : "2025-03-10",
    "price" : 192.24,
    "dma50" : 170.07,
    "dma100" : null,
    "dma200" : 156.04,
    "volume" : 307475.00
  }, {
    "date" : "2025-03-11",
    "price" : 191.37,
    "dma50" : 170.91,
    "dma100" : null,
    "dma200" : 156.39,
    "volume" : 213640.00
  }, {
    "date" : "2025-03-12",
    "price" : 194.62,
    "dma50" : 171.84,
    "dma100" : null,
    "dma200" : 156.77,
    "volume" : 87150.00
  }, {
    "date" : "2025-03-13",
    "price" : 197.74,
    "dma50" : 172.85,
    "dma100" : null,
    "dma200" : 157.18,
    "volume" : 50750.00
  }, {
    "date" : "2025-03-17",
    "price" : 206.62,
    "dma50" : 174.18,
    "dma100" : null,
    "dma200" : 157.67,
    "volume" : 320445.00
  }, {
    "date" : "2025-03-18",
    "price" : 197.19,
    "dma50" : 175.08,
    "dma100" : null,
    "dma200" : 158.06,
    "volume" : 116535.00
  }, {
    "date" : "2025-03-19",
    "price" : 209.44,
    "dma50" : 176.43,
    "dma100" : null,
    "dma200" : 158.57,
    "volume" : 111980.00
  }, {
    "date" : "2025-03-20",
    "price" : 207.36,
    "dma50" : 177.64,
    "dma100" : null,
    "dma200" : 159.06,
    "volume" : 73150.00
  }, {
    "date" : "2025-03-21",
    "price" : 208.22,
    "dma50" : 178.84,
    "dma100" : null,
    "dma200" : 159.55,
    "volume" : 97180.00
  }, {
    "date" : "2025-03-24",
    "price" : 202.58,
    "dma50" : 179.77,
    "dma100" : null,
    "dma200" : 159.98,
    "volume" : 81160.00
  }, {
    "date" : "2025-03-25",
    "price" : 196.36,
    "dma50" : 180.42,
    "dma100" : null,
    "dma200" : 160.34,
    "volume" : 69790.00
  }, {
    "date" : "2025-03-26",
    "price" : 198.07,
    "dma50" : 181.11,
    "dma100" : null,
    "dma200" : 160.71,
    "volume" : 35130.00
  }, {
    "date" : "2025-03-27",
    "price" : 196.69,
    "dma50" : 181.73,
    "dma100" : null,
    "dma200" : 161.07,
    "volume" : 43085.00
  }, {
    "date" : "2025-03-28",
    "price" : 200.25,
    "dma50" : 182.45,
    "dma100" : null,
    "dma200" : 161.46,
    "volume" : 51795.00
  }, {
    "date" : "2025-04-01",
    "price" : 197.78,
    "dma50" : 183.05,
    "dma100" : null,
    "dma200" : 161.82,
    "volume" : 120460.00
  }, {
    "date" : "2025-04-02",
    "price" : 195.54,
    "dma50" : 183.54,
    "dma100" : null,
    "dma200" : 162.16,
    "volume" : 45340.00
  }, {
    "date" : "2025-04-03",
    "price" : 186.39,
    "dma50" : 183.65,
    "dma100" : null,
    "dma200" : 162.40,
    "volume" : 131095.00
  }, {
    "date" : "2025-04-04",
    "price" : 176.39,
    "dma50" : 183.37,
    "dma100" : null,
    "dma200" : 162.54,
    "volume" : 199850.00
  }, {
    "date" : "2025-04-07",
    "price" : 158.87,
    "dma50" : 182.41,
    "dma100" : null,
    "dma200" : 162.50,
    "volume" : 248830.00
  }, {
    "date" : "2025-04-08",
    "price" : 162.58,
    "dma50" : 181.63,
    "dma100" : null,
    "dma200" : 162.50,
    "volume" : 92015.00
  }, {
    "date" : "2025-04-09",
    "price" : 153.32,
    "dma50" : 180.52,
    "dma100" : null,
    "dma200" : 162.41,
    "volume" : 119480.00
  }, {
    "date" : "2025-04-11",
    "price" : 176.00,
    "dma50" : 180.34,
    "dma100" : null,
    "dma200" : 162.55,
    "volume" : 767140.00
  }, {
    "date" : "2025-04-15",
    "price" : 186.32,
    "dma50" : 180.58,
    "dma100" : null,
    "dma200" : 162.78,
    "volume" : 173075.00
  }, {
    "date" : "2025-04-16",
    "price" : 185.26,
    "dma50" : 180.76,
    "dma100" : null,
    "dma200" : 163.01,
    "volume" : 67815.00
  }, {
    "date" : "2025-04-17",
    "price" : 182.00,
    "dma50" : 180.81,
    "dma100" : null,
    "dma200" : 163.20,
    "volume" : 39440.00
  }, {
    "date" : "2025-04-21",
    "price" : 176.78,
    "dma50" : 180.65,
    "dma100" : null,
    "dma200" : 163.33,
    "volume" : 156570.00
  }, {
    "date" : "2025-04-22",
    "price" : 181.96,
    "dma50" : 180.70,
    "dma100" : 176.02,
    "dma200" : 163.52,
    "volume" : 91655.00
  }, {
    "date" : "2025-04-23",
    "price" : 182.88,
    "dma50" : 180.79,
    "dma100" : 176.30,
    "dma200" : 163.71,
    "volume" : 116655.00
  }, {
    "date" : "2025-04-24",
    "price" : 186.22,
    "dma50" : 181.00,
    "dma100" : 176.57,
    "dma200" : 163.93,
    "volume" : 96235.00
  }, {
    "date" : "2025-04-25",
    "price" : 182.32,
    "dma50" : 181.05,
    "dma100" : 176.79,
    "dma200" : 164.12,
    "volume" : 70330.00
  }, {
    "date" : "2025-04-28",
    "price" : 173.30,
    "dma50" : 180.75,
    "dma100" : 176.92,
    "dma200" : 164.21,
    "volume" : 233435.00
  }, {
    "date" : "2025-04-29",
    "price" : 174.30,
    "dma50" : 180.50,
    "dma100" : 177.07,
    "dma200" : 164.31,
    "volume" : 51755.00
  }, {
    "date" : "2025-04-30",
    "price" : 172.56,
    "dma50" : 180.19,
    "dma100" : 177.17,
    "dma200" : 164.39,
    "volume" : 92380.00
  }, {
    "date" : "2025-05-02",
    "price" : 173.52,
    "dma50" : 179.92,
    "dma100" : 177.26,
    "dma200" : 164.48,
    "volume" : 35690.00
  }, {
    "date" : "2025-05-05",
    "price" : 170.67,
    "dma50" : 179.56,
    "dma100" : 177.35,
    "dma200" : 164.54,
    "volume" : 58105.00
  }, {
    "date" : "2025-05-06",
    "price" : 171.06,
    "dma50" : 179.23,
    "dma100" : 177.41,
    "dma200" : 164.61,
    "volume" : 39295.00
  }, {
    "date" : "2025-05-07",
    "price" : 172.64,
    "dma50" : 178.97,
    "dma100" : 177.34,
    "dma200" : 164.69,
    "volume" : 61150.00
  }, {
    "date" : "2025-05-08",
    "price" : 179.60,
    "dma50" : 178.99,
    "dma100" : 177.31,
    "dma200" : 164.84,
    "volume" : 101490.00
  }, {
    "date" : "2025-05-09",
    "price" : 175.66,
    "dma50" : 178.86,
    "dma100" : 177.27,
    "dma200" : 164.94,
    "volume" : 205480.00
  }, {
    "date" : "2025-05-12",
    "price" : 184.05,
    "dma50" : 179.07,
    "dma100" : 177.33,
    "dma200" : 165.13,
    "volume" : 67605.00
  }, {
    "date" : "2025-05-13",
    "price" : 186.50,
    "dma50" : 179.36,
    "dma100" : 177.45,
    "dma200" : 165.35,
    "volume" : 55760.00
  }, {
    "date" : "2025-05-14",
    "price" : 181.96,
    "dma50" : 179.46,
    "dma100" : 177.51,
    "dma200" : 165.51,
    "volume" : 45220.00
  }, {
    "date" : "2025-05-15",
    "price" : 198.11,
    "dma50" : 180.19,
    "dma100" : 177.72,
    "dma200" : 165.84,
    "volume" : 391855.00
  }, {
    "date" : "2025-05-16",
    "price" : 190.41,
    "dma50" : 180.59,
    "dma100" : 177.85,
    "dma200" : 166.08,
    "volume" : 240355.00
  }, {
    "date" : "2025-05-19",
    "price" : 189.33,
    "dma50" : 180.93,
    "dma100" : 177.94,
    "dma200" : 166.31,
    "volume" : 56440.00
  }, {
    "date" : "2025-05-20",
    "price" : 187.49,
    "dma50" : 181.19,
    "dma100" : 178.09,
    "dma200" : 166.52,
    "volume" : 78595.00
  }, {
    "date" : "2025-05-21",
    "price" : 189.51,
    "dma50" : 181.52,
    "dma100" : 178.23,
    "dma200" : 166.75,
    "volume" : 18105.00
  }, {
    "date" : "2025-05-22",
    "price" : 189.91,
    "dma50" : 181.85,
    "dma100" : 178.44,
    "dma200" : 166.98,
    "volume" : 62735.00
  }, {
    "date" : "2025-05-23",
    "price" : 196.93,
    "dma50" : 182.44,
    "dma100" : 178.72,
    "dma200" : 167.28,
    "volume" : 99240.00
  }, {
    "date" : "2025-05-26",
    "price" : 199.89,
    "dma50" : 183.12,
    "dma100" : 178.94,
    "dma200" : 167.60,
    "volume" : 118450.00
  }, {
    "date" : "2025-05-27",
    "price" : 197.90,
    "dma50" : 183.70,
    "dma100" : 179.22,
    "dma200" : 167.91,
    "volume" : 58565.00
  }, {
    "date" : "2025-05-28",
    "price" : 197.90,
    "dma50" : 184.26,
    "dma100" : 179.48,
    "dma200" : 168.20,
    "volume" : 86775.00
  }, {
    "date" : "2025-05-29",
    "price" : 204.50,
    "dma50" : 185.05,
    "dma100" : 179.82,
    "dma200" : 168.57,
    "volume" : 655805.00
  }, {
    "date" : "2025-05-30",
    "price" : 206.18,
    "dma50" : 185.88,
    "dma100" : 180.16,
    "dma200" : 168.94,
    "volume" : 473405.00
  }, {
    "date" : "2025-06-02",
    "price" : 206.40,
    "dma50" : 186.69,
    "dma100" : 180.46,
    "dma200" : 169.31,
    "volume" : 303565.00
  }, {
    "date" : "2025-06-03",
    "price" : 204.48,
    "dma50" : 187.38,
    "dma100" : 180.71,
    "dma200" : 169.66,
    "volume" : 210190.00
  }, {
    "date" : "2025-06-04",
    "price" : 219.84,
    "dma50" : 188.66,
    "dma100" : 181.13,
    "dma200" : 170.16,
    "volume" : 777600.00
  }, {
    "date" : "2025-06-05",
    "price" : 217.76,
    "dma50" : 189.80,
    "dma100" : 181.47,
    "dma200" : 170.63,
    "volume" : 322225.00
  }, {
    "date" : "2025-06-06",
    "price" : 213.72,
    "dma50" : 190.74,
    "dma100" : 181.82,
    "dma200" : 171.06,
    "volume" : 129085.00
  }, {
    "date" : "2025-06-09",
    "price" : 218.32,
    "dma50" : 191.82,
    "dma100" : 182.25,
    "dma200" : 171.53,
    "volume" : 232855.00
  }, {
    "date" : "2025-06-10",
    "price" : 226.30,
    "dma50" : 193.17,
    "dma100" : 182.81,
    "dma200" : 172.08,
    "volume" : 587135.00
  }, {
    "date" : "2025-06-11",
    "price" : 226.90,
    "dma50" : 194.49,
    "dma100" : 183.38,
    "dma200" : 172.62,
    "volume" : 161710.00
  }, {
    "date" : "2025-06-12",
    "price" : 218.58,
    "dma50" : 195.44,
    "dma100" : 183.84,
    "dma200" : 173.08,
    "volume" : 229045.00
  }, {
    "date" : "2025-06-13",
    "price" : 216.90,
    "dma50" : 196.28,
    "dma100" : 184.28,
    "dma200" : 173.52,
    "volume" : 144405.00
  }, {
    "date" : "2025-06-16",
    "price" : 215.90,
    "dma50" : 197.05,
    "dma100" : 184.74,
    "dma200" : 173.94,
    "volume" : 55155.00
  }, {
    "date" : "2025-06-17",
    "price" : 213.68,
    "dma50" : 197.70,
    "dma100" : 185.08,
    "dma200" : 174.33,
    "volume" : 102230.00
  }, {
    "date" : "2025-06-18",
    "price" : 219.72,
    "dma50" : 198.56,
    "dma100" : 185.51,
    "dma200" : 174.79,
    "volume" : 196715.00
  }, {
    "date" : "2025-06-19",
    "price" : 212.52,
    "dma50" : 199.11,
    "dma100" : 185.92,
    "dma200" : 175.16,
    "volume" : 435755.00
  }, {
    "date" : "2025-06-20",
    "price" : 216.98,
    "dma50" : 199.81,
    "dma100" : 186.35,
    "dma200" : 175.58,
    "volume" : 190675.00
  }, {
    "date" : "2025-06-23",
    "price" : 218.36,
    "dma50" : 200.54,
    "dma100" : 186.85,
    "dma200" : 176.00,
    "volume" : 118045.00
  }, {
    "date" : "2025-06-24",
    "price" : 220.00,
    "dma50" : 201.30,
    "dma100" : 187.42,
    "dma200" : 176.44,
    "volume" : 138000.00
  }, {
    "date" : "2025-06-25",
    "price" : 219.74,
    "dma50" : 202.03,
    "dma100" : 187.98,
    "dma200" : 176.87,
    "volume" : 73155.00
  }, {
    "date" : "2025-06-26",
    "price" : 220.34,
    "dma50" : 202.74,
    "dma100" : 188.37,
    "dma200" : 177.30,
    "volume" : 113545.00
  }, {
    "date" : "2025-06-27",
    "price" : 219.58,
    "dma50" : 203.40,
    "dma100" : 188.73,
    "dma200" : 177.73,
    "volume" : 83915.00
  }, {
    "date" : "2025-06-30",
    "price" : 232.44,
    "dma50" : 204.54,
    "dma100" : 189.24,
    "dma200" : 178.27,
    "volume" : 183065.00
  }, {
    "date" : "2025-07-01",
    "price" : 232.86,
    "dma50" : 205.65,
    "dma100" : 189.75,
    "dma200" : 178.81,
    "volume" : 408830.00
  }, {
    "date" : "2025-07-02",
    "price" : 231.58,
    "dma50" : 206.67,
    "dma100" : 190.36,
    "dma200" : 179.34,
    "volume" : 145600.00
  }, {
    "date" : "2025-07-03",
    "price" : 237.40,
    "dma50" : 207.88,
    "dma100" : 191.03,
    "dma200" : 179.92,
    "volume" : 121280.00
  }, {
    "date" : "2025-07-04",
    "price" : 242.30,
    "dma50" : 209.23,
    "dma100" : 191.76,
    "dma200" : 180.54,
    "volume" : 129040.00
  }, {
    "date" : "2025-07-07",
    "price" : 236.66,
    "dma50" : 210.30,
    "dma100" : 192.37,
    "dma200" : 181.09,
    "volume" : 174890.00
  }, {
    "date" : "2025-07-08",
    "price" : 232.24,
    "dma50" : 211.16,
    "dma100" : 192.93,
    "dma200" : 181.60,
    "volume" : 262770.00
  }, {
    "date" : "2025-07-09",
    "price" : 237.20,
    "dma50" : 212.18,
    "dma100" : 193.55,
    "dma200" : 182.16,
    "volume" : 59855.00
  }, {
    "date" : "2025-07-10",
    "price" : 240.12,
    "dma50" : 213.28,
    "dma100" : 194.27,
    "dma200" : 182.73,
    "volume" : 118500.00
  }, {
    "date" : "2025-07-11",
    "price" : 237.72,
    "dma50" : 214.24,
    "dma100" : 195.00,
    "dma200" : 183.28,
    "volume" : 95205.00
  }, {
    "date" : "2025-07-14",
    "price" : 234.12,
    "dma50" : 215.02,
    "dma100" : 195.69,
    "dma200" : 183.79,
    "volume" : 89075.00
  }, {
    "date" : "2025-07-15",
    "price" : 239.00,
    "dma50" : 215.96,
    "dma100" : 196.41,
    "dma200" : 184.34,
    "volume" : 100425.00
  }, {
    "date" : "2025-07-16",
    "price" : 241.40,
    "dma50" : 216.95,
    "dma100" : 197.18,
    "dma200" : 184.90,
    "volume" : 87765.00
  }, {
    "date" : "2025-07-17",
    "price" : 237.22,
    "dma50" : 217.75,
    "dma100" : 197.97,
    "dma200" : 185.42,
    "volume" : 42755.00
  }, {
    "date" : "2025-07-18",
    "price" : 236.22,
    "dma50" : 218.47,
    "dma100" : 198.71,
    "dma200" : 185.93,
    "volume" : 32420.00
  }, {
    "date" : "2025-07-21",
    "price" : 236.72,
    "dma50" : 219.19,
    "dma100" : 199.46,
    "dma200" : 186.44,
    "volume" : 98035.00
  }, {
    "date" : "2025-07-22",
    "price" : 241.20,
    "dma50" : 220.05,
    "dma100" : 200.25,
    "dma200" : 186.98,
    "volume" : 114370.00
  }, {
    "date" : "2025-07-23",
    "price" : 243.40,
    "dma50" : 220.97,
    "dma100" : 201.05,
    "dma200" : 187.54,
    "volume" : 592625.00
  }, {
    "date" : "2025-07-24",
    "price" : 248.36,
    "dma50" : 222.04,
    "dma100" : 201.89,
    "dma200" : 188.15,
    "volume" : 103360.00
  }, {
    "date" : "2025-07-25",
    "price" : 234.30,
    "dma50" : 222.52,
    "dma100" : 202.59,
    "dma200" : 188.61,
    "volume" : 165325.00
  }, {
    "date" : "2025-07-28",
    "price" : 244.36,
    "dma50" : 223.38,
    "dma100" : 203.40,
    "dma200" : 189.16,
    "volume" : 130620.00
  }, {
    "date" : "2025-07-29",
    "price" : 247.86,
    "dma50" : 224.34,
    "dma100" : 204.26,
    "dma200" : 189.74,
    "volume" : 120780.00
  }, {
    "date" : "2025-07-30",
    "price" : 249.54,
    "dma50" : 225.33,
    "dma100" : 205.09,
    "dma200" : 190.34,
    "volume" : 259500.00
  }, {
    "date" : "2025-07-31",
    "price" : 227.18,
    "dma50" : 225.40,
    "dma100" : 205.66,
    "dma200" : 190.71,
    "volume" : 1949580.00
  }, {
    "date" : "2025-08-01",
    "price" : 219.52,
    "dma50" : 225.17,
    "dma100" : 206.05,
    "dma200" : 190.99,
    "volume" : 315480.00
  }, {
    "date" : "2025-08-04",
    "price" : 206.18,
    "dma50" : 224.42,
    "dma100" : 206.26,
    "dma200" : 191.14,
    "volume" : 1085885.00
  }, {
    "date" : "2025-08-05",
    "price" : 208.24,
    "dma50" : 223.79,
    "dma100" : 206.42,
    "dma200" : 191.31,
    "volume" : 128270.00
  }, {
    "date" : "2025-08-06",
    "price" : 211.34,
    "dma50" : 223.30,
    "dma100" : 206.62,
    "dma200" : 191.51,
    "volume" : 137875.00
  }, {
    "date" : "2025-08-07",
    "price" : 205.16,
    "dma50" : 222.59,
    "dma100" : 206.73,
    "dma200" : 191.65,
    "volume" : 142915.00
  }, {
    "date" : "2025-08-08",
    "price" : 204.78,
    "dma50" : 221.89,
    "dma100" : 206.80,
    "dma200" : 191.78,
    "volume" : 110365.00
  }, {
    "date" : "2025-08-11",
    "price" : 205.30,
    "dma50" : 221.24,
    "dma100" : 206.79,
    "dma200" : 191.91,
    "volume" : 34215.00
  }, {
    "date" : "2025-08-12",
    "price" : 210.56,
    "dma50" : 220.82,
    "dma100" : 206.92,
    "dma200" : 192.10,
    "volume" : 54345.00
  }, {
    "date" : "2025-08-13",
    "price" : 207.00,
    "dma50" : 220.28,
    "dma100" : 206.90,
    "dma200" : 192.25,
    "volume" : 56980.00
  }, {
    "date" : "2025-08-14",
    "price" : 208.10,
    "dma50" : 219.80,
    "dma100" : 206.90,
    "dma200" : 192.41,
    "volume" : 40780.00
  }, {
    "date" : "2025-08-18",
    "price" : 214.00,
    "dma50" : 219.58,
    "dma100" : 206.96,
    "dma200" : 192.62,
    "volume" : 67860.00
  }, {
    "date" : "2025-08-19",
    "price" : 222.78,
    "dma50" : 219.70,
    "dma100" : 207.16,
    "dma200" : 192.92,
    "volume" : 151170.00
  }, {
    "date" : "2025-08-20",
    "price" : 218.94,
    "dma50" : 219.67,
    "dma100" : 207.39,
    "dma200" : 193.18,
    "volume" : 70705.00
  }, {
    "date" : "2025-08-21",
    "price" : 218.34,
    "dma50" : 219.62,
    "dma100" : 207.59,
    "dma200" : 193.43,
    "volume" : 61265.00
  }, {
    "date" : "2025-08-22",
    "price" : 218.64,
    "dma50" : 219.58,
    "dma100" : 207.81,
    "dma200" : 193.68,
    "volume" : 39865.00
  }, {
    "date" : "2025-08-25",
    "price" : 219.82,
    "dma50" : 219.59,
    "dma100" : 208.01,
    "dma200" : 193.94,
    "volume" : 63250.00
  }, {
    "date" : "2025-08-26",
    "price" : 216.88,
    "dma50" : 219.48,
    "dma100" : 208.20,
    "dma200" : 194.17,
    "volume" : 94815.00
  }, {
    "date" : "2025-08-28",
    "price" : 219.10,
    "dma50" : 219.47,
    "dma100" : 208.43,
    "dma200" : 194.42,
    "volume" : 124735.00
  }, {
    "date" : "2025-08-29",
    "price" : 209.70,
    "dma50" : 219.09,
    "dma100" : 208.67,
    "dma200" : 194.57,
    "volume" : 206969.00
  }, {
    "date" : "2025-09-01",
    "price" : 207.84,
    "dma50" : 218.64,
    "dma100" : 208.98,
    "dma200" : 194.70,
    "volume" : 65289.00
  }, {
    "date" : "2025-09-02",
    "price" : 206.56,
    "dma50" : 218.17,
    "dma100" : 209.46,
    "dma200" : 194.82,
    "volume" : 116618.00
  }, {
    "date" : "2025-09-03",
    "price" : 215.82,
    "dma50" : 218.08,
    "dma100" : 209.99,
    "dma200" : 195.03,
    "volume" : 123740.00
  }, {
    "date" : "2025-09-04",
    "price" : 215.51,
    "dma50" : 217.98,
    "dma100" : 210.61,
    "dma200" : 195.23,
    "volume" : 91352.00
  }, {
    "date" : "2025-09-05",
    "price" : 214.68,
    "dma50" : 217.85,
    "dma100" : 211.00,
    "dma200" : 195.43,
    "volume" : 140184.00
  }, {
    "date" : "2025-09-08",
    "price" : 226.12,
    "dma50" : 218.17,
    "dma100" : 211.40,
    "dma200" : 195.73,
    "volume" : 89751.00
  }, {
    "date" : "2025-09-09",
    "price" : 218.22,
    "dma50" : 218.17,
    "dma100" : 211.73,
    "dma200" : 195.96,
    "volume" : 49917.00
  }, {
    "date" : "2025-09-10",
    "price" : 215.62,
    "dma50" : 218.07,
    "dma100" : 212.06,
    "dma200" : 196.15,
    "volume" : 68697.00
  }, {
    "date" : "2025-09-11",
    "price" : 216.58,
    "dma50" : 218.02,
    "dma100" : 212.46,
    "dma200" : 196.35,
    "volume" : 87339.00
  }, {
    "date" : "2025-09-12",
    "price" : 212.35,
    "dma50" : 217.79,
    "dma100" : 212.76,
    "dma200" : 196.51,
    "volume" : 74797.00
  }, {
    "date" : "2025-09-15",
    "price" : 204.99,
    "dma50" : 217.29,
    "dma100" : 212.99,
    "dma200" : 196.60,
    "volume" : 69254.00
  }, {
    "date" : "2025-09-16",
    "price" : 221.36,
    "dma50" : 217.45,
    "dma100" : 213.34,
    "dma200" : 196.84,
    "volume" : 2854816.00
  }, {
    "date" : "2025-09-17",
    "price" : 216.88,
    "dma50" : 217.43,
    "dma100" : 213.68,
    "dma200" : 197.04,
    "volume" : 318134.00
  }, {
    "date" : "2025-09-18",
    "price" : 224.18,
    "dma50" : 217.69,
    "dma100" : 214.19,
    "dma200" : 197.31,
    "volume" : 358720.00
  }, {
    "date" : "2025-09-19",
    "price" : 229.33,
    "dma50" : 218.15,
    "dma100" : 214.74,
    "dma200" : 197.63,
    "volume" : 216875.00
  }, {
    "date" : "2025-09-22",
    "price" : 221.23,
    "dma50" : 218.27,
    "dma100" : 215.23,
    "dma200" : 197.87,
    "volume" : 140744.00
  }, {
    "date" : "2025-09-23",
    "price" : 215.91,
    "dma50" : 218.18,
    "dma100" : 215.65,
    "dma200" : 198.05,
    "volume" : 102412.00
  }, {
    "date" : "2025-09-24",
    "price" : 218.47,
    "dma50" : 218.19,
    "dma100" : 216.13,
    "dma200" : 198.25,
    "volume" : 191259.00
  }, {
    "date" : "2025-09-25",
    "price" : 216.69,
    "dma50" : 218.13,
    "dma100" : 216.59,
    "dma200" : 198.43,
    "volume" : 94323.00
  }, {
    "date" : "2025-09-26",
    "price" : 210.37,
    "dma50" : 217.83,
    "dma100" : 216.96,
    "dma200" : 198.55,
    "volume" : 171276.00
  }, {
    "date" : "2025-09-29",
    "price" : 215.33,
    "dma50" : 217.73,
    "dma100" : 217.32,
    "dma200" : 198.72,
    "volume" : 143573.00
  }, {
    "date" : "2025-09-30",
    "price" : 213.87,
    "dma50" : 217.58,
    "dma100" : 217.70,
    "dma200" : 198.87,
    "volume" : 49757.00
  }, {
    "date" : "2025-10-01",
    "price" : 214.26,
    "dma50" : 217.45,
    "dma100" : 218.00,
    "dma200" : 199.02,
    "volume" : 48931.00
  }, {
    "date" : "2025-10-03",
    "price" : 222.95,
    "dma50" : 217.66,
    "dma100" : 218.37,
    "dma200" : 199.26,
    "volume" : 85489.00
  }, {
    "date" : "2025-10-06",
    "price" : 223.59,
    "dma50" : 217.90,
    "dma100" : 218.79,
    "dma200" : 199.50,
    "volume" : 101311.00
  }, {
    "date" : "2025-10-07",
    "price" : 221.12,
    "dma50" : 218.02,
    "dma100" : 219.02,
    "dma200" : 199.72,
    "volume" : 64391.00
  }, {
    "date" : "2025-10-08",
    "price" : 223.65,
    "dma50" : 218.24,
    "dma100" : 219.35,
    "dma200" : 199.96,
    "volume" : 54147.00
  }, {
    "date" : "2025-10-09",
    "price" : 228.90,
    "dma50" : 218.66,
    "dma100" : 219.74,
    "dma200" : 200.24,
    "volume" : 117737.00
  }, {
    "date" : "2025-10-10",
    "price" : 222.51,
    "dma50" : 218.81,
    "dma100" : 220.09,
    "dma200" : 200.47,
    "volume" : 90188.00
  }, {
    "date" : "2025-10-13",
    "price" : 220.78,
    "dma50" : 218.89,
    "dma100" : 220.41,
    "dma200" : 200.67,
    "volume" : 57418.00
  }, {
    "date" : "2025-10-14",
    "price" : 216.92,
    "dma50" : 218.81,
    "dma100" : 220.68,
    "dma200" : 200.83,
    "volume" : 200473.00
  }, {
    "date" : "2025-10-15",
    "price" : 213.93,
    "dma50" : 218.62,
    "dma100" : 220.85,
    "dma200" : 200.96,
    "volume" : 81515.00
  }, {
    "date" : "2025-10-16",
    "price" : 221.98,
    "dma50" : 218.75,
    "dma100" : 221.07,
    "dma200" : 201.17,
    "volume" : 76943.00
  }, {
    "date" : "2025-10-17",
    "price" : 221.88,
    "dma50" : 218.87,
    "dma100" : 221.31,
    "dma200" : 201.37,
    "volume" : 61799.00
  }, {
    "date" : "2025-10-20",
    "price" : 217.85,
    "dma50" : 218.83,
    "dma100" : 221.51,
    "dma200" : 201.54,
    "volume" : 50467.00
  }, {
    "date" : "2025-10-21",
    "price" : 226.36,
    "dma50" : 219.13,
    "dma100" : 221.73,
    "dma200" : 201.79,
    "volume" : 44537.00
  }, {
    "date" : "2025-10-23",
    "price" : 226.98,
    "dma50" : 219.44,
    "dma100" : 221.93,
    "dma200" : 202.04,
    "volume" : 201385.00
  }, {
    "date" : "2025-10-24",
    "price" : 223.17,
    "dma50" : 219.58,
    "dma100" : 222.10,
    "dma200" : 202.25,
    "volume" : 122084.00
  }, {
    "date" : "2025-10-27",
    "price" : 222.09,
    "dma50" : 219.68,
    "dma100" : 222.28,
    "dma200" : 202.44,
    "volume" : 246374.00
  }, {
    "date" : "2025-10-28",
    "price" : 221.78,
    "dma50" : 219.76,
    "dma100" : 222.30,
    "dma200" : 202.64,
    "volume" : 194248.00
  }, {
    "date" : "2025-10-29",
    "price" : 227.14,
    "dma50" : 220.05,
    "dma100" : 222.39,
    "dma200" : 202.88,
    "volume" : 105094.00
  }, {
    "date" : "2025-10-30",
    "price" : 229.81,
    "dma50" : 220.44,
    "dma100" : 222.55,
    "dma200" : 203.15,
    "volume" : 223590.00
  }, {
    "date" : "2025-10-31",
    "price" : 224.90,
    "dma50" : 220.61,
    "dma100" : 222.62,
    "dma200" : 203.36,
    "volume" : 449753.00
  }, {
    "date" : "2025-11-03",
    "price" : 211.85,
    "dma50" : 220.27,
    "dma100" : 222.47,
    "dma200" : 203.45,
    "volume" : 523266.00
  }, {
    "date" : "2025-11-04",
    "price" : 214.73,
    "dma50" : 220.05,
    "dma100" : 222.35,
    "dma200" : 203.56,
    "volume" : 303834.00
  }, {
    "date" : "2025-11-06",
    "price" : 204.99,
    "dma50" : 219.46,
    "dma100" : 222.22,
    "dma200" : 203.58,
    "volume" : 140522.00
  }, {
    "date" : "2025-11-07",
    "price" : 208.52,
    "dma50" : 219.03,
    "dma100" : 222.13,
    "dma200" : 203.62,
    "volume" : 123090.00
  }, {
    "date" : "2025-11-10",
    "price" : 208.50,
    "dma50" : 218.62,
    "dma100" : 222.06,
    "dma200" : 203.67,
    "volume" : 125279.00
  }, {
    "date" : "2025-11-11",
    "price" : 222.80,
    "dma50" : 218.78,
    "dma100" : 222.15,
    "dma200" : 203.86,
    "volume" : 262692.00
  }, {
    "date" : "2025-11-12",
    "price" : 221.91,
    "dma50" : 218.90,
    "dma100" : 222.17,
    "dma200" : 204.04,
    "volume" : 110841.00
  }, {
    "date" : "2025-11-13",
    "price" : 215.83,
    "dma50" : 218.78,
    "dma100" : 222.20,
    "dma200" : 204.16,
    "volume" : 179345.00
  }, {
    "date" : "2025-11-14",
    "price" : 218.78,
    "dma50" : 218.78,
    "dma100" : 222.22,
    "dma200" : 204.31,
    "volume" : 45834.00
  }, {
    "date" : "2025-11-17",
    "price" : 218.56,
    "dma50" : 218.77,
    "dma100" : 222.22,
    "dma200" : 204.45,
    "volume" : 35910.00
  }, {
    "date" : "2025-11-18",
    "price" : 221.30,
    "dma50" : 218.87,
    "dma100" : 222.24,
    "dma200" : 204.62,
    "volume" : 97054.00
  }, {
    "date" : "2025-11-19",
    "price" : 225.50,
    "dma50" : 219.13,
    "dma100" : 222.29,
    "dma200" : 204.82,
    "volume" : 68632.00
  }, {
    "date" : "2025-11-20",
    "price" : 224.50,
    "dma50" : 219.34,
    "dma100" : 222.34,
    "dma200" : 205.02,
    "volume" : 57917.00
  }, {
    "date" : "2025-11-21",
    "price" : 219.01,
    "dma50" : 219.33,
    "dma100" : 222.33,
    "dma200" : 205.16,
    "volume" : 53049.00
  }, {
    "date" : "2025-11-24",
    "price" : 213.17,
    "dma50" : 219.09,
    "dma100" : 222.14,
    "dma200" : 205.24,
    "volume" : 39824.00
  } ],
  "latestTechnicalAttributes" : {
    "date" : "2025-11-24",
    "price" : 213.17,
    "dma50" : 219.09,
    "dma100" : 222.14,
    "dma200" : 205.24,
    "volume" : 39824.00
  },
  "quarterlyResults" : [ {
    "date" : "2005-03-31",
    "sales" : 16.08,
    "salesGrowthYoY" : null,
    "grossProfitMargin" : 34.95,
    "grossProfit" : 5.62,
    "operatingProfitMargin" : 10.20,
    "operatingProfit" : 1.64,
    "netProfitMargin" : 4.23,
    "netProfit" : 0.68
  }, {
    "date" : "2005-06-30",
    "sales" : 14.54,
    "salesGrowthYoY" : null,
    "grossProfitMargin" : 37.96,
    "grossProfit" : 5.52,
    "operatingProfitMargin" : 16.71,
    "operatingProfit" : 2.43,
    "netProfitMargin" : 9.56,
    "netProfit" : 1.39
  }, {
    "date" : "2005-09-30",
    "sales" : 19.11,
    "salesGrowthYoY" : null,
    "grossProfitMargin" : 40.40,
    "grossProfit" : 7.72,
    "operatingProfitMargin" : 19.41,
    "operatingProfit" : 3.71,
    "netProfitMargin" : 9.73,
    "netProfit" : 1.86
  }, {
    "date" : "2005-12-31",
    "sales" : 20.51,
    "salesGrowthYoY" : null,
    "grossProfitMargin" : 43.83,
    "grossProfit" : 8.99,
    "operatingProfitMargin" : 18.48,
    "operatingProfit" : 3.79,
    "netProfitMargin" : 11.70,
    "netProfit" : 2.40
  }, {
    "date" : "2006-03-31",
    "sales" : 21.79,
    "salesGrowthYoY" : 35.51,
    "grossProfitMargin" : 42.63,
    "grossProfit" : 9.29,
    "operatingProfitMargin" : 22.44,
    "operatingProfit" : 4.89,
    "netProfitMargin" : 14.04,
    "netProfit" : 3.06
  }, {
    "date" : "2006-06-30",
    "sales" : 22.85,
    "salesGrowthYoY" : 57.15,
    "grossProfitMargin" : 43.63,
    "grossProfit" : 9.97,
    "operatingProfitMargin" : 22.41,
    "operatingProfit" : 5.12,
    "netProfitMargin" : 12.08,
    "netProfit" : 2.76
  }, {
    "date" : "2006-09-30",
    "sales" : 22.83,
    "salesGrowthYoY" : 19.47,
    "grossProfitMargin" : 42.14,
    "grossProfit" : 9.62,
    "operatingProfitMargin" : 21.29,
    "operatingProfit" : 4.86,
    "netProfitMargin" : 12.13,
    "netProfit" : 2.77
  }, {
    "date" : "2006-12-31",
    "sales" : 24.07,
    "salesGrowthYoY" : 17.36,
    "grossProfitMargin" : 38.43,
    "grossProfit" : 9.25,
    "operatingProfitMargin" : 18.70,
    "operatingProfit" : 4.50,
    "netProfitMargin" : 9.97,
    "netProfit" : 2.40
  }, {
    "date" : "2007-03-31",
    "sales" : 31.10,
    "salesGrowthYoY" : 42.73,
    "grossProfitMargin" : 36.43,
    "grossProfit" : 11.33,
    "operatingProfitMargin" : 18.84,
    "operatingProfit" : 5.86,
    "netProfitMargin" : 10.87,
    "netProfit" : 3.38
  }, {
    "date" : "2007-06-30",
    "sales" : 26.79,
    "salesGrowthYoY" : 17.24,
    "grossProfitMargin" : 33.18,
    "grossProfit" : 8.89,
    "operatingProfitMargin" : 14.22,
    "operatingProfit" : 3.81,
    "netProfitMargin" : 7.35,
    "netProfit" : 1.97
  }, {
    "date" : "2007-09-30",
    "sales" : 25.91,
    "salesGrowthYoY" : 13.49,
    "grossProfitMargin" : 36.16,
    "grossProfit" : 9.37,
    "operatingProfitMargin" : 16.98,
    "operatingProfit" : 4.40,
    "netProfitMargin" : 7.22,
    "netProfit" : 1.87
  }, {
    "date" : "2007-12-31",
    "sales" : 27.75,
    "salesGrowthYoY" : 15.29,
    "grossProfitMargin" : 36.43,
    "grossProfit" : 10.11,
    "operatingProfitMargin" : 15.78,
    "operatingProfit" : 4.38,
    "netProfitMargin" : 7.03,
    "netProfit" : 1.95
  }, {
    "date" : "2008-03-31",
    "sales" : 37.22,
    "salesGrowthYoY" : 19.68,
    "grossProfitMargin" : 37.72,
    "grossProfit" : 14.04,
    "operatingProfitMargin" : 16.71,
    "operatingProfit" : 6.22,
    "netProfitMargin" : 6.58,
    "netProfit" : 2.45
  }, {
    "date" : "2008-06-30",
    "sales" : 33.38,
    "salesGrowthYoY" : 24.60,
    "grossProfitMargin" : 34.69,
    "grossProfit" : 11.58,
    "operatingProfitMargin" : 15.52,
    "operatingProfit" : 5.18,
    "netProfitMargin" : 6.32,
    "netProfit" : 2.11
  }, {
    "date" : "2008-09-30",
    "sales" : 40.88,
    "salesGrowthYoY" : 57.78,
    "grossProfitMargin" : 31.14,
    "grossProfit" : 12.73,
    "operatingProfitMargin" : 15.66,
    "operatingProfit" : 6.40,
    "netProfitMargin" : 5.72,
    "netProfit" : 2.34
  }, {
    "date" : "2008-12-31",
    "sales" : 31.12,
    "salesGrowthYoY" : 12.14,
    "grossProfitMargin" : 34.25,
    "grossProfit" : 10.66,
    "operatingProfitMargin" : 14.01,
    "operatingProfit" : 4.36,
    "netProfitMargin" : 3.70,
    "netProfit" : 1.15
  }, {
    "date" : "2009-03-31",
    "sales" : 27.43,
    "salesGrowthYoY" : -26.30,
    "grossProfitMargin" : 25.12,
    "grossProfit" : 6.89,
    "operatingProfitMargin" : 5.94,
    "operatingProfit" : 1.63,
    "netProfitMargin" : -2.04,
    "netProfit" : -0.56
  }, {
    "date" : "2009-06-30",
    "sales" : 12.61,
    "salesGrowthYoY" : -62.22,
    "grossProfitMargin" : 30.61,
    "grossProfit" : 3.86,
    "operatingProfitMargin" : 0.56,
    "operatingProfit" : 0.07,
    "netProfitMargin" : -16.97,
    "netProfit" : -2.14
  }, {
    "date" : "2009-09-30",
    "sales" : 24.21,
    "salesGrowthYoY" : -40.78,
    "grossProfitMargin" : 39.12,
    "grossProfit" : 9.47,
    "operatingProfitMargin" : 19.00,
    "operatingProfit" : 4.60,
    "netProfitMargin" : 8.92,
    "netProfit" : 2.16
  }, {
    "date" : "2009-12-31",
    "sales" : 28.76,
    "salesGrowthYoY" : -7.58,
    "grossProfitMargin" : 36.02,
    "grossProfit" : 10.36,
    "operatingProfitMargin" : 14.78,
    "operatingProfit" : 4.25,
    "netProfitMargin" : 6.29,
    "netProfit" : 1.81
  }, {
    "date" : "2010-03-31",
    "sales" : 29.94,
    "salesGrowthYoY" : 9.15,
    "grossProfitMargin" : 33.60,
    "grossProfit" : 10.06,
    "operatingProfitMargin" : 10.82,
    "operatingProfit" : 3.24,
    "netProfitMargin" : 3.17,
    "netProfit" : 0.95
  }, {
    "date" : "2010-06-30",
    "sales" : 26.16,
    "salesGrowthYoY" : 107.45,
    "grossProfitMargin" : 36.62,
    "grossProfit" : 9.58,
    "operatingProfitMargin" : 11.89,
    "operatingProfit" : 3.11,
    "netProfitMargin" : 2.83,
    "netProfit" : 0.74
  }, {
    "date" : "2010-09-30",
    "sales" : 32.67,
    "salesGrowthYoY" : 34.94,
    "grossProfitMargin" : 32.75,
    "grossProfit" : 10.70,
    "operatingProfitMargin" : 11.78,
    "operatingProfit" : 3.85,
    "netProfitMargin" : 3.40,
    "netProfit" : 1.11
  }, {
    "date" : "2010-12-31",
    "sales" : 34.53,
    "salesGrowthYoY" : 20.06,
    "grossProfitMargin" : 33.77,
    "grossProfit" : 11.66,
    "operatingProfitMargin" : 10.48,
    "operatingProfit" : 3.62,
    "netProfitMargin" : 2.37,
    "netProfit" : 0.82
  }, {
    "date" : "2011-03-31",
    "sales" : 39.87,
    "salesGrowthYoY" : 33.17,
    "grossProfitMargin" : 53.47,
    "grossProfit" : 21.32,
    "operatingProfitMargin" : 12.54,
    "operatingProfit" : 5.00,
    "netProfitMargin" : 4.36,
    "netProfit" : 1.74
  }, {
    "date" : "2011-06-30",
    "sales" : 45.53,
    "salesGrowthYoY" : 74.04,
    "grossProfitMargin" : 58.53,
    "grossProfit" : 26.65,
    "operatingProfitMargin" : 15.95,
    "operatingProfit" : 7.26,
    "netProfitMargin" : 5.38,
    "netProfit" : 2.45
  }, {
    "date" : "2011-09-30",
    "sales" : 55.09,
    "salesGrowthYoY" : 68.63,
    "grossProfitMargin" : 55.56,
    "grossProfit" : 30.61,
    "operatingProfitMargin" : 17.48,
    "operatingProfit" : 9.63,
    "netProfitMargin" : 5.32,
    "netProfit" : 2.93
  }, {
    "date" : "2011-12-31",
    "sales" : 64.65,
    "salesGrowthYoY" : 87.23,
    "grossProfitMargin" : 58.53,
    "grossProfit" : 37.84,
    "operatingProfitMargin" : 20.19,
    "operatingProfit" : 13.05,
    "netProfitMargin" : 7.67,
    "netProfit" : 4.96
  }, {
    "date" : "2012-03-31",
    "sales" : 72.02,
    "salesGrowthYoY" : 80.64,
    "grossProfitMargin" : 51.14,
    "grossProfit" : 36.83,
    "operatingProfitMargin" : 12.36,
    "operatingProfit" : 8.90,
    "netProfitMargin" : 5.75,
    "netProfit" : 4.14
  }, {
    "date" : "2012-06-30",
    "sales" : 63.90,
    "salesGrowthYoY" : 40.35,
    "grossProfitMargin" : 59.47,
    "grossProfit" : 38.00,
    "operatingProfitMargin" : 16.13,
    "operatingProfit" : 10.31,
    "netProfitMargin" : 4.62,
    "netProfit" : 2.95
  }, {
    "date" : "2012-09-30",
    "sales" : 75.42,
    "salesGrowthYoY" : 36.90,
    "grossProfitMargin" : 58.34,
    "grossProfit" : 44.00,
    "operatingProfitMargin" : 15.80,
    "operatingProfit" : 11.92,
    "netProfitMargin" : 8.07,
    "netProfit" : 6.09
  }, {
    "date" : "2012-12-31",
    "sales" : 81.35,
    "salesGrowthYoY" : 25.83,
    "grossProfitMargin" : 59.11,
    "grossProfit" : 48.09,
    "operatingProfitMargin" : 17.50,
    "operatingProfit" : 14.24,
    "netProfitMargin" : 7.23,
    "netProfit" : 5.88
  }, {
    "date" : "2013-03-31",
    "sales" : 66.68,
    "salesGrowthYoY" : -7.41,
    "grossProfitMargin" : 59.97,
    "grossProfit" : 39.99,
    "operatingProfitMargin" : 15.24,
    "operatingProfit" : 10.16,
    "netProfitMargin" : 7.09,
    "netProfit" : 4.73
  }, {
    "date" : "2013-06-30",
    "sales" : 58.33,
    "salesGrowthYoY" : -8.72,
    "grossProfitMargin" : 61.34,
    "grossProfit" : 35.78,
    "operatingProfitMargin" : 22.25,
    "operatingProfit" : 12.98,
    "netProfitMargin" : 6.86,
    "netProfit" : 4.00
  }, {
    "date" : "2013-09-30",
    "sales" : 33.64,
    "salesGrowthYoY" : -55.40,
    "grossProfitMargin" : 69.89,
    "grossProfit" : 23.51,
    "operatingProfitMargin" : 19.56,
    "operatingProfit" : 6.58,
    "netProfitMargin" : 0.42,
    "netProfit" : 0.14
  }, {
    "date" : "2013-12-31",
    "sales" : 23.10,
    "salesGrowthYoY" : -71.60,
    "grossProfitMargin" : 77.62,
    "grossProfit" : 17.93,
    "operatingProfitMargin" : 13.77,
    "operatingProfit" : 3.18,
    "netProfitMargin" : -7.66,
    "netProfit" : -1.77
  }, {
    "date" : "2014-03-31",
    "sales" : 29.41,
    "salesGrowthYoY" : -55.89,
    "grossProfitMargin" : 61.85,
    "grossProfit" : 18.19,
    "operatingProfitMargin" : 9.35,
    "operatingProfit" : 2.75,
    "netProfitMargin" : -5.61,
    "netProfit" : -1.65
  }, {
    "date" : "2014-06-30",
    "sales" : 15.78,
    "salesGrowthYoY" : -72.95,
    "grossProfitMargin" : 60.27,
    "grossProfit" : 9.51,
    "operatingProfitMargin" : -5.64,
    "operatingProfit" : -0.89,
    "netProfitMargin" : -32.64,
    "netProfit" : -5.15
  }, {
    "date" : "2014-09-30",
    "sales" : 23.30,
    "salesGrowthYoY" : -30.74,
    "grossProfitMargin" : 52.96,
    "grossProfit" : 12.34,
    "operatingProfitMargin" : -7.90,
    "operatingProfit" : -1.84,
    "netProfitMargin" : -28.07,
    "netProfit" : -6.54
  }, {
    "date" : "2014-12-31",
    "sales" : 15.85,
    "salesGrowthYoY" : -31.39,
    "grossProfitMargin" : 58.68,
    "grossProfit" : 9.30,
    "operatingProfitMargin" : -6.18,
    "operatingProfit" : -0.98,
    "netProfitMargin" : -35.65,
    "netProfit" : -5.65
  }, {
    "date" : "2015-03-31",
    "sales" : 24.21,
    "salesGrowthYoY" : -17.68,
    "grossProfitMargin" : 64.52,
    "grossProfit" : 15.62,
    "operatingProfitMargin" : 9.00,
    "operatingProfit" : 2.18,
    "netProfitMargin" : -6.69,
    "netProfit" : -1.62
  }, {
    "date" : "2015-06-30",
    "sales" : 30.89,
    "salesGrowthYoY" : 95.75,
    "grossProfitMargin" : 51.51,
    "grossProfit" : 15.91,
    "operatingProfitMargin" : 10.17,
    "operatingProfit" : 3.14,
    "netProfitMargin" : -6.44,
    "netProfit" : -1.99
  }, {
    "date" : "2015-09-30",
    "sales" : 35.81,
    "salesGrowthYoY" : 53.69,
    "grossProfitMargin" : 62.05,
    "grossProfit" : 22.22,
    "operatingProfitMargin" : 21.73,
    "operatingProfit" : 7.78,
    "netProfitMargin" : 2.01,
    "netProfit" : 0.72
  }, {
    "date" : "2015-12-31",
    "sales" : 36.13,
    "salesGrowthYoY" : 127.95,
    "grossProfitMargin" : 66.04,
    "grossProfit" : 23.86,
    "operatingProfitMargin" : 20.95,
    "operatingProfit" : 7.57,
    "netProfitMargin" : 2.41,
    "netProfit" : 0.87
  }, {
    "date" : "2016-03-31",
    "sales" : 34.22,
    "salesGrowthYoY" : 41.35,
    "grossProfitMargin" : 67.53,
    "grossProfit" : 23.11,
    "operatingProfitMargin" : 21.65,
    "operatingProfit" : 7.41,
    "netProfitMargin" : 1.55,
    "netProfit" : 0.53
  }, {
    "date" : "2016-06-30",
    "sales" : 28.07,
    "salesGrowthYoY" : -9.13,
    "grossProfitMargin" : 66.76,
    "grossProfit" : 18.74,
    "operatingProfitMargin" : 14.25,
    "operatingProfit" : 4.00,
    "netProfitMargin" : -3.53,
    "netProfit" : -0.99
  }, {
    "date" : "2016-09-30",
    "sales" : 31.96,
    "salesGrowthYoY" : -10.75,
    "grossProfitMargin" : 70.56,
    "grossProfit" : 22.55,
    "operatingProfitMargin" : 20.21,
    "operatingProfit" : 6.46,
    "netProfitMargin" : 3.91,
    "netProfit" : 1.25
  }, {
    "date" : "2016-12-31",
    "sales" : 32.10,
    "salesGrowthYoY" : -11.15,
    "grossProfitMargin" : 70.09,
    "grossProfit" : 22.50,
    "operatingProfitMargin" : 17.69,
    "operatingProfit" : 5.68,
    "netProfitMargin" : -0.44,
    "netProfit" : -0.14
  }, {
    "date" : "2017-03-31",
    "sales" : 41.82,
    "salesGrowthYoY" : 22.21,
    "grossProfitMargin" : 67.55,
    "grossProfit" : 28.25,
    "operatingProfitMargin" : 20.85,
    "operatingProfit" : 8.72,
    "netProfitMargin" : 4.71,
    "netProfit" : 1.97
  }, {
    "date" : "2017-06-30",
    "sales" : 46.75,
    "salesGrowthYoY" : 66.55,
    "grossProfitMargin" : 67.04,
    "grossProfit" : 31.34,
    "operatingProfitMargin" : 19.17,
    "operatingProfit" : 8.96,
    "netProfitMargin" : 8.41,
    "netProfit" : 3.93
  }, {
    "date" : "2017-09-30",
    "sales" : 53.03,
    "salesGrowthYoY" : 65.93,
    "grossProfitMargin" : 65.70,
    "grossProfit" : 34.84,
    "operatingProfitMargin" : 20.21,
    "operatingProfit" : 10.72,
    "netProfitMargin" : 7.94,
    "netProfit" : 4.21
  }, {
    "date" : "2017-12-31",
    "sales" : 58.87,
    "salesGrowthYoY" : 83.40,
    "grossProfitMargin" : 66.42,
    "grossProfit" : 39.10,
    "operatingProfitMargin" : 17.28,
    "operatingProfit" : 10.17,
    "netProfitMargin" : 9.73,
    "netProfit" : 5.73
  }, {
    "date" : "2018-03-31",
    "sales" : 72.60,
    "salesGrowthYoY" : 73.60,
    "grossProfitMargin" : 62.02,
    "grossProfit" : 45.03,
    "operatingProfitMargin" : 18.17,
    "operatingProfit" : 13.19,
    "netProfitMargin" : 9.61,
    "netProfit" : 6.98
  }, {
    "date" : "2018-06-30",
    "sales" : 77.06,
    "salesGrowthYoY" : 64.83,
    "grossProfitMargin" : 56.03,
    "grossProfit" : 43.18,
    "operatingProfitMargin" : 19.47,
    "operatingProfit" : 15.00,
    "netProfitMargin" : 10.28,
    "netProfit" : 7.92
  }, {
    "date" : "2018-09-30",
    "sales" : 83.53,
    "salesGrowthYoY" : 57.51,
    "grossProfitMargin" : 56.06,
    "grossProfit" : 46.83,
    "operatingProfitMargin" : 17.45,
    "operatingProfit" : 14.58,
    "netProfitMargin" : 5.03,
    "netProfit" : 4.20
  }, {
    "date" : "2018-12-31",
    "sales" : 78.05,
    "salesGrowthYoY" : 32.58,
    "grossProfitMargin" : 61.88,
    "grossProfit" : 48.30,
    "operatingProfitMargin" : 18.77,
    "operatingProfit" : 14.65,
    "netProfitMargin" : 9.46,
    "netProfit" : 7.38
  }, {
    "date" : "2019-03-31",
    "sales" : 79.29,
    "salesGrowthYoY" : 9.21,
    "grossProfitMargin" : 57.69,
    "grossProfit" : 45.74,
    "operatingProfitMargin" : 18.31,
    "operatingProfit" : 14.52,
    "netProfitMargin" : 6.90,
    "netProfit" : 5.47
  }, {
    "date" : "2019-06-30",
    "sales" : 65.59,
    "salesGrowthYoY" : -14.88,
    "grossProfitMargin" : 58.79,
    "grossProfit" : 38.56,
    "operatingProfitMargin" : 20.45,
    "operatingProfit" : 13.41,
    "netProfitMargin" : 6.63,
    "netProfit" : 4.35
  }, {
    "date" : "2019-09-30",
    "sales" : 58.48,
    "salesGrowthYoY" : -29.99,
    "grossProfitMargin" : 57.88,
    "grossProfit" : 33.85,
    "operatingProfitMargin" : 21.19,
    "operatingProfit" : 12.39,
    "netProfitMargin" : 7.06,
    "netProfit" : 4.13
  }, {
    "date" : "2019-12-31",
    "sales" : 43.80,
    "salesGrowthYoY" : -43.88,
    "grossProfitMargin" : 64.22,
    "grossProfit" : 28.13,
    "operatingProfitMargin" : 20.25,
    "operatingProfit" : 8.87,
    "netProfitMargin" : 3.77,
    "netProfit" : 1.65
  }, {
    "date" : "2020-03-31",
    "sales" : 32.71,
    "salesGrowthYoY" : -58.75,
    "grossProfitMargin" : 66.95,
    "grossProfit" : 21.90,
    "operatingProfitMargin" : 8.07,
    "operatingProfit" : 2.64,
    "netProfitMargin" : -6.60,
    "netProfit" : -2.16
  }, {
    "date" : "2020-06-30",
    "sales" : 23.71,
    "salesGrowthYoY" : -63.85,
    "grossProfitMargin" : 55.50,
    "grossProfit" : 13.16,
    "operatingProfitMargin" : 16.07,
    "operatingProfit" : 3.81,
    "netProfitMargin" : 1.27,
    "netProfit" : 0.30
  }, {
    "date" : "2020-09-30",
    "sales" : 34.79,
    "salesGrowthYoY" : -40.51,
    "grossProfitMargin" : 62.83,
    "grossProfit" : 21.86,
    "operatingProfitMargin" : 21.18,
    "operatingProfit" : 7.37,
    "netProfitMargin" : 10.09,
    "netProfit" : 3.51
  }, {
    "date" : "2020-12-31",
    "sales" : 43.75,
    "salesGrowthYoY" : -0.11,
    "grossProfitMargin" : 66.40,
    "grossProfit" : 29.05,
    "operatingProfitMargin" : 21.28,
    "operatingProfit" : 9.31,
    "netProfitMargin" : 8.64,
    "netProfit" : 3.78
  }, {
    "date" : "2021-03-31",
    "sales" : 55.48,
    "salesGrowthYoY" : 69.61,
    "grossProfitMargin" : 62.15,
    "grossProfit" : 34.48,
    "operatingProfitMargin" : 19.94,
    "operatingProfit" : 11.06,
    "netProfitMargin" : 7.98,
    "netProfit" : 4.43
  }, {
    "date" : "2021-06-30",
    "sales" : 52.59,
    "salesGrowthYoY" : 121.81,
    "grossProfitMargin" : 62.62,
    "grossProfit" : 32.93,
    "operatingProfitMargin" : 21.96,
    "operatingProfit" : 11.55,
    "netProfitMargin" : 10.06,
    "netProfit" : 5.29
  }, {
    "date" : "2021-09-30",
    "sales" : 77.41,
    "salesGrowthYoY" : 122.51,
    "grossProfitMargin" : 62.54,
    "grossProfit" : 48.41,
    "operatingProfitMargin" : 23.16,
    "operatingProfit" : 17.93,
    "netProfitMargin" : 12.67,
    "netProfit" : 9.81
  }, {
    "date" : "2021-12-31",
    "sales" : 79.00,
    "salesGrowthYoY" : 80.57,
    "grossProfitMargin" : 62.41,
    "grossProfit" : 49.30,
    "operatingProfitMargin" : 21.09,
    "operatingProfit" : 16.66,
    "netProfitMargin" : 10.81,
    "netProfit" : 8.54
  }, {
    "date" : "2022-03-31",
    "sales" : 93.04,
    "salesGrowthYoY" : 67.70,
    "grossProfitMargin" : 57.94,
    "grossProfit" : 53.91,
    "operatingProfitMargin" : 18.87,
    "operatingProfit" : 17.56,
    "netProfitMargin" : 10.35,
    "netProfit" : 9.63
  }, {
    "date" : "2022-06-30",
    "sales" : 115.62,
    "salesGrowthYoY" : 119.85,
    "grossProfitMargin" : 54.31,
    "grossProfit" : 62.79,
    "operatingProfitMargin" : 20.82,
    "operatingProfit" : 24.07,
    "netProfitMargin" : 12.23,
    "netProfit" : 14.14
  }, {
    "date" : "2022-09-30",
    "sales" : 121.17,
    "salesGrowthYoY" : 56.53,
    "grossProfitMargin" : 57.84,
    "grossProfit" : 70.08,
    "operatingProfitMargin" : 23.35,
    "operatingProfit" : 28.29,
    "netProfitMargin" : 14.49,
    "netProfit" : 17.56
  }, {
    "date" : "2022-12-31",
    "sales" : 119.73,
    "salesGrowthYoY" : 51.56,
    "grossProfitMargin" : 59.25,
    "grossProfit" : 70.94,
    "operatingProfitMargin" : 25.61,
    "operatingProfit" : 30.66,
    "netProfitMargin" : 16.10,
    "netProfit" : 19.28
  }, {
    "date" : "2023-03-31",
    "sales" : 120.32,
    "salesGrowthYoY" : 29.32,
    "grossProfitMargin" : 62.00,
    "grossProfit" : 74.60,
    "operatingProfitMargin" : 25.73,
    "operatingProfit" : 30.96,
    "netProfitMargin" : 16.24,
    "netProfit" : 19.54
  }, {
    "date" : "2023-06-30",
    "sales" : 119.49,
    "salesGrowthYoY" : 3.35,
    "grossProfitMargin" : 59.59,
    "grossProfit" : 71.20,
    "operatingProfitMargin" : 27.03,
    "operatingProfit" : 32.30,
    "netProfitMargin" : 16.97,
    "netProfit" : 20.28
  }, {
    "date" : "2023-09-30",
    "sales" : 101.61,
    "salesGrowthYoY" : -16.14,
    "grossProfitMargin" : 62.51,
    "grossProfit" : 63.52,
    "operatingProfitMargin" : 28.27,
    "operatingProfit" : 28.73,
    "netProfitMargin" : 18.30,
    "netProfit" : 18.59
  }, {
    "date" : "2023-12-31",
    "sales" : 90.31,
    "salesGrowthYoY" : -24.57,
    "grossProfitMargin" : 68.77,
    "grossProfit" : 62.11,
    "operatingProfitMargin" : 30.27,
    "operatingProfit" : 27.34,
    "netProfitMargin" : 19.29,
    "netProfit" : 17.42
  }, {
    "date" : "2024-03-31",
    "sales" : 98.40,
    "salesGrowthYoY" : -18.22,
    "grossProfitMargin" : 69.61,
    "grossProfit" : 68.50,
    "operatingProfitMargin" : 29.29,
    "operatingProfit" : 28.82,
    "netProfitMargin" : 19.01,
    "netProfit" : 18.71
  }, {
    "date" : "2024-06-30",
    "sales" : 77.45,
    "salesGrowthYoY" : -35.18,
    "grossProfitMargin" : 66.95,
    "grossProfit" : 51.85,
    "operatingProfitMargin" : 25.45,
    "operatingProfit" : 19.71,
    "netProfitMargin" : 16.69,
    "netProfit" : 12.93
  }, {
    "date" : "2024-09-30",
    "sales" : 75.35,
    "salesGrowthYoY" : -25.84,
    "grossProfitMargin" : 72.34,
    "grossProfit" : 54.51,
    "operatingProfitMargin" : 25.24,
    "operatingProfit" : 19.02,
    "netProfitMargin" : 17.64,
    "netProfit" : 13.29
  }, {
    "date" : "2024-12-31",
    "sales" : 101.81,
    "salesGrowthYoY" : 12.73,
    "grossProfitMargin" : 70.29,
    "grossProfit" : 71.56,
    "operatingProfitMargin" : 27.83,
    "operatingProfit" : 28.33,
    "netProfitMargin" : 18.87,
    "netProfit" : 19.21
  }, {
    "date" : "2025-03-31",
    "sales" : 120.09,
    "salesGrowthYoY" : 22.04,
    "grossProfitMargin" : 69.87,
    "grossProfit" : 83.91,
    "operatingProfitMargin" : 31.28,
    "operatingProfit" : 37.56,
    "netProfitMargin" : 22.29,
    "netProfit" : 26.77
  }, {
    "date" : "2025-06-30",
    "sales" : 106.69,
    "salesGrowthYoY" : 37.75,
    "grossProfitMargin" : 67.76,
    "grossProfit" : 72.29,
    "operatingProfitMargin" : 25.59,
    "operatingProfit" : 27.30,
    "netProfitMargin" : 18.63,
    "netProfit" : 19.88
  }, {
    "date" : "2025-09-30",
    "sales" : 106.65,
    "salesGrowthYoY" : 41.54,
    "grossProfitMargin" : 68.35,
    "grossProfit" : 72.90,
    "operatingProfitMargin" : 28.34,
    "operatingProfit" : 30.22,
    "netProfitMargin" : 21.76,
    "netProfit" : 23.21
  } ],
  "latestQuarterlyResult" : {
    "date" : "2025-09-30",
    "sales" : 106.65,
    "salesGrowthYoY" : 41.54,
    "grossProfitMargin" : 68.35,
    "grossProfit" : 72.90,
    "operatingProfitMargin" : 28.34,
    "operatingProfit" : 30.22,
    "netProfitMargin" : 21.76,
    "netProfit" : 23.21
  },
  "companyScore" : {
    "priceHigherThanDma50" : 0.00,
    "priceHigherThanDma100" : 0.00,
    "priceHigherThanDma200" : 5.00,
    "dma50HigherThanDma100" : 0.00,
    "dma50HigherThanDma200" : 5.00,
    "dma100HigherThanDma200" : 5.00,
    "pricePercentageAboveDma50" : 5.14,
    "pricePercentageAboveDma100" : 5.20,
    "pricePercentageAboveDma200" : 4.81,
    "weeklyVolumeHigherThanYearlyVolume" : 0.00,
    "salesGrowthPercentile" : 13.67,
    "operatingProfitMarginPercentile" : 19.28,
    "netProfitMarginPercentile" : 9.91,
    "totalTechnicalScore" : 30.14,
    "totalFundamentalScore" : 42.86,
    "totalScore" : 73.00
  }
}