{
  "metadata" : {
    "screenerCompanyId" : "3219",
    "companyCode" : "STYLAMIND",
    "companyName" : "Stylam Industrie",
    "screenerCompanyLink" : "https://www.screener.in/company/STYLAMIND/",
    "screenerTechnicalHistoryLink" : "https://www.screener.in/api/company/3219/chart/?q=Price-DMA50-DMA200-Volume&days=365",
    "screenerQuarterlyResultsLink" : "https://www.screener.in/api/company/3219/chart/?q=GPM-OPM-NPM-Quarter+Sales&days=10000",
    "attributes" : {
      "companyCode" : "STYLAMIND",
      "companyName" : "Stylam Industrie",
      "marketCap" : 3755.00,
      "peRatio" : 26.70,
      "description" : "Stylam Industries is engaged in the manufacturing of decorative laminates under the brand name “STYLAM” and exports its products primarily to European and South East Asian countries. It manufactures a wide range of high-quality decorative laminates, specialty surfaces, PU+ lacquer coating, solid surfaces and compact laminates. [1]"
    },
    "companyScore" : {
      "priceHigherThanDma50" : 5.00,
      "priceHigherThanDma100" : 5.00,
      "priceHigherThanDma200" : 5.00,
      "dma50HigherThanDma100" : 5.00,
      "dma50HigherThanDma200" : 5.00,
      "dma100HigherThanDma200" : 5.00,
      "pricePercentageAboveDma50" : 4.88,
      "pricePercentageAboveDma100" : 4.62,
      "pricePercentageAboveDma200" : 4.41,
      "weeklyVolumeHigherThanYearlyVolume" : 0.00,
      "salesGrowthPercentile" : 7.13,
      "operatingProfitMarginPercentile" : 18.81,
      "netProfitMarginPercentile" : 10.00,
      "totalTechnicalScore" : 43.90,
      "totalFundamentalScore" : 35.94,
      "totalScore" : 79.84
    }
  },
  "attributes" : {
    "companyCode" : "STYLAMIND",
    "companyName" : "Stylam Industrie",
    "marketCap" : 3755.00,
    "peRatio" : 26.70,
    "description" : "Stylam Industries is engaged in the manufacturing of decorative laminates under the brand name “STYLAM” and exports its products primarily to European and South East Asian countries. It manufactures a wide range of high-quality decorative laminates, specialty surfaces, PU+ lacquer coating, solid surfaces and compact laminates. [1]"
  },
  "technicalHistory" : [ {
    "date" : "2025-02-11",
    "price" : 1742.05,
    "dma50" : 2095.71,
    "dma100" : null,
    "dma200" : 2046.70,
    "volume" : 23143.00
  }, {
    "date" : "2025-02-12",
    "price" : 1790.50,
    "dma50" : 2083.74,
    "dma100" : null,
    "dma200" : 2044.15,
    "volume" : 22976.00
  }, {
    "date" : "2025-02-13",
    "price" : 1795.25,
    "dma50" : 2072.43,
    "dma100" : null,
    "dma200" : 2041.67,
    "volume" : 12569.00
  }, {
    "date" : "2025-02-14",
    "price" : 1615.25,
    "dma50" : 2054.50,
    "dma100" : null,
    "dma200" : 2037.43,
    "volume" : 66192.00
  }, {
    "date" : "2025-02-17",
    "price" : 1723.70,
    "dma50" : 2041.53,
    "dma100" : null,
    "dma200" : 2034.31,
    "volume" : 49803.00
  }, {
    "date" : "2025-02-18",
    "price" : 1611.55,
    "dma50" : 2024.66,
    "dma100" : null,
    "dma200" : 2030.10,
    "volume" : 29669.00
  }, {
    "date" : "2025-02-19",
    "price" : 1667.65,
    "dma50" : 2010.66,
    "dma100" : null,
    "dma200" : 2026.49,
    "volume" : 41438.00
  }, {
    "date" : "2025-02-20",
    "price" : 1654.30,
    "dma50" : 1996.69,
    "dma100" : null,
    "dma200" : 2022.79,
    "volume" : 38373.00
  }, {
    "date" : "2025-02-21",
    "price" : 1667.85,
    "dma50" : 1983.79,
    "dma100" : null,
    "dma200" : 2019.26,
    "volume" : 25873.00
  }, {
    "date" : "2025-02-24",
    "price" : 1687.50,
    "dma50" : 1972.17,
    "dma100" : null,
    "dma200" : 2015.96,
    "volume" : 26716.00
  }, {
    "date" : "2025-02-25",
    "price" : 1621.45,
    "dma50" : 1958.42,
    "dma100" : null,
    "dma200" : 2012.03,
    "volume" : 31408.00
  }, {
    "date" : "2025-02-27",
    "price" : 1600.65,
    "dma50" : 1944.39,
    "dma100" : null,
    "dma200" : 2007.94,
    "volume" : 17038.00
  }, {
    "date" : "2025-02-28",
    "price" : 1576.40,
    "dma50" : 1929.96,
    "dma100" : null,
    "dma200" : 2003.65,
    "volume" : 23485.00
  }, {
    "date" : "2025-03-03",
    "price" : 1504.75,
    "dma50" : 1913.28,
    "dma100" : null,
    "dma200" : 1998.68,
    "volume" : 48646.00
  }, {
    "date" : "2025-03-04",
    "price" : 1571.90,
    "dma50" : 1899.90,
    "dma100" : null,
    "dma200" : 1994.43,
    "volume" : 42255.00
  }, {
    "date" : "2025-03-05",
    "price" : 1668.00,
    "dma50" : 1890.80,
    "dma100" : null,
    "dma200" : 1991.19,
    "volume" : 28175.00
  }, {
    "date" : "2025-03-06",
    "price" : 1746.60,
    "dma50" : 1885.15,
    "dma100" : null,
    "dma200" : 1988.75,
    "volume" : 28593.00
  }, {
    "date" : "2025-03-07",
    "price" : 1720.65,
    "dma50" : 1878.70,
    "dma100" : null,
    "dma200" : 1986.08,
    "volume" : 42607.00
  }, {
    "date" : "2025-03-10",
    "price" : 1666.00,
    "dma50" : 1870.35,
    "dma100" : null,
    "dma200" : 1982.90,
    "volume" : 20679.00
  }, {
    "date" : "2025-03-11",
    "price" : 1638.00,
    "dma50" : 1861.24,
    "dma100" : null,
    "dma200" : 1979.47,
    "volume" : 29403.00
  }, {
    "date" : "2025-03-12",
    "price" : 1625.85,
    "dma50" : 1852.01,
    "dma100" : null,
    "dma200" : 1975.95,
    "volume" : 25993.00
  }, {
    "date" : "2025-03-13",
    "price" : 1595.25,
    "dma50" : 1841.94,
    "dma100" : null,
    "dma200" : 1972.16,
    "volume" : 23995.00
  }, {
    "date" : "2025-03-17",
    "price" : 1611.85,
    "dma50" : 1832.92,
    "dma100" : null,
    "dma200" : 1968.58,
    "volume" : 35880.00
  }, {
    "date" : "2025-03-18",
    "price" : 1625.60,
    "dma50" : 1824.79,
    "dma100" : null,
    "dma200" : 1965.16,
    "volume" : 36347.00
  }, {
    "date" : "2025-03-19",
    "price" : 1620.85,
    "dma50" : 1816.79,
    "dma100" : null,
    "dma200" : 1961.74,
    "volume" : 43870.00
  }, {
    "date" : "2025-03-20",
    "price" : 1628.55,
    "dma50" : 1809.41,
    "dma100" : null,
    "dma200" : 1958.42,
    "volume" : 40576.00
  }, {
    "date" : "2025-03-21",
    "price" : 1632.50,
    "dma50" : 1802.47,
    "dma100" : null,
    "dma200" : 1955.18,
    "volume" : 48163.00
  }, {
    "date" : "2025-03-24",
    "price" : 1658.25,
    "dma50" : 1796.82,
    "dma100" : null,
    "dma200" : 1952.22,
    "volume" : 35304.00
  }, {
    "date" : "2025-03-25",
    "price" : 1648.20,
    "dma50" : 1790.99,
    "dma100" : null,
    "dma200" : 1949.20,
    "volume" : 25804.00
  }, {
    "date" : "2025-03-26",
    "price" : 1619.00,
    "dma50" : 1784.24,
    "dma100" : null,
    "dma200" : 1945.91,
    "volume" : 267127.00
  }, {
    "date" : "2025-03-27",
    "price" : 1696.85,
    "dma50" : 1780.82,
    "dma100" : null,
    "dma200" : 1943.44,
    "volume" : 85508.00
  }, {
    "date" : "2025-03-28",
    "price" : 1647.35,
    "dma50" : 1775.58,
    "dma100" : null,
    "dma200" : 1940.49,
    "volume" : 35819.00
  }, {
    "date" : "2025-04-01",
    "price" : 1722.35,
    "dma50" : 1773.49,
    "dma100" : null,
    "dma200" : 1938.32,
    "volume" : 60327.00
  }, {
    "date" : "2025-04-02",
    "price" : 1691.85,
    "dma50" : 1770.29,
    "dma100" : null,
    "dma200" : 1935.87,
    "volume" : 28582.00
  }, {
    "date" : "2025-04-03",
    "price" : 1672.90,
    "dma50" : 1766.47,
    "dma100" : null,
    "dma200" : 1933.25,
    "volume" : 32308.00
  }, {
    "date" : "2025-04-04",
    "price" : 1598.70,
    "dma50" : 1759.89,
    "dma100" : null,
    "dma200" : 1929.92,
    "volume" : 55763.00
  }, {
    "date" : "2025-04-07",
    "price" : 1557.05,
    "dma50" : 1751.94,
    "dma100" : null,
    "dma200" : 1926.21,
    "volume" : 48974.00
  }, {
    "date" : "2025-04-08",
    "price" : 1602.05,
    "dma50" : 1746.06,
    "dma100" : null,
    "dma200" : 1922.99,
    "volume" : 29906.00
  }, {
    "date" : "2025-04-09",
    "price" : 1618.40,
    "dma50" : 1741.06,
    "dma100" : null,
    "dma200" : 1919.95,
    "volume" : 35350.00
  }, {
    "date" : "2025-04-11",
    "price" : 1680.55,
    "dma50" : 1738.68,
    "dma100" : null,
    "dma200" : 1917.57,
    "volume" : 48170.00
  }, {
    "date" : "2025-04-15",
    "price" : 1725.50,
    "dma50" : 1738.17,
    "dma100" : null,
    "dma200" : 1915.66,
    "volume" : 33931.00
  }, {
    "date" : "2025-04-16",
    "price" : 1754.40,
    "dma50" : 1738.80,
    "dma100" : null,
    "dma200" : 1914.06,
    "volume" : 28163.00
  }, {
    "date" : "2025-04-17",
    "price" : 1769.90,
    "dma50" : 1740.02,
    "dma100" : null,
    "dma200" : 1912.62,
    "volume" : 27186.00
  }, {
    "date" : "2025-04-21",
    "price" : 1792.40,
    "dma50" : 1742.08,
    "dma100" : null,
    "dma200" : 1911.43,
    "volume" : 33131.00
  }, {
    "date" : "2025-04-22",
    "price" : 1813.90,
    "dma50" : 1744.89,
    "dma100" : null,
    "dma200" : 1910.46,
    "volume" : 25324.00
  }, {
    "date" : "2025-04-23",
    "price" : 1788.30,
    "dma50" : 1746.59,
    "dma100" : null,
    "dma200" : 1909.24,
    "volume" : 42309.00
  }, {
    "date" : "2025-04-24",
    "price" : 1755.30,
    "dma50" : 1746.94,
    "dma100" : null,
    "dma200" : 1907.71,
    "volume" : 23180.00
  }, {
    "date" : "2025-04-25",
    "price" : 1668.40,
    "dma50" : 1743.86,
    "dma100" : null,
    "dma200" : 1905.33,
    "volume" : 56188.00
  }, {
    "date" : "2025-04-28",
    "price" : 1685.90,
    "dma50" : 1741.58,
    "dma100" : null,
    "dma200" : 1903.14,
    "volume" : 41439.00
  }, {
    "date" : "2025-04-29",
    "price" : 1640.70,
    "dma50" : 1737.63,
    "dma100" : null,
    "dma200" : 1900.53,
    "volume" : 51629.00
  }, {
    "date" : "2025-04-30",
    "price" : 1577.00,
    "dma50" : 1731.33,
    "dma100" : null,
    "dma200" : 1897.31,
    "volume" : 40028.00
  }, {
    "date" : "2025-05-02",
    "price" : 1610.00,
    "dma50" : 1726.57,
    "dma100" : null,
    "dma200" : 1894.45,
    "volume" : 58193.00
  }, {
    "date" : "2025-05-05",
    "price" : 1622.00,
    "dma50" : 1722.47,
    "dma100" : null,
    "dma200" : 1891.74,
    "volume" : 19291.00
  }, {
    "date" : "2025-05-06",
    "price" : 1570.30,
    "dma50" : 1716.50,
    "dma100" : null,
    "dma200" : 1888.55,
    "volume" : 23608.00
  }, {
    "date" : "2025-05-07",
    "price" : 1571.90,
    "dma50" : 1710.83,
    "dma100" : null,
    "dma200" : 1885.39,
    "volume" : 21250.00
  }, {
    "date" : "2025-05-08",
    "price" : 1549.30,
    "dma50" : 1704.50,
    "dma100" : null,
    "dma200" : 1882.05,
    "volume" : 22562.00
  }, {
    "date" : "2025-05-09",
    "price" : 1602.60,
    "dma50" : 1700.50,
    "dma100" : null,
    "dma200" : 1879.27,
    "volume" : 40079.00
  }, {
    "date" : "2025-05-12",
    "price" : 1677.60,
    "dma50" : 1699.60,
    "dma100" : null,
    "dma200" : 1877.26,
    "volume" : 38416.00
  }, {
    "date" : "2025-05-13",
    "price" : 1691.80,
    "dma50" : 1699.30,
    "dma100" : null,
    "dma200" : 1875.42,
    "volume" : 41117.00
  }, {
    "date" : "2025-05-14",
    "price" : 1708.70,
    "dma50" : 1699.67,
    "dma100" : null,
    "dma200" : 1873.76,
    "volume" : 48312.00
  }, {
    "date" : "2025-05-15",
    "price" : 1743.80,
    "dma50" : 1701.40,
    "dma100" : null,
    "dma200" : 1872.47,
    "volume" : 64474.00
  }, {
    "date" : "2025-05-16",
    "price" : 1739.90,
    "dma50" : 1702.91,
    "dma100" : null,
    "dma200" : 1871.15,
    "volume" : 19863.00
  }, {
    "date" : "2025-05-19",
    "price" : 1804.30,
    "dma50" : 1706.88,
    "dma100" : null,
    "dma200" : 1870.48,
    "volume" : 59134.00
  }, {
    "date" : "2025-05-20",
    "price" : 1772.40,
    "dma50" : 1709.45,
    "dma100" : null,
    "dma200" : 1869.51,
    "volume" : 32517.00
  }, {
    "date" : "2025-05-21",
    "price" : 1790.80,
    "dma50" : 1712.64,
    "dma100" : null,
    "dma200" : 1868.72,
    "volume" : 41488.00
  }, {
    "date" : "2025-05-22",
    "price" : 1777.20,
    "dma50" : 1715.17,
    "dma100" : null,
    "dma200" : 1867.81,
    "volume" : 28675.00
  }, {
    "date" : "2025-05-23",
    "price" : 1834.60,
    "dma50" : 1719.86,
    "dma100" : null,
    "dma200" : 1867.48,
    "volume" : 27506.00
  }, {
    "date" : "2025-05-26",
    "price" : 1770.90,
    "dma50" : 1721.86,
    "dma100" : null,
    "dma200" : 1866.52,
    "volume" : 173115.00
  }, {
    "date" : "2025-05-27",
    "price" : 1837.50,
    "dma50" : 1726.39,
    "dma100" : null,
    "dma200" : 1866.23,
    "volume" : 52892.00
  }, {
    "date" : "2025-05-28",
    "price" : 1705.80,
    "dma50" : 1725.59,
    "dma100" : null,
    "dma200" : 1864.64,
    "volume" : 98533.00
  }, {
    "date" : "2025-05-29",
    "price" : 1636.20,
    "dma50" : 1722.08,
    "dma100" : null,
    "dma200" : 1862.36,
    "volume" : 83098.00
  }, {
    "date" : "2025-05-30",
    "price" : 1638.60,
    "dma50" : 1718.81,
    "dma100" : null,
    "dma200" : 1860.14,
    "volume" : 40008.00
  }, {
    "date" : "2025-06-02",
    "price" : 1649.40,
    "dma50" : 1716.09,
    "dma100" : null,
    "dma200" : 1858.04,
    "volume" : 38533.00
  }, {
    "date" : "2025-06-03",
    "price" : 1700.20,
    "dma50" : 1715.46,
    "dma100" : null,
    "dma200" : 1856.47,
    "volume" : 50392.00
  }, {
    "date" : "2025-06-04",
    "price" : 1702.80,
    "dma50" : 1714.97,
    "dma100" : null,
    "dma200" : 1854.94,
    "volume" : 31627.00
  }, {
    "date" : "2025-06-05",
    "price" : 1680.70,
    "dma50" : 1713.62,
    "dma100" : null,
    "dma200" : 1853.21,
    "volume" : 37295.00
  }, {
    "date" : "2025-06-06",
    "price" : 1692.70,
    "dma50" : 1712.80,
    "dma100" : null,
    "dma200" : 1851.61,
    "volume" : 24640.00
  }, {
    "date" : "2025-06-09",
    "price" : 1713.20,
    "dma50" : 1712.82,
    "dma100" : null,
    "dma200" : 1850.23,
    "volume" : 44639.00
  }, {
    "date" : "2025-06-10",
    "price" : 1741.90,
    "dma50" : 1713.96,
    "dma100" : null,
    "dma200" : 1849.15,
    "volume" : 27800.00
  }, {
    "date" : "2025-06-11",
    "price" : 1748.20,
    "dma50" : 1715.30,
    "dma100" : null,
    "dma200" : 1848.15,
    "volume" : 24087.00
  }, {
    "date" : "2025-06-12",
    "price" : 1731.80,
    "dma50" : 1715.95,
    "dma100" : null,
    "dma200" : 1846.99,
    "volume" : 50400.00
  }, {
    "date" : "2025-06-13",
    "price" : 1721.20,
    "dma50" : 1716.15,
    "dma100" : null,
    "dma200" : 1845.74,
    "volume" : 16812.00
  }, {
    "date" : "2025-06-16",
    "price" : 1695.60,
    "dma50" : 1715.35,
    "dma100" : null,
    "dma200" : 1844.25,
    "volume" : 37695.00
  }, {
    "date" : "2025-06-17",
    "price" : 1637.30,
    "dma50" : 1712.29,
    "dma100" : null,
    "dma200" : 1842.19,
    "volume" : 43844.00
  }, {
    "date" : "2025-06-18",
    "price" : 1661.60,
    "dma50" : 1710.30,
    "dma100" : null,
    "dma200" : 1840.39,
    "volume" : 48525.00
  }, {
    "date" : "2025-06-19",
    "price" : 1669.60,
    "dma50" : 1708.70,
    "dma100" : null,
    "dma200" : 1838.69,
    "volume" : 25543.00
  }, {
    "date" : "2025-06-20",
    "price" : 1646.10,
    "dma50" : 1706.25,
    "dma100" : null,
    "dma200" : 1836.77,
    "volume" : 30597.00
  }, {
    "date" : "2025-06-23",
    "price" : 1609.00,
    "dma50" : 1702.43,
    "dma100" : null,
    "dma200" : 1834.51,
    "volume" : 32559.00
  }, {
    "date" : "2025-06-24",
    "price" : 1600.10,
    "dma50" : 1698.42,
    "dma100" : null,
    "dma200" : 1832.17,
    "volume" : 76357.00
  }, {
    "date" : "2025-06-25",
    "price" : 1628.30,
    "dma50" : 1695.67,
    "dma100" : null,
    "dma200" : 1830.15,
    "volume" : 70861.00
  }, {
    "date" : "2025-06-26",
    "price" : 1621.80,
    "dma50" : 1692.77,
    "dma100" : null,
    "dma200" : 1828.07,
    "volume" : 81645.00
  }, {
    "date" : "2025-06-27",
    "price" : 1650.60,
    "dma50" : 1691.12,
    "dma100" : null,
    "dma200" : 1826.31,
    "volume" : 45747.00
  }, {
    "date" : "2025-06-30",
    "price" : 1638.50,
    "dma50" : 1689.06,
    "dma100" : null,
    "dma200" : 1824.44,
    "volume" : 26427.00
  }, {
    "date" : "2025-07-01",
    "price" : 1617.10,
    "dma50" : 1686.24,
    "dma100" : null,
    "dma200" : 1822.38,
    "volume" : 27351.00
  }, {
    "date" : "2025-07-02",
    "price" : 1612.30,
    "dma50" : 1683.34,
    "dma100" : null,
    "dma200" : 1820.29,
    "volume" : 30426.00
  }, {
    "date" : "2025-07-03",
    "price" : 1616.90,
    "dma50" : 1680.73,
    "dma100" : null,
    "dma200" : 1818.26,
    "volume" : 13545.00
  }, {
    "date" : "2025-07-04",
    "price" : 1619.20,
    "dma50" : 1678.32,
    "dma100" : null,
    "dma200" : 1816.28,
    "volume" : 15936.00
  }, {
    "date" : "2025-07-07",
    "price" : 1612.50,
    "dma50" : 1675.74,
    "dma100" : null,
    "dma200" : 1814.25,
    "volume" : 29146.00
  }, {
    "date" : "2025-07-08",
    "price" : 1631.70,
    "dma50" : 1674.01,
    "dma100" : null,
    "dma200" : 1812.44,
    "volume" : 30145.00
  }, {
    "date" : "2025-07-09",
    "price" : 1627.50,
    "dma50" : 1672.19,
    "dma100" : null,
    "dma200" : 1810.60,
    "volume" : 19843.00
  }, {
    "date" : "2025-07-10",
    "price" : 1639.40,
    "dma50" : 1670.90,
    "dma100" : 1670.27,
    "dma200" : 1808.89,
    "volume" : 15527.00
  }, {
    "date" : "2025-07-11",
    "price" : 1656.50,
    "dma50" : 1670.34,
    "dma100" : 1668.93,
    "dma200" : 1807.38,
    "volume" : 56740.00
  }, {
    "date" : "2025-07-14",
    "price" : 1684.40,
    "dma50" : 1670.89,
    "dma100" : 1667.82,
    "dma200" : 1806.15,
    "volume" : 34572.00
  }, {
    "date" : "2025-07-15",
    "price" : 1703.00,
    "dma50" : 1672.15,
    "dma100" : 1668.70,
    "dma200" : 1805.13,
    "volume" : 31201.00
  }, {
    "date" : "2025-07-16",
    "price" : 1712.80,
    "dma50" : 1673.74,
    "dma100" : 1668.59,
    "dma200" : 1804.21,
    "volume" : 18054.00
  }, {
    "date" : "2025-07-17",
    "price" : 1727.00,
    "dma50" : 1675.83,
    "dma100" : 1669.74,
    "dma200" : 1803.44,
    "volume" : 39133.00
  }, {
    "date" : "2025-07-18",
    "price" : 1740.50,
    "dma50" : 1678.37,
    "dma100" : 1670.47,
    "dma200" : 1802.81,
    "volume" : 39412.00
  }, {
    "date" : "2025-07-21",
    "price" : 1750.20,
    "dma50" : 1681.18,
    "dma100" : 1671.43,
    "dma200" : 1802.29,
    "volume" : 55193.00
  }, {
    "date" : "2025-07-22",
    "price" : 1745.20,
    "dma50" : 1683.69,
    "dma100" : 1672.21,
    "dma200" : 1801.72,
    "volume" : 33084.00
  }, {
    "date" : "2025-07-23",
    "price" : 1855.60,
    "dma50" : 1690.43,
    "dma100" : 1673.89,
    "dma200" : 1802.26,
    "volume" : 172791.00
  }, {
    "date" : "2025-07-24",
    "price" : 1880.40,
    "dma50" : 1697.88,
    "dma100" : 1676.48,
    "dma200" : 1803.04,
    "volume" : 110396.00
  }, {
    "date" : "2025-07-25",
    "price" : 1881.00,
    "dma50" : 1705.06,
    "dma100" : 1679.28,
    "dma200" : 1803.81,
    "volume" : 136190.00
  }, {
    "date" : "2025-07-28",
    "price" : 1866.40,
    "dma50" : 1711.39,
    "dma100" : 1682.18,
    "dma200" : 1804.43,
    "volume" : 81544.00
  }, {
    "date" : "2025-07-29",
    "price" : 1787.10,
    "dma50" : 1714.36,
    "dma100" : 1685.00,
    "dma200" : 1804.26,
    "volume" : 81112.00
  }, {
    "date" : "2025-07-30",
    "price" : 1771.10,
    "dma50" : 1716.59,
    "dma100" : 1687.00,
    "dma200" : 1803.93,
    "volume" : 32470.00
  }, {
    "date" : "2025-07-31",
    "price" : 1747.70,
    "dma50" : 1717.81,
    "dma100" : 1687.79,
    "dma200" : 1803.37,
    "volume" : 23345.00
  }, {
    "date" : "2025-08-01",
    "price" : 1783.40,
    "dma50" : 1720.38,
    "dma100" : 1688.16,
    "dma200" : 1803.17,
    "volume" : 36962.00
  }, {
    "date" : "2025-08-04",
    "price" : 1830.40,
    "dma50" : 1724.69,
    "dma100" : 1689.26,
    "dma200" : 1803.44,
    "volume" : 45206.00
  }, {
    "date" : "2025-08-05",
    "price" : 1808.90,
    "dma50" : 1727.99,
    "dma100" : 1690.69,
    "dma200" : 1803.50,
    "volume" : 28419.00
  }, {
    "date" : "2025-08-06",
    "price" : 1787.20,
    "dma50" : 1730.32,
    "dma100" : 1692.18,
    "dma200" : 1803.34,
    "volume" : 35134.00
  }, {
    "date" : "2025-08-07",
    "price" : 1733.10,
    "dma50" : 1730.43,
    "dma100" : 1693.25,
    "dma200" : 1802.64,
    "volume" : 22159.00
  }, {
    "date" : "2025-08-08",
    "price" : 1684.20,
    "dma50" : 1728.61,
    "dma100" : 1694.14,
    "dma200" : 1801.46,
    "volume" : 35918.00
  }, {
    "date" : "2025-08-11",
    "price" : 1700.00,
    "dma50" : 1727.49,
    "dma100" : 1695.02,
    "dma200" : 1800.45,
    "volume" : 22869.00
  }, {
    "date" : "2025-08-12",
    "price" : 1666.00,
    "dma50" : 1725.08,
    "dma100" : 1695.43,
    "dma200" : 1799.11,
    "volume" : 10376.00
  }, {
    "date" : "2025-08-13",
    "price" : 1671.40,
    "dma50" : 1722.97,
    "dma100" : 1695.93,
    "dma200" : 1797.84,
    "volume" : 16119.00
  }, {
    "date" : "2025-08-14",
    "price" : 1660.90,
    "dma50" : 1720.54,
    "dma100" : 1696.26,
    "dma200" : 1796.48,
    "volume" : 12459.00
  }, {
    "date" : "2025-08-18",
    "price" : 1647.50,
    "dma50" : 1717.68,
    "dma100" : 1696.41,
    "dma200" : 1795.00,
    "volume" : 19493.00
  }, {
    "date" : "2025-08-19",
    "price" : 1669.80,
    "dma50" : 1715.80,
    "dma100" : 1696.52,
    "dma200" : 1793.75,
    "volume" : 11946.00
  }, {
    "date" : "2025-08-20",
    "price" : 1644.00,
    "dma50" : 1712.98,
    "dma100" : 1696.48,
    "dma200" : 1792.26,
    "volume" : 24720.00
  }, {
    "date" : "2025-08-21",
    "price" : 1631.40,
    "dma50" : 1709.78,
    "dma100" : 1696.60,
    "dma200" : 1790.66,
    "volume" : 33626.00
  }, {
    "date" : "2025-08-22",
    "price" : 1632.60,
    "dma50" : 1706.76,
    "dma100" : 1695.96,
    "dma200" : 1789.09,
    "volume" : 17369.00
  }, {
    "date" : "2025-08-25",
    "price" : 1688.80,
    "dma50" : 1706.05,
    "dma100" : 1696.37,
    "dma200" : 1788.09,
    "volume" : 32468.00
  }, {
    "date" : "2025-08-26",
    "price" : 1670.90,
    "dma50" : 1704.67,
    "dma100" : 1695.86,
    "dma200" : 1786.92,
    "volume" : 25239.00
  }, {
    "date" : "2025-08-28",
    "price" : 1670.10,
    "dma50" : 1703.32,
    "dma100" : 1695.64,
    "dma200" : 1785.76,
    "volume" : 23601.00
  }, {
    "date" : "2025-08-29",
    "price" : 1685.10,
    "dma50" : 1702.60,
    "dma100" : 1695.76,
    "dma200" : 1784.76,
    "volume" : 26181.00
  }, {
    "date" : "2025-09-01",
    "price" : 1678.10,
    "dma50" : 1701.64,
    "dma100" : 1696.56,
    "dma200" : 1783.70,
    "volume" : 11781.00
  }, {
    "date" : "2025-09-02",
    "price" : 1624.10,
    "dma50" : 1698.60,
    "dma100" : 1697.23,
    "dma200" : 1782.11,
    "volume" : 65377.00
  }, {
    "date" : "2025-09-03",
    "price" : 1617.70,
    "dma50" : 1695.43,
    "dma100" : 1697.39,
    "dma200" : 1780.47,
    "volume" : 50898.00
  }, {
    "date" : "2025-09-04",
    "price" : 1599.00,
    "dma50" : 1691.65,
    "dma100" : 1697.19,
    "dma200" : 1778.67,
    "volume" : 55712.00
  }, {
    "date" : "2025-09-05",
    "price" : 1657.60,
    "dma50" : 1690.31,
    "dma100" : 1696.96,
    "dma200" : 1777.46,
    "volume" : 66825.00
  }, {
    "date" : "2025-09-08",
    "price" : 1835.10,
    "dma50" : 1695.99,
    "dma100" : 1698.06,
    "dma200" : 1778.04,
    "volume" : 563804.00
  }, {
    "date" : "2025-09-09",
    "price" : 1797.40,
    "dma50" : 1699.97,
    "dma100" : 1698.49,
    "dma200" : 1778.23,
    "volume" : 90958.00
  }, {
    "date" : "2025-09-10",
    "price" : 1806.60,
    "dma50" : 1704.15,
    "dma100" : 1698.86,
    "dma200" : 1778.51,
    "volume" : 76888.00
  }, {
    "date" : "2025-09-11",
    "price" : 1740.40,
    "dma50" : 1705.57,
    "dma100" : 1698.34,
    "dma200" : 1778.13,
    "volume" : 30457.00
  }, {
    "date" : "2025-09-12",
    "price" : 1726.40,
    "dma50" : 1706.39,
    "dma100" : 1697.46,
    "dma200" : 1777.62,
    "volume" : 32993.00
  }, {
    "date" : "2025-09-15",
    "price" : 1726.60,
    "dma50" : 1707.18,
    "dma100" : 1696.84,
    "dma200" : 1777.11,
    "volume" : 36341.00
  }, {
    "date" : "2025-09-16",
    "price" : 1722.70,
    "dma50" : 1707.79,
    "dma100" : 1696.52,
    "dma200" : 1776.57,
    "volume" : 39544.00
  }, {
    "date" : "2025-09-17",
    "price" : 1752.20,
    "dma50" : 1709.53,
    "dma100" : 1697.36,
    "dma200" : 1776.33,
    "volume" : 55126.00
  }, {
    "date" : "2025-09-18",
    "price" : 1729.00,
    "dma50" : 1710.29,
    "dma100" : 1697.79,
    "dma200" : 1775.86,
    "volume" : 53670.00
  }, {
    "date" : "2025-09-19",
    "price" : 1713.00,
    "dma50" : 1710.40,
    "dma100" : 1698.51,
    "dma200" : 1775.23,
    "volume" : 46874.00
  }, {
    "date" : "2025-09-22",
    "price" : 1694.90,
    "dma50" : 1709.79,
    "dma100" : 1699.69,
    "dma200" : 1774.43,
    "volume" : 31789.00
  }, {
    "date" : "2025-09-23",
    "price" : 1729.00,
    "dma50" : 1710.55,
    "dma100" : 1700.88,
    "dma200" : 1773.98,
    "volume" : 22321.00
  }, {
    "date" : "2025-09-24",
    "price" : 1730.50,
    "dma50" : 1711.33,
    "dma100" : 1701.96,
    "dma200" : 1773.55,
    "volume" : 24229.00
  }, {
    "date" : "2025-09-25",
    "price" : 1708.10,
    "dma50" : 1711.20,
    "dma100" : 1703.34,
    "dma200" : 1772.89,
    "volume" : 26952.00
  }, {
    "date" : "2025-09-26",
    "price" : 1652.20,
    "dma50" : 1708.89,
    "dma100" : 1704.14,
    "dma200" : 1771.69,
    "volume" : 40550.00
  }, {
    "date" : "2025-09-29",
    "price" : 1629.80,
    "dma50" : 1705.79,
    "dma100" : 1704.95,
    "dma200" : 1770.28,
    "volume" : 73222.00
  }, {
    "date" : "2025-09-30",
    "price" : 1646.80,
    "dma50" : 1703.47,
    "dma100" : 1705.39,
    "dma200" : 1769.05,
    "volume" : 78163.00
  }, {
    "date" : "2025-10-01",
    "price" : 1667.20,
    "dma50" : 1702.05,
    "dma100" : 1705.29,
    "dma200" : 1768.04,
    "volume" : 45471.00
  }, {
    "date" : "2025-10-03",
    "price" : 1718.50,
    "dma50" : 1702.70,
    "dma100" : 1705.55,
    "dma200" : 1767.55,
    "volume" : 88064.00
  }, {
    "date" : "2025-10-06",
    "price" : 1791.60,
    "dma50" : 1706.18,
    "dma100" : 1706.38,
    "dma200" : 1767.79,
    "volume" : 157801.00
  }, {
    "date" : "2025-10-07",
    "price" : 1823.80,
    "dma50" : 1710.79,
    "dma100" : 1707.18,
    "dma200" : 1768.34,
    "volume" : 238156.00
  }, {
    "date" : "2025-10-08",
    "price" : 1929.00,
    "dma50" : 1719.35,
    "dma100" : 1709.07,
    "dma200" : 1769.94,
    "volume" : 308426.00
  }, {
    "date" : "2025-10-09",
    "price" : 2034.90,
    "dma50" : 1731.73,
    "dma100" : 1711.38,
    "dma200" : 1772.58,
    "volume" : 334746.00
  }, {
    "date" : "2025-10-10",
    "price" : 2018.00,
    "dma50" : 1742.95,
    "dma100" : 1713.84,
    "dma200" : 1775.02,
    "volume" : 79556.00
  }, {
    "date" : "2025-10-13",
    "price" : 2025.10,
    "dma50" : 1754.02,
    "dma100" : 1716.18,
    "dma200" : 1777.51,
    "volume" : 44736.00
  }, {
    "date" : "2025-10-14",
    "price" : 2003.60,
    "dma50" : 1763.80,
    "dma100" : 1718.44,
    "dma200" : 1779.76,
    "volume" : 78124.00
  }, {
    "date" : "2025-10-15",
    "price" : 1999.10,
    "dma50" : 1773.03,
    "dma100" : 1720.09,
    "dma200" : 1781.94,
    "volume" : 40804.00
  }, {
    "date" : "2025-10-16",
    "price" : 1952.10,
    "dma50" : 1780.05,
    "dma100" : 1721.90,
    "dma200" : 1783.63,
    "volume" : 59983.00
  }, {
    "date" : "2025-10-17",
    "price" : 1923.10,
    "dma50" : 1785.66,
    "dma100" : 1722.76,
    "dma200" : 1785.02,
    "volume" : 80968.00
  }, {
    "date" : "2025-10-20",
    "price" : 1889.40,
    "dma50" : 1789.73,
    "dma100" : 1724.59,
    "dma200" : 1786.06,
    "volume" : 34006.00
  }, {
    "date" : "2025-10-21",
    "price" : 1944.80,
    "dma50" : 1795.81,
    "dma100" : 1727.68,
    "dma200" : 1787.64,
    "volume" : 11738.00
  }, {
    "date" : "2025-10-23",
    "price" : 1917.50,
    "dma50" : 1800.58,
    "dma100" : 1730.47,
    "dma200" : 1788.93,
    "volume" : 25900.00
  }, {
    "date" : "2025-10-24",
    "price" : 1905.20,
    "dma50" : 1804.69,
    "dma100" : 1733.03,
    "dma200" : 1790.09,
    "volume" : 60776.00
  }, {
    "date" : "2025-10-27",
    "price" : 2045.60,
    "dma50" : 1814.14,
    "dma100" : 1736.48,
    "dma200" : 1792.63,
    "volume" : 437656.00
  }, {
    "date" : "2025-10-28",
    "price" : 1994.70,
    "dma50" : 1821.22,
    "dma100" : 1739.40,
    "dma200" : 1794.64,
    "volume" : 90715.00
  }, {
    "date" : "2025-10-29",
    "price" : 2011.60,
    "dma50" : 1828.68,
    "dma100" : 1742.71,
    "dma200" : 1796.80,
    "volume" : 43377.00
  }, {
    "date" : "2025-10-30",
    "price" : 2072.00,
    "dma50" : 1838.22,
    "dma100" : 1746.50,
    "dma200" : 1799.54,
    "volume" : 134400.00
  }, {
    "date" : "2025-10-31",
    "price" : 2056.80,
    "dma50" : 1846.80,
    "dma100" : 1749.94,
    "dma200" : 1802.10,
    "volume" : 48636.00
  }, {
    "date" : "2025-11-03",
    "price" : 2109.00,
    "dma50" : 1857.08,
    "dma100" : 1753.61,
    "dma200" : 1805.15,
    "volume" : 69148.00
  }, {
    "date" : "2025-11-04",
    "price" : 2076.00,
    "dma50" : 1865.66,
    "dma100" : 1756.89,
    "dma200" : 1807.85,
    "volume" : 28489.00
  }, {
    "date" : "2025-11-06",
    "price" : 2032.90,
    "dma50" : 1872.22,
    "dma100" : 1759.90,
    "dma200" : 1810.09,
    "volume" : 42414.00
  }, {
    "date" : "2025-11-07",
    "price" : 2050.30,
    "dma50" : 1879.21,
    "dma100" : 1763.19,
    "dma200" : 1812.48,
    "volume" : 40246.00
  }, {
    "date" : "2025-11-10",
    "price" : 2057.30,
    "dma50" : 1886.19,
    "dma100" : 1766.80,
    "dma200" : 1814.91,
    "volume" : 92766.00
  }, {
    "date" : "2025-11-11",
    "price" : 1936.60,
    "dma50" : 1888.17,
    "dma100" : 1769.80,
    "dma200" : 1816.12,
    "volume" : 68121.00
  }, {
    "date" : "2025-11-12",
    "price" : 1896.90,
    "dma50" : 1888.51,
    "dma100" : 1772.15,
    "dma200" : 1816.93,
    "volume" : 37177.00
  }, {
    "date" : "2025-11-13",
    "price" : 1917.20,
    "dma50" : 1889.63,
    "dma100" : 1774.63,
    "dma200" : 1817.93,
    "volume" : 46927.00
  }, {
    "date" : "2025-11-14",
    "price" : 1905.00,
    "dma50" : 1890.24,
    "dma100" : 1777.22,
    "dma200" : 1818.79,
    "volume" : 79990.00
  }, {
    "date" : "2025-11-17",
    "price" : 2004.80,
    "dma50" : 1894.73,
    "dma100" : 1781.17,
    "dma200" : 1820.64,
    "volume" : 84084.00
  }, {
    "date" : "2025-11-18",
    "price" : 2024.50,
    "dma50" : 1899.82,
    "dma100" : 1785.42,
    "dma200" : 1822.67,
    "volume" : 77040.00
  }, {
    "date" : "2025-11-19",
    "price" : 2051.20,
    "dma50" : 1905.75,
    "dma100" : 1789.65,
    "dma200" : 1824.95,
    "volume" : 213679.00
  }, {
    "date" : "2025-11-20",
    "price" : 2031.20,
    "dma50" : 1910.67,
    "dma100" : 1793.74,
    "dma200" : 1827.00,
    "volume" : 36447.00
  }, {
    "date" : "2025-11-21",
    "price" : 1994.40,
    "dma50" : 1913.96,
    "dma100" : 1797.18,
    "dma200" : 1828.66,
    "volume" : 29862.00
  }, {
    "date" : "2025-11-24",
    "price" : 2051.20,
    "dma50" : 1919.34,
    "dma100" : 1801.31,
    "dma200" : 1830.88,
    "volume" : 159696.00
  }, {
    "date" : "2025-11-25",
    "price" : 2178.30,
    "dma50" : 1929.49,
    "dma100" : 1806.92,
    "dma200" : 1834.33,
    "volume" : 272729.00
  }, {
    "date" : "2025-11-26",
    "price" : 2063.60,
    "dma50" : 1934.75,
    "dma100" : 1811.43,
    "dma200" : 1836.62,
    "volume" : 168494.00
  }, {
    "date" : "2025-11-27",
    "price" : 2063.50,
    "dma50" : 1939.80,
    "dma100" : 1815.90,
    "dma200" : 1838.87,
    "volume" : 169421.00
  }, {
    "date" : "2025-11-28",
    "price" : 2069.60,
    "dma50" : 1944.89,
    "dma100" : 1820.40,
    "dma200" : 1841.17,
    "volume" : 79844.00
  }, {
    "date" : "2025-12-01",
    "price" : 2071.30,
    "dma50" : 1949.85,
    "dma100" : 1824.99,
    "dma200" : 1843.46,
    "volume" : 95697.00
  }, {
    "date" : "2025-12-02",
    "price" : 2140.80,
    "dma50" : 1957.34,
    "dma100" : 1830.08,
    "dma200" : 1846.42,
    "volume" : 79323.00
  }, {
    "date" : "2025-12-03",
    "price" : 2122.00,
    "dma50" : 1963.80,
    "dma100" : 1835.02,
    "dma200" : 1849.16,
    "volume" : 36577.00
  }, {
    "date" : "2025-12-04",
    "price" : 2111.90,
    "dma50" : 1969.60,
    "dma100" : 1839.75,
    "dma200" : 1851.77,
    "volume" : 38244.00
  }, {
    "date" : "2025-12-05",
    "price" : 2147.50,
    "dma50" : 1976.58,
    "dma100" : 1844.66,
    "dma200" : 1854.72,
    "volume" : 51394.00
  }, {
    "date" : "2025-12-08",
    "price" : 2103.00,
    "dma50" : 1981.54,
    "dma100" : 1848.85,
    "dma200" : 1857.19,
    "volume" : 88017.00
  }, {
    "date" : "2025-12-09",
    "price" : 2141.20,
    "dma50" : 1987.80,
    "dma100" : 1853.23,
    "dma200" : 1860.01,
    "volume" : 53267.00
  }, {
    "date" : "2025-12-10",
    "price" : 2152.70,
    "dma50" : 1994.27,
    "dma100" : 1857.63,
    "dma200" : 1862.93,
    "volume" : 39044.00
  }, {
    "date" : "2025-12-11",
    "price" : 2149.10,
    "dma50" : 2000.34,
    "dma100" : 1861.85,
    "dma200" : 1865.77,
    "volume" : 39920.00
  }, {
    "date" : "2025-12-12",
    "price" : 2227.60,
    "dma50" : 2009.25,
    "dma100" : 1866.72,
    "dma200" : 1869.37,
    "volume" : 75194.00
  }, {
    "date" : "2025-12-15",
    "price" : 2230.00,
    "dma50" : 2017.91,
    "dma100" : 1871.52,
    "dma200" : 1872.96,
    "volume" : 66721.00
  }, {
    "date" : "2025-12-16",
    "price" : 2207.20,
    "dma50" : 2025.33,
    "dma100" : 1876.14,
    "dma200" : 1876.29,
    "volume" : 39918.00
  }, {
    "date" : "2025-12-17",
    "price" : 2218.20,
    "dma50" : 2032.89,
    "dma100" : 1879.76,
    "dma200" : 1879.69,
    "volume" : 28344.00
  }, {
    "date" : "2025-12-18",
    "price" : 2166.40,
    "dma50" : 2038.13,
    "dma100" : 1882.62,
    "dma200" : 1882.54,
    "volume" : 87650.00
  }, {
    "date" : "2025-12-19",
    "price" : 2175.00,
    "dma50" : 2043.50,
    "dma100" : 1885.56,
    "dma200" : 1885.45,
    "volume" : 49862.00
  }, {
    "date" : "2025-12-22",
    "price" : 2255.10,
    "dma50" : 2051.79,
    "dma100" : 1889.45,
    "dma200" : 1889.13,
    "volume" : 163881.00
  }, {
    "date" : "2025-12-23",
    "price" : 2281.30,
    "dma50" : 2060.79,
    "dma100" : 1894.39,
    "dma200" : 1893.03,
    "volume" : 63463.00
  }, {
    "date" : "2025-12-24",
    "price" : 2300.50,
    "dma50" : 2070.20,
    "dma100" : 1899.69,
    "dma200" : 1897.09,
    "volume" : 59885.00
  }, {
    "date" : "2025-12-26",
    "price" : 2215.60,
    "dma50" : 2075.90,
    "dma100" : 1904.36,
    "dma200" : 1900.26,
    "volume" : 785763.00
  }, {
    "date" : "2025-12-29",
    "price" : 2174.30,
    "dma50" : 2079.76,
    "dma100" : 1908.27,
    "dma200" : 1902.98,
    "volume" : 173639.00
  }, {
    "date" : "2025-12-30",
    "price" : 2175.10,
    "dma50" : 2083.50,
    "dma100" : 1911.72,
    "dma200" : 1905.69,
    "volume" : 29286.00
  }, {
    "date" : "2025-12-31",
    "price" : 2229.40,
    "dma50" : 2089.22,
    "dma100" : 1915.93,
    "dma200" : 1908.91,
    "volume" : 65030.00
  }, {
    "date" : "2026-01-01",
    "price" : 2249.60,
    "dma50" : 2095.51,
    "dma100" : 1920.55,
    "dma200" : 1912.30,
    "volume" : 26514.00
  }, {
    "date" : "2026-01-02",
    "price" : 2207.80,
    "dma50" : 2099.91,
    "dma100" : 1925.30,
    "dma200" : 1915.24,
    "volume" : 73887.00
  }, {
    "date" : "2026-01-05",
    "price" : 2188.50,
    "dma50" : 2103.38,
    "dma100" : 1930.34,
    "dma200" : 1917.96,
    "volume" : 52586.00
  }, {
    "date" : "2026-01-06",
    "price" : 2197.60,
    "dma50" : 2107.08,
    "dma100" : 1935.32,
    "dma200" : 1920.74,
    "volume" : 19125.00
  }, {
    "date" : "2026-01-07",
    "price" : 2214.70,
    "dma50" : 2111.30,
    "dma100" : 1940.80,
    "dma200" : 1923.67,
    "volume" : 36286.00
  }, {
    "date" : "2026-01-08",
    "price" : 2183.60,
    "dma50" : 2114.13,
    "dma100" : 1945.92,
    "dma200" : 1926.25,
    "volume" : 27674.00
  }, {
    "date" : "2026-01-09",
    "price" : 2175.10,
    "dma50" : 2116.53,
    "dma100" : 1951.07,
    "dma200" : 1928.73,
    "volume" : 36704.00
  }, {
    "date" : "2026-01-12",
    "price" : 2185.50,
    "dma50" : 2119.23,
    "dma100" : 1956.45,
    "dma200" : 1931.29,
    "volume" : 45656.00
  }, {
    "date" : "2026-01-13",
    "price" : 2188.60,
    "dma50" : 2121.95,
    "dma100" : 1961.63,
    "dma200" : 1933.85,
    "volume" : 26050.00
  }, {
    "date" : "2026-01-14",
    "price" : 2224.20,
    "dma50" : 2125.96,
    "dma100" : 1967.44,
    "dma200" : 1936.73,
    "volume" : 50010.00
  }, {
    "date" : "2026-01-16",
    "price" : 2181.40,
    "dma50" : 2128.13,
    "dma100" : 1972.94,
    "dma200" : 1939.17,
    "volume" : 20588.00
  }, {
    "date" : "2026-01-19",
    "price" : 2174.00,
    "dma50" : 2129.93,
    "dma100" : 1978.35,
    "dma200" : 1941.51,
    "volume" : 25560.00
  }, {
    "date" : "2026-01-20",
    "price" : 2169.90,
    "dma50" : 2131.50,
    "dma100" : 1983.16,
    "dma200" : 1943.78,
    "volume" : 38710.00
  }, {
    "date" : "2026-01-21",
    "price" : 2175.00,
    "dma50" : 2133.21,
    "dma100" : 1988.20,
    "dma200" : 1946.08,
    "volume" : 73938.00
  }, {
    "date" : "2026-01-22",
    "price" : 2205.00,
    "dma50" : 2136.02,
    "dma100" : 1993.55,
    "dma200" : 1948.66,
    "volume" : 17754.00
  }, {
    "date" : "2026-01-23",
    "price" : 2176.30,
    "dma50" : 2137.60,
    "dma100" : 1998.46,
    "dma200" : 1950.92,
    "volume" : 153113.00
  }, {
    "date" : "2026-01-27",
    "price" : 2192.90,
    "dma50" : 2139.77,
    "dma100" : 2003.61,
    "dma200" : 1953.33,
    "volume" : 75185.00
  }, {
    "date" : "2026-01-28",
    "price" : 2199.30,
    "dma50" : 2142.10,
    "dma100" : 2009.36,
    "dma200" : 1955.78,
    "volume" : 21703.00
  }, {
    "date" : "2026-01-29",
    "price" : 2192.60,
    "dma50" : 2144.08,
    "dma100" : 2015.11,
    "dma200" : 1958.13,
    "volume" : 12271.00
  }, {
    "date" : "2026-01-30",
    "price" : 2212.80,
    "dma50" : 2146.78,
    "dma100" : 2021.25,
    "dma200" : 1960.67,
    "volume" : 44162.00
  }, {
    "date" : "2026-02-01",
    "price" : 2189.30,
    "dma50" : 2148.45,
    "dma100" : 2026.57,
    "dma200" : 1962.94,
    "volume" : 11374.00
  }, {
    "date" : "2026-02-02",
    "price" : 2211.30,
    "dma50" : 2150.91,
    "dma100" : 2030.33,
    "dma200" : 1965.41,
    "volume" : 13251.00
  }, {
    "date" : "2026-02-03",
    "price" : 2192.30,
    "dma50" : 2152.53,
    "dma100" : 2034.28,
    "dma200" : 1967.67,
    "volume" : 93340.00
  }, {
    "date" : "2026-02-04",
    "price" : 2202.30,
    "dma50" : 2154.49,
    "dma100" : 2038.24,
    "dma200" : 1970.00,
    "volume" : 53806.00
  }, {
    "date" : "2026-02-05",
    "price" : 2198.30,
    "dma50" : 2156.20,
    "dma100" : 2042.81,
    "dma200" : 1972.28,
    "volume" : 12192.00
  }, {
    "date" : "2026-02-06",
    "price" : 2206.20,
    "dma50" : 2158.17,
    "dma100" : 2047.61,
    "dma200" : 1974.60,
    "volume" : 31117.00
  }, {
    "date" : "2026-02-09",
    "price" : 2207.80,
    "dma50" : 2160.11,
    "dma100" : 2052.42,
    "dma200" : 1976.92,
    "volume" : 32758.00
  }, {
    "date" : "2026-02-10",
    "price" : 2214.30,
    "dma50" : 2162.24,
    "dma100" : 2057.34,
    "dma200" : 1979.29,
    "volume" : 56664.00
  } ],
  "latestTechnicalAttributes" : {
    "date" : "2026-02-10",
    "price" : 2214.30,
    "dma50" : 2162.24,
    "dma100" : 2057.34,
    "dma200" : 1979.29,
    "volume" : 56664.00
  },
  "quarterlyResults" : [ {
    "date" : "2005-03-31",
    "sales" : 10.62,
    "salesGrowthYoY" : null,
    "grossProfitMargin" : 29.38,
    "grossProfit" : 3.12,
    "operatingProfitMargin" : 9.60,
    "operatingProfit" : 1.02,
    "netProfitMargin" : -3.20,
    "netProfit" : -0.34
  }, {
    "date" : "2005-06-30",
    "sales" : 8.08,
    "salesGrowthYoY" : null,
    "grossProfitMargin" : 30.07,
    "grossProfit" : 2.43,
    "operatingProfitMargin" : 10.77,
    "operatingProfit" : 0.87,
    "netProfitMargin" : 4.08,
    "netProfit" : 0.33
  }, {
    "date" : "2005-09-30",
    "sales" : 8.08,
    "salesGrowthYoY" : null,
    "grossProfitMargin" : 36.88,
    "grossProfit" : 2.98,
    "operatingProfitMargin" : 13.12,
    "operatingProfit" : 1.06,
    "netProfitMargin" : 4.70,
    "netProfit" : 0.38
  }, {
    "date" : "2005-12-31",
    "sales" : 10.08,
    "salesGrowthYoY" : null,
    "grossProfitMargin" : 33.33,
    "grossProfit" : 3.36,
    "operatingProfitMargin" : 11.51,
    "operatingProfit" : 1.16,
    "netProfitMargin" : 3.47,
    "netProfit" : 0.35
  }, {
    "date" : "2006-03-31",
    "sales" : 14.26,
    "salesGrowthYoY" : 34.27,
    "grossProfitMargin" : 27.14,
    "grossProfit" : 3.87,
    "operatingProfitMargin" : 7.22,
    "operatingProfit" : 1.03,
    "netProfitMargin" : 2.88,
    "netProfit" : 0.41
  }, {
    "date" : "2006-06-30",
    "sales" : 8.35,
    "salesGrowthYoY" : 3.34,
    "grossProfitMargin" : 34.13,
    "grossProfit" : 2.85,
    "operatingProfitMargin" : 14.37,
    "operatingProfit" : 1.20,
    "netProfitMargin" : 3.59,
    "netProfit" : 0.30
  }, {
    "date" : "2006-09-30",
    "sales" : 10.62,
    "salesGrowthYoY" : 31.44,
    "grossProfitMargin" : 30.51,
    "grossProfit" : 3.24,
    "operatingProfitMargin" : 9.89,
    "operatingProfit" : 1.05,
    "netProfitMargin" : 1.79,
    "netProfit" : 0.19
  }, {
    "date" : "2006-12-31",
    "sales" : 10.93,
    "salesGrowthYoY" : 8.43,
    "grossProfitMargin" : 34.13,
    "grossProfit" : 3.73,
    "operatingProfitMargin" : 9.52,
    "operatingProfit" : 1.04,
    "netProfitMargin" : 1.74,
    "netProfit" : 0.19
  }, {
    "date" : "2007-03-31",
    "sales" : 10.25,
    "salesGrowthYoY" : -28.12,
    "grossProfitMargin" : 34.05,
    "grossProfit" : 3.49,
    "operatingProfitMargin" : 9.85,
    "operatingProfit" : 1.01,
    "netProfitMargin" : 3.41,
    "netProfit" : 0.35
  }, {
    "date" : "2007-06-30",
    "sales" : 10.07,
    "salesGrowthYoY" : 20.60,
    "grossProfitMargin" : 33.57,
    "grossProfit" : 3.38,
    "operatingProfitMargin" : 11.92,
    "operatingProfit" : 1.20,
    "netProfitMargin" : 3.08,
    "netProfit" : 0.31
  }, {
    "date" : "2007-09-30",
    "sales" : 9.77,
    "salesGrowthYoY" : -8.00,
    "grossProfitMargin" : 37.67,
    "grossProfit" : 3.68,
    "operatingProfitMargin" : 10.64,
    "operatingProfit" : 1.04,
    "netProfitMargin" : 1.84,
    "netProfit" : 0.18
  }, {
    "date" : "2007-12-31",
    "sales" : 12.32,
    "salesGrowthYoY" : 12.72,
    "grossProfitMargin" : 34.74,
    "grossProfit" : 4.28,
    "operatingProfitMargin" : 9.33,
    "operatingProfit" : 1.15,
    "netProfitMargin" : 1.70,
    "netProfit" : 0.21
  }, {
    "date" : "2008-03-31",
    "sales" : 13.62,
    "salesGrowthYoY" : 32.88,
    "grossProfitMargin" : 24.89,
    "grossProfit" : 3.39,
    "operatingProfitMargin" : 7.64,
    "operatingProfit" : 1.04,
    "netProfitMargin" : 0.88,
    "netProfit" : 0.12
  }, {
    "date" : "2008-06-30",
    "sales" : 14.00,
    "salesGrowthYoY" : 39.03,
    "grossProfitMargin" : 31.86,
    "grossProfit" : 4.46,
    "operatingProfitMargin" : 11.14,
    "operatingProfit" : 1.56,
    "netProfitMargin" : 5.29,
    "netProfit" : 0.74
  }, {
    "date" : "2008-09-30",
    "sales" : 13.62,
    "salesGrowthYoY" : 39.41,
    "grossProfitMargin" : 25.18,
    "grossProfit" : 3.43,
    "operatingProfitMargin" : 8.15,
    "operatingProfit" : 1.11,
    "netProfitMargin" : 1.54,
    "netProfit" : 0.21
  }, {
    "date" : "2008-12-31",
    "sales" : 14.82,
    "salesGrowthYoY" : 20.29,
    "grossProfitMargin" : 37.18,
    "grossProfit" : 5.51,
    "operatingProfitMargin" : 6.14,
    "operatingProfit" : 0.91,
    "netProfitMargin" : 0.47,
    "netProfit" : 0.07
  }, {
    "date" : "2009-03-31",
    "sales" : 12.25,
    "salesGrowthYoY" : -10.06,
    "grossProfitMargin" : 39.43,
    "grossProfit" : 4.83,
    "operatingProfitMargin" : 9.47,
    "operatingProfit" : 1.16,
    "netProfitMargin" : 4.57,
    "netProfit" : 0.56
  }, {
    "date" : "2009-06-30",
    "sales" : 13.56,
    "salesGrowthYoY" : -3.14,
    "grossProfitMargin" : 33.19,
    "grossProfit" : 4.50,
    "operatingProfitMargin" : 11.43,
    "operatingProfit" : 1.55,
    "netProfitMargin" : 5.83,
    "netProfit" : 0.79
  }, {
    "date" : "2009-09-30",
    "sales" : 16.10,
    "salesGrowthYoY" : 18.21,
    "grossProfitMargin" : 30.75,
    "grossProfit" : 4.95,
    "operatingProfitMargin" : 9.32,
    "operatingProfit" : 1.50,
    "netProfitMargin" : 6.96,
    "netProfit" : 1.12
  }, {
    "date" : "2009-12-31",
    "sales" : 17.78,
    "salesGrowthYoY" : 19.97,
    "grossProfitMargin" : 31.89,
    "grossProfit" : 5.67,
    "operatingProfitMargin" : 11.59,
    "operatingProfit" : 2.06,
    "netProfitMargin" : 4.56,
    "netProfit" : 0.81
  }, {
    "date" : "2010-03-31",
    "sales" : 16.55,
    "salesGrowthYoY" : 35.10,
    "grossProfitMargin" : 20.85,
    "grossProfit" : 3.45,
    "operatingProfitMargin" : 6.71,
    "operatingProfit" : 1.11,
    "netProfitMargin" : 1.75,
    "netProfit" : 0.29
  }, {
    "date" : "2010-06-30",
    "sales" : 17.80,
    "salesGrowthYoY" : 31.27,
    "grossProfitMargin" : 31.57,
    "grossProfit" : 5.62,
    "operatingProfitMargin" : 9.27,
    "operatingProfit" : 1.65,
    "netProfitMargin" : 6.07,
    "netProfit" : 1.08
  }, {
    "date" : "2010-09-30",
    "sales" : 17.24,
    "salesGrowthYoY" : 7.08,
    "grossProfitMargin" : 28.25,
    "grossProfit" : 4.87,
    "operatingProfitMargin" : -2.38,
    "operatingProfit" : -0.41,
    "netProfitMargin" : 7.66,
    "netProfit" : 1.32
  }, {
    "date" : "2010-12-31",
    "sales" : 20.86,
    "salesGrowthYoY" : 17.32,
    "grossProfitMargin" : 31.06,
    "grossProfit" : 6.48,
    "operatingProfitMargin" : 4.99,
    "operatingProfit" : 1.04,
    "netProfitMargin" : 1.68,
    "netProfit" : 0.35
  }, {
    "date" : "2011-03-31",
    "sales" : 27.25,
    "salesGrowthYoY" : 64.65,
    "grossProfitMargin" : 27.38,
    "grossProfit" : 7.46,
    "operatingProfitMargin" : 7.60,
    "operatingProfit" : 2.07,
    "netProfitMargin" : 3.45,
    "netProfit" : 0.94
  }, {
    "date" : "2011-06-30",
    "sales" : 22.14,
    "salesGrowthYoY" : 24.38,
    "grossProfitMargin" : 41.33,
    "grossProfit" : 9.15,
    "operatingProfitMargin" : 11.38,
    "operatingProfit" : 2.52,
    "netProfitMargin" : 4.65,
    "netProfit" : 1.03
  }, {
    "date" : "2011-09-30",
    "sales" : 23.43,
    "salesGrowthYoY" : 35.90,
    "grossProfitMargin" : 39.18,
    "grossProfit" : 9.18,
    "operatingProfitMargin" : 7.13,
    "operatingProfit" : 1.67,
    "netProfitMargin" : 2.35,
    "netProfit" : 0.55
  }, {
    "date" : "2011-12-31",
    "sales" : 29.75,
    "salesGrowthYoY" : 42.62,
    "grossProfitMargin" : 31.46,
    "grossProfit" : 9.36,
    "operatingProfitMargin" : 7.16,
    "operatingProfit" : 2.13,
    "netProfitMargin" : 1.68,
    "netProfit" : 0.50
  }, {
    "date" : "2012-03-31",
    "sales" : 28.85,
    "salesGrowthYoY" : 5.87,
    "grossProfitMargin" : 40.90,
    "grossProfit" : 11.80,
    "operatingProfitMargin" : 13.24,
    "operatingProfit" : 3.82,
    "netProfitMargin" : 2.46,
    "netProfit" : 0.71
  }, {
    "date" : "2012-06-30",
    "sales" : 30.88,
    "salesGrowthYoY" : 39.48,
    "grossProfitMargin" : 37.99,
    "grossProfit" : 11.73,
    "operatingProfitMargin" : 10.62,
    "operatingProfit" : 3.28,
    "netProfitMargin" : 2.49,
    "netProfit" : 0.77
  }, {
    "date" : "2012-09-30",
    "sales" : 32.90,
    "salesGrowthYoY" : 40.42,
    "grossProfitMargin" : 42.64,
    "grossProfit" : 14.03,
    "operatingProfitMargin" : 13.10,
    "operatingProfit" : 4.31,
    "netProfitMargin" : 4.53,
    "netProfit" : 1.49
  }, {
    "date" : "2012-12-31",
    "sales" : 37.90,
    "salesGrowthYoY" : 27.39,
    "grossProfitMargin" : 37.02,
    "grossProfit" : 14.03,
    "operatingProfitMargin" : 11.82,
    "operatingProfit" : 4.48,
    "netProfitMargin" : 3.01,
    "netProfit" : 1.14
  }, {
    "date" : "2013-03-31",
    "sales" : 38.54,
    "salesGrowthYoY" : 33.59,
    "grossProfitMargin" : 33.47,
    "grossProfit" : 12.90,
    "operatingProfitMargin" : 1.61,
    "operatingProfit" : 0.62,
    "netProfitMargin" : 0.99,
    "netProfit" : 0.38
  }, {
    "date" : "2013-06-30",
    "sales" : 35.74,
    "salesGrowthYoY" : 15.74,
    "grossProfitMargin" : 41.07,
    "grossProfit" : 14.68,
    "operatingProfitMargin" : 14.55,
    "operatingProfit" : 5.20,
    "netProfitMargin" : 2.10,
    "netProfit" : 0.75
  }, {
    "date" : "2013-09-30",
    "sales" : 51.11,
    "salesGrowthYoY" : 55.35,
    "grossProfitMargin" : 41.13,
    "grossProfit" : 21.02,
    "operatingProfitMargin" : 15.30,
    "operatingProfit" : 7.82,
    "netProfitMargin" : 4.32,
    "netProfit" : 2.21
  }, {
    "date" : "2013-12-31",
    "sales" : 47.58,
    "salesGrowthYoY" : 25.54,
    "grossProfitMargin" : 43.11,
    "grossProfit" : 20.51,
    "operatingProfitMargin" : 14.27,
    "operatingProfit" : 6.79,
    "netProfitMargin" : 4.18,
    "netProfit" : 1.99
  }, {
    "date" : "2014-03-31",
    "sales" : 53.03,
    "salesGrowthYoY" : 37.60,
    "grossProfitMargin" : 28.47,
    "grossProfit" : 15.10,
    "operatingProfitMargin" : 1.26,
    "operatingProfit" : 0.67,
    "netProfitMargin" : 3.51,
    "netProfit" : 1.86
  }, {
    "date" : "2014-06-30",
    "sales" : 48.61,
    "salesGrowthYoY" : 36.01,
    "grossProfitMargin" : 40.01,
    "grossProfit" : 19.45,
    "operatingProfitMargin" : 12.63,
    "operatingProfit" : 6.14,
    "netProfitMargin" : 4.44,
    "netProfit" : 2.16
  }, {
    "date" : "2014-09-30",
    "sales" : 51.38,
    "salesGrowthYoY" : 0.53,
    "grossProfitMargin" : 40.56,
    "grossProfit" : 20.84,
    "operatingProfitMargin" : 12.81,
    "operatingProfit" : 6.58,
    "netProfitMargin" : 4.53,
    "netProfit" : 2.33
  }, {
    "date" : "2014-12-31",
    "sales" : 53.95,
    "salesGrowthYoY" : 13.39,
    "grossProfitMargin" : 34.55,
    "grossProfit" : 18.64,
    "operatingProfitMargin" : 6.30,
    "operatingProfit" : 3.40,
    "netProfitMargin" : 5.04,
    "netProfit" : 2.72
  }, {
    "date" : "2015-03-31",
    "sales" : 58.51,
    "salesGrowthYoY" : 10.33,
    "grossProfitMargin" : 40.20,
    "grossProfit" : 23.52,
    "operatingProfitMargin" : 8.39,
    "operatingProfit" : 4.91,
    "netProfitMargin" : 3.74,
    "netProfit" : 2.19
  }, {
    "date" : "2015-06-30",
    "sales" : 60.32,
    "salesGrowthYoY" : 24.09,
    "grossProfitMargin" : 38.05,
    "grossProfit" : 22.95,
    "operatingProfitMargin" : 10.41,
    "operatingProfit" : 6.28,
    "netProfitMargin" : 4.54,
    "netProfit" : 2.74
  }, {
    "date" : "2015-09-30",
    "sales" : 60.25,
    "salesGrowthYoY" : 17.26,
    "grossProfitMargin" : 39.95,
    "grossProfit" : 24.07,
    "operatingProfitMargin" : 12.33,
    "operatingProfit" : 7.43,
    "netProfitMargin" : 4.38,
    "netProfit" : 2.64
  }, {
    "date" : "2015-12-31",
    "sales" : 58.29,
    "salesGrowthYoY" : 8.04,
    "grossProfitMargin" : 43.90,
    "grossProfit" : 25.59,
    "operatingProfitMargin" : 13.00,
    "operatingProfit" : 7.58,
    "netProfitMargin" : 5.01,
    "netProfit" : 2.92
  }, {
    "date" : "2016-03-31",
    "sales" : 69.98,
    "salesGrowthYoY" : 19.60,
    "grossProfitMargin" : 49.19,
    "grossProfit" : 34.42,
    "operatingProfitMargin" : 11.83,
    "operatingProfit" : 8.28,
    "netProfitMargin" : 5.50,
    "netProfit" : 3.85
  }, {
    "date" : "2016-06-30",
    "sales" : 70.03,
    "salesGrowthYoY" : 16.10,
    "grossProfitMargin" : 45.52,
    "grossProfit" : 31.88,
    "operatingProfitMargin" : 15.26,
    "operatingProfit" : 10.69,
    "netProfitMargin" : 7.10,
    "netProfit" : 4.97
  }, {
    "date" : "2016-09-30",
    "sales" : 74.02,
    "salesGrowthYoY" : 22.85,
    "grossProfitMargin" : 51.62,
    "grossProfit" : 38.21,
    "operatingProfitMargin" : 15.25,
    "operatingProfit" : 11.29,
    "netProfitMargin" : 6.93,
    "netProfit" : 5.13
  }, {
    "date" : "2016-12-31",
    "sales" : 69.89,
    "salesGrowthYoY" : 19.90,
    "grossProfitMargin" : 48.13,
    "grossProfit" : 33.64,
    "operatingProfitMargin" : 13.75,
    "operatingProfit" : 9.61,
    "netProfitMargin" : 5.84,
    "netProfit" : 4.08
  }, {
    "date" : "2017-03-31",
    "sales" : 80.36,
    "salesGrowthYoY" : 14.83,
    "grossProfitMargin" : 46.13,
    "grossProfit" : 37.07,
    "operatingProfitMargin" : 17.70,
    "operatingProfit" : 14.22,
    "netProfitMargin" : 6.87,
    "netProfit" : 5.52
  }, {
    "date" : "2017-06-30",
    "sales" : 75.09,
    "salesGrowthYoY" : 7.23,
    "grossProfitMargin" : 46.26,
    "grossProfit" : 34.74,
    "operatingProfitMargin" : 15.18,
    "operatingProfit" : 11.40,
    "netProfitMargin" : 6.39,
    "netProfit" : 4.80
  }, {
    "date" : "2017-09-30",
    "sales" : 78.46,
    "salesGrowthYoY" : 6.00,
    "grossProfitMargin" : 47.32,
    "grossProfit" : 37.13,
    "operatingProfitMargin" : 14.68,
    "operatingProfit" : 11.52,
    "netProfitMargin" : 5.62,
    "netProfit" : 4.41
  }, {
    "date" : "2017-12-31",
    "sales" : 81.87,
    "salesGrowthYoY" : 17.14,
    "grossProfitMargin" : 45.51,
    "grossProfit" : 37.26,
    "operatingProfitMargin" : 13.34,
    "operatingProfit" : 10.92,
    "netProfitMargin" : 5.53,
    "netProfit" : 4.53
  }, {
    "date" : "2018-03-31",
    "sales" : 102.54,
    "salesGrowthYoY" : 27.60,
    "grossProfitMargin" : 45.04,
    "grossProfit" : 46.18,
    "operatingProfitMargin" : 15.03,
    "operatingProfit" : 15.41,
    "netProfitMargin" : 6.15,
    "netProfit" : 6.31
  }, {
    "date" : "2018-06-30",
    "sales" : 107.66,
    "salesGrowthYoY" : 43.37,
    "grossProfitMargin" : 44.71,
    "grossProfit" : 48.13,
    "operatingProfitMargin" : 16.02,
    "operatingProfit" : 17.25,
    "netProfitMargin" : 6.51,
    "netProfit" : 7.01
  }, {
    "date" : "2018-09-30",
    "sales" : 108.66,
    "salesGrowthYoY" : 38.49,
    "grossProfitMargin" : 45.11,
    "grossProfit" : 49.02,
    "operatingProfitMargin" : 16.86,
    "operatingProfit" : 18.32,
    "netProfitMargin" : 7.52,
    "netProfit" : 8.17
  }, {
    "date" : "2018-12-31",
    "sales" : 119.57,
    "salesGrowthYoY" : 46.05,
    "grossProfitMargin" : 44.41,
    "grossProfit" : 53.10,
    "operatingProfitMargin" : 17.30,
    "operatingProfit" : 20.69,
    "netProfitMargin" : 9.46,
    "netProfit" : 11.31
  }, {
    "date" : "2019-03-31",
    "sales" : 125.33,
    "salesGrowthYoY" : 22.23,
    "grossProfitMargin" : 47.87,
    "grossProfit" : 60.00,
    "operatingProfitMargin" : 16.96,
    "operatingProfit" : 21.26,
    "netProfitMargin" : 5.66,
    "netProfit" : 7.09
  }, {
    "date" : "2019-06-30",
    "sales" : 112.70,
    "salesGrowthYoY" : 4.68,
    "grossProfitMargin" : 42.74,
    "grossProfit" : 48.17,
    "operatingProfitMargin" : 15.02,
    "operatingProfit" : 16.93,
    "netProfitMargin" : 5.79,
    "netProfit" : 6.53
  }, {
    "date" : "2019-09-30",
    "sales" : 117.41,
    "salesGrowthYoY" : 8.05,
    "grossProfitMargin" : 45.50,
    "grossProfit" : 53.42,
    "operatingProfitMargin" : 17.05,
    "operatingProfit" : 20.02,
    "netProfitMargin" : 9.22,
    "netProfit" : 10.83
  }, {
    "date" : "2019-12-31",
    "sales" : 126.83,
    "salesGrowthYoY" : 6.07,
    "grossProfitMargin" : 46.91,
    "grossProfit" : 59.50,
    "operatingProfitMargin" : 17.70,
    "operatingProfit" : 22.45,
    "netProfitMargin" : 7.33,
    "netProfit" : 9.30
  }, {
    "date" : "2020-03-31",
    "sales" : 105.07,
    "salesGrowthYoY" : -16.17,
    "grossProfitMargin" : 48.87,
    "grossProfit" : 51.35,
    "operatingProfitMargin" : 17.66,
    "operatingProfit" : 18.56,
    "netProfitMargin" : 1.48,
    "netProfit" : 1.56
  }, {
    "date" : "2020-06-30",
    "sales" : 70.31,
    "salesGrowthYoY" : -37.61,
    "grossProfitMargin" : 47.09,
    "grossProfit" : 33.11,
    "operatingProfitMargin" : 20.72,
    "operatingProfit" : 14.57,
    "netProfitMargin" : 7.95,
    "netProfit" : 5.59
  }, {
    "date" : "2020-09-30",
    "sales" : 114.98,
    "salesGrowthYoY" : -2.07,
    "grossProfitMargin" : 49.62,
    "grossProfit" : 57.05,
    "operatingProfitMargin" : 21.28,
    "operatingProfit" : 24.47,
    "netProfitMargin" : 12.12,
    "netProfit" : 13.94
  }, {
    "date" : "2020-12-31",
    "sales" : 124.05,
    "salesGrowthYoY" : -2.19,
    "grossProfitMargin" : 49.46,
    "grossProfit" : 61.36,
    "operatingProfitMargin" : 20.54,
    "operatingProfit" : 25.48,
    "netProfitMargin" : 10.10,
    "netProfit" : 12.53
  }, {
    "date" : "2021-03-31",
    "sales" : 170.19,
    "salesGrowthYoY" : 61.98,
    "grossProfitMargin" : 47.88,
    "grossProfit" : 81.49,
    "operatingProfitMargin" : 20.29,
    "operatingProfit" : 34.53,
    "netProfitMargin" : 13.77,
    "netProfit" : 23.44
  }, {
    "date" : "2021-06-30",
    "sales" : 130.84,
    "salesGrowthYoY" : 86.09,
    "grossProfitMargin" : 47.16,
    "grossProfit" : 61.70,
    "operatingProfitMargin" : 20.04,
    "operatingProfit" : 26.22,
    "netProfitMargin" : 10.62,
    "netProfit" : 13.90
  }, {
    "date" : "2021-09-30",
    "sales" : 171.95,
    "salesGrowthYoY" : 49.55,
    "grossProfitMargin" : 41.52,
    "grossProfit" : 71.39,
    "operatingProfitMargin" : 14.24,
    "operatingProfit" : 24.49,
    "netProfitMargin" : 8.75,
    "netProfit" : 15.05
  }, {
    "date" : "2021-12-31",
    "sales" : 176.87,
    "salesGrowthYoY" : 42.58,
    "grossProfitMargin" : 44.21,
    "grossProfit" : 78.19,
    "operatingProfitMargin" : 18.70,
    "operatingProfit" : 33.07,
    "netProfitMargin" : 8.84,
    "netProfit" : 15.64
  }, {
    "date" : "2022-03-31",
    "sales" : 179.69,
    "salesGrowthYoY" : 5.58,
    "grossProfitMargin" : 40.37,
    "grossProfit" : 72.54,
    "operatingProfitMargin" : 11.02,
    "operatingProfit" : 19.80,
    "netProfitMargin" : 9.16,
    "netProfit" : 16.46
  }, {
    "date" : "2022-06-30",
    "sales" : 234.99,
    "salesGrowthYoY" : 79.60,
    "grossProfitMargin" : 43.10,
    "grossProfit" : 101.28,
    "operatingProfitMargin" : 15.03,
    "operatingProfit" : 35.32,
    "netProfitMargin" : 8.91,
    "netProfit" : 20.94
  }, {
    "date" : "2022-09-30",
    "sales" : 246.34,
    "salesGrowthYoY" : 43.26,
    "grossProfitMargin" : 44.39,
    "grossProfit" : 109.35,
    "operatingProfitMargin" : 16.07,
    "operatingProfit" : 39.59,
    "netProfitMargin" : 9.83,
    "netProfit" : 24.22
  }, {
    "date" : "2022-12-31",
    "sales" : 233.98,
    "salesGrowthYoY" : 32.29,
    "grossProfitMargin" : 44.14,
    "grossProfit" : 103.28,
    "operatingProfitMargin" : 16.82,
    "operatingProfit" : 39.36,
    "netProfitMargin" : 10.26,
    "netProfit" : 24.01
  }, {
    "date" : "2023-03-31",
    "sales" : 236.83,
    "salesGrowthYoY" : 31.80,
    "grossProfitMargin" : 45.26,
    "grossProfit" : 107.19,
    "operatingProfitMargin" : 17.11,
    "operatingProfit" : 40.52,
    "netProfitMargin" : 11.31,
    "netProfit" : 26.79
  }, {
    "date" : "2023-06-30",
    "sales" : 225.68,
    "salesGrowthYoY" : -3.96,
    "grossProfitMargin" : 44.43,
    "grossProfit" : 100.27,
    "operatingProfitMargin" : 18.51,
    "operatingProfit" : 41.77,
    "netProfitMargin" : 12.31,
    "netProfit" : 27.78
  }, {
    "date" : "2023-09-30",
    "sales" : 233.94,
    "salesGrowthYoY" : -5.03,
    "grossProfitMargin" : 46.79,
    "grossProfit" : 109.46,
    "operatingProfitMargin" : 20.20,
    "operatingProfit" : 47.26,
    "netProfitMargin" : 13.57,
    "netProfit" : 31.75
  }, {
    "date" : "2023-12-31",
    "sales" : 214.58,
    "salesGrowthYoY" : -8.29,
    "grossProfitMargin" : 49.13,
    "grossProfit" : 105.42,
    "operatingProfitMargin" : 22.28,
    "operatingProfit" : 47.81,
    "netProfitMargin" : 14.60,
    "netProfit" : 31.33
  }, {
    "date" : "2024-03-31",
    "sales" : 239.88,
    "salesGrowthYoY" : 1.29,
    "grossProfitMargin" : 52.03,
    "grossProfit" : 124.81,
    "operatingProfitMargin" : 19.88,
    "operatingProfit" : 47.69,
    "netProfitMargin" : 16.00,
    "netProfit" : 38.38
  }, {
    "date" : "2024-06-30",
    "sales" : 242.59,
    "salesGrowthYoY" : 7.49,
    "grossProfitMargin" : 44.50,
    "grossProfit" : 107.95,
    "operatingProfitMargin" : 17.26,
    "operatingProfit" : 41.87,
    "netProfitMargin" : 11.69,
    "netProfit" : 28.36
  }, {
    "date" : "2024-09-30",
    "sales" : 262.70,
    "salesGrowthYoY" : 12.29,
    "grossProfitMargin" : 48.97,
    "grossProfit" : 128.64,
    "operatingProfitMargin" : 20.70,
    "operatingProfit" : 54.38,
    "netProfitMargin" : 12.98,
    "netProfit" : 34.10
  }, {
    "date" : "2024-12-31",
    "sales" : 254.52,
    "salesGrowthYoY" : 18.61,
    "grossProfitMargin" : 45.27,
    "grossProfit" : 115.22,
    "operatingProfitMargin" : 18.07,
    "operatingProfit" : 45.99,
    "netProfitMargin" : 11.95,
    "netProfit" : 30.42
  }, {
    "date" : "2025-03-31",
    "sales" : 265.28,
    "salesGrowthYoY" : 10.59,
    "grossProfitMargin" : 43.69,
    "grossProfit" : 115.90,
    "operatingProfitMargin" : 16.19,
    "operatingProfit" : 42.95,
    "netProfitMargin" : 10.92,
    "netProfit" : 28.97
  }, {
    "date" : "2025-06-30",
    "sales" : 282.98,
    "salesGrowthYoY" : 16.65,
    "grossProfitMargin" : 44.56,
    "grossProfit" : 126.10,
    "operatingProfitMargin" : 18.70,
    "operatingProfit" : 52.92,
    "netProfitMargin" : 9.99,
    "netProfit" : 28.27
  }, {
    "date" : "2025-09-30",
    "sales" : 292.40,
    "salesGrowthYoY" : 11.31,
    "grossProfitMargin" : 46.25,
    "grossProfit" : 135.23,
    "operatingProfitMargin" : 19.35,
    "operatingProfit" : 56.58,
    "netProfitMargin" : 12.77,
    "netProfit" : 37.34
  }, {
    "date" : "2025-12-31",
    "sales" : 270.96,
    "salesGrowthYoY" : 6.46,
    "grossProfitMargin" : 46.53,
    "grossProfit" : 126.08,
    "operatingProfitMargin" : 20.51,
    "operatingProfit" : 55.57,
    "netProfitMargin" : 16.97,
    "netProfit" : 45.98
  } ],
  "latestQuarterlyResult" : {
    "date" : "2025-12-31",
    "sales" : 270.96,
    "salesGrowthYoY" : 6.46,
    "grossProfitMargin" : 46.53,
    "grossProfit" : 126.08,
    "operatingProfitMargin" : 20.51,
    "operatingProfit" : 55.57,
    "netProfitMargin" : 16.97,
    "netProfit" : 45.98
  },
  "companyScore" : {
    "priceHigherThanDma50" : 5.00,
    "priceHigherThanDma100" : 5.00,
    "priceHigherThanDma200" : 5.00,
    "dma50HigherThanDma100" : 5.00,
    "dma50HigherThanDma200" : 5.00,
    "dma100HigherThanDma200" : 5.00,
    "pricePercentageAboveDma50" : 4.88,
    "pricePercentageAboveDma100" : 4.62,
    "pricePercentageAboveDma200" : 4.41,
    "weeklyVolumeHigherThanYearlyVolume" : 0.00,
    "salesGrowthPercentile" : 7.13,
    "operatingProfitMarginPercentile" : 18.81,
    "netProfitMarginPercentile" : 10.00,
    "totalTechnicalScore" : 43.90,
    "totalFundamentalScore" : 35.94,
    "totalScore" : 79.84
  }
}