{
  "metadata" : {
    "screenerCompanyId" : "3229",
    "companyCode" : "SUDARSCHEM",
    "companyName" : "Sudarshan Chem.",
    "screenerCompanyLink" : "https://www.screener.in/company/SUDARSCHEM/consolidated/",
    "screenerTechnicalHistoryLink" : "https://www.screener.in/api/company/3229/chart/?q=Price-DMA50-DMA200-Volume&days=365",
    "screenerQuarterlyResultsLink" : "https://www.screener.in/api/company/3229/chart/?q=GPM-OPM-NPM-Quarter+Sales&days=10000",
    "attributes" : {
      "companyCode" : "SUDARSCHEM",
      "companyName" : "Sudarshan Chem.",
      "marketCap" : 7495.00,
      "peRatio" : 73.00,
      "description" : "Sudarshan Chemical Industries manufactures and sells a wide range of Organic and Inorganic Pigments, Effect Pigments. The Group also manufactures Pollution Control Equipment, Size Reduction Equipment and Grinding Equipments for industrial applications.(Source : 202003 Annual Report Page No:203)"
    },
    "companyScore" : {
      "priceHigherThanDma50" : 0.00,
      "priceHigherThanDma100" : 0.00,
      "priceHigherThanDma200" : 0.00,
      "dma50HigherThanDma100" : 0.00,
      "dma50HigherThanDma200" : 0.00,
      "dma100HigherThanDma200" : 5.00,
      "pricePercentageAboveDma50" : 5.55,
      "pricePercentageAboveDma100" : 6.17,
      "pricePercentageAboveDma200" : 5.85,
      "weeklyVolumeHigherThanYearlyVolume" : 0.00,
      "salesGrowthPercentile" : 0.51,
      "operatingProfitMarginPercentile" : 18.55,
      "netProfitMarginPercentile" : 9.88,
      "totalTechnicalScore" : 22.58,
      "totalFundamentalScore" : 28.94,
      "totalScore" : 51.52
    }
  },
  "attributes" : {
    "companyCode" : "SUDARSCHEM",
    "companyName" : "Sudarshan Chem.",
    "marketCap" : 7495.00,
    "peRatio" : 73.00,
    "description" : "Sudarshan Chemical Industries manufactures and sells a wide range of Organic and Inorganic Pigments, Effect Pigments. The Group also manufactures Pollution Control Equipment, Size Reduction Equipment and Grinding Equipments for industrial applications.(Source : 202003 Annual Report Page No:203)"
  },
  "technicalHistory" : [ {
    "date" : "2024-12-26",
    "price" : 1130.30,
    "dma50" : 1064.12,
    "dma100" : null,
    "dma200" : 910.29,
    "volume" : 169360.00
  }, {
    "date" : "2024-12-27",
    "price" : 1130.35,
    "dma50" : 1066.72,
    "dma100" : null,
    "dma200" : 912.48,
    "volume" : 83286.00
  }, {
    "date" : "2024-12-30",
    "price" : 1124.15,
    "dma50" : 1068.97,
    "dma100" : null,
    "dma200" : 914.59,
    "volume" : 62099.00
  }, {
    "date" : "2024-12-31",
    "price" : 1143.80,
    "dma50" : 1071.91,
    "dma100" : null,
    "dma200" : 916.87,
    "volume" : 68109.00
  }, {
    "date" : "2025-01-01",
    "price" : 1138.15,
    "dma50" : 1074.51,
    "dma100" : null,
    "dma200" : 919.07,
    "volume" : 50668.00
  }, {
    "date" : "2025-01-02",
    "price" : 1138.20,
    "dma50" : 1077.00,
    "dma100" : null,
    "dma200" : 921.25,
    "volume" : 72124.00
  }, {
    "date" : "2025-01-03",
    "price" : 1154.55,
    "dma50" : 1080.04,
    "dma100" : null,
    "dma200" : 923.57,
    "volume" : 111560.00
  }, {
    "date" : "2025-01-06",
    "price" : 1129.95,
    "dma50" : 1082.00,
    "dma100" : null,
    "dma200" : 925.63,
    "volume" : 296551.00
  }, {
    "date" : "2025-01-07",
    "price" : 1132.45,
    "dma50" : 1083.98,
    "dma100" : null,
    "dma200" : 927.69,
    "volume" : 228552.00
  }, {
    "date" : "2025-01-08",
    "price" : 1103.65,
    "dma50" : 1084.75,
    "dma100" : null,
    "dma200" : 929.44,
    "volume" : 391958.00
  }, {
    "date" : "2025-01-09",
    "price" : 1116.25,
    "dma50" : 1085.99,
    "dma100" : null,
    "dma200" : 931.30,
    "volume" : 411247.00
  }, {
    "date" : "2025-01-10",
    "price" : 1099.90,
    "dma50" : 1086.53,
    "dma100" : null,
    "dma200" : 932.97,
    "volume" : 383562.00
  }, {
    "date" : "2025-01-13",
    "price" : 1075.50,
    "dma50" : 1086.10,
    "dma100" : null,
    "dma200" : 934.39,
    "volume" : 125786.00
  }, {
    "date" : "2025-01-14",
    "price" : 1095.65,
    "dma50" : 1086.47,
    "dma100" : null,
    "dma200" : 936.00,
    "volume" : 159948.00
  }, {
    "date" : "2025-01-15",
    "price" : 1115.10,
    "dma50" : 1087.60,
    "dma100" : null,
    "dma200" : 937.78,
    "volume" : 125396.00
  }, {
    "date" : "2025-01-16",
    "price" : 1127.35,
    "dma50" : 1089.16,
    "dma100" : null,
    "dma200" : 939.66,
    "volume" : 66397.00
  }, {
    "date" : "2025-01-17",
    "price" : 1112.60,
    "dma50" : 1090.08,
    "dma100" : null,
    "dma200" : 941.39,
    "volume" : 91420.00
  }, {
    "date" : "2025-01-20",
    "price" : 1120.25,
    "dma50" : 1091.26,
    "dma100" : null,
    "dma200" : 943.16,
    "volume" : 66312.00
  }, {
    "date" : "2025-01-21",
    "price" : 1120.00,
    "dma50" : 1092.39,
    "dma100" : null,
    "dma200" : 944.92,
    "volume" : 129617.00
  }, {
    "date" : "2025-01-22",
    "price" : 1112.45,
    "dma50" : 1093.17,
    "dma100" : null,
    "dma200" : 946.59,
    "volume" : 81833.00
  }, {
    "date" : "2025-01-23",
    "price" : 1090.30,
    "dma50" : 1093.06,
    "dma100" : null,
    "dma200" : 948.02,
    "volume" : 214473.00
  }, {
    "date" : "2025-01-24",
    "price" : 1039.40,
    "dma50" : 1090.96,
    "dma100" : null,
    "dma200" : 948.93,
    "volume" : 140003.00
  }, {
    "date" : "2025-01-27",
    "price" : 998.75,
    "dma50" : 1087.34,
    "dma100" : null,
    "dma200" : 949.43,
    "volume" : 195848.00
  }, {
    "date" : "2025-01-28",
    "price" : 978.05,
    "dma50" : 1083.05,
    "dma100" : null,
    "dma200" : 949.71,
    "volume" : 269647.00
  }, {
    "date" : "2025-01-29",
    "price" : 1049.55,
    "dma50" : 1081.74,
    "dma100" : null,
    "dma200" : 950.70,
    "volume" : 213928.00
  }, {
    "date" : "2025-01-30",
    "price" : 1052.50,
    "dma50" : 1080.59,
    "dma100" : null,
    "dma200" : 951.72,
    "volume" : 142449.00
  }, {
    "date" : "2025-01-31",
    "price" : 999.30,
    "dma50" : 1077.41,
    "dma100" : null,
    "dma200" : 952.19,
    "volume" : 283900.00
  }, {
    "date" : "2025-02-01",
    "price" : 986.75,
    "dma50" : 1073.85,
    "dma100" : null,
    "dma200" : 952.53,
    "volume" : 81709.00
  }, {
    "date" : "2025-02-03",
    "price" : 970.60,
    "dma50" : 1069.80,
    "dma100" : null,
    "dma200" : 952.71,
    "volume" : 151339.00
  }, {
    "date" : "2025-02-04",
    "price" : 1001.80,
    "dma50" : 1067.13,
    "dma100" : null,
    "dma200" : 953.20,
    "volume" : 163501.00
  }, {
    "date" : "2025-02-05",
    "price" : 1027.40,
    "dma50" : 1065.58,
    "dma100" : null,
    "dma200" : 953.94,
    "volume" : 134628.00
  }, {
    "date" : "2025-02-06",
    "price" : 1036.05,
    "dma50" : 1064.42,
    "dma100" : null,
    "dma200" : 954.76,
    "volume" : 68076.00
  }, {
    "date" : "2025-02-07",
    "price" : 1015.85,
    "dma50" : 1062.51,
    "dma100" : null,
    "dma200" : 955.37,
    "volume" : 78925.00
  }, {
    "date" : "2025-02-10",
    "price" : 994.70,
    "dma50" : 1059.85,
    "dma100" : null,
    "dma200" : 955.76,
    "volume" : 137795.00
  }, {
    "date" : "2025-02-11",
    "price" : 948.35,
    "dma50" : 1055.48,
    "dma100" : null,
    "dma200" : 955.68,
    "volume" : 107376.00
  }, {
    "date" : "2025-02-12",
    "price" : 961.25,
    "dma50" : 1051.79,
    "dma100" : null,
    "dma200" : 955.74,
    "volume" : 190993.00
  }, {
    "date" : "2025-02-13",
    "price" : 949.35,
    "dma50" : 1047.77,
    "dma100" : null,
    "dma200" : 955.68,
    "volume" : 91173.00
  }, {
    "date" : "2025-02-14",
    "price" : 914.30,
    "dma50" : 1042.54,
    "dma100" : null,
    "dma200" : 955.26,
    "volume" : 128512.00
  }, {
    "date" : "2025-02-17",
    "price" : 876.75,
    "dma50" : 1036.03,
    "dma100" : null,
    "dma200" : 954.48,
    "volume" : 501770.00
  }, {
    "date" : "2025-02-18",
    "price" : 885.70,
    "dma50" : 1030.14,
    "dma100" : null,
    "dma200" : 953.80,
    "volume" : 271726.00
  }, {
    "date" : "2025-02-19",
    "price" : 894.40,
    "dma50" : 1024.82,
    "dma100" : null,
    "dma200" : 953.21,
    "volume" : 141473.00
  }, {
    "date" : "2025-02-20",
    "price" : 846.95,
    "dma50" : 1017.84,
    "dma100" : null,
    "dma200" : 952.15,
    "volume" : 247101.00
  }, {
    "date" : "2025-02-21",
    "price" : 888.15,
    "dma50" : 1012.75,
    "dma100" : null,
    "dma200" : 951.51,
    "volume" : 284017.00
  }, {
    "date" : "2025-02-24",
    "price" : 887.60,
    "dma50" : 1007.85,
    "dma100" : null,
    "dma200" : 950.88,
    "volume" : 158029.00
  }, {
    "date" : "2025-02-25",
    "price" : 884.45,
    "dma50" : 1003.01,
    "dma100" : null,
    "dma200" : 950.22,
    "volume" : 127158.00
  }, {
    "date" : "2025-02-27",
    "price" : 853.15,
    "dma50" : 997.13,
    "dma100" : null,
    "dma200" : 949.25,
    "volume" : 196661.00
  }, {
    "date" : "2025-02-28",
    "price" : 865.00,
    "dma50" : 991.95,
    "dma100" : null,
    "dma200" : 948.41,
    "volume" : 207958.00
  }, {
    "date" : "2025-03-03",
    "price" : 831.00,
    "dma50" : 985.64,
    "dma100" : null,
    "dma200" : 947.24,
    "volume" : 217627.00
  }, {
    "date" : "2025-03-04",
    "price" : 858.35,
    "dma50" : 980.65,
    "dma100" : null,
    "dma200" : 946.36,
    "volume" : 217175.00
  }, {
    "date" : "2025-03-05",
    "price" : 914.90,
    "dma50" : 978.07,
    "dma100" : null,
    "dma200" : 946.05,
    "volume" : 268061.00
  }, {
    "date" : "2025-03-06",
    "price" : 945.65,
    "dma50" : 976.80,
    "dma100" : null,
    "dma200" : 946.04,
    "volume" : 348524.00
  }, {
    "date" : "2025-03-07",
    "price" : 1014.90,
    "dma50" : 978.29,
    "dma100" : null,
    "dma200" : 946.73,
    "volume" : 515378.00
  }, {
    "date" : "2025-03-10",
    "price" : 984.85,
    "dma50" : 978.55,
    "dma100" : null,
    "dma200" : 947.11,
    "volume" : 330457.00
  }, {
    "date" : "2025-03-11",
    "price" : 958.90,
    "dma50" : 977.78,
    "dma100" : null,
    "dma200" : 947.22,
    "volume" : 191510.00
  }, {
    "date" : "2025-03-12",
    "price" : 979.85,
    "dma50" : 977.86,
    "dma100" : null,
    "dma200" : 947.55,
    "volume" : 95745.00
  }, {
    "date" : "2025-03-13",
    "price" : 957.90,
    "dma50" : 977.08,
    "dma100" : null,
    "dma200" : 947.65,
    "volume" : 320365.00
  }, {
    "date" : "2025-03-17",
    "price" : 954.55,
    "dma50" : 976.19,
    "dma100" : null,
    "dma200" : 947.72,
    "volume" : 337144.00
  }, {
    "date" : "2025-03-18",
    "price" : 973.65,
    "dma50" : 976.09,
    "dma100" : null,
    "dma200" : 947.98,
    "volume" : 421054.00
  }, {
    "date" : "2025-03-19",
    "price" : 1007.05,
    "dma50" : 977.31,
    "dma100" : null,
    "dma200" : 948.57,
    "volume" : 660015.00
  }, {
    "date" : "2025-03-20",
    "price" : 984.10,
    "dma50" : 977.57,
    "dma100" : null,
    "dma200" : 948.92,
    "volume" : 276269.00
  }, {
    "date" : "2025-03-21",
    "price" : 1000.40,
    "dma50" : 978.47,
    "dma100" : null,
    "dma200" : 949.43,
    "volume" : 732830.00
  }, {
    "date" : "2025-03-24",
    "price" : 986.00,
    "dma50" : 978.76,
    "dma100" : null,
    "dma200" : 949.80,
    "volume" : 137656.00
  }, {
    "date" : "2025-03-25",
    "price" : 967.60,
    "dma50" : 978.33,
    "dma100" : null,
    "dma200" : 949.97,
    "volume" : 203595.00
  }, {
    "date" : "2025-03-26",
    "price" : 979.60,
    "dma50" : 978.38,
    "dma100" : null,
    "dma200" : 950.27,
    "volume" : 149861.00
  }, {
    "date" : "2025-03-27",
    "price" : 970.70,
    "dma50" : 978.07,
    "dma100" : null,
    "dma200" : 950.47,
    "volume" : 713709.00
  }, {
    "date" : "2025-03-28",
    "price" : 990.20,
    "dma50" : 978.55,
    "dma100" : null,
    "dma200" : 950.87,
    "volume" : 92803.00
  }, {
    "date" : "2025-04-01",
    "price" : 1010.00,
    "dma50" : 979.78,
    "dma100" : null,
    "dma200" : 951.45,
    "volume" : 304453.00
  }, {
    "date" : "2025-04-02",
    "price" : 1001.15,
    "dma50" : 980.62,
    "dma100" : null,
    "dma200" : 951.95,
    "volume" : 111354.00
  }, {
    "date" : "2025-04-03",
    "price" : 1000.00,
    "dma50" : 981.38,
    "dma100" : null,
    "dma200" : 952.43,
    "volume" : 303173.00
  }, {
    "date" : "2025-04-04",
    "price" : 1003.35,
    "dma50" : 982.24,
    "dma100" : null,
    "dma200" : 952.93,
    "volume" : 607186.00
  }, {
    "date" : "2025-04-07",
    "price" : 950.30,
    "dma50" : 980.99,
    "dma100" : null,
    "dma200" : 952.91,
    "volume" : 188963.00
  }, {
    "date" : "2025-04-08",
    "price" : 964.80,
    "dma50" : 980.36,
    "dma100" : null,
    "dma200" : 953.03,
    "volume" : 102536.00
  }, {
    "date" : "2025-04-09",
    "price" : 961.00,
    "dma50" : 979.60,
    "dma100" : null,
    "dma200" : 953.11,
    "volume" : 201132.00
  }, {
    "date" : "2025-04-11",
    "price" : 1009.95,
    "dma50" : 980.79,
    "dma100" : null,
    "dma200" : 953.67,
    "volume" : 220264.00
  }, {
    "date" : "2025-04-15",
    "price" : 1025.30,
    "dma50" : 982.53,
    "dma100" : null,
    "dma200" : 954.38,
    "volume" : 79890.00
  }, {
    "date" : "2025-04-16",
    "price" : 1033.60,
    "dma50" : 984.53,
    "dma100" : null,
    "dma200" : 955.17,
    "volume" : 278062.00
  }, {
    "date" : "2025-04-17",
    "price" : 1046.80,
    "dma50" : 986.98,
    "dma100" : null,
    "dma200" : 956.08,
    "volume" : 153773.00
  }, {
    "date" : "2025-04-21",
    "price" : 1091.65,
    "dma50" : 991.08,
    "dma100" : null,
    "dma200" : 957.43,
    "volume" : 219957.00
  }, {
    "date" : "2025-04-22",
    "price" : 1079.85,
    "dma50" : 994.56,
    "dma100" : null,
    "dma200" : 958.65,
    "volume" : 140702.00
  }, {
    "date" : "2025-04-23",
    "price" : 1047.35,
    "dma50" : 996.63,
    "dma100" : null,
    "dma200" : 959.53,
    "volume" : 140588.00
  }, {
    "date" : "2025-04-24",
    "price" : 1093.70,
    "dma50" : 1000.44,
    "dma100" : null,
    "dma200" : 960.87,
    "volume" : 197113.00
  }, {
    "date" : "2025-04-25",
    "price" : 1063.50,
    "dma50" : 1002.91,
    "dma100" : null,
    "dma200" : 961.89,
    "volume" : 148907.00
  }, {
    "date" : "2025-04-28",
    "price" : 1070.45,
    "dma50" : 1005.56,
    "dma100" : null,
    "dma200" : 962.97,
    "volume" : 79335.00
  }, {
    "date" : "2025-04-29",
    "price" : 1055.10,
    "dma50" : 1007.50,
    "dma100" : null,
    "dma200" : 963.89,
    "volume" : 45898.00
  }, {
    "date" : "2025-04-30",
    "price" : 1024.55,
    "dma50" : 1008.17,
    "dma100" : null,
    "dma200" : 964.49,
    "volume" : 136447.00
  }, {
    "date" : "2025-05-02",
    "price" : 1038.00,
    "dma50" : 1009.34,
    "dma100" : null,
    "dma200" : 965.22,
    "volume" : 96248.00
  }, {
    "date" : "2025-05-05",
    "price" : 1036.20,
    "dma50" : 1010.39,
    "dma100" : null,
    "dma200" : 965.93,
    "volume" : 94367.00
  }, {
    "date" : "2025-05-06",
    "price" : 1022.00,
    "dma50" : 1010.85,
    "dma100" : null,
    "dma200" : 966.49,
    "volume" : 83940.00
  }, {
    "date" : "2025-05-07",
    "price" : 1042.10,
    "dma50" : 1012.08,
    "dma100" : null,
    "dma200" : 967.24,
    "volume" : 71843.00
  }, {
    "date" : "2025-05-08",
    "price" : 1021.10,
    "dma50" : 1012.43,
    "dma100" : null,
    "dma200" : 967.77,
    "volume" : 94609.00
  }, {
    "date" : "2025-05-09",
    "price" : 1026.40,
    "dma50" : 1012.98,
    "dma100" : null,
    "dma200" : 968.36,
    "volume" : 175600.00
  }, {
    "date" : "2025-05-12",
    "price" : 1075.50,
    "dma50" : 1015.43,
    "dma100" : null,
    "dma200" : 969.42,
    "volume" : 110323.00
  }, {
    "date" : "2025-05-13",
    "price" : 1067.00,
    "dma50" : 1017.45,
    "dma100" : null,
    "dma200" : 970.39,
    "volume" : 39700.00
  }, {
    "date" : "2025-05-14",
    "price" : 1072.80,
    "dma50" : 1019.62,
    "dma100" : null,
    "dma200" : 971.41,
    "volume" : 63187.00
  }, {
    "date" : "2025-05-15",
    "price" : 1057.00,
    "dma50" : 1021.09,
    "dma100" : null,
    "dma200" : 972.26,
    "volume" : 53880.00
  }, {
    "date" : "2025-05-16",
    "price" : 1076.00,
    "dma50" : 1023.24,
    "dma100" : null,
    "dma200" : 973.30,
    "volume" : 55327.00
  }, {
    "date" : "2025-05-19",
    "price" : 1096.00,
    "dma50" : 1026.09,
    "dma100" : null,
    "dma200" : 974.52,
    "volume" : 167895.00
  }, {
    "date" : "2025-05-20",
    "price" : 1087.90,
    "dma50" : 1028.52,
    "dma100" : null,
    "dma200" : 975.65,
    "volume" : 66493.00
  }, {
    "date" : "2025-05-21",
    "price" : 1106.20,
    "dma50" : 1031.56,
    "dma100" : null,
    "dma200" : 976.95,
    "volume" : 122852.00
  }, {
    "date" : "2025-05-22",
    "price" : 1095.90,
    "dma50" : 1034.09,
    "dma100" : null,
    "dma200" : 978.13,
    "volume" : 98238.00
  }, {
    "date" : "2025-05-23",
    "price" : 1121.40,
    "dma50" : 1037.51,
    "dma100" : 1020.21,
    "dma200" : 979.55,
    "volume" : 248286.00
  }, {
    "date" : "2025-05-26",
    "price" : 1104.90,
    "dma50" : 1040.15,
    "dma100" : 1019.95,
    "dma200" : 980.80,
    "volume" : 133163.00
  }, {
    "date" : "2025-05-27",
    "price" : 1102.00,
    "dma50" : 1042.58,
    "dma100" : 1019.73,
    "dma200" : 982.01,
    "volume" : 74035.00
  }, {
    "date" : "2025-05-28",
    "price" : 1088.80,
    "dma50" : 1044.39,
    "dma100" : 1019.18,
    "dma200" : 983.07,
    "volume" : 65806.00
  }, {
    "date" : "2025-05-29",
    "price" : 1099.80,
    "dma50" : 1046.57,
    "dma100" : 1018.80,
    "dma200" : 984.23,
    "volume" : 64453.00
  }, {
    "date" : "2025-05-30",
    "price" : 1180.30,
    "dma50" : 1051.81,
    "dma100" : 1019.22,
    "dma200" : 986.18,
    "volume" : 495186.00
  }, {
    "date" : "2025-06-02",
    "price" : 1156.00,
    "dma50" : 1055.90,
    "dma100" : 1019.23,
    "dma200" : 987.87,
    "volume" : 201667.00
  }, {
    "date" : "2025-06-03",
    "price" : 1152.70,
    "dma50" : 1059.69,
    "dma100" : 1019.46,
    "dma200" : 989.51,
    "volume" : 456371.00
  }, {
    "date" : "2025-06-04",
    "price" : 1152.20,
    "dma50" : 1063.32,
    "dma100" : 1019.66,
    "dma200" : 991.13,
    "volume" : 143899.00
  }, {
    "date" : "2025-06-05",
    "price" : 1181.20,
    "dma50" : 1067.94,
    "dma100" : 1020.43,
    "dma200" : 993.02,
    "volume" : 193283.00
  }, {
    "date" : "2025-06-06",
    "price" : 1172.20,
    "dma50" : 1072.03,
    "dma100" : 1020.99,
    "dma200" : 994.81,
    "volume" : 100642.00
  }, {
    "date" : "2025-06-09",
    "price" : 1285.10,
    "dma50" : 1080.39,
    "dma100" : 1022.85,
    "dma200" : 997.69,
    "volume" : 1063837.00
  }, {
    "date" : "2025-06-10",
    "price" : 1263.40,
    "dma50" : 1087.56,
    "dma100" : 1024.72,
    "dma200" : 1000.34,
    "volume" : 348325.00
  }, {
    "date" : "2025-06-11",
    "price" : 1253.60,
    "dma50" : 1094.07,
    "dma100" : 1026.30,
    "dma200" : 1002.86,
    "volume" : 495830.00
  }, {
    "date" : "2025-06-12",
    "price" : 1251.20,
    "dma50" : 1100.24,
    "dma100" : 1027.67,
    "dma200" : 1005.33,
    "volume" : 145593.00
  }, {
    "date" : "2025-06-13",
    "price" : 1257.90,
    "dma50" : 1106.42,
    "dma100" : 1028.97,
    "dma200" : 1007.84,
    "volume" : 97209.00
  }, {
    "date" : "2025-06-16",
    "price" : 1281.00,
    "dma50" : 1113.27,
    "dma100" : 1030.65,
    "dma200" : 1010.56,
    "volume" : 124349.00
  }, {
    "date" : "2025-06-17",
    "price" : 1246.20,
    "dma50" : 1118.48,
    "dma100" : 1031.91,
    "dma200" : 1012.90,
    "volume" : 84330.00
  }, {
    "date" : "2025-06-18",
    "price" : 1242.40,
    "dma50" : 1123.34,
    "dma100" : 1033.14,
    "dma200" : 1015.19,
    "volume" : 104229.00
  }, {
    "date" : "2025-06-19",
    "price" : 1247.20,
    "dma50" : 1128.20,
    "dma100" : 1034.49,
    "dma200" : 1017.50,
    "volume" : 193100.00
  }, {
    "date" : "2025-06-20",
    "price" : 1235.20,
    "dma50" : 1132.39,
    "dma100" : 1035.93,
    "dma200" : 1019.66,
    "volume" : 366391.00
  }, {
    "date" : "2025-06-23",
    "price" : 1244.50,
    "dma50" : 1136.79,
    "dma100" : 1037.99,
    "dma200" : 1021.90,
    "volume" : 89191.00
  }, {
    "date" : "2025-06-24",
    "price" : 1197.50,
    "dma50" : 1139.17,
    "dma100" : 1039.97,
    "dma200" : 1023.65,
    "volume" : 156916.00
  }, {
    "date" : "2025-06-25",
    "price" : 1221.20,
    "dma50" : 1142.39,
    "dma100" : 1042.40,
    "dma200" : 1025.61,
    "volume" : 125226.00
  }, {
    "date" : "2025-06-26",
    "price" : 1207.80,
    "dma50" : 1144.95,
    "dma100" : 1043.99,
    "dma200" : 1027.43,
    "volume" : 77983.00
  }, {
    "date" : "2025-06-27",
    "price" : 1259.70,
    "dma50" : 1149.45,
    "dma100" : 1046.06,
    "dma200" : 1029.74,
    "volume" : 330927.00
  }, {
    "date" : "2025-06-30",
    "price" : 1233.40,
    "dma50" : 1152.74,
    "dma100" : 1048.40,
    "dma200" : 1031.76,
    "volume" : 191121.00
  }, {
    "date" : "2025-07-01",
    "price" : 1275.70,
    "dma50" : 1157.57,
    "dma100" : 1051.29,
    "dma200" : 1034.19,
    "volume" : 174598.00
  }, {
    "date" : "2025-07-02",
    "price" : 1252.90,
    "dma50" : 1161.30,
    "dma100" : 1054.11,
    "dma200" : 1036.37,
    "volume" : 202178.00
  }, {
    "date" : "2025-07-03",
    "price" : 1233.80,
    "dma50" : 1164.15,
    "dma100" : 1056.43,
    "dma200" : 1038.33,
    "volume" : 60897.00
  }, {
    "date" : "2025-07-04",
    "price" : 1254.60,
    "dma50" : 1167.69,
    "dma100" : 1058.70,
    "dma200" : 1040.48,
    "volume" : 131176.00
  }, {
    "date" : "2025-07-07",
    "price" : 1230.40,
    "dma50" : 1170.15,
    "dma100" : 1060.65,
    "dma200" : 1042.37,
    "volume" : 61512.00
  }, {
    "date" : "2025-07-08",
    "price" : 1221.20,
    "dma50" : 1172.15,
    "dma100" : 1062.70,
    "dma200" : 1044.15,
    "volume" : 67717.00
  }, {
    "date" : "2025-07-09",
    "price" : 1205.40,
    "dma50" : 1173.46,
    "dma100" : 1064.81,
    "dma200" : 1045.76,
    "volume" : 70521.00
  }, {
    "date" : "2025-07-10",
    "price" : 1226.50,
    "dma50" : 1175.54,
    "dma100" : 1067.59,
    "dma200" : 1047.56,
    "volume" : 71664.00
  }, {
    "date" : "2025-07-11",
    "price" : 1220.50,
    "dma50" : 1177.30,
    "dma100" : 1070.18,
    "dma200" : 1049.28,
    "volume" : 41179.00
  }, {
    "date" : "2025-07-14",
    "price" : 1245.80,
    "dma50" : 1179.99,
    "dma100" : 1073.15,
    "dma200" : 1051.23,
    "volume" : 71324.00
  }, {
    "date" : "2025-07-15",
    "price" : 1259.20,
    "dma50" : 1183.09,
    "dma100" : 1076.60,
    "dma200" : 1053.30,
    "volume" : 179521.00
  }, {
    "date" : "2025-07-16",
    "price" : 1260.40,
    "dma50" : 1186.13,
    "dma100" : 1080.43,
    "dma200" : 1055.36,
    "volume" : 93480.00
  }, {
    "date" : "2025-07-17",
    "price" : 1260.60,
    "dma50" : 1189.05,
    "dma100" : 1084.18,
    "dma200" : 1057.40,
    "volume" : 36823.00
  }, {
    "date" : "2025-07-18",
    "price" : 1260.10,
    "dma50" : 1191.83,
    "dma100" : 1087.84,
    "dma200" : 1059.42,
    "volume" : 54274.00
  }, {
    "date" : "2025-07-21",
    "price" : 1260.50,
    "dma50" : 1194.53,
    "dma100" : 1091.97,
    "dma200" : 1061.42,
    "volume" : 103943.00
  }, {
    "date" : "2025-07-22",
    "price" : 1254.60,
    "dma50" : 1196.88,
    "dma100" : 1095.64,
    "dma200" : 1063.34,
    "volume" : 41692.00
  }, {
    "date" : "2025-07-23",
    "price" : 1233.90,
    "dma50" : 1198.33,
    "dma100" : 1099.10,
    "dma200" : 1065.04,
    "volume" : 81132.00
  }, {
    "date" : "2025-07-24",
    "price" : 1266.60,
    "dma50" : 1201.01,
    "dma100" : 1102.92,
    "dma200" : 1067.05,
    "volume" : 164298.00
  }, {
    "date" : "2025-07-25",
    "price" : 1250.20,
    "dma50" : 1202.94,
    "dma100" : 1106.89,
    "dma200" : 1068.87,
    "volume" : 105622.00
  }, {
    "date" : "2025-07-28",
    "price" : 1366.50,
    "dma50" : 1209.35,
    "dma100" : 1111.91,
    "dma200" : 1071.83,
    "volume" : 7272995.00
  }, {
    "date" : "2025-07-29",
    "price" : 1414.30,
    "dma50" : 1217.39,
    "dma100" : 1117.74,
    "dma200" : 1075.24,
    "volume" : 1630716.00
  }, {
    "date" : "2025-07-30",
    "price" : 1420.50,
    "dma50" : 1225.36,
    "dma100" : 1123.36,
    "dma200" : 1078.67,
    "volume" : 462380.00
  }, {
    "date" : "2025-07-31",
    "price" : 1435.70,
    "dma50" : 1233.60,
    "dma100" : 1128.57,
    "dma200" : 1082.23,
    "volume" : 401249.00
  }, {
    "date" : "2025-08-01",
    "price" : 1414.90,
    "dma50" : 1240.71,
    "dma100" : 1133.26,
    "dma200" : 1085.54,
    "volume" : 220197.00
  }, {
    "date" : "2025-08-04",
    "price" : 1448.10,
    "dma50" : 1248.85,
    "dma100" : 1137.60,
    "dma200" : 1089.14,
    "volume" : 170871.00
  }, {
    "date" : "2025-08-05",
    "price" : 1450.00,
    "dma50" : 1256.74,
    "dma100" : 1142.25,
    "dma200" : 1092.73,
    "volume" : 156347.00
  }, {
    "date" : "2025-08-06",
    "price" : 1449.00,
    "dma50" : 1264.28,
    "dma100" : 1147.15,
    "dma200" : 1096.28,
    "volume" : 179201.00
  }, {
    "date" : "2025-08-07",
    "price" : 1458.50,
    "dma50" : 1271.89,
    "dma100" : 1151.93,
    "dma200" : 1099.88,
    "volume" : 122940.00
  }, {
    "date" : "2025-08-08",
    "price" : 1460.70,
    "dma50" : 1279.30,
    "dma100" : 1156.96,
    "dma200" : 1103.47,
    "volume" : 147033.00
  }, {
    "date" : "2025-08-11",
    "price" : 1454.70,
    "dma50" : 1286.17,
    "dma100" : 1161.96,
    "dma200" : 1106.97,
    "volume" : 66817.00
  }, {
    "date" : "2025-08-12",
    "price" : 1438.20,
    "dma50" : 1292.14,
    "dma100" : 1166.61,
    "dma200" : 1110.26,
    "volume" : 66131.00
  }, {
    "date" : "2025-08-13",
    "price" : 1446.00,
    "dma50" : 1298.17,
    "dma100" : 1171.00,
    "dma200" : 1113.60,
    "volume" : 99446.00
  }, {
    "date" : "2025-08-14",
    "price" : 1445.60,
    "dma50" : 1303.95,
    "dma100" : 1175.61,
    "dma200" : 1116.91,
    "volume" : 73873.00
  }, {
    "date" : "2025-08-18",
    "price" : 1451.20,
    "dma50" : 1309.73,
    "dma100" : 1180.12,
    "dma200" : 1120.23,
    "volume" : 137913.00
  }, {
    "date" : "2025-08-19",
    "price" : 1460.00,
    "dma50" : 1315.62,
    "dma100" : 1184.86,
    "dma200" : 1123.62,
    "volume" : 347334.00
  }, {
    "date" : "2025-08-20",
    "price" : 1431.50,
    "dma50" : 1320.16,
    "dma100" : 1189.50,
    "dma200" : 1126.68,
    "volume" : 113967.00
  }, {
    "date" : "2025-08-21",
    "price" : 1429.30,
    "dma50" : 1324.44,
    "dma100" : 1194.00,
    "dma200" : 1129.69,
    "volume" : 87178.00
  }, {
    "date" : "2025-08-22",
    "price" : 1428.00,
    "dma50" : 1328.50,
    "dma100" : 1198.57,
    "dma200" : 1132.66,
    "volume" : 48286.00
  }, {
    "date" : "2025-08-25",
    "price" : 1447.10,
    "dma50" : 1333.16,
    "dma100" : 1203.14,
    "dma200" : 1135.79,
    "volume" : 72599.00
  }, {
    "date" : "2025-08-26",
    "price" : 1432.80,
    "dma50" : 1337.06,
    "dma100" : 1207.37,
    "dma200" : 1138.74,
    "volume" : 111038.00
  }, {
    "date" : "2025-08-28",
    "price" : 1500.30,
    "dma50" : 1343.46,
    "dma100" : 1212.36,
    "dma200" : 1142.34,
    "volume" : 504564.00
  }, {
    "date" : "2025-08-29",
    "price" : 1495.60,
    "dma50" : 1349.43,
    "dma100" : 1217.32,
    "dma200" : 1145.86,
    "volume" : 292255.00
  }, {
    "date" : "2025-09-01",
    "price" : 1476.20,
    "dma50" : 1354.40,
    "dma100" : 1222.04,
    "dma200" : 1149.14,
    "volume" : 83793.00
  }, {
    "date" : "2025-09-02",
    "price" : 1432.20,
    "dma50" : 1357.45,
    "dma100" : 1226.86,
    "dma200" : 1151.96,
    "volume" : 93480.00
  }, {
    "date" : "2025-09-03",
    "price" : 1427.80,
    "dma50" : 1360.21,
    "dma100" : 1231.49,
    "dma200" : 1154.70,
    "volume" : 151645.00
  }, {
    "date" : "2025-09-04",
    "price" : 1426.10,
    "dma50" : 1362.80,
    "dma100" : 1236.14,
    "dma200" : 1157.40,
    "volume" : 167427.00
  }, {
    "date" : "2025-09-05",
    "price" : 1425.10,
    "dma50" : 1365.24,
    "dma100" : 1240.30,
    "dma200" : 1160.07,
    "volume" : 46554.00
  }, {
    "date" : "2025-09-08",
    "price" : 1425.10,
    "dma50" : 1367.59,
    "dma100" : 1244.29,
    "dma200" : 1162.70,
    "volume" : 83969.00
  }, {
    "date" : "2025-09-09",
    "price" : 1418.80,
    "dma50" : 1369.59,
    "dma100" : 1248.15,
    "dma200" : 1165.25,
    "volume" : 29544.00
  }, {
    "date" : "2025-09-10",
    "price" : 1412.20,
    "dma50" : 1371.27,
    "dma100" : 1251.80,
    "dma200" : 1167.71,
    "volume" : 46123.00
  }, {
    "date" : "2025-09-11",
    "price" : 1379.60,
    "dma50" : 1371.59,
    "dma100" : 1254.68,
    "dma200" : 1169.82,
    "volume" : 55118.00
  }, {
    "date" : "2025-09-12",
    "price" : 1369.60,
    "dma50" : 1371.51,
    "dma100" : 1257.58,
    "dma200" : 1171.81,
    "volume" : 115845.00
  }, {
    "date" : "2025-09-15",
    "price" : 1395.80,
    "dma50" : 1372.47,
    "dma100" : 1261.06,
    "dma200" : 1174.03,
    "volume" : 73421.00
  }, {
    "date" : "2025-09-16",
    "price" : 1410.80,
    "dma50" : 1373.97,
    "dma100" : 1264.23,
    "dma200" : 1176.39,
    "volume" : 52945.00
  }, {
    "date" : "2025-09-17",
    "price" : 1423.10,
    "dma50" : 1375.90,
    "dma100" : 1267.83,
    "dma200" : 1178.85,
    "volume" : 81020.00
  }, {
    "date" : "2025-09-18",
    "price" : 1433.70,
    "dma50" : 1378.16,
    "dma100" : 1271.46,
    "dma200" : 1181.38,
    "volume" : 55397.00
  }, {
    "date" : "2025-09-19",
    "price" : 1474.40,
    "dma50" : 1381.94,
    "dma100" : 1275.65,
    "dma200" : 1184.30,
    "volume" : 216971.00
  }, {
    "date" : "2025-09-22",
    "price" : 1513.60,
    "dma50" : 1387.10,
    "dma100" : 1280.54,
    "dma200" : 1187.57,
    "volume" : 127151.00
  }, {
    "date" : "2025-09-23",
    "price" : 1523.80,
    "dma50" : 1392.46,
    "dma100" : 1285.40,
    "dma200" : 1190.92,
    "volume" : 98240.00
  }, {
    "date" : "2025-09-24",
    "price" : 1520.50,
    "dma50" : 1397.48,
    "dma100" : 1290.24,
    "dma200" : 1194.20,
    "volume" : 896577.00
  }, {
    "date" : "2025-09-25",
    "price" : 1440.70,
    "dma50" : 1399.18,
    "dma100" : 1294.43,
    "dma200" : 1196.65,
    "volume" : 222553.00
  }, {
    "date" : "2025-09-26",
    "price" : 1399.60,
    "dma50" : 1399.19,
    "dma100" : 1298.01,
    "dma200" : 1198.67,
    "volume" : 157663.00
  }, {
    "date" : "2025-09-29",
    "price" : 1355.00,
    "dma50" : 1397.46,
    "dma100" : 1301.35,
    "dma200" : 1200.23,
    "volume" : 205147.00
  }, {
    "date" : "2025-09-30",
    "price" : 1334.20,
    "dma50" : 1394.98,
    "dma100" : 1304.42,
    "dma200" : 1201.56,
    "volume" : 264369.00
  }, {
    "date" : "2025-10-01",
    "price" : 1345.90,
    "dma50" : 1393.06,
    "dma100" : 1307.13,
    "dma200" : 1203.00,
    "volume" : 70895.00
  }, {
    "date" : "2025-10-03",
    "price" : 1337.00,
    "dma50" : 1390.86,
    "dma100" : 1309.83,
    "dma200" : 1204.33,
    "volume" : 62594.00
  }, {
    "date" : "2025-10-06",
    "price" : 1330.20,
    "dma50" : 1388.48,
    "dma100" : 1312.40,
    "dma200" : 1205.58,
    "volume" : 121013.00
  }, {
    "date" : "2025-10-07",
    "price" : 1311.50,
    "dma50" : 1385.46,
    "dma100" : 1314.95,
    "dma200" : 1206.64,
    "volume" : 57578.00
  }, {
    "date" : "2025-10-08",
    "price" : 1313.00,
    "dma50" : 1382.62,
    "dma100" : 1317.32,
    "dma200" : 1207.69,
    "volume" : 38794.00
  }, {
    "date" : "2025-10-09",
    "price" : 1298.00,
    "dma50" : 1379.30,
    "dma100" : 1319.34,
    "dma200" : 1208.59,
    "volume" : 49834.00
  }, {
    "date" : "2025-10-10",
    "price" : 1312.10,
    "dma50" : 1376.66,
    "dma100" : 1321.58,
    "dma200" : 1209.62,
    "volume" : 49800.00
  }, {
    "date" : "2025-10-13",
    "price" : 1284.10,
    "dma50" : 1373.03,
    "dma100" : 1323.36,
    "dma200" : 1210.36,
    "volume" : 71148.00
  }, {
    "date" : "2025-10-14",
    "price" : 1257.00,
    "dma50" : 1368.48,
    "dma100" : 1324.97,
    "dma200" : 1210.83,
    "volume" : 150524.00
  }, {
    "date" : "2025-10-15",
    "price" : 1254.40,
    "dma50" : 1364.01,
    "dma100" : 1326.30,
    "dma200" : 1211.26,
    "volume" : 89506.00
  }, {
    "date" : "2025-10-16",
    "price" : 1268.00,
    "dma50" : 1360.24,
    "dma100" : 1327.93,
    "dma200" : 1211.83,
    "volume" : 36920.00
  }, {
    "date" : "2025-10-17",
    "price" : 1240.70,
    "dma50" : 1355.56,
    "dma100" : 1329.32,
    "dma200" : 1212.11,
    "volume" : 78780.00
  }, {
    "date" : "2025-10-20",
    "price" : 1233.00,
    "dma50" : 1350.75,
    "dma100" : 1330.76,
    "dma200" : 1212.32,
    "volume" : 62932.00
  }, {
    "date" : "2025-10-21",
    "price" : 1231.60,
    "dma50" : 1346.08,
    "dma100" : 1332.08,
    "dma200" : 1212.51,
    "volume" : 28729.00
  }, {
    "date" : "2025-10-23",
    "price" : 1216.60,
    "dma50" : 1341.00,
    "dma100" : 1332.44,
    "dma200" : 1212.55,
    "volume" : 43157.00
  }, {
    "date" : "2025-10-24",
    "price" : 1195.80,
    "dma50" : 1335.31,
    "dma100" : 1332.84,
    "dma200" : 1212.39,
    "volume" : 69379.00
  }, {
    "date" : "2025-10-27",
    "price" : 1176.90,
    "dma50" : 1329.09,
    "dma100" : 1333.08,
    "dma200" : 1212.03,
    "volume" : 91031.00
  }, {
    "date" : "2025-10-28",
    "price" : 1178.20,
    "dma50" : 1323.18,
    "dma100" : 1333.34,
    "dma200" : 1211.70,
    "volume" : 98211.00
  }, {
    "date" : "2025-10-29",
    "price" : 1179.50,
    "dma50" : 1317.54,
    "dma100" : 1333.32,
    "dma200" : 1211.38,
    "volume" : 71264.00
  }, {
    "date" : "2025-10-30",
    "price" : 1179.60,
    "dma50" : 1312.13,
    "dma100" : 1333.40,
    "dma200" : 1211.06,
    "volume" : 37788.00
  }, {
    "date" : "2025-10-31",
    "price" : 1149.80,
    "dma50" : 1305.77,
    "dma100" : 1332.04,
    "dma200" : 1210.45,
    "volume" : 106801.00
  }, {
    "date" : "2025-11-03",
    "price" : 1148.60,
    "dma50" : 1299.60,
    "dma100" : 1330.90,
    "dma200" : 1209.84,
    "volume" : 96349.00
  }, {
    "date" : "2025-11-04",
    "price" : 1160.70,
    "dma50" : 1294.16,
    "dma100" : 1329.97,
    "dma200" : 1209.35,
    "volume" : 135713.00
  }, {
    "date" : "2025-11-06",
    "price" : 1089.20,
    "dma50" : 1286.12,
    "dma100" : 1328.35,
    "dma200" : 1208.15,
    "volume" : 145659.00
  }, {
    "date" : "2025-11-07",
    "price" : 1076.20,
    "dma50" : 1277.89,
    "dma100" : 1326.53,
    "dma200" : 1206.84,
    "volume" : 154178.00
  }, {
    "date" : "2025-11-10",
    "price" : 1063.70,
    "dma50" : 1269.49,
    "dma100" : 1324.36,
    "dma200" : 1205.41,
    "volume" : 59134.00
  }, {
    "date" : "2025-11-11",
    "price" : 1051.60,
    "dma50" : 1260.94,
    "dma100" : 1322.41,
    "dma200" : 1203.88,
    "volume" : 73325.00
  }, {
    "date" : "2025-11-12",
    "price" : 1031.10,
    "dma50" : 1251.93,
    "dma100" : 1320.30,
    "dma200" : 1202.16,
    "volume" : 311216.00
  }, {
    "date" : "2025-11-13",
    "price" : 1069.50,
    "dma50" : 1244.78,
    "dma100" : 1318.52,
    "dma200" : 1200.84,
    "volume" : 469355.00
  }, {
    "date" : "2025-11-14",
    "price" : 1035.80,
    "dma50" : 1236.58,
    "dma100" : 1316.53,
    "dma200" : 1199.20,
    "volume" : 376106.00
  }, {
    "date" : "2025-11-17",
    "price" : 1038.40,
    "dma50" : 1228.81,
    "dma100" : 1314.47,
    "dma200" : 1197.60,
    "volume" : 170181.00
  }, {
    "date" : "2025-11-18",
    "price" : 1043.10,
    "dma50" : 1221.53,
    "dma100" : 1312.92,
    "dma200" : 1196.06,
    "volume" : 142837.00
  }, {
    "date" : "2025-11-19",
    "price" : 1036.90,
    "dma50" : 1214.29,
    "dma100" : 1311.08,
    "dma200" : 1194.48,
    "volume" : 159773.00
  }, {
    "date" : "2025-11-20",
    "price" : 1033.50,
    "dma50" : 1207.20,
    "dma100" : 1309.34,
    "dma200" : 1192.88,
    "volume" : 87022.00
  }, {
    "date" : "2025-11-21",
    "price" : 1024.80,
    "dma50" : 1200.04,
    "dma100" : 1306.99,
    "dma200" : 1191.21,
    "volume" : 74789.00
  }, {
    "date" : "2025-11-24",
    "price" : 999.70,
    "dma50" : 1192.19,
    "dma100" : 1304.65,
    "dma200" : 1189.30,
    "volume" : 111150.00
  }, {
    "date" : "2025-11-25",
    "price" : 1010.80,
    "dma50" : 1185.07,
    "dma100" : 1302.00,
    "dma200" : 1187.52,
    "volume" : 63665.00
  }, {
    "date" : "2025-11-26",
    "price" : 1033.50,
    "dma50" : 1179.13,
    "dma100" : 1299.81,
    "dma200" : 1185.99,
    "volume" : 109382.00
  }, {
    "date" : "2025-11-27",
    "price" : 1005.40,
    "dma50" : 1172.32,
    "dma100" : 1297.52,
    "dma200" : 1184.20,
    "volume" : 110144.00
  }, {
    "date" : "2025-11-28",
    "price" : 1013.30,
    "dma50" : 1166.08,
    "dma100" : 1295.11,
    "dma200" : 1182.49,
    "volume" : 65265.00
  }, {
    "date" : "2025-12-01",
    "price" : 1021.70,
    "dma50" : 1160.42,
    "dma100" : 1293.02,
    "dma200" : 1180.89,
    "volume" : 132024.00
  }, {
    "date" : "2025-12-02",
    "price" : 1014.30,
    "dma50" : 1154.69,
    "dma100" : 1290.95,
    "dma200" : 1179.24,
    "volume" : 78950.00
  }, {
    "date" : "2025-12-03",
    "price" : 1014.20,
    "dma50" : 1149.18,
    "dma100" : 1289.04,
    "dma200" : 1177.59,
    "volume" : 206728.00
  }, {
    "date" : "2025-12-04",
    "price" : 1004.20,
    "dma50" : 1143.49,
    "dma100" : 1286.82,
    "dma200" : 1175.87,
    "volume" : 47489.00
  }, {
    "date" : "2025-12-05",
    "price" : 992.70,
    "dma50" : 1137.58,
    "dma100" : 1284.54,
    "dma200" : 1174.05,
    "volume" : 196966.00
  }, {
    "date" : "2025-12-08",
    "price" : 974.30,
    "dma50" : 1131.18,
    "dma100" : 1281.83,
    "dma200" : 1172.06,
    "volume" : 100294.00
  }, {
    "date" : "2025-12-09",
    "price" : 979.20,
    "dma50" : 1125.22,
    "dma100" : 1279.03,
    "dma200" : 1170.14,
    "volume" : 198396.00
  }, {
    "date" : "2025-12-10",
    "price" : 1016.50,
    "dma50" : 1120.95,
    "dma100" : 1276.59,
    "dma200" : 1168.61,
    "volume" : 101404.00
  }, {
    "date" : "2025-12-11",
    "price" : 1003.20,
    "dma50" : 1116.34,
    "dma100" : 1274.01,
    "dma200" : 1166.97,
    "volume" : 159381.00
  }, {
    "date" : "2025-12-12",
    "price" : 996.50,
    "dma50" : 1111.64,
    "dma100" : 1271.38,
    "dma200" : 1165.27,
    "volume" : 178119.00
  }, {
    "date" : "2025-12-15",
    "price" : 985.40,
    "dma50" : 1106.69,
    "dma100" : 1268.63,
    "dma200" : 1163.48,
    "volume" : 43108.00
  }, {
    "date" : "2025-12-16",
    "price" : 961.60,
    "dma50" : 1101.00,
    "dma100" : 1265.70,
    "dma200" : 1161.47,
    "volume" : 48311.00
  }, {
    "date" : "2025-12-17",
    "price" : 958.40,
    "dma50" : 1095.40,
    "dma100" : 1262.94,
    "dma200" : 1159.45,
    "volume" : 65672.00
  }, {
    "date" : "2025-12-18",
    "price" : 949.80,
    "dma50" : 1089.69,
    "dma100" : 1259.77,
    "dma200" : 1157.36,
    "volume" : 67610.00
  }, {
    "date" : "2025-12-19",
    "price" : 970.40,
    "dma50" : 1085.02,
    "dma100" : 1256.98,
    "dma200" : 1155.50,
    "volume" : 69562.00
  }, {
    "date" : "2025-12-22",
    "price" : 983.40,
    "dma50" : 1081.03,
    "dma100" : 1253.14,
    "dma200" : 1153.79,
    "volume" : 74716.00
  }, {
    "date" : "2025-12-23",
    "price" : 981.00,
    "dma50" : 1077.11,
    "dma100" : 1248.81,
    "dma200" : 1152.07,
    "volume" : 63247.00
  }, {
    "date" : "2025-12-24",
    "price" : 953.50,
    "dma50" : 1072.26,
    "dma100" : 1244.14,
    "dma200" : 1150.10,
    "volume" : 85865.00
  } ],
  "latestTechnicalAttributes" : {
    "date" : "2025-12-24",
    "price" : 953.50,
    "dma50" : 1072.26,
    "dma100" : 1244.14,
    "dma200" : 1150.10,
    "volume" : 85865.00
  },
  "quarterlyResults" : [ {
    "date" : "2005-03-31",
    "sales" : 91.51,
    "salesGrowthYoY" : null,
    "grossProfitMargin" : 44.56,
    "grossProfit" : 40.78,
    "operatingProfitMargin" : 5.60,
    "operatingProfit" : 5.12,
    "netProfitMargin" : 3.48,
    "netProfit" : 3.18
  }, {
    "date" : "2005-06-30",
    "sales" : 93.25,
    "salesGrowthYoY" : null,
    "grossProfitMargin" : 51.23,
    "grossProfit" : 47.77,
    "operatingProfitMargin" : 9.67,
    "operatingProfit" : 9.02,
    "netProfitMargin" : 4.13,
    "netProfit" : 3.85
  }, {
    "date" : "2005-09-30",
    "sales" : 113.36,
    "salesGrowthYoY" : null,
    "grossProfitMargin" : 43.82,
    "grossProfit" : 49.67,
    "operatingProfitMargin" : 9.12,
    "operatingProfit" : 10.34,
    "netProfitMargin" : 3.78,
    "netProfit" : 4.29
  }, {
    "date" : "2005-12-31",
    "sales" : 83.22,
    "salesGrowthYoY" : null,
    "grossProfitMargin" : 42.38,
    "grossProfit" : 35.27,
    "operatingProfitMargin" : 2.98,
    "operatingProfit" : 2.48,
    "netProfitMargin" : 0.14,
    "netProfit" : 0.12
  }, {
    "date" : "2006-03-31",
    "sales" : 104.75,
    "salesGrowthYoY" : 14.47,
    "grossProfitMargin" : 39.19,
    "grossProfit" : 41.05,
    "operatingProfitMargin" : 5.24,
    "operatingProfit" : 5.49,
    "netProfitMargin" : 1.91,
    "netProfit" : 2.00
  }, {
    "date" : "2006-06-30",
    "sales" : 87.74,
    "salesGrowthYoY" : -5.91,
    "grossProfitMargin" : 45.58,
    "grossProfit" : 39.99,
    "operatingProfitMargin" : 7.42,
    "operatingProfit" : 6.51,
    "netProfitMargin" : 2.04,
    "netProfit" : 1.79
  }, {
    "date" : "2006-09-30",
    "sales" : 115.29,
    "salesGrowthYoY" : 1.70,
    "grossProfitMargin" : 40.09,
    "grossProfit" : 46.22,
    "operatingProfitMargin" : 7.16,
    "operatingProfit" : 8.25,
    "netProfitMargin" : 2.19,
    "netProfit" : 2.52
  }, {
    "date" : "2006-12-31",
    "sales" : 85.65,
    "salesGrowthYoY" : 2.92,
    "grossProfitMargin" : 42.93,
    "grossProfit" : 36.77,
    "operatingProfitMargin" : 3.64,
    "operatingProfit" : 3.12,
    "netProfitMargin" : 0.29,
    "netProfit" : 0.25
  }, {
    "date" : "2007-03-31",
    "sales" : 95.47,
    "salesGrowthYoY" : -8.86,
    "grossProfitMargin" : 36.92,
    "grossProfit" : 35.25,
    "operatingProfitMargin" : 2.89,
    "operatingProfit" : 2.76,
    "netProfitMargin" : 0.10,
    "netProfit" : 0.10
  }, {
    "date" : "2007-06-30",
    "sales" : 87.94,
    "salesGrowthYoY" : 0.23,
    "grossProfitMargin" : 42.35,
    "grossProfit" : 37.24,
    "operatingProfitMargin" : 6.23,
    "operatingProfit" : 5.48,
    "netProfitMargin" : 0.71,
    "netProfit" : 0.62
  }, {
    "date" : "2007-09-30",
    "sales" : 104.55,
    "salesGrowthYoY" : -9.32,
    "grossProfitMargin" : 41.87,
    "grossProfit" : 43.78,
    "operatingProfitMargin" : 8.13,
    "operatingProfit" : 8.50,
    "netProfitMargin" : 2.22,
    "netProfit" : 2.32
  }, {
    "date" : "2007-12-31",
    "sales" : 90.30,
    "salesGrowthYoY" : 5.43,
    "grossProfitMargin" : 41.56,
    "grossProfit" : 37.53,
    "operatingProfitMargin" : 5.57,
    "operatingProfit" : 5.03,
    "netProfitMargin" : 0.52,
    "netProfit" : 0.47
  }, {
    "date" : "2008-03-31",
    "sales" : 113.54,
    "salesGrowthYoY" : 18.93,
    "grossProfitMargin" : 40.65,
    "grossProfit" : 46.15,
    "operatingProfitMargin" : 9.65,
    "operatingProfit" : 10.96,
    "netProfitMargin" : 4.32,
    "netProfit" : 4.90
  }, {
    "date" : "2008-06-30",
    "sales" : 120.07,
    "salesGrowthYoY" : 36.54,
    "grossProfitMargin" : 44.72,
    "grossProfit" : 53.70,
    "operatingProfitMargin" : 10.96,
    "operatingProfit" : 13.16,
    "netProfitMargin" : 4.12,
    "netProfit" : 4.95
  }, {
    "date" : "2008-09-30",
    "sales" : 126.32,
    "salesGrowthYoY" : 20.82,
    "grossProfitMargin" : 50.29,
    "grossProfit" : 63.53,
    "operatingProfitMargin" : 16.73,
    "operatingProfit" : 21.13,
    "netProfitMargin" : 7.77,
    "netProfit" : 9.82
  }, {
    "date" : "2008-12-31",
    "sales" : 99.90,
    "salesGrowthYoY" : 10.63,
    "grossProfitMargin" : 44.42,
    "grossProfit" : 44.38,
    "operatingProfitMargin" : 10.89,
    "operatingProfit" : 10.88,
    "netProfitMargin" : 2.57,
    "netProfit" : 2.57
  }, {
    "date" : "2009-03-31",
    "sales" : 108.75,
    "salesGrowthYoY" : -4.22,
    "grossProfitMargin" : 39.72,
    "grossProfit" : 43.20,
    "operatingProfitMargin" : 9.17,
    "operatingProfit" : 9.97,
    "netProfitMargin" : 2.89,
    "netProfit" : 3.14
  }, {
    "date" : "2009-06-30",
    "sales" : 130.40,
    "salesGrowthYoY" : 8.60,
    "grossProfitMargin" : 49.62,
    "grossProfit" : 64.70,
    "operatingProfitMargin" : 14.69,
    "operatingProfit" : 19.16,
    "netProfitMargin" : 7.84,
    "netProfit" : 10.22
  }, {
    "date" : "2009-09-30",
    "sales" : 151.38,
    "salesGrowthYoY" : 19.84,
    "grossProfitMargin" : 39.69,
    "grossProfit" : 60.08,
    "operatingProfitMargin" : 17.18,
    "operatingProfit" : 26.01,
    "netProfitMargin" : 9.56,
    "netProfit" : 14.47
  }, {
    "date" : "2009-12-31",
    "sales" : 131.22,
    "salesGrowthYoY" : 31.35,
    "grossProfitMargin" : 56.66,
    "grossProfit" : 74.35,
    "operatingProfitMargin" : 13.50,
    "operatingProfit" : 17.71,
    "netProfitMargin" : 6.78,
    "netProfit" : 8.90
  }, {
    "date" : "2010-03-31",
    "sales" : 157.58,
    "salesGrowthYoY" : 44.90,
    "grossProfitMargin" : 46.87,
    "grossProfit" : 73.86,
    "operatingProfitMargin" : 13.41,
    "operatingProfit" : 21.13,
    "netProfitMargin" : 8.85,
    "netProfit" : 13.95
  }, {
    "date" : "2010-06-30",
    "sales" : 157.05,
    "salesGrowthYoY" : 20.44,
    "grossProfitMargin" : 45.97,
    "grossProfit" : 72.20,
    "operatingProfitMargin" : 13.01,
    "operatingProfit" : 20.43,
    "netProfitMargin" : 7.06,
    "netProfit" : 11.09
  }, {
    "date" : "2010-09-30",
    "sales" : 192.25,
    "salesGrowthYoY" : 27.00,
    "grossProfitMargin" : 45.07,
    "grossProfit" : 86.65,
    "operatingProfitMargin" : 15.45,
    "operatingProfit" : 29.70,
    "netProfitMargin" : 8.67,
    "netProfit" : 16.67
  }, {
    "date" : "2010-12-31",
    "sales" : 166.15,
    "salesGrowthYoY" : 26.62,
    "grossProfitMargin" : 45.16,
    "grossProfit" : 75.03,
    "operatingProfitMargin" : 11.46,
    "operatingProfit" : 19.04,
    "netProfitMargin" : 6.27,
    "netProfit" : 10.42
  }, {
    "date" : "2011-03-31",
    "sales" : 191.48,
    "salesGrowthYoY" : 21.51,
    "grossProfitMargin" : 42.06,
    "grossProfit" : 80.54,
    "operatingProfitMargin" : 10.17,
    "operatingProfit" : 19.47,
    "netProfitMargin" : 5.80,
    "netProfit" : 11.11
  }, {
    "date" : "2011-06-30",
    "sales" : 178.34,
    "salesGrowthYoY" : 13.56,
    "grossProfitMargin" : 45.32,
    "grossProfit" : 80.82,
    "operatingProfitMargin" : 12.07,
    "operatingProfit" : 21.53,
    "netProfitMargin" : 6.29,
    "netProfit" : 11.22
  }, {
    "date" : "2011-09-30",
    "sales" : 209.59,
    "salesGrowthYoY" : 9.02,
    "grossProfitMargin" : 42.51,
    "grossProfit" : 89.10,
    "operatingProfitMargin" : 12.33,
    "operatingProfit" : 25.84,
    "netProfitMargin" : 6.53,
    "netProfit" : 13.69
  }, {
    "date" : "2011-12-31",
    "sales" : 163.63,
    "salesGrowthYoY" : -1.52,
    "grossProfitMargin" : 45.76,
    "grossProfit" : 74.88,
    "operatingProfitMargin" : 9.83,
    "operatingProfit" : 16.08,
    "netProfitMargin" : 1.74,
    "netProfit" : 2.85
  }, {
    "date" : "2012-03-31",
    "sales" : 192.62,
    "salesGrowthYoY" : 0.60,
    "grossProfitMargin" : 41.56,
    "grossProfit" : 80.05,
    "operatingProfitMargin" : 8.93,
    "operatingProfit" : 17.20,
    "netProfitMargin" : 4.36,
    "netProfit" : 8.40
  }, {
    "date" : "2012-06-30",
    "sales" : 199.97,
    "salesGrowthYoY" : 12.13,
    "grossProfitMargin" : 44.27,
    "grossProfit" : 88.53,
    "operatingProfitMargin" : 13.06,
    "operatingProfit" : 26.12,
    "netProfitMargin" : 5.52,
    "netProfit" : 11.04
  }, {
    "date" : "2012-09-30",
    "sales" : 195.00,
    "salesGrowthYoY" : -6.96,
    "grossProfitMargin" : 41.73,
    "grossProfit" : 81.37,
    "operatingProfitMargin" : 7.59,
    "operatingProfit" : 14.80,
    "netProfitMargin" : 1.21,
    "netProfit" : 2.36
  }, {
    "date" : "2012-12-31",
    "sales" : 183.14,
    "salesGrowthYoY" : 11.92,
    "grossProfitMargin" : 40.41,
    "grossProfit" : 74.01,
    "operatingProfitMargin" : 6.35,
    "operatingProfit" : 11.63,
    "netProfitMargin" : 1.14,
    "netProfit" : 2.09
  }, {
    "date" : "2013-03-31",
    "sales" : 207.14,
    "salesGrowthYoY" : 7.54,
    "grossProfitMargin" : 44.33,
    "grossProfit" : 91.83,
    "operatingProfitMargin" : 8.31,
    "operatingProfit" : 17.21,
    "netProfitMargin" : 2.69,
    "netProfit" : 5.57
  }, {
    "date" : "2013-06-30",
    "sales" : 245.47,
    "salesGrowthYoY" : 22.75,
    "grossProfitMargin" : 41.31,
    "grossProfit" : 101.40,
    "operatingProfitMargin" : 12.51,
    "operatingProfit" : 30.71,
    "netProfitMargin" : 4.45,
    "netProfit" : 10.92
  }, {
    "date" : "2013-09-30",
    "sales" : 271.11,
    "salesGrowthYoY" : 39.03,
    "grossProfitMargin" : 42.16,
    "grossProfit" : 114.30,
    "operatingProfitMargin" : 11.88,
    "operatingProfit" : 32.21,
    "netProfitMargin" : 3.79,
    "netProfit" : 10.28
  }, {
    "date" : "2013-12-31",
    "sales" : 243.07,
    "salesGrowthYoY" : 32.72,
    "grossProfitMargin" : 41.73,
    "grossProfit" : 101.43,
    "operatingProfitMargin" : 13.82,
    "operatingProfit" : 33.59,
    "netProfitMargin" : 3.32,
    "netProfit" : 8.07
  }, {
    "date" : "2014-03-31",
    "sales" : 266.99,
    "salesGrowthYoY" : 28.89,
    "grossProfitMargin" : 38.18,
    "grossProfit" : 101.94,
    "operatingProfitMargin" : 9.94,
    "operatingProfit" : 26.54,
    "netProfitMargin" : 1.94,
    "netProfit" : 5.18
  }, {
    "date" : "2014-06-30",
    "sales" : 267.25,
    "salesGrowthYoY" : 8.87,
    "grossProfitMargin" : 37.03,
    "grossProfit" : 98.96,
    "operatingProfitMargin" : 10.66,
    "operatingProfit" : 28.49,
    "netProfitMargin" : 4.33,
    "netProfit" : 11.57
  }, {
    "date" : "2014-09-30",
    "sales" : 302.96,
    "salesGrowthYoY" : 11.75,
    "grossProfitMargin" : 39.22,
    "grossProfit" : 118.82,
    "operatingProfitMargin" : 11.76,
    "operatingProfit" : 35.63,
    "netProfitMargin" : 5.43,
    "netProfit" : 16.45
  }, {
    "date" : "2014-12-31",
    "sales" : 245.52,
    "salesGrowthYoY" : 1.01,
    "grossProfitMargin" : 42.71,
    "grossProfit" : 104.86,
    "operatingProfitMargin" : 11.05,
    "operatingProfit" : 27.13,
    "netProfitMargin" : 4.41,
    "netProfit" : 10.83
  }, {
    "date" : "2015-03-31",
    "sales" : 272.57,
    "salesGrowthYoY" : 2.09,
    "grossProfitMargin" : 36.43,
    "grossProfit" : 99.30,
    "operatingProfitMargin" : 6.56,
    "operatingProfit" : 17.88,
    "netProfitMargin" : 1.31,
    "netProfit" : 3.57
  }, {
    "date" : "2015-06-30",
    "sales" : 294.22,
    "salesGrowthYoY" : 10.09,
    "grossProfitMargin" : 40.98,
    "grossProfit" : 120.57,
    "operatingProfitMargin" : 14.07,
    "operatingProfit" : 41.40,
    "netProfitMargin" : 6.19,
    "netProfit" : 18.21
  }, {
    "date" : "2015-09-30",
    "sales" : 323.28,
    "salesGrowthYoY" : 6.71,
    "grossProfitMargin" : 40.69,
    "grossProfit" : 131.54,
    "operatingProfitMargin" : 12.87,
    "operatingProfit" : 41.61,
    "netProfitMargin" : 5.67,
    "netProfit" : 18.33
  }, {
    "date" : "2015-12-31",
    "sales" : 271.97,
    "salesGrowthYoY" : 10.77,
    "grossProfitMargin" : 42.43,
    "grossProfit" : 115.40,
    "operatingProfitMargin" : 11.30,
    "operatingProfit" : 30.73,
    "netProfitMargin" : 4.84,
    "netProfit" : 13.16
  }, {
    "date" : "2016-03-31",
    "sales" : 317.78,
    "salesGrowthYoY" : 16.59,
    "grossProfitMargin" : 43.75,
    "grossProfit" : 139.03,
    "operatingProfitMargin" : 13.21,
    "operatingProfit" : 41.98,
    "netProfitMargin" : 6.90,
    "netProfit" : 21.93
  }, {
    "date" : "2016-06-30",
    "sales" : 329.88,
    "salesGrowthYoY" : 12.12,
    "grossProfitMargin" : 41.44,
    "grossProfit" : 136.70,
    "operatingProfitMargin" : 17.35,
    "operatingProfit" : 57.23,
    "netProfitMargin" : 9.49,
    "netProfit" : 31.31
  }, {
    "date" : "2016-09-30",
    "sales" : 332.25,
    "salesGrowthYoY" : 2.77,
    "grossProfitMargin" : 40.78,
    "grossProfit" : 135.49,
    "operatingProfitMargin" : 14.81,
    "operatingProfit" : 49.21,
    "netProfitMargin" : 8.46,
    "netProfit" : 28.11
  }, {
    "date" : "2016-12-31",
    "sales" : 281.83,
    "salesGrowthYoY" : 3.63,
    "grossProfitMargin" : 42.00,
    "grossProfit" : 118.37,
    "operatingProfitMargin" : 11.37,
    "operatingProfit" : 32.04,
    "netProfitMargin" : 4.40,
    "netProfit" : 12.40
  }, {
    "date" : "2017-03-31",
    "sales" : 293.04,
    "salesGrowthYoY" : -7.79,
    "grossProfitMargin" : 40.91,
    "grossProfit" : 119.88,
    "operatingProfitMargin" : 11.34,
    "operatingProfit" : 33.23,
    "netProfitMargin" : 5.95,
    "netProfit" : 17.44
  }, {
    "date" : "2017-06-30",
    "sales" : 299.74,
    "salesGrowthYoY" : -9.14,
    "grossProfitMargin" : 44.74,
    "grossProfit" : 134.10,
    "operatingProfitMargin" : 14.67,
    "operatingProfit" : 43.97,
    "netProfitMargin" : 7.81,
    "netProfit" : 23.41
  }, {
    "date" : "2017-09-30",
    "sales" : 315.15,
    "salesGrowthYoY" : -5.15,
    "grossProfitMargin" : 40.81,
    "grossProfit" : 128.61,
    "operatingProfitMargin" : 16.31,
    "operatingProfit" : 51.40,
    "netProfitMargin" : 7.32,
    "netProfit" : 23.07
  }, {
    "date" : "2017-12-31",
    "sales" : 324.56,
    "salesGrowthYoY" : 15.16,
    "grossProfitMargin" : 40.84,
    "grossProfit" : 132.55,
    "operatingProfitMargin" : 14.13,
    "operatingProfit" : 45.86,
    "netProfitMargin" : 5.87,
    "netProfit" : 19.05
  }, {
    "date" : "2018-03-31",
    "sales" : 376.85,
    "salesGrowthYoY" : 28.60,
    "grossProfitMargin" : 39.77,
    "grossProfit" : 149.87,
    "operatingProfitMargin" : 14.11,
    "operatingProfit" : 53.17,
    "netProfitMargin" : 5.97,
    "netProfit" : 22.50
  }, {
    "date" : "2018-06-30",
    "sales" : 340.45,
    "salesGrowthYoY" : 13.58,
    "grossProfitMargin" : 43.40,
    "grossProfit" : 147.76,
    "operatingProfitMargin" : 16.24,
    "operatingProfit" : 55.29,
    "netProfitMargin" : 8.56,
    "netProfit" : 29.14
  }, {
    "date" : "2018-09-30",
    "sales" : 364.26,
    "salesGrowthYoY" : 15.58,
    "grossProfitMargin" : 40.21,
    "grossProfit" : 146.47,
    "operatingProfitMargin" : 13.44,
    "operatingProfit" : 48.96,
    "netProfitMargin" : 7.18,
    "netProfit" : 26.15
  }, {
    "date" : "2018-12-31",
    "sales" : 339.62,
    "salesGrowthYoY" : 4.64,
    "grossProfitMargin" : 38.86,
    "grossProfit" : 131.98,
    "operatingProfitMargin" : 10.32,
    "operatingProfit" : 35.05,
    "netProfitMargin" : 4.27,
    "netProfit" : 14.50
  }, {
    "date" : "2019-03-31",
    "sales" : 388.53,
    "salesGrowthYoY" : 3.10,
    "grossProfitMargin" : 36.98,
    "grossProfit" : 143.68,
    "operatingProfitMargin" : 14.76,
    "operatingProfit" : 57.35,
    "netProfitMargin" : 4.40,
    "netProfit" : 17.10
  }, {
    "date" : "2019-06-30",
    "sales" : 382.99,
    "salesGrowthYoY" : 12.50,
    "grossProfitMargin" : 39.78,
    "grossProfit" : 152.35,
    "operatingProfitMargin" : 16.32,
    "operatingProfit" : 62.50,
    "netProfitMargin" : 7.95,
    "netProfit" : 30.45
  }, {
    "date" : "2019-09-30",
    "sales" : 382.19,
    "salesGrowthYoY" : 4.92,
    "grossProfitMargin" : 41.52,
    "grossProfit" : 158.69,
    "operatingProfitMargin" : 16.26,
    "operatingProfit" : 62.14,
    "netProfitMargin" : 11.38,
    "netProfit" : 43.49
  }, {
    "date" : "2019-12-31",
    "sales" : 387.80,
    "salesGrowthYoY" : 14.19,
    "grossProfitMargin" : 40.59,
    "grossProfit" : 157.41,
    "operatingProfitMargin" : 15.72,
    "operatingProfit" : 60.96,
    "netProfitMargin" : 7.47,
    "netProfit" : 28.97
  }, {
    "date" : "2020-03-31",
    "sales" : 365.29,
    "salesGrowthYoY" : -5.98,
    "grossProfitMargin" : 45.09,
    "grossProfit" : 164.71,
    "operatingProfitMargin" : 13.96,
    "operatingProfit" : 50.99,
    "netProfitMargin" : 9.25,
    "netProfit" : 33.79
  }, {
    "date" : "2020-06-30",
    "sales" : 332.27,
    "salesGrowthYoY" : -13.24,
    "grossProfitMargin" : 41.97,
    "grossProfit" : 139.45,
    "operatingProfitMargin" : 17.29,
    "operatingProfit" : 57.45,
    "netProfitMargin" : 7.08,
    "netProfit" : 23.52
  }, {
    "date" : "2020-09-30",
    "sales" : 395.10,
    "salesGrowthYoY" : 3.38,
    "grossProfitMargin" : 41.57,
    "grossProfit" : 164.24,
    "operatingProfitMargin" : 16.26,
    "operatingProfit" : 64.24,
    "netProfitMargin" : 7.03,
    "netProfit" : 27.78
  }, {
    "date" : "2020-12-31",
    "sales" : 461.58,
    "salesGrowthYoY" : 19.03,
    "grossProfitMargin" : 41.47,
    "grossProfit" : 191.42,
    "operatingProfitMargin" : 16.50,
    "operatingProfit" : 76.16,
    "netProfitMargin" : 8.18,
    "netProfit" : 37.76
  }, {
    "date" : "2021-03-31",
    "sales" : 519.54,
    "salesGrowthYoY" : 42.23,
    "grossProfitMargin" : 39.61,
    "grossProfit" : 205.79,
    "operatingProfitMargin" : 13.15,
    "operatingProfit" : 68.32,
    "netProfitMargin" : 7.61,
    "netProfit" : 39.54
  }, {
    "date" : "2021-06-30",
    "sales" : 434.68,
    "salesGrowthYoY" : 30.82,
    "grossProfitMargin" : 43.85,
    "grossProfit" : 190.61,
    "operatingProfitMargin" : 12.31,
    "operatingProfit" : 53.51,
    "netProfitMargin" : 5.07,
    "netProfit" : 22.04
  }, {
    "date" : "2021-09-30",
    "sales" : 436.48,
    "salesGrowthYoY" : 10.47,
    "grossProfitMargin" : 41.30,
    "grossProfit" : 180.27,
    "operatingProfitMargin" : 10.88,
    "operatingProfit" : 47.49,
    "netProfitMargin" : 4.01,
    "netProfit" : 17.50
  }, {
    "date" : "2021-12-31",
    "sales" : 539.97,
    "salesGrowthYoY" : 16.98,
    "grossProfitMargin" : 38.87,
    "grossProfit" : 209.89,
    "operatingProfitMargin" : 12.19,
    "operatingProfit" : 65.82,
    "netProfitMargin" : 5.79,
    "netProfit" : 31.26
  }, {
    "date" : "2022-03-31",
    "sales" : 507.78,
    "salesGrowthYoY" : -2.26,
    "grossProfitMargin" : 40.71,
    "grossProfit" : 206.72,
    "operatingProfitMargin" : 13.09,
    "operatingProfit" : 66.47,
    "netProfitMargin" : 5.83,
    "netProfit" : 29.60
  }, {
    "date" : "2022-06-30",
    "sales" : 515.78,
    "salesGrowthYoY" : 18.66,
    "grossProfitMargin" : 37.44,
    "grossProfit" : 193.11,
    "operatingProfitMargin" : 7.21,
    "operatingProfit" : 37.19,
    "netProfitMargin" : 1.03,
    "netProfit" : 5.31
  }, {
    "date" : "2022-09-30",
    "sales" : 453.55,
    "salesGrowthYoY" : 3.91,
    "grossProfitMargin" : 37.83,
    "grossProfit" : 171.58,
    "operatingProfitMargin" : 7.99,
    "operatingProfit" : 36.24,
    "netProfitMargin" : 0.45,
    "netProfit" : 2.04
  }, {
    "date" : "2022-12-31",
    "sales" : 465.27,
    "salesGrowthYoY" : -13.83,
    "grossProfitMargin" : 38.93,
    "grossProfit" : 181.13,
    "operatingProfitMargin" : 8.40,
    "operatingProfit" : 39.08,
    "netProfitMargin" : 0.29,
    "netProfit" : 1.35
  }, {
    "date" : "2023-03-31",
    "sales" : 541.52,
    "salesGrowthYoY" : 6.64,
    "grossProfitMargin" : 39.10,
    "grossProfit" : 211.73,
    "operatingProfitMargin" : 12.74,
    "operatingProfit" : 68.99,
    "netProfitMargin" : 4.19,
    "netProfit" : 22.69
  }, {
    "date" : "2023-06-30",
    "sales" : 524.78,
    "salesGrowthYoY" : 1.74,
    "grossProfitMargin" : 41.33,
    "grossProfit" : 216.89,
    "operatingProfitMargin" : 12.36,
    "operatingProfit" : 64.86,
    "netProfitMargin" : 4.00,
    "netProfit" : 20.99
  }, {
    "date" : "2023-09-30",
    "sales" : 489.36,
    "salesGrowthYoY" : 7.90,
    "grossProfitMargin" : 42.97,
    "grossProfit" : 210.28,
    "operatingProfitMargin" : 11.47,
    "operatingProfit" : 56.13,
    "netProfitMargin" : 2.89,
    "netProfit" : 14.14
  }, {
    "date" : "2023-12-31",
    "sales" : 509.69,
    "salesGrowthYoY" : 9.55,
    "grossProfitMargin" : 42.88,
    "grossProfit" : 218.56,
    "operatingProfitMargin" : 12.69,
    "operatingProfit" : 64.68,
    "netProfitMargin" : 3.69,
    "netProfit" : 18.81
  }, {
    "date" : "2024-03-31",
    "sales" : 617.60,
    "salesGrowthYoY" : 14.05,
    "grossProfitMargin" : 42.23,
    "grossProfit" : 260.81,
    "operatingProfitMargin" : 14.49,
    "operatingProfit" : 89.49,
    "netProfitMargin" : 6.39,
    "netProfit" : 39.46
  }, {
    "date" : "2024-06-30",
    "sales" : 579.74,
    "salesGrowthYoY" : 10.47,
    "grossProfitMargin" : 46.05,
    "grossProfit" : 266.97,
    "operatingProfitMargin" : 15.85,
    "operatingProfit" : 91.89,
    "netProfitMargin" : 7.09,
    "netProfit" : 41.10
  }, {
    "date" : "2024-09-30",
    "sales" : 675.83,
    "salesGrowthYoY" : 38.10,
    "grossProfitMargin" : 45.84,
    "grossProfit" : 309.80,
    "operatingProfitMargin" : 17.43,
    "operatingProfit" : 117.80,
    "netProfitMargin" : 9.06,
    "netProfit" : 61.23
  }, {
    "date" : "2024-12-31",
    "sales" : 574.78,
    "salesGrowthYoY" : 12.77,
    "grossProfitMargin" : 43.15,
    "grossProfit" : 248.02,
    "operatingProfitMargin" : 12.45,
    "operatingProfit" : 71.56,
    "netProfitMargin" : 3.74,
    "netProfit" : 21.50
  }, {
    "date" : "2025-03-31",
    "sales" : 703.59,
    "salesGrowthYoY" : 13.92,
    "grossProfitMargin" : 41.78,
    "grossProfit" : 293.96,
    "operatingProfitMargin" : 9.90,
    "operatingProfit" : 69.66,
    "netProfitMargin" : 4.09,
    "netProfit" : 28.78
  }, {
    "date" : "2025-06-30",
    "sales" : 531.20,
    "salesGrowthYoY" : -8.37,
    "grossProfitMargin" : 47.61,
    "grossProfit" : 252.90,
    "operatingProfitMargin" : 22.40,
    "operatingProfit" : 118.99,
    "netProfitMargin" : 13.80,
    "netProfit" : 73.31
  }, {
    "date" : "2025-09-30",
    "sales" : 582.50,
    "salesGrowthYoY" : -13.81,
    "grossProfitMargin" : 43.28,
    "grossProfit" : 252.11,
    "operatingProfitMargin" : 16.70,
    "operatingProfit" : 97.28,
    "netProfitMargin" : 12.72,
    "netProfit" : 74.09
  } ],
  "latestQuarterlyResult" : {
    "date" : "2025-09-30",
    "sales" : 582.50,
    "salesGrowthYoY" : -13.81,
    "grossProfitMargin" : 43.28,
    "grossProfit" : 252.11,
    "operatingProfitMargin" : 16.70,
    "operatingProfit" : 97.28,
    "netProfitMargin" : 12.72,
    "netProfit" : 74.09
  },
  "companyScore" : {
    "priceHigherThanDma50" : 0.00,
    "priceHigherThanDma100" : 0.00,
    "priceHigherThanDma200" : 0.00,
    "dma50HigherThanDma100" : 0.00,
    "dma50HigherThanDma200" : 0.00,
    "dma100HigherThanDma200" : 5.00,
    "pricePercentageAboveDma50" : 5.55,
    "pricePercentageAboveDma100" : 6.17,
    "pricePercentageAboveDma200" : 5.85,
    "weeklyVolumeHigherThanYearlyVolume" : 0.00,
    "salesGrowthPercentile" : 0.51,
    "operatingProfitMarginPercentile" : 18.55,
    "netProfitMarginPercentile" : 9.88,
    "totalTechnicalScore" : 22.58,
    "totalFundamentalScore" : 28.94,
    "totalScore" : 51.52
  }
}